PokerStars Hand #254232119088:  Hold'em No Limit ($0.50/$1.00 USD) - 2025/01/06 19:00:53 WET [2025/01/06 14:00:53 ET]
Table 'Bouzareah II' 6-max Seat #1 is the button
Seat 1: Manifestorr ($112.46 in chips) 
Seat 2: steelNike ($100.50 in chips) 
Seat 3: whlzor ($100 in chips) 
Seat 4: Supermegopro ($100 in chips) 
Seat 5: Pippa83 ($100 in chips) 
Seat 6: vannacasting ($107.23 in chips) 
steelNike: posts small blind $0.50
whlzor: posts big blind $1
*** HOLE CARDS ***
Supermegopro: folds 
Pippa83: raises $1.20 to $2.20
vannacasting: folds 
Manifestorr: folds 
steelNike: folds 
whlzor: folds 
Uncalled bet ($1.20) returned to Pippa83
Pippa83 collected $2.50 from pot
Pippa83: doesn't show hand 
*** SUMMARY ***
Total pot $2.50 | Rake $0 
Seat 1: Manifestorr (button) folded before Flop (didn't bet)
Seat 2: steelNike (small blind) folded before Flop
Seat 3: whlzor (big blind) folded before Flop
Seat 4: Supermegopro folded before Flop (didn't bet)
Seat 5: Pippa83 collected ($2.50)
Seat 6: vannacasting folded before Flop (didn't bet)



PokerStars Hand #254232122841:  Hold'em No Limit ($0.50/$1.00 USD) - 2025/01/06 19:01:07 WET [2025/01/06 14:01:07 ET]
Table 'Bouzareah II' 6-max Seat #2 is the button
Seat 1: Manifestorr ($112.46 in chips) 
Seat 2: steelNike ($100 in chips) 
Seat 3: whlzor ($100 in chips) 
Seat 4: Supermegopro ($100 in chips) 
Seat 5: Pippa83 ($101.50 in chips) 
Seat 6: vannacasting ($107.23 in chips) 
whlzor: posts small blind $0.50
Supermegopro: posts big blind $1
*** HOLE CARDS ***
Pippa83: raises $1.20 to $2.20
vannacasting: folds 
Manifestorr: folds 
steelNike: raises $5.30 to $7.50
whlzor: folds 
Supermegopro: folds 
Pippa83: folds 
Uncalled bet ($5.30) returned to steelNike
steelNike collected $5.90 from pot
*** SUMMARY ***
Total pot $5.90 | Rake $0 
Seat 1: Manifestorr folded before Flop (didn't bet)
Seat 2: steelNike (button) collected ($5.90)
Seat 3: whlzor (small blind) folded before Flop
Seat 4: Supermegopro (big blind) folded before Flop
Seat 5: Pippa83 folded before Flop
Seat 6: vannacasting folded before Flop (didn't bet)



PokerStars Hand #254232130249:  Hold'em No Limit ($0.50/$1.00 USD) - 2025/01/06 19:01:35 WET [2025/01/06 14:01:35 ET]
Table 'Bouzareah II' 6-max Seat #3 is the button
Seat 1: Manifestorr ($112.46 in chips) 
Seat 2: steelNike ($103.70 in chips) 
Seat 3: whlzor ($100 in chips) 
Seat 4: Supermegopro ($100 in chips) 
Seat 5: Pippa83 ($100 in chips) 
Seat 6: vannacasting ($107.23 in chips) 
Supermegopro: posts small blind $0.50
Pippa83: posts big blind $1
*** HOLE CARDS ***
vannacasting: calls $1
Manifestorr: folds 
steelNike: folds 
whlzor: folds 
Supermegopro: folds 
Pippa83: raises $4.50 to $5.50
vannacasting: calls $4.50
*** FLOP *** [7c 2h 5h]
Pippa83: bets $1.50
vannacasting: raises $13.92 to $15.42
Pippa83: folds 
Uncalled bet ($13.92) returned to vannacasting
vannacasting collected $13.78 from pot
*** SUMMARY ***
Total pot $14.50 | Rake $0.72 
Board [7c 2h 5h]
Seat 1: Manifestorr folded before Flop (didn't bet)
Seat 2: steelNike folded before Flop (didn't bet)
Seat 3: whlzor (button) folded before Flop (didn't bet)
Seat 4: Supermegopro (small blind) folded before Flop
Seat 5: Pippa83 (big blind) folded on the Flop
Seat 6: vannacasting collected ($13.78)



PokerStars Hand #254232142060:  Hold'em No Limit ($0.50/$1.00 USD) - 2025/01/06 19:02:16 WET [2025/01/06 14:02:16 ET]
Table 'Bouzareah II' 6-max Seat #4 is the button
Seat 1: Manifestorr ($112.46 in chips) 
Seat 2: steelNike ($103.70 in chips) 
Seat 3: whlzor ($100 in chips) 
Seat 4: Supermegopro ($100 in chips) 
Seat 5: Pippa83 ($100 in chips) 
Seat 6: vannacasting ($114.01 in chips) 
Pippa83: posts small blind $0.50
vannacasting: posts big blind $1
*** HOLE CARDS ***
Manifestorr: folds 
steelNike: folds 
whlzor: folds 
Supermegopro: raises $1.50 to $2.50
Pippa83: raises $9 to $11.50
vannacasting: folds 
Supermegopro: folds 
Uncalled bet ($9) returned to Pippa83
Pippa83 collected $6 from pot
Pippa83: doesn't show hand 
*** SUMMARY ***
Total pot $6 | Rake $0 
Seat 1: Manifestorr folded before Flop (didn't bet)
Seat 2: steelNike folded before Flop (didn't bet)
Seat 3: whlzor folded before Flop (didn't bet)
Seat 4: Supermegopro (button) folded before Flop
Seat 5: Pippa83 (small blind) collected ($6)
Seat 6: vannacasting (big blind) folded before Flop



PokerStars Hand #254232153365:  Hold'em No Limit ($0.50/$1.00 USD) - 2025/01/06 19:02:52 WET [2025/01/06 14:02:52 ET]
Table 'Bouzareah II' 6-max Seat #5 is the button
Seat 1: Manifestorr ($112.46 in chips) 
Seat 2: steelNike ($103.70 in chips) 
Seat 3: whlzor ($100 in chips) 
Seat 4: Supermegopro ($100 in chips) 
Seat 5: Pippa83 ($103.50 in chips) 
Seat 6: vannacasting ($113.01 in chips) 
vannacasting: posts small blind $0.50
Manifestorr: posts big blind $1
*** HOLE CARDS ***
steelNike: folds 
whlzor: folds 
Supermegopro: folds 
Pippa83: folds 
vannacasting: calls $0.50
Manifestorr: checks 
*** FLOP *** [7c 3h Tc]
vannacasting: bets $1.90
Manifestorr: folds 
Uncalled bet ($1.90) returned to vannacasting
vannacasting collected $1.90 from pot
*** SUMMARY ***
Total pot $2 | Rake $0.10 
Board [7c 3h Tc]
Seat 1: Manifestorr (big blind) folded on the Flop
Seat 2: steelNike folded before Flop (didn't bet)
Seat 3: whlzor folded before Flop (didn't bet)
Seat 4: Supermegopro folded before Flop (didn't bet)
Seat 5: Pippa83 (button) folded before Flop (didn't bet)
Seat 6: vannacasting (small blind) collected ($1.90)



PokerStars Hand #254232162685:  Hold'em No Limit ($0.50/$1.00 USD) - 2025/01/06 19:03:19 WET [2025/01/06 14:03:19 ET]
Table 'Bouzareah II' 6-max Seat #6 is the button
Seat 1: Manifestorr ($111.46 in chips) 
Seat 2: steelNike ($103.70 in chips) 
Seat 3: whlzor ($100 in chips) 
Seat 4: Supermegopro ($100 in chips) 
Seat 5: Pippa83 ($103.50 in chips) 
Seat 6: vannacasting ($113.91 in chips) 
Manifestorr: posts small blind $0.50
steelNike: posts big blind $1
*** HOLE CARDS ***
whlzor: folds 
Supermegopro: folds 
Pippa83: raises $1.50 to $2.50
vannacasting: folds 
Manifestorr: folds 
steelNike: folds 
Uncalled bet ($1.50) returned to Pippa83
Pippa83 collected $2.50 from pot
Pippa83: doesn't show hand 
*** SUMMARY ***
Total pot $2.50 | Rake $0 
Seat 1: Manifestorr (small blind) folded before Flop
Seat 2: steelNike (big blind) folded before Flop
Seat 3: whlzor folded before Flop (didn't bet)
Seat 4: Supermegopro folded before Flop (didn't bet)
Seat 5: Pippa83 collected ($2.50)
Seat 6: vannacasting (button) folded before Flop (didn't bet)



PokerStars Hand #254232168550:  Hold'em No Limit ($0.50/$1.00 USD) - 2025/01/06 19:03:38 WET [2025/01/06 14:03:38 ET]
Table 'Bouzareah II' 6-max Seat #1 is the button
Seat 1: Manifestorr ($110.96 in chips) 
Seat 2: steelNike ($102.70 in chips) 
Seat 3: whlzor ($100 in chips) 
Seat 4: Supermegopro ($100 in chips) 
Seat 5: Pippa83 ($105 in chips) 
Seat 6: vannacasting ($113.91 in chips) 
steelNike: posts small blind $0.50
whlzor: posts big blind $1
*** HOLE CARDS ***
Supermegopro: folds 
Pippa83: raises $1.20 to $2.20
vannacasting: folds 
Manifestorr: folds 
steelNike: folds 
whlzor: folds 
Uncalled bet ($1.20) returned to Pippa83
Pippa83 collected $2.50 from pot
Pippa83: doesn't show hand 
*** SUMMARY ***
Total pot $2.50 | Rake $0 
Seat 1: Manifestorr (button) folded before Flop (didn't bet)
Seat 2: steelNike (small blind) folded before Flop
Seat 3: whlzor (big blind) folded before Flop
Seat 4: Supermegopro folded before Flop (didn't bet)
Seat 5: Pippa83 collected ($2.50)
Seat 6: vannacasting folded before Flop (didn't bet)



PokerStars Hand #254232175027:  Hold'em No Limit ($0.50/$1.00 USD) - 2025/01/06 19:03:57 WET [2025/01/06 14:03:57 ET]
Table 'Bouzareah II' 6-max Seat #2 is the button
Seat 1: Manifestorr ($110.96 in chips) 
Seat 2: steelNike ($102.20 in chips) 
Seat 3: whlzor ($100 in chips) 
Seat 4: Supermegopro ($100 in chips) 
Seat 5: Pippa83 ($106.50 in chips) 
Seat 6: vannacasting ($113.91 in chips) 
whlzor: posts small blind $0.50
Supermegopro: posts big blind $1
*** HOLE CARDS ***
Pippa83: folds 
vannacasting: folds 
Manifestorr: folds 
steelNike: folds 
whlzor: raises $2 to $3
Supermegopro: folds 
Uncalled bet ($2) returned to whlzor
whlzor collected $2 from pot
whlzor: doesn't show hand 
*** SUMMARY ***
Total pot $2 | Rake $0 
Seat 1: Manifestorr folded before Flop (didn't bet)
Seat 2: steelNike (button) folded before Flop (didn't bet)
Seat 3: whlzor (small blind) collected ($2)
Seat 4: Supermegopro (big blind) folded before Flop
Seat 5: Pippa83 folded before Flop (didn't bet)
Seat 6: vannacasting folded before Flop (didn't bet)



PokerStars Hand #254232183171:  Hold'em No Limit ($0.50/$1.00 USD) - 2025/01/06 19:04:22 WET [2025/01/06 14:04:22 ET]
Table 'Bouzareah II' 6-max Seat #3 is the button
Seat 1: Manifestorr ($110.96 in chips) 
Seat 2: steelNike ($102.20 in chips) 
Seat 3: whlzor ($101 in chips) 
Seat 4: Supermegopro ($100 in chips) 
Seat 5: Pippa83 ($106.50 in chips) 
Seat 6: vannacasting ($113.91 in chips) 
Supermegopro: posts small blind $0.50
Pippa83: posts big blind $1
*** HOLE CARDS ***
vannacasting: folds 
Manifestorr: folds 
steelNike: folds 
whlzor: folds 
Supermegopro: folds 
Uncalled bet ($0.50) returned to Pippa83
Pippa83 collected $1 from pot
Pippa83: doesn't show hand 
*** SUMMARY ***
Total pot $1 | Rake $0 
Seat 1: Manifestorr folded before Flop (didn't bet)
Seat 2: steelNike folded before Flop (didn't bet)
Seat 3: whlzor (button) folded before Flop (didn't bet)
Seat 4: Supermegopro (small blind) folded before Flop
Seat 5: Pippa83 (big blind) collected ($1)
Seat 6: vannacasting folded before Flop (didn't bet)



PokerStars Hand #254232186723:  Hold'em No Limit ($0.50/$1.00 USD) - 2025/01/06 19:04:33 WET [2025/01/06 14:04:33 ET]
Table 'Bouzareah II' 6-max Seat #4 is the button
Seat 1: Manifestorr ($110.96 in chips) 
Seat 2: steelNike ($102.20 in chips) 
Seat 3: whlzor ($101 in chips) 
Seat 4: Supermegopro ($100 in chips) 
Seat 5: Pippa83 ($107 in chips) 
Seat 6: vannacasting ($113.91 in chips) 
Pippa83: posts small blind $0.50
vannacasting: posts big blind $1
*** HOLE CARDS ***
Manifestorr: folds 
steelNike: folds 
whlzor: raises $2 to $3
Supermegopro: folds 
Pippa83: folds 
vannacasting: calls $2
*** FLOP *** [Ts Kd As]
vannacasting: checks 
whlzor: bets $2.04
vannacasting: folds 
Uncalled bet ($2.04) returned to whlzor
whlzor collected $6.18 from pot
whlzor: doesn't show hand 
*** SUMMARY ***
Total pot $6.50 | Rake $0.32 
Board [Ts Kd As]
Seat 1: Manifestorr folded before Flop (didn't bet)
Seat 2: steelNike folded before Flop (didn't bet)
Seat 3: whlzor collected ($6.18)
Seat 4: Supermegopro (button) folded before Flop (didn't bet)
Seat 5: Pippa83 (small blind) folded before Flop
Seat 6: vannacasting (big blind) folded on the Flop



PokerStars Hand #254232201637:  Hold'em No Limit ($0.50/$1.00 USD) - 2025/01/06 19:05:18 WET [2025/01/06 14:05:18 ET]
Table 'Bouzareah II' 6-max Seat #5 is the button
Seat 1: Manifestorr ($110.96 in chips) 
Seat 2: steelNike ($102.20 in chips) 
Seat 3: whlzor ($104.18 in chips) 
Seat 4: Supermegopro ($100 in chips) 
Seat 5: Pippa83 ($106.50 in chips) 
Seat 6: vannacasting ($110.91 in chips) 
vannacasting: posts small blind $0.50
Manifestorr: posts big blind $1
*** HOLE CARDS ***
steelNike: folds 
whlzor: folds 
Supermegopro: folds 
Pippa83: raises $1.50 to $2.50
vannacasting: calls $2
Manifestorr: folds 
*** FLOP *** [Jd Ac 7c]
vannacasting: bets $5.70
Pippa83: folds 
Uncalled bet ($5.70) returned to vannacasting
vannacasting collected $5.70 from pot
*** SUMMARY ***
Total pot $6 | Rake $0.30 
Board [Jd Ac 7c]
Seat 1: Manifestorr (big blind) folded before Flop
Seat 2: steelNike folded before Flop (didn't bet)
Seat 3: whlzor folded before Flop (didn't bet)
Seat 4: Supermegopro folded before Flop (didn't bet)
Seat 5: Pippa83 (button) folded on the Flop
Seat 6: vannacasting (small blind) collected ($5.70)



PokerStars Hand #254232211428:  Hold'em No Limit ($0.50/$1.00 USD) - 2025/01/06 19:05:48 WET [2025/01/06 14:05:48 ET]
Table 'Bouzareah II' 6-max Seat #6 is the button
Seat 1: Manifestorr ($109.96 in chips) 
Seat 2: steelNike ($102.20 in chips) 
Seat 3: whlzor ($104.18 in chips) 
Seat 4: Supermegopro ($100 in chips) 
Seat 5: Pippa83 ($104 in chips) 
Seat 6: vannacasting ($114.11 in chips) 
Manifestorr: posts small blind $0.50
steelNike: posts big blind $1
*** HOLE CARDS ***
whlzor: raises $1.50 to $2.50
Supermegopro: folds 
Pippa83: folds 
vannacasting: folds 
Manifestorr: folds 
steelNike: folds 
Uncalled bet ($1.50) returned to whlzor
whlzor collected $2.50 from pot
whlzor: doesn't show hand 
*** SUMMARY ***
Total pot $2.50 | Rake $0 
Seat 1: Manifestorr (small blind) folded before Flop
Seat 2: steelNike (big blind) folded before Flop
Seat 3: whlzor collected ($2.50)
Seat 4: Supermegopro folded before Flop (didn't bet)
Seat 5: Pippa83 folded before Flop (didn't bet)
Seat 6: vannacasting (button) folded before Flop (didn't bet)



PokerStars Hand #254232218732:  Hold'em No Limit ($0.50/$1.00 USD) - 2025/01/06 19:06:10 WET [2025/01/06 14:06:10 ET]
Table 'Bouzareah II' 6-max Seat #1 is the button
Seat 1: Manifestorr ($109.46 in chips) 
Seat 2: steelNike ($101.20 in chips) 
Seat 3: whlzor ($105.68 in chips) 
Seat 4: Supermegopro ($100 in chips) 
Seat 5: Pippa83 ($104 in chips) 
Seat 6: vannacasting ($114.11 in chips) 
steelNike: posts small blind $0.50
whlzor: posts big blind $1
*** HOLE CARDS ***
Supermegopro: folds 
Pippa83: raises $1.20 to $2.20
vannacasting: folds 
Manifestorr: folds 
steelNike: folds 
whlzor: calls $1.20
*** FLOP *** [8h 4c Th]
whlzor: checks 
Pippa83: checks 
*** TURN *** [8h 4c Th] [Tc]
whlzor: bets $2.33
Pippa83: folds 
Uncalled bet ($2.33) returned to whlzor
whlzor collected $4.66 from pot
whlzor: doesn't show hand 
*** SUMMARY ***
Total pot $4.90 | Rake $0.24 
Board [8h 4c Th Tc]
Seat 1: Manifestorr (button) folded before Flop (didn't bet)
Seat 2: steelNike (small blind) folded before Flop
Seat 3: whlzor (big blind) collected ($4.66)
Seat 4: Supermegopro folded before Flop (didn't bet)
Seat 5: Pippa83 folded on the Turn
Seat 6: vannacasting folded before Flop (didn't bet)



PokerStars Hand #254232237611:  Hold'em No Limit ($0.50/$1.00 USD) - 2025/01/06 19:07:07 WET [2025/01/06 14:07:07 ET]
Table 'Bouzareah II' 6-max Seat #2 is the button
Seat 1: Manifestorr ($109.46 in chips) 
Seat 2: steelNike ($100.70 in chips) 
Seat 3: whlzor ($108.14 in chips) 
Seat 4: Supermegopro ($100 in chips) 
Seat 5: Pippa83 ($101.80 in chips) 
Seat 6: vannacasting ($114.11 in chips) 
whlzor: posts small blind $0.50
Supermegopro: posts big blind $1
*** HOLE CARDS ***
Pippa83: folds 
vannacasting: calls $1
Manifestorr: folds 
steelNike: folds 
whlzor: folds 
Supermegopro: checks 
*** FLOP *** [6c 3s 5d]
Supermegopro: bets $1
vannacasting: folds 
Uncalled bet ($1) returned to Supermegopro
Supermegopro collected $2.38 from pot
Supermegopro: doesn't show hand 
*** SUMMARY ***
Total pot $2.50 | Rake $0.12 
Board [6c 3s 5d]
Seat 1: Manifestorr folded before Flop (didn't bet)
Seat 2: steelNike (button) folded before Flop (didn't bet)
Seat 3: whlzor (small blind) folded before Flop
Seat 4: Supermegopro (big blind) collected ($2.38)
Seat 5: Pippa83 folded before Flop (didn't bet)
Seat 6: vannacasting folded on the Flop



PokerStars Hand #254232245105:  Hold'em No Limit ($0.50/$1.00 USD) - 2025/01/06 19:07:30 WET [2025/01/06 14:07:30 ET]
Table 'Bouzareah II' 6-max Seat #3 is the button
Seat 1: Manifestorr ($109.46 in chips) 
Seat 2: steelNike ($100.70 in chips) 
Seat 3: whlzor ($107.64 in chips) 
Seat 4: Supermegopro ($101.38 in chips) 
Seat 5: Pippa83 ($101.80 in chips) 
Seat 6: vannacasting ($113.11 in chips) 
Supermegopro: posts small blind $0.50
Pippa83: posts big blind $1
*** HOLE CARDS ***
vannacasting: calls $1
Manifestorr: folds 
steelNike: folds 
whlzor: folds 
Supermegopro: folds 
Pippa83: raises $4.50 to $5.50
vannacasting: calls $4.50
*** FLOP *** [7d Ks Qs]
Pippa83: bets $2.18
vannacasting: raises $15.28 to $17.46
Pippa83: folds 
Uncalled bet ($15.28) returned to vannacasting
vannacasting collected $15.07 from pot
*** SUMMARY ***
Total pot $15.86 | Rake $0.79 
Board [7d Ks Qs]
Seat 1: Manifestorr folded before Flop (didn't bet)
Seat 2: steelNike folded before Flop (didn't bet)
Seat 3: whlzor (button) folded before Flop (didn't bet)
Seat 4: Supermegopro (small blind) folded before Flop
Seat 5: Pippa83 (big blind) folded on the Flop
Seat 6: vannacasting collected ($15.07)



PokerStars Hand #254232255960:  Hold'em No Limit ($0.50/$1.00 USD) - 2025/01/06 19:08:03 WET [2025/01/06 14:08:03 ET]
Table 'Bouzareah II' 6-max Seat #4 is the button
Seat 1: Manifestorr ($109.46 in chips) 
Seat 2: steelNike ($100.70 in chips) 
Seat 3: whlzor ($107.64 in chips) 
Seat 4: Supermegopro ($100.88 in chips) 
Seat 5: Pippa83 ($100 in chips) 
Seat 6: vannacasting ($120.50 in chips) 
Pippa83: posts small blind $0.50
vannacasting: posts big blind $1
*** HOLE CARDS ***
Manifestorr: folds 
steelNike: folds 
whlzor: raises $2 to $3
Supermegopro: folds 
Pippa83: folds 
vannacasting: folds 
Uncalled bet ($2) returned to whlzor
whlzor collected $2.50 from pot
whlzor: doesn't show hand 
*** SUMMARY ***
Total pot $2.50 | Rake $0 
Seat 1: Manifestorr folded before Flop (didn't bet)
Seat 2: steelNike folded before Flop (didn't bet)
Seat 3: whlzor collected ($2.50)
Seat 4: Supermegopro (button) folded before Flop (didn't bet)
Seat 5: Pippa83 (small blind) folded before Flop
Seat 6: vannacasting (big blind) folded before Flop



PokerStars Hand #254232266527:  Hold'em No Limit ($0.50/$1.00 USD) - 2025/01/06 19:08:35 WET [2025/01/06 14:08:35 ET]
Table 'Bouzareah II' 6-max Seat #5 is the button
Seat 1: Manifestorr ($109.46 in chips) 
Seat 2: steelNike ($100.70 in chips) 
Seat 3: whlzor ($109.14 in chips) 
Seat 4: Supermegopro ($100.88 in chips) 
Seat 5: Pippa83 ($100 in chips) 
Seat 6: vannacasting ($119.50 in chips) 
vannacasting: posts small blind $0.50
Manifestorr: posts big blind $1
*** HOLE CARDS ***
steelNike: folds 
whlzor: folds 
Supermegopro: folds 
Pippa83: folds 
vannacasting: calls $0.50
Manifestorr: checks 
*** FLOP *** [Ts Th Js]
vannacasting: checks 
Manifestorr: checks 
*** TURN *** [Ts Th Js] [2s]
vannacasting: checks 
Manifestorr: bets $1
vannacasting: folds 
Uncalled bet ($1) returned to Manifestorr
Manifestorr collected $1.90 from pot
*** SUMMARY ***
Total pot $2 | Rake $0.10 
Board [Ts Th Js 2s]
Seat 1: Manifestorr (big blind) collected ($1.90)
Seat 2: steelNike folded before Flop (didn't bet)
Seat 3: whlzor folded before Flop (didn't bet)
Seat 4: Supermegopro folded before Flop (didn't bet)
Seat 5: Pippa83 (button) folded before Flop (didn't bet)
Seat 6: vannacasting (small blind) folded on the Turn



PokerStars Hand #254232279627:  Hold'em No Limit ($0.50/$1.00 USD) - 2025/01/06 19:09:15 WET [2025/01/06 14:09:15 ET]
Table 'Bouzareah II' 6-max Seat #6 is the button
Seat 1: Manifestorr ($110.36 in chips) 
Seat 2: steelNike ($100.70 in chips) 
Seat 3: whlzor ($109.14 in chips) 
Seat 4: Supermegopro ($100.88 in chips) 
Seat 5: Pippa83 ($100 in chips) 
Seat 6: vannacasting ($118.50 in chips) 
Manifestorr: posts small blind $0.50
steelNike: posts big blind $1
*** HOLE CARDS ***
whlzor: raises $1.50 to $2.50
Supermegopro: raises $5 to $7.50
Pippa83: folds 
vannacasting: calls $7.50
Manifestorr: folds 
steelNike: raises $93.20 to $100.70 and is all-in
whlzor: folds 
Supermegopro: folds 
vannacasting: folds 
Uncalled bet ($93.20) returned to steelNike
steelNike collected $25.50 from pot
*** SUMMARY ***
Total pot $25.50 | Rake $0 
Seat 1: Manifestorr (small blind) folded before Flop
Seat 2: steelNike (big blind) collected ($25.50)
Seat 3: whlzor folded before Flop
Seat 4: Supermegopro folded before Flop
Seat 5: Pippa83 folded before Flop (didn't bet)
Seat 6: vannacasting (button) folded before Flop



PokerStars Hand #254232294011:  Hold'em No Limit ($0.50/$1.00 USD) - 2025/01/06 19:09:59 WET [2025/01/06 14:09:59 ET]
Table 'Bouzareah II' 6-max Seat #1 is the button
Seat 1: Manifestorr ($109.86 in chips) 
Seat 2: steelNike ($118.70 in chips) 
Seat 3: whlzor ($106.64 in chips) 
Seat 4: Supermegopro ($100 in chips) 
Seat 5: Pippa83 ($100 in chips) 
Seat 6: vannacasting ($111 in chips) 
steelNike: posts small blind $0.50
whlzor: posts big blind $1
*** HOLE CARDS ***
Supermegopro: folds 
Pippa83: folds 
vannacasting: raises $2.50 to $3.50
Manifestorr: folds 
steelNike: folds 
whlzor: folds 
Uncalled bet ($2.50) returned to vannacasting
vannacasting collected $2.50 from pot
*** SUMMARY ***
Total pot $2.50 | Rake $0 
Seat 1: Manifestorr (button) folded before Flop (didn't bet)
Seat 2: steelNike (small blind) folded before Flop
Seat 3: whlzor (big blind) folded before Flop
Seat 4: Supermegopro folded before Flop (didn't bet)
Seat 5: Pippa83 folded before Flop (didn't bet)
Seat 6: vannacasting collected ($2.50)



PokerStars Hand #254232299458:  Hold'em No Limit ($0.50/$1.00 USD) - 2025/01/06 19:10:15 WET [2025/01/06 14:10:15 ET]
Table 'Bouzareah II' 6-max Seat #2 is the button
Seat 1: Manifestorr ($109.86 in chips) 
Seat 2: steelNike ($118.20 in chips) 
Seat 3: whlzor ($105.64 in chips) 
Seat 4: Supermegopro ($100 in chips) 
Seat 5: Pippa83 ($100 in chips) 
Seat 6: vannacasting ($112.50 in chips) 
whlzor: posts small blind $0.50
Supermegopro: posts big blind $1
*** HOLE CARDS ***
Pippa83: folds 
vannacasting: folds 
Manifestorr: folds 
steelNike: raises $1.50 to $2.50
whlzor: folds 
Supermegopro: folds 
Uncalled bet ($1.50) returned to steelNike
steelNike collected $2.50 from pot
*** SUMMARY ***
Total pot $2.50 | Rake $0 
Seat 1: Manifestorr folded before Flop (didn't bet)
Seat 2: steelNike (button) collected ($2.50)
Seat 3: whlzor (small blind) folded before Flop
Seat 4: Supermegopro (big blind) folded before Flop
Seat 5: Pippa83 folded before Flop (didn't bet)
Seat 6: vannacasting folded before Flop (didn't bet)



PokerStars Hand #254232304016:  Hold'em No Limit ($0.50/$1.00 USD) - 2025/01/06 19:10:29 WET [2025/01/06 14:10:29 ET]
Table 'Bouzareah II' 6-max Seat #3 is the button
Seat 1: Manifestorr ($109.86 in chips) 
Seat 2: steelNike ($119.70 in chips) 
Seat 3: whlzor ($105.14 in chips) 
Seat 4: Supermegopro ($100 in chips) 
Seat 5: Pippa83 ($100 in chips) 
Seat 6: vannacasting ($112.50 in chips) 
Supermegopro: posts small blind $0.50
Pippa83: posts big blind $1
*** HOLE CARDS ***
vannacasting: calls $1
Manifestorr: folds 
steelNike: folds 
whlzor: folds 
Supermegopro: folds 
Pippa83: checks 
*** FLOP *** [Qh 3h Kc]
Pippa83: checks 
vannacasting: checks 
*** TURN *** [Qh 3h Kc] [4c]
Pippa83: checks 
vannacasting: checks 
*** RIVER *** [Qh 3h Kc 4c] [Tc]
Pippa83: bets $1
vannacasting: calls $1
*** SHOW DOWN ***
Pippa83: shows [8s 5d] (high card King)
vannacasting: shows [8c Qs] (a pair of Queens)
vannacasting collected $4.28 from pot
*** SUMMARY ***
Total pot $4.50 | Rake $0.22 
Board [Qh 3h Kc 4c Tc]
Seat 1: Manifestorr folded before Flop (didn't bet)
Seat 2: steelNike folded before Flop (didn't bet)
Seat 3: whlzor (button) folded before Flop (didn't bet)
Seat 4: Supermegopro (small blind) folded before Flop
Seat 5: Pippa83 (big blind) showed [8s 5d] and lost with high card King
Seat 6: vannacasting showed [8c Qs] and won ($4.28) with a pair of Queens



PokerStars Hand #254232317860:  Hold'em No Limit ($0.50/$1.00 USD) - 2025/01/06 19:11:11 WET [2025/01/06 14:11:11 ET]
Table 'Bouzareah II' 6-max Seat #4 is the button
Seat 1: Manifestorr ($109.86 in chips) 
Seat 2: steelNike ($119.70 in chips) 
Seat 3: whlzor ($105.14 in chips) 
Seat 4: Supermegopro ($100 in chips) 
Seat 5: Pippa83 ($100 in chips) 
Seat 6: vannacasting ($114.78 in chips) 
Pippa83: posts small blind $0.50
vannacasting: posts big blind $1
*** HOLE CARDS ***
Manifestorr: folds 
steelNike: folds 
whlzor: raises $2 to $3
Supermegopro: folds 
Pippa83: folds 
vannacasting: calls $2
*** FLOP *** [2c Ah Th]
vannacasting: checks 
whlzor: bets $2.04
vannacasting: calls $2.04
*** TURN *** [2c Ah Th] [2s]
vannacasting: bets $10.05
whlzor: calls $10.05
*** RIVER *** [2c Ah Th 2s] [Qd]
vannacasting: bets $14.58
whlzor: calls $14.58
*** SHOW DOWN ***
vannacasting: shows [3c Ac] (two pair, Aces and Deuces)
whlzor: shows [As 9h] (two pair, Aces and Deuces)
vannacasting collected $28.67 from pot
whlzor collected $28.67 from pot
*** SUMMARY ***
Total pot $59.84 | Rake $2.50 
Board [2c Ah Th 2s Qd]
Seat 1: Manifestorr folded before Flop (didn't bet)
Seat 2: steelNike folded before Flop (didn't bet)
Seat 3: whlzor showed [As 9h] and won ($28.67) with two pair, Aces and Deuces
Seat 4: Supermegopro (button) folded before Flop (didn't bet)
Seat 5: Pippa83 (small blind) folded before Flop
Seat 6: vannacasting (big blind) showed [3c Ac] and won ($28.67) with two pair, Aces and Deuces



PokerStars Hand #254232333906:  Hold'em No Limit ($0.50/$1.00 USD) - 2025/01/06 19:12:00 WET [2025/01/06 14:12:00 ET]
Table 'Bouzareah II' 6-max Seat #5 is the button
Seat 1: Manifestorr ($109.86 in chips) 
Seat 2: steelNike ($119.70 in chips) 
Seat 3: whlzor ($104.14 in chips) 
Seat 4: Supermegopro ($100 in chips) 
Seat 5: Pippa83 ($100 in chips) 
Seat 6: vannacasting ($113.78 in chips) 
vannacasting: posts small blind $0.50
Manifestorr: posts big blind $1
*** HOLE CARDS ***
steelNike: folds 
whlzor: folds 
Supermegopro: folds 
Pippa83: folds 
vannacasting: calls $0.50
Manifestorr: checks 
*** FLOP *** [Js Jh 2s]
vannacasting: checks 
Manifestorr: checks 
*** TURN *** [Js Jh 2s] [8c]
vannacasting: checks 
Manifestorr: bets $1
vannacasting: folds 
Uncalled bet ($1) returned to Manifestorr
Manifestorr collected $1.90 from pot
*** SUMMARY ***
Total pot $2 | Rake $0.10 
Board [Js Jh 2s 8c]
Seat 1: Manifestorr (big blind) collected ($1.90)
Seat 2: steelNike folded before Flop (didn't bet)
Seat 3: whlzor folded before Flop (didn't bet)
Seat 4: Supermegopro folded before Flop (didn't bet)
Seat 5: Pippa83 (button) folded before Flop (didn't bet)
Seat 6: vannacasting (small blind) folded on the Turn



PokerStars Hand #254232342326:  Hold'em No Limit ($0.50/$1.00 USD) - 2025/01/06 19:12:26 WET [2025/01/06 14:12:26 ET]
Table 'Bouzareah II' 6-max Seat #6 is the button
Seat 1: Manifestorr ($110.76 in chips) 
Seat 2: steelNike ($119.70 in chips) 
Seat 3: whlzor ($104.14 in chips) 
Seat 4: Supermegopro ($100 in chips) 
Seat 5: Pippa83 ($100 in chips) 
Seat 6: vannacasting ($112.78 in chips) 
Manifestorr: posts small blind $0.50
steelNike: posts big blind $1
*** HOLE CARDS ***
whlzor: folds 
Supermegopro: raises $1.50 to $2.50
Pippa83: folds 
vannacasting: folds 
Manifestorr: folds 
steelNike: folds 
Uncalled bet ($1.50) returned to Supermegopro
Supermegopro collected $2.50 from pot
Supermegopro: doesn't show hand 
*** SUMMARY ***
Total pot $2.50 | Rake $0 
Seat 1: Manifestorr (small blind) folded before Flop
Seat 2: steelNike (big blind) folded before Flop
Seat 3: whlzor folded before Flop (didn't bet)
Seat 4: Supermegopro collected ($2.50)
Seat 5: Pippa83 folded before Flop (didn't bet)
Seat 6: vannacasting (button) folded before Flop (didn't bet)



PokerStars Hand #254232346686:  Hold'em No Limit ($0.50/$1.00 USD) - 2025/01/06 19:12:39 WET [2025/01/06 14:12:39 ET]
Table 'Bouzareah II' 6-max Seat #1 is the button
Seat 1: Manifestorr ($110.26 in chips) 
Seat 2: steelNike ($118.70 in chips) 
Seat 3: whlzor ($104.14 in chips) 
Seat 4: Supermegopro ($101.50 in chips) 
Seat 5: Pippa83 ($100 in chips) 
Seat 6: vannacasting ($112.78 in chips) 
steelNike: posts small blind $0.50
whlzor: posts big blind $1
*** HOLE CARDS ***
Supermegopro: raises $1.50 to $2.50
Pippa83: folds 
vannacasting: folds 
vannacasting leaves the table
Manifestorr: folds 
Pippa83 leaves the table
steelNike: folds 
whlzor: folds 
Uncalled bet ($1.50) returned to Supermegopro
Supermegopro collected $2.50 from pot
Supermegopro: doesn't show hand 
*** SUMMARY ***
Total pot $2.50 | Rake $0 
Seat 1: Manifestorr (button) folded before Flop (didn't bet)
Seat 2: steelNike (small blind) folded before Flop
Seat 3: whlzor (big blind) folded before Flop
Seat 4: Supermegopro collected ($2.50)
Seat 5: Pippa83 folded before Flop (didn't bet)
Seat 6: vannacasting folded before Flop (didn't bet)



PokerStars Hand #254232351310:  Hold'em No Limit ($0.50/$1.00 USD) - 2025/01/06 19:12:54 WET [2025/01/06 14:12:54 ET]
Table 'Bouzareah II' 6-max Seat #2 is the button
Seat 1: Manifestorr ($110.26 in chips) 
Seat 2: steelNike ($118.20 in chips) 
Seat 3: whlzor ($103.14 in chips) 
Seat 4: Supermegopro ($103 in chips) 
whlzor: posts small blind $0.50
Supermegopro: posts big blind $1
*** HOLE CARDS ***
Manifestorr: folds 
steelNike: folds 
whlzor: folds 
Uncalled bet ($0.50) returned to Supermegopro
Supermegopro collected $1 from pot
Supermegopro: doesn't show hand 
*** SUMMARY ***
Total pot $1 | Rake $0 
Seat 1: Manifestorr folded before Flop (didn't bet)
Seat 2: steelNike (button) folded before Flop (didn't bet)
Seat 3: whlzor (small blind) folded before Flop
Seat 4: Supermegopro (big blind) collected ($1)



PokerStars Hand #254232354358:  Hold'em No Limit ($0.50/$1.00 USD) - 2025/01/06 19:13:03 WET [2025/01/06 14:13:03 ET]
Table 'Bouzareah II' 6-max Seat #3 is the button
Seat 1: Manifestorr ($110.26 in chips) 
Seat 2: steelNike ($118.20 in chips) 
Seat 3: whlzor ($102.64 in chips) 
Seat 4: Supermegopro ($103.50 in chips) 
Supermegopro: posts small blind $0.50
Manifestorr: posts big blind $1
*** HOLE CARDS ***
sta$igk joins the table at seat #6 
steelNike: folds 
whlzor: folds 
Supermegopro: folds 
Uncalled bet ($0.50) returned to Manifestorr
Manifestorr collected $1 from pot
*** SUMMARY ***
Total pot $1 | Rake $0 
Seat 1: Manifestorr (big blind) collected ($1)
Seat 2: steelNike folded before Flop (didn't bet)
Seat 3: whlzor (button) folded before Flop (didn't bet)
Seat 4: Supermegopro (small blind) folded before Flop



PokerStars Hand #254232371788:  Hold'em No Limit ($0.50/$1.00 USD) - 2025/01/06 19:13:57 WET [2025/01/06 14:13:57 ET]
Table 'Bouzareah II' 6-max Seat #6 is the button
Seat 3: whlzor ($102.64 in chips) is sitting out
Seat 1: Manifestorr ($110.76 in chips) 
Seat 6: sta$igk ($100 in chips) 
sta$igk: posts small blind $0.50
Manifestorr: posts big blind $1
*** HOLE CARDS ***
sta$igk: raises $1 to $2
whlzor leaves the table
Manifestorr: calls $1
*** FLOP *** [6s 5c 8d]
Manifestorr: checks 
sta$igk: checks 
*** TURN *** [6s 5c 8d] [3c]
Manifestorr: checks 
sta$igk: checks 
*** RIVER *** [6s 5c 8d 3c] [9s]
Manifestorr: checks 
sta$igk: checks 
*** SHOW DOWN ***
Manifestorr: shows [Qs 3s] (a pair of Threes)
sta$igk: mucks hand 
Manifestorr collected $3.80 from pot
*** SUMMARY ***
Total pot $4 | Rake $0.20 
Board [6s 5c 8d 3c 9s]
Seat 3: whlzor
Seat 1: Manifestorr (big blind) showed [Qs 3s] and won ($3.80) with a pair of Threes
Seat 6: sta$igk (button) (small blind) mucked



