PokerStars Hand #254228646538:  Hold'em No Limit ($0.50/$1.00 USD) - 2025/01/06 15:34:25 WET [2025/01/06 10:34:25 ET]
Table 'Auriga II' 6-max Seat #2 is the button
Seat 1: YeeesMan ($117.50 in chips) 
Seat 2: elcutez ($81.50 in chips) 
elcutez: posts small blind $0.50
YeeesMan: posts big blind $1
*** HOLE CARDS ***
elcutez: raises $2 to $3
YeeesMan: calls $2
*** FLOP *** [8d 4s As]
YeeesMan: checks 
elcutez: bets $5.70
YeeesMan: folds 
Uncalled bet ($5.70) returned to elcutez
elcutez collected $5.70 from pot
*** SUMMARY ***
Total pot $6 | Rake $0.30 
Board [8d 4s As]
Seat 1: YeeesMan (big blind) folded on the Flop
Seat 2: elcutez (button) (small blind) collected ($5.70)



PokerStars Hand #254228679381:  Hold'em No Limit ($0.50/$1.00 USD) - 2025/01/06 15:36:42 WET [2025/01/06 10:36:42 ET]
Table 'Auriga II' 6-max Seat #3 is the button
Seat 1: YeeesMan ($114.50 in chips) is sitting out
Seat 2: elcutez ($84.20 in chips) 
Seat 3: erpaye ($100 in chips) 
erpaye: posts small blind $0.50
elcutez: posts big blind $1
*** HOLE CARDS ***
erpaye: raises $1.20 to $2.20
elcutez: folds 
Uncalled bet ($1.20) returned to erpaye
erpaye collected $2 from pot
erpaye: doesn't show hand 
*** SUMMARY ***
Total pot $2 | Rake $0 
Seat 1: YeeesMan
Seat 2: elcutez (big blind) folded before Flop
Seat 3: erpaye (button) (small blind) collected ($2)



PokerStars Hand #254228691213:  Hold'em No Limit ($0.50/$1.00 USD) - 2025/01/06 15:37:30 WET [2025/01/06 10:37:30 ET]
Table 'Auriga II' 6-max Seat #4 is the button
Seat 1: YeeesMan ($114.50 in chips) is sitting out
Seat 2: elcutez ($83.20 in chips) 
Seat 3: erpaye ($101 in chips) 
Seat 4: sinsandjama ($100 in chips) 
Seat 5: Pippa83 ($100 in chips) 
Seat 6: Joe_Li7 ($100 in chips) 
Pippa83: posts small blind $0.50
Joe_Li7: posts big blind $1
*** HOLE CARDS ***
elcutez: folds 
erpaye: raises $1.10 to $2.10
sinsandjama: folds 
Pippa83: folds 
Joe_Li7: folds 
Uncalled bet ($1.10) returned to erpaye
YeeesMan leaves the table
erpaye collected $2.50 from pot
erpaye: doesn't show hand 
*** SUMMARY ***
Total pot $2.50 | Rake $0 
Seat 1: YeeesMan
Seat 2: elcutez folded before Flop (didn't bet)
Seat 3: erpaye collected ($2.50)
Seat 4: sinsandjama (button) folded before Flop (didn't bet)
Seat 5: Pippa83 (small blind) folded before Flop
Seat 6: Joe_Li7 (big blind) folded before Flop



PokerStars Hand #254228694351:  Hold'em No Limit ($0.50/$1.00 USD) - 2025/01/06 15:37:44 WET [2025/01/06 10:37:44 ET]
Table 'Auriga II' 6-max Seat #5 is the button
Seat 2: elcutez ($100 in chips) 
Seat 3: erpaye ($102.50 in chips) 
Seat 4: sinsandjama ($100 in chips) 
Seat 5: Pippa83 ($100 in chips) 
Seat 6: Joe_Li7 ($100 in chips) 
Joe_Li7: posts small blind $0.50
elcutez: posts big blind $1
*** HOLE CARDS ***
erpaye: folds 
sinsandjama: raises $2 to $3
Pippa83: folds 
Joe_Li7: folds 
elcutez: folds 
Uncalled bet ($2) returned to sinsandjama
sinsandjama collected $2.50 from pot
gig.gyty joins the table at seat #1 
*** SUMMARY ***
Total pot $2.50 | Rake $0 
Seat 2: elcutez (big blind) folded before Flop
Seat 3: erpaye folded before Flop (didn't bet)
Seat 4: sinsandjama collected ($2.50)
Seat 5: Pippa83 (button) folded before Flop (didn't bet)
Seat 6: Joe_Li7 (small blind) folded before Flop



PokerStars Hand #254228696811:  Hold'em No Limit ($0.50/$1.00 USD) - 2025/01/06 15:37:54 WET [2025/01/06 10:37:54 ET]
Table 'Auriga II' 6-max Seat #6 is the button
Seat 1: gig.gyty ($10 in chips) is sitting out
Seat 2: elcutez ($99 in chips) 
Seat 3: erpaye ($102.50 in chips) 
Seat 4: sinsandjama ($101.50 in chips) 
Seat 5: Pippa83 ($100 in chips) 
Seat 6: Joe_Li7 ($100 in chips) 
elcutez: posts small blind $0.50
erpaye: posts big blind $1
*** HOLE CARDS ***
sinsandjama: raises $1 to $2
Pippa83: folds 
Joe_Li7: folds 
elcutez: folds 
erpaye: calls $1
*** FLOP *** [3c 6h 8c]
erpaye: checks 
sinsandjama: bets $2
erpaye: calls $2
*** TURN *** [3c 6h 8c] [2d]
erpaye: checks 
sinsandjama: bets $8.08
erpaye: folds 
Uncalled bet ($8.08) returned to sinsandjama
sinsandjama collected $8.08 from pot
*** SUMMARY ***
Total pot $8.50 | Rake $0.42 
Board [3c 6h 8c 2d]
Seat 1: gig.gyty
Seat 2: elcutez (small blind) folded before Flop
Seat 3: erpaye (big blind) folded on the Turn
Seat 4: sinsandjama collected ($8.08)
Seat 5: Pippa83 folded before Flop (didn't bet)
Seat 6: Joe_Li7 (button) folded before Flop (didn't bet)



PokerStars Hand #254228706615:  Hold'em No Limit ($0.50/$1.00 USD) - 2025/01/06 15:38:35 WET [2025/01/06 10:38:35 ET]
Table 'Auriga II' 6-max Seat #2 is the button
Seat 1: gig.gyty ($100 in chips) is sitting out
Seat 2: elcutez ($98.50 in chips) 
Seat 3: erpaye ($100 in chips) 
Seat 4: sinsandjama ($105.58 in chips) 
Seat 5: Pippa83 ($100 in chips) 
Seat 6: Joe_Li7 ($100 in chips) 
erpaye: posts small blind $0.50
sinsandjama: posts big blind $1
gig.gyty: sits out 
*** HOLE CARDS ***
Pippa83: folds 
Joe_Li7: folds 
elcutez: raises $2 to $3
erpaye: raises $8 to $11
sinsandjama: folds 
Joe_Li7 leaves the table
elcutez: folds 
Uncalled bet ($8) returned to erpaye
BoyLoc0 joins the table at seat #6 
erpaye collected $7 from pot
erpaye: doesn't show hand 
*** SUMMARY ***
Total pot $7 | Rake $0 
Seat 1: gig.gyty
Seat 2: elcutez (button) folded before Flop
Seat 3: erpaye (small blind) collected ($7)
Seat 4: sinsandjama (big blind) folded before Flop
Seat 5: Pippa83 folded before Flop (didn't bet)
Seat 6: Joe_Li7 folded before Flop (didn't bet)



PokerStars Hand #254228715610:  Hold'em No Limit ($0.50/$1.00 USD) - 2025/01/06 15:39:12 WET [2025/01/06 10:39:12 ET]
Table 'Auriga II' 6-max Seat #3 is the button
Seat 1: gig.gyty ($100 in chips) is sitting out
Seat 6: BoyLoc0 ($100 in chips) is sitting out
Seat 2: elcutez ($95.50 in chips) 
Seat 3: erpaye ($104 in chips) 
Seat 4: sinsandjama ($104.58 in chips) 
Seat 5: Pippa83 ($100 in chips) 
sinsandjama: posts small blind $0.50
Pippa83: posts big blind $1
BoyLoc0: sits out 
gig.gyty: sits out 
*** HOLE CARDS ***
elcutez: folds 
erpaye: raises $1.30 to $2.30
sinsandjama: calls $1.80
Pippa83: folds 
*** FLOP *** [7s 3s Ts]
sinsandjama: bets $2
erpaye: folds 
Uncalled bet ($2) returned to sinsandjama
sinsandjama collected $5.32 from pot
*** SUMMARY ***
Total pot $5.60 | Rake $0.28 
Board [7s 3s Ts]
Seat 1: gig.gyty
Seat 6: BoyLoc0
Seat 2: elcutez folded before Flop (didn't bet)
Seat 3: erpaye (button) folded on the Flop
Seat 4: sinsandjama (small blind) collected ($5.32)
Seat 5: Pippa83 (big blind) folded before Flop



PokerStars Hand #254228722551:  Hold'em No Limit ($0.50/$1.00 USD) - 2025/01/06 15:39:41 WET [2025/01/06 10:39:41 ET]
Table 'Auriga II' 6-max Seat #4 is the button
Seat 1: gig.gyty ($100 in chips) is sitting out
Seat 2: elcutez ($95.50 in chips) 
Seat 3: erpaye ($101.70 in chips) 
Seat 4: sinsandjama ($107.60 in chips) 
Seat 5: Pippa83 ($100 in chips) 
Seat 6: BoyLoc0 ($100 in chips) 
Pippa83: posts small blind $0.50
BoyLoc0: posts big blind $1
gig.gyty: sits out 
*** HOLE CARDS ***
elcutez: folds 
erpaye: folds 
sinsandjama: raises $1 to $2
Pippa83: folds 
BoyLoc0: raises $8 to $10
sinsandjama: folds [Ah]
Uncalled bet ($8) returned to BoyLoc0
BoyLoc0 collected $4.50 from pot
BoyLoc0: doesn't show hand 
*** SUMMARY ***
Total pot $4.50 | Rake $0 
Seat 1: gig.gyty
Seat 2: elcutez folded before Flop (didn't bet)
Seat 3: erpaye folded before Flop (didn't bet)
Seat 4: sinsandjama (button) folded before Flop
Seat 5: Pippa83 (small blind) folded before Flop
Seat 6: BoyLoc0 (big blind) collected ($4.50)



PokerStars Hand #254228729637:  Hold'em No Limit ($0.50/$1.00 USD) - 2025/01/06 15:40:10 WET [2025/01/06 10:40:10 ET]
Table 'Auriga II' 6-max Seat #5 is the button
Seat 1: gig.gyty ($100 in chips) 
Seat 2: elcutez ($95.50 in chips) 
Seat 3: erpaye ($101.70 in chips) 
Seat 4: sinsandjama ($105.60 in chips) 
Seat 5: Pippa83 ($100 in chips) 
Seat 6: BoyLoc0 ($102.50 in chips) 
BoyLoc0: posts small blind $0.50
gig.gyty: posts big blind $1
*** HOLE CARDS ***
elcutez: folds 
erpaye: raises $1.10 to $2.10
sinsandjama: folds 
Pippa83: folds 
BoyLoc0: folds 
gig.gyty: folds 
Uncalled bet ($1.10) returned to erpaye
erpaye collected $2.50 from pot
erpaye: doesn't show hand 
*** SUMMARY ***
Total pot $2.50 | Rake $0 
Seat 1: gig.gyty (big blind) folded before Flop
Seat 2: elcutez folded before Flop (didn't bet)
Seat 3: erpaye collected ($2.50)
Seat 4: sinsandjama folded before Flop (didn't bet)
Seat 5: Pippa83 (button) folded before Flop (didn't bet)
Seat 6: BoyLoc0 (small blind) folded before Flop



PokerStars Hand #254228733695:  Hold'em No Limit ($0.50/$1.00 USD) - 2025/01/06 15:40:27 WET [2025/01/06 10:40:27 ET]
Table 'Auriga II' 6-max Seat #6 is the button
Seat 1: gig.gyty ($100 in chips) 
Seat 2: elcutez ($95.50 in chips) 
Seat 3: erpaye ($103.20 in chips) 
Seat 4: sinsandjama ($105.60 in chips) 
Seat 5: Pippa83 ($100 in chips) 
Seat 6: BoyLoc0 ($102 in chips) 
gig.gyty: posts small blind $0.50
elcutez: posts big blind $1
*** HOLE CARDS ***
erpaye: folds 
sinsandjama: raises $2 to $3
Pippa83: folds 
BoyLoc0: folds 
gig.gyty: raises $9 to $12
elcutez: folds 
sinsandjama: calls $9
*** FLOP *** [Ts 8c 8d]
gig.gyty: bets $11.88
sinsandjama: calls $11.88
*** TURN *** [Ts 8c 8d] [Kc]
gig.gyty: bets $12
sinsandjama: folds 
Uncalled bet ($12) returned to gig.gyty
gig.gyty collected $46.32 from pot
gig.gyty: doesn't show hand 
*** SUMMARY ***
Total pot $48.76 | Rake $2.44 
Board [Ts 8c 8d Kc]
Seat 1: gig.gyty (small blind) collected ($46.32)
Seat 2: elcutez (big blind) folded before Flop
Seat 3: erpaye folded before Flop (didn't bet)
Seat 4: sinsandjama folded on the Turn
Seat 5: Pippa83 folded before Flop (didn't bet)
Seat 6: BoyLoc0 (button) folded before Flop (didn't bet)



PokerStars Hand #254228749204:  Hold'em No Limit ($0.50/$1.00 USD) - 2025/01/06 15:41:32 WET [2025/01/06 10:41:32 ET]
Table 'Auriga II' 6-max Seat #1 is the button
Seat 1: gig.gyty ($122.44 in chips) 
Seat 2: elcutez ($94.50 in chips) 
Seat 3: erpaye ($103.20 in chips) 
Seat 4: sinsandjama ($81.72 in chips) 
Seat 5: Pippa83 ($100 in chips) 
Seat 6: BoyLoc0 ($102 in chips) 
elcutez: posts small blind $0.50
erpaye: posts big blind $1
*** HOLE CARDS ***
sinsandjama: raises $1 to $2
Pippa83: folds 
BoyLoc0: folds 
gig.gyty: folds 
elcutez: folds 
erpaye: calls $1
*** FLOP *** [Kd 5c Qs]
erpaye: checks 
sinsandjama: bets $4.28
erpaye: folds 
Uncalled bet ($4.28) returned to sinsandjama
sinsandjama collected $4.28 from pot
*** SUMMARY ***
Total pot $4.50 | Rake $0.22 
Board [Kd 5c Qs]
Seat 1: gig.gyty (button) folded before Flop (didn't bet)
Seat 2: elcutez (small blind) folded before Flop
Seat 3: erpaye (big blind) folded on the Flop
Seat 4: sinsandjama collected ($4.28)
Seat 5: Pippa83 folded before Flop (didn't bet)
Seat 6: BoyLoc0 folded before Flop (didn't bet)



PokerStars Hand #254228754211:  Hold'em No Limit ($0.50/$1.00 USD) - 2025/01/06 15:41:53 WET [2025/01/06 10:41:53 ET]
Table 'Auriga II' 6-max Seat #2 is the button
Seat 1: gig.gyty ($122.44 in chips) 
Seat 2: elcutez ($94 in chips) 
Seat 3: erpaye ($101.20 in chips) 
Seat 4: sinsandjama ($84 in chips) 
Seat 5: Pippa83 ($100 in chips) 
Seat 6: BoyLoc0 ($102 in chips) 
erpaye: posts small blind $0.50
sinsandjama: posts big blind $1
*** HOLE CARDS ***
Pippa83: raises $1.20 to $2.20
BoyLoc0: folds 
gig.gyty: calls $2.20
elcutez: folds 
erpaye: folds 
sinsandjama: folds 
*** FLOP *** [As Jd 6s]
Pippa83: bets $1.85
gig.gyty: folds 
Uncalled bet ($1.85) returned to Pippa83
Pippa83 collected $5.60 from pot
Pippa83: doesn't show hand 
*** SUMMARY ***
Total pot $5.90 | Rake $0.30 
Board [As Jd 6s]
Seat 1: gig.gyty folded on the Flop
Seat 2: elcutez (button) folded before Flop (didn't bet)
Seat 3: erpaye (small blind) folded before Flop
Seat 4: sinsandjama (big blind) folded before Flop
Seat 5: Pippa83 collected ($5.60)
Seat 6: BoyLoc0 folded before Flop (didn't bet)



PokerStars Hand #254228763479:  Hold'em No Limit ($0.50/$1.00 USD) - 2025/01/06 15:42:32 WET [2025/01/06 10:42:32 ET]
Table 'Auriga II' 6-max Seat #3 is the button
Seat 1: gig.gyty ($120.24 in chips) 
Seat 2: elcutez ($94 in chips) 
Seat 3: erpaye ($100.70 in chips) 
Seat 4: sinsandjama ($83 in chips) 
Seat 5: Pippa83 ($103.40 in chips) 
Seat 6: BoyLoc0 ($102 in chips) 
sinsandjama: posts small blind $0.50
Pippa83: posts big blind $1
*** HOLE CARDS ***
BoyLoc0: folds 
gig.gyty: raises $1.25 to $2.25
elcutez: folds 
erpaye: raises $6 to $8.25
sinsandjama: raises $74.75 to $83 and is all-in
Pippa83: folds 
gig.gyty: folds 
erpaye: calls $74.75
*** FLOP *** [Th 6h Jd]
*** TURN *** [Th 6h Jd] [5s]
*** RIVER *** [Th 6h Jd 5s] [Qd]
*** SHOW DOWN ***
sinsandjama: shows [8s 8d] (a pair of Eights)
erpaye: shows [Ac Ad] (a pair of Aces)
erpaye collected $166.75 from pot
*** SUMMARY ***
Total pot $169.25 | Rake $2.50 
Board [Th 6h Jd 5s Qd]
Seat 1: gig.gyty folded before Flop
Seat 2: elcutez folded before Flop (didn't bet)
Seat 3: erpaye (button) showed [Ac Ad] and won ($166.75) with a pair of Aces
Seat 4: sinsandjama (small blind) showed [8s 8d] and lost with a pair of Eights
Seat 5: Pippa83 (big blind) folded before Flop
Seat 6: BoyLoc0 folded before Flop (didn't bet)



PokerStars Hand #254228774726:  Hold'em No Limit ($0.50/$1.00 USD) - 2025/01/06 15:43:18 WET [2025/01/06 10:43:18 ET]
Table 'Auriga II' 6-max Seat #5 is the button
Seat 1: gig.gyty ($117.99 in chips) is sitting out
Seat 4: sinsandjama ($0 in chips) is sitting out
Seat 2: elcutez ($94 in chips) 
Seat 3: erpaye ($184.45 in chips) 
Seat 5: Pippa83 ($102.40 in chips) 
Seat 6: BoyLoc0 ($102 in chips) 
BoyLoc0: posts small blind $0.50
gig.gyty: is sitting out 
elcutez: posts big blind $1
*** HOLE CARDS ***
gig.gyty leaves the table
erpaye: folds 
Pippa83: raises $1.50 to $2.50
sinsandjama leaves the table
BoyLoc0: raises $7.50 to $10
elcutez: folds 
Pippa83: calls $7.50
*** FLOP *** [2h 5h Qh]
BoyLoc0: bets $4
Pippa83: folds 
Uncalled bet ($4) returned to BoyLoc0
BoyLoc0 collected $20 from pot
BoyLoc0: doesn't show hand 
*** SUMMARY ***
Total pot $21 | Rake $1 
Board [2h 5h Qh]
Seat 1: gig.gyty
Seat 4: sinsandjama
Seat 2: elcutez (big blind) folded before Flop
Seat 3: erpaye folded before Flop (didn't bet)
Seat 5: Pippa83 (button) folded on the Flop
Seat 6: BoyLoc0 (small blind) collected ($20)



PokerStars Hand #254228782610:  Hold'em No Limit ($0.50/$1.00 USD) - 2025/01/06 15:43:51 WET [2025/01/06 10:43:51 ET]
Table 'Auriga II' 6-max Seat #6 is the button
Seat 2: elcutez ($93 in chips) 
Seat 3: erpaye ($184.45 in chips) 
Seat 5: Pippa83 ($100 in chips) 
Seat 6: BoyLoc0 ($112 in chips) 
elcutez: posts small blind $0.50
erpaye: posts big blind $1
*** HOLE CARDS ***
Pippa83: folds 
Pippa83 leaves the table
BoyLoc0: raises $1.50 to $2.50
elcutez: folds 
erpaye: folds 
Uncalled bet ($1.50) returned to BoyLoc0
BoyLoc0 collected $2.50 from pot
BoyLoc0: doesn't show hand 
*** SUMMARY ***
Total pot $2.50 | Rake $0 
Seat 2: elcutez (small blind) folded before Flop
Seat 3: erpaye (big blind) folded before Flop
Seat 5: Pippa83 folded before Flop (didn't bet)
Seat 6: BoyLoc0 (button) collected ($2.50)



PokerStars Hand #254228786672:  Hold'em No Limit ($0.50/$1.00 USD) - 2025/01/06 15:44:08 WET [2025/01/06 10:44:08 ET]
Table 'Auriga II' 6-max Seat #2 is the button
Seat 2: elcutez ($92.50 in chips) 
Seat 3: erpaye ($183.45 in chips) 
Seat 6: BoyLoc0 ($113.50 in chips) 
erpaye: posts small blind $0.50
BoyLoc0: posts big blind $1
*** HOLE CARDS ***
elcutez: raises $2 to $3
erpaye: folds 
BoyLoc0: calls $2
*** FLOP *** [Ts 7d 3d]
BoyLoc0: checks 
elcutez: bets $5
BoyLoc0: folds 
Uncalled bet ($5) returned to elcutez
elcutez collected $6.18 from pot
*** SUMMARY ***
Total pot $6.50 | Rake $0.32 
Board [Ts 7d 3d]
Seat 2: elcutez (button) collected ($6.18)
Seat 3: erpaye (small blind) folded before Flop
Seat 6: BoyLoc0 (big blind) folded on the Flop



PokerStars Hand #254228793193:  Hold'em No Limit ($0.50/$1.00 USD) - 2025/01/06 15:44:35 WET [2025/01/06 10:44:35 ET]
Table 'Auriga II' 6-max Seat #3 is the button
Seat 2: elcutez ($95.68 in chips) 
Seat 3: erpaye ($182.95 in chips) 
Seat 6: BoyLoc0 ($110.50 in chips) 
BoyLoc0: posts small blind $0.50
elcutez: posts big blind $1
*** HOLE CARDS ***
erpaye: raises $1.50 to $2.50
BoyLoc0: raises $7.50 to $10
elcutez: folds 
erpaye: calls $7.50
*** FLOP *** [Kh Js 3d]
BoyLoc0: bets $6.60
erpaye: folds 
Uncalled bet ($6.60) returned to BoyLoc0
BoyLoc0 collected $20 from pot
BoyLoc0: doesn't show hand 
*** SUMMARY ***
Total pot $21 | Rake $1 
Board [Kh Js 3d]
Seat 2: elcutez (big blind) folded before Flop
Seat 3: erpaye (button) folded on the Flop
Seat 6: BoyLoc0 (small blind) collected ($20)



PokerStars Hand #254228801956:  Hold'em No Limit ($0.50/$1.00 USD) - 2025/01/06 15:45:11 WET [2025/01/06 10:45:11 ET]
Table 'Auriga II' 6-max Seat #6 is the button
Seat 2: elcutez ($94.68 in chips) 
Seat 3: erpaye ($172.95 in chips) 
Seat 6: BoyLoc0 ($120.50 in chips) 
elcutez: posts small blind $0.50
erpaye: posts big blind $1
*** HOLE CARDS ***
BoyLoc0: raises $1.50 to $2.50
elcutez: folds 
erpaye: calls $1.50
*** FLOP *** [Ts 3c Ks]
erpaye: checks 
BoyLoc0: checks 
*** TURN *** [Ts 3c Ks] [Qh]
erpaye: bets $2.61
BoyLoc0: folds 
Uncalled bet ($2.61) returned to erpaye
erpaye collected $5.22 from pot
erpaye: doesn't show hand 
*** SUMMARY ***
Total pot $5.50 | Rake $0.28 
Board [Ts 3c Ks Qh]
Seat 2: elcutez (small blind) folded before Flop
Seat 3: erpaye (big blind) collected ($5.22)
Seat 6: BoyLoc0 (button) folded on the Turn



PokerStars Hand #254228816469:  Hold'em No Limit ($0.50/$1.00 USD) - 2025/01/06 15:46:11 WET [2025/01/06 10:46:11 ET]
Table 'Auriga II' 6-max Seat #2 is the button
Seat 2: elcutez ($94.18 in chips) 
Seat 3: erpaye ($175.67 in chips) 
Seat 6: BoyLoc0 ($118 in chips) 
erpaye: posts small blind $0.50
BoyLoc0: posts big blind $1
*** HOLE CARDS ***
elcutez: raises $2 to $3
erpaye: raises $8 to $11
BoyLoc0: folds 
elcutez: calls $8
*** FLOP *** [8c 7c Jd]
erpaye: checks 
elcutez: bets $12
erpaye: raises $152.67 to $164.67 and is all-in
elcutez: calls $71.18 and is all-in
Uncalled bet ($81.49) returned to erpaye
*** TURN *** [8c 7c Jd] [Qc]
*** RIVER *** [8c 7c Jd Qc] [3h]
*** SHOW DOWN ***
erpaye: shows [Ac 4c] (a flush, Ace high)
elcutez: shows [6c 9c] (a flush, Queen high)
erpaye collected $188.36 from pot
*** SUMMARY ***
Total pot $189.36 | Rake $1 
Board [8c 7c Jd Qc 3h]
Seat 2: elcutez (button) showed [6c 9c] and lost with a flush, Queen high
Seat 3: erpaye (small blind) showed [Ac 4c] and won ($188.36) with a flush, Ace high
Seat 6: BoyLoc0 (big blind) folded before Flop



PokerStars Hand #254228828223:  Hold'em No Limit ($0.50/$1.00 USD) - 2025/01/06 15:46:59 WET [2025/01/06 10:46:59 ET]
Table 'Auriga II' 6-max Seat #6 is the button
Seat 3: erpaye ($269.85 in chips) 
Seat 6: BoyLoc0 ($117 in chips) 
elcutez leaves the table
BoyLoc0: posts small blind $0.50
erpaye: posts big blind $1
*** HOLE CARDS ***
BoyLoc0: raises $1.50 to $2.50
erpaye: folds 
Uncalled bet ($1.50) returned to BoyLoc0
BoyLoc0 collected $2 from pot
BoyLoc0: doesn't show hand 
*** SUMMARY ***
Total pot $2 | Rake $0 
Seat 3: erpaye (big blind) folded before Flop
Seat 6: BoyLoc0 (button) (small blind) collected ($2)



PokerStars Hand #254228832247:  Hold'em No Limit ($0.50/$1.00 USD) - 2025/01/06 15:47:17 WET [2025/01/06 10:47:17 ET]
Table 'Auriga II' 6-max Seat #3 is the button
Seat 3: erpaye ($268.85 in chips) 
Seat 6: BoyLoc0 ($118 in chips) 
erpaye: posts small blind $0.50
BoyLoc0: posts big blind $1
*** HOLE CARDS ***
erpaye: raises $1.30 to $2.30
BoyLoc0: calls $1.30
*** FLOP *** [8s 2h Th]
BoyLoc0: checks 
erpaye: checks 
*** TURN *** [8s 2h Th] [3d]
BoyLoc0: bets $3.28
erpaye: calls $3.28
*** RIVER *** [8s 2h Th 3d] [6c]
BoyLoc0: bets $7.95
erpaye: calls $7.95
*** SHOW DOWN ***
BoyLoc0: shows [Ts 9d] (a pair of Tens)
erpaye: mucks hand 
BoyLoc0 collected $26.06 from pot
*** SUMMARY ***
Total pot $27.06 | Rake $1 
Board [8s 2h Th 3d 6c]
Seat 3: erpaye (button) (small blind) mucked
Seat 6: BoyLoc0 (big blind) showed [Ts 9d] and won ($26.06) with a pair of Tens



