PokerStars Hand #254226009287:  Hold'em No Limit ($0.50/$1.00 USD) - 2025/01/06 11:27:35 WET [2025/01/06 6:27:35 ET]
Table 'Hynek II' 6-max Seat #5 is the button
Seat 2: Ysiven ($100 in chips) is sitting out
Seat 3: Mr_Dick666 ($100 in chips) is sitting out
Seat 1: xcinaz ($142.65 in chips) 
Seat 4: grig2307 ($100 in chips) 
Seat 5: magzi777 ($100 in chips) 
Seat 6: blistein ($100 in chips) 
blistein: posts small blind $0.50
xcinaz: posts big blind $1
Ysiven: sits out 
Mr_Dick666: sits out 
*** HOLE CARDS ***
grig2307: folds 
magzi777: raises $1.50 to $2.50
blistein: folds 
xcinaz: calls $1.50
*** FLOP *** [7c 8d 6h]
xcinaz: checks 
magzi777: bets $3.45
xcinaz: folds 
Uncalled bet ($3.45) returned to magzi777
magzi777 collected $5.22 from pot
*** SUMMARY ***
Total pot $5.50 | Rake $0.28 
Board [7c 8d 6h]
Seat 2: Ysiven
Seat 3: Mr_Dick666
Seat 1: xcinaz (big blind) folded on the Flop
Seat 4: grig2307 folded before Flop (didn't bet)
Seat 5: magzi777 (button) collected ($5.22)
Seat 6: blistein (small blind) folded before Flop



PokerStars Hand #254226015177:  Hold'em No Limit ($0.50/$1.00 USD) - 2025/01/06 11:28:18 WET [2025/01/06 6:28:18 ET]
Table 'Hynek II' 6-max Seat #6 is the button
Seat 3: Mr_Dick666 ($100 in chips) is sitting out
Seat 1: xcinaz ($140.15 in chips) 
Seat 2: Ysiven ($100 in chips) 
Seat 4: grig2307 ($100 in chips) 
Seat 5: magzi777 ($102.72 in chips) 
Seat 6: blistein ($100 in chips) 
xcinaz: posts small blind $0.50
Ysiven: posts big blind $1
Mr_Dick666: sits out 
*** HOLE CARDS ***
grig2307: raises $1.70 to $2.70
magzi777: folds 
blistein: folds 
xcinaz: folds 
Ysiven: calls $1.70
*** FLOP *** [6c 7h Ts]
Ysiven: checks 
grig2307: bets $2.80
Ysiven: folds 
Uncalled bet ($2.80) returned to grig2307
grig2307 collected $5.60 from pot
grig2307: doesn't show hand 
*** SUMMARY ***
Total pot $5.90 | Rake $0.30 
Board [6c 7h Ts]
Seat 3: Mr_Dick666
Seat 1: xcinaz (small blind) folded before Flop
Seat 2: Ysiven (big blind) folded on the Flop
Seat 4: grig2307 collected ($5.60)
Seat 5: magzi777 folded before Flop (didn't bet)
Seat 6: blistein (button) folded before Flop (didn't bet)



