PokerStars Hand #254225287020:  Hold'em No Limit ($0.50/$1.00 USD) - 2025/01/06 9:45:35 WET [2025/01/06 4:45:35 ET]
Table 'Galle' 6-max Seat #3 is the button
Seat 6: value_ftw ($100 in chips) is sitting out
Seat 1: uuzka ($100 in chips) 
Seat 2: Edi131313 ($126.51 in chips) 
Seat 3: VahTang_89 ($100 in chips) 
Seat 4: Ysiven ($106.08 in chips) 
Seat 5: MaRKiToScoK ($100 in chips) 
Ysiven: posts small blind $0.50
MaRKiToScoK: posts big blind $1
value_ftw: sits out 
*** HOLE CARDS ***
uuzka: folds 
Edi131313: folds 
VahTang_89: raises $1.20 to $2.20
Ysiven: folds 
MaRKiToScoK: calls $1.20
*** FLOP *** [Jc 8c 6c]
MaRKiToScoK: checks 
VahTang_89: checks 
*** TURN *** [Jc 8c 6c] [Qd]
MaRKiToScoK: checks 
VahTang_89: checks 
*** RIVER *** [Jc 8c 6c Qd] [2d]
MaRKiToScoK: bets $6.99
VahTang_89: folds 
Uncalled bet ($6.99) returned to MaRKiToScoK
MaRKiToScoK collected $4.66 from pot
*** SUMMARY ***
Total pot $4.90 | Rake $0.24 
Board [Jc 8c 6c Qd 2d]
Seat 6: value_ftw
Seat 1: uuzka folded before Flop (didn't bet)
Seat 2: Edi131313 folded before Flop (didn't bet)
Seat 3: VahTang_89 (button) folded on the River
Seat 4: Ysiven (small blind) folded before Flop
Seat 5: MaRKiToScoK (big blind) collected ($4.66)



PokerStars Hand #254225291374:  Hold'em No Limit ($0.50/$1.00 USD) - 2025/01/06 9:46:17 WET [2025/01/06 4:46:17 ET]
Table 'Galle' 6-max Seat #4 is the button
Seat 1: uuzka ($100 in chips) 
Seat 2: Edi131313 ($126.51 in chips) 
Seat 3: VahTang_89 ($100 in chips) 
Seat 4: Ysiven ($105.58 in chips) 
Seat 5: MaRKiToScoK ($102.46 in chips) 
Seat 6: value_ftw ($100 in chips) 
MaRKiToScoK: posts small blind $0.50
value_ftw: posts big blind $1
*** HOLE CARDS ***
uuzka: folds 
Edi131313: folds 
VahTang_89: folds 
Ysiven: raises $1.50 to $2.50
MaRKiToScoK: raises $8.50 to $11
value_ftw: folds 
Ysiven: calls $8.50
*** FLOP *** [4d 2h 3d]
MaRKiToScoK: checks 
Ysiven: bets $7.21
MaRKiToScoK: calls $7.21
*** TURN *** [4d 2h 3d] [5s]
MaRKiToScoK: checks 
Ysiven: bets $11.73
MaRKiToScoK: calls $11.73
*** RIVER *** [4d 2h 3d 5s] [Qs]
MaRKiToScoK: checks 
Ysiven: bets $75.64 and is all-in
MaRKiToScoK: calls $72.52 and is all-in
Uncalled bet ($3.12) returned to Ysiven
*** SHOW DOWN ***
Ysiven: shows [7h 8h] (high card Queen)
MaRKiToScoK: shows [As Th] (a straight, Ace to Five)
MaRKiToScoK collected $203.42 from pot
*** SUMMARY ***
Total pot $205.92 | Rake $2.50 
Board [4d 2h 3d 5s Qs]
Seat 1: uuzka folded before Flop (didn't bet)
Seat 2: Edi131313 folded before Flop (didn't bet)
Seat 3: VahTang_89 folded before Flop (didn't bet)
Seat 4: Ysiven (button) showed [7h 8h] and lost with high card Queen
Seat 5: MaRKiToScoK (small blind) showed [As Th] and won ($203.42) with a straight, Ace to Five
Seat 6: value_ftw (big blind) folded before Flop



PokerStars Hand #254225299619:  Hold'em No Limit ($0.50/$1.00 USD) - 2025/01/06 9:47:35 WET [2025/01/06 4:47:35 ET]
Table 'Galle' 6-max Seat #5 is the button
Seat 1: uuzka ($100 in chips) 
Seat 2: Edi131313 ($126.51 in chips) 
Seat 3: VahTang_89 ($100 in chips) 
Seat 4: Ysiven ($100 in chips) 
Seat 5: MaRKiToScoK ($203.42 in chips) 
Seat 6: value_ftw ($100 in chips) 
value_ftw: posts small blind $0.50
uuzka: posts big blind $1
*** HOLE CARDS ***
Edi131313: raises $1 to $2
VahTang_89: folds 
Ysiven: folds 
MaRKiToScoK: raises $4.20 to $6.20
value_ftw: folds 
uuzka: folds 
Edi131313: folds 
Uncalled bet ($4.20) returned to MaRKiToScoK
MaRKiToScoK collected $5.50 from pot
*** SUMMARY ***
Total pot $5.50 | Rake $0 
Seat 1: uuzka (big blind) folded before Flop
Seat 2: Edi131313 folded before Flop
Seat 3: VahTang_89 folded before Flop (didn't bet)
Seat 4: Ysiven folded before Flop (didn't bet)
Seat 5: MaRKiToScoK (button) collected ($5.50)
Seat 6: value_ftw (small blind) folded before Flop



PokerStars Hand #254225302135:  Hold'em No Limit ($0.50/$1.00 USD) - 2025/01/06 9:48:00 WET [2025/01/06 4:48:00 ET]
Table 'Galle' 6-max Seat #6 is the button
Seat 1: uuzka ($100 in chips) 
Seat 3: VahTang_89 ($100 in chips) 
Seat 4: Ysiven ($100 in chips) 
Seat 5: MaRKiToScoK ($206.92 in chips) 
Seat 6: value_ftw ($100 in chips) 
Edi131313 leaves the table
uuzka: posts small blind $0.50
VahTang_89: posts big blind $1
*** HOLE CARDS ***
Ysiven: folds 
MaRKiToScoK: folds 
value_ftw: folds 
uuzka: raises $1.77 to $2.77
VahTang_89: calls $1.77
*** FLOP *** [Tc 9d Kc]
uuzka: bets $3.52
VahTang_89: folds 
Uncalled bet ($3.52) returned to uuzka
uuzka collected $5.26 from pot
uuzka: doesn't show hand 
*** SUMMARY ***
Total pot $5.54 | Rake $0.28 
Board [Tc 9d Kc]
Seat 1: uuzka (small blind) collected ($5.26)
Seat 3: VahTang_89 (big blind) folded on the Flop
Seat 4: Ysiven folded before Flop (didn't bet)
Seat 5: MaRKiToScoK folded before Flop (didn't bet)
Seat 6: value_ftw (button) folded before Flop (didn't bet)



PokerStars Hand #254225304887:  Hold'em No Limit ($0.50/$1.00 USD) - 2025/01/06 9:48:26 WET [2025/01/06 4:48:26 ET]
Table 'Galle' 6-max Seat #1 is the button
Seat 1: uuzka ($102.49 in chips) 
Seat 3: VahTang_89 ($100 in chips) 
Seat 4: Ysiven ($100 in chips) 
Seat 5: MaRKiToScoK ($206.92 in chips) 
Seat 6: value_ftw ($100 in chips) 
VahTang_89: posts small blind $0.50
Ysiven: posts big blind $1
*** HOLE CARDS ***
MaRKiToScoK: folds 
MaRKiToScoK leaves the table
value_ftw: folds 
uuzka: raises $1.50 to $2.50
VahTang_89: folds 
Ysiven: folds 
Uncalled bet ($1.50) returned to uuzka
uuzka collected $2.50 from pot
uuzka: doesn't show hand 
*** SUMMARY ***
Total pot $2.50 | Rake $0 
Seat 1: uuzka (button) collected ($2.50)
Seat 3: VahTang_89 (small blind) folded before Flop
Seat 4: Ysiven (big blind) folded before Flop
Seat 5: MaRKiToScoK folded before Flop (didn't bet)
Seat 6: value_ftw folded before Flop (didn't bet)



PokerStars Hand #254225306593:  Hold'em No Limit ($0.50/$1.00 USD) - 2025/01/06 9:48:43 WET [2025/01/06 4:48:43 ET]
Table 'Galle' 6-max Seat #3 is the button
Seat 1: uuzka ($103.99 in chips) 
Seat 3: VahTang_89 ($100 in chips) 
Seat 4: Ysiven ($100 in chips) 
Seat 6: value_ftw ($100 in chips) 
Ysiven: posts small blind $0.50
value_ftw: posts big blind $1
*** HOLE CARDS ***
uuzka: folds 
VahTang_89: raises $1.20 to $2.20
Ysiven: folds 
value_ftw: calls $1.20
*** FLOP *** [Jd 4d Qd]
value_ftw: checks 
VahTang_89: bets $2.33
value_ftw: folds 
Uncalled bet ($2.33) returned to VahTang_89
VahTang_89 collected $4.66 from pot
VahTang_89: doesn't show hand 
*** SUMMARY ***
Total pot $4.90 | Rake $0.24 
Board [Jd 4d Qd]
Seat 1: uuzka folded before Flop (didn't bet)
Seat 3: VahTang_89 (button) collected ($4.66)
Seat 4: Ysiven (small blind) folded before Flop
Seat 6: value_ftw (big blind) folded on the Flop



PokerStars Hand #254225309209:  Hold'em No Limit ($0.50/$1.00 USD) - 2025/01/06 9:49:08 WET [2025/01/06 4:49:08 ET]
Table 'Galle' 6-max Seat #6 is the button
Seat 1: uuzka ($103.99 in chips) is sitting out
Seat 3: VahTang_89 ($102.46 in chips) is sitting out
Seat 4: Ysiven ($100 in chips) 
Seat 6: value_ftw ($100 in chips) 
value_ftw: posts small blind $0.50
uuzka: is sitting out 
VahTang_89: is sitting out 
Ysiven: posts big blind $1
*** HOLE CARDS ***
VahTang_89 leaves the table
value_ftw: folds 
Uncalled bet ($0.50) returned to Ysiven
Ysiven collected $1 from pot
Ysiven: doesn't show hand 
uuzka leaves the table
*** SUMMARY ***
Total pot $1 | Rake $0 
Seat 1: uuzka
Seat 3: VahTang_89
Seat 4: Ysiven (big blind) collected ($1)
Seat 6: value_ftw (button) (small blind) folded before Flop



