PokerStars Hand #254565164463:  Hold'em No Limit ($0.50/$1.00 USD) - 2025/01/26 18:13:36 WET [2025/01/26 13:13:36 ET]
Table 'Thalassa V' 6-max Seat #3 is the button
Seat 2: Rezzonner ($100 in chips) is sitting out
Seat 1: SorinS28 ($100 in chips) 
Seat 3: rao999 ($105.46 in chips) 
Seat 4: AlexPinsk1 ($100 in chips) 
Seat 5: ianbowles1991 ($85.03 in chips) 
Seat 6: Gfoer ($100 in chips) 
AlexPinsk1: posts small blind $0.50
ianbowles1991: posts big blind $1
Rezzonner: sits out 
*** HOLE CARDS ***
Gfoer: folds 
SorinS28: folds 
rao999: raises $1.50 to $2.50
AlexPinsk1: raises $7.50 to $10
ianbowles1991: folds 
rao999: folds 
Uncalled bet ($7.50) returned to AlexPinsk1
AlexPinsk1 collected $6 from pot
AlexPinsk1: doesn't show hand 
*** SUMMARY ***
Total pot $6 | Rake $0 
Seat 2: Rezzonner
Seat 1: SorinS28 folded before Flop (didn't bet)
Seat 3: rao999 (button) folded before Flop
Seat 4: AlexPinsk1 (small blind) collected ($6)
Seat 5: ianbowles1991 (big blind) folded before Flop
Seat 6: Gfoer folded before Flop (didn't bet)



PokerStars Hand #254565177302:  Hold'em No Limit ($0.50/$1.00 USD) - 2025/01/26 18:14:14 WET [2025/01/26 13:14:14 ET]
Table 'Thalassa V' 6-max Seat #4 is the button
Seat 2: Rezzonner ($100 in chips) is sitting out
Seat 1: SorinS28 ($100 in chips) 
Seat 3: rao999 ($102.96 in chips) 
Seat 4: AlexPinsk1 ($103.50 in chips) 
Seat 5: ianbowles1991 ($84.03 in chips) 
Seat 6: Gfoer ($100 in chips) 
ianbowles1991: posts small blind $0.50
Gfoer: posts big blind $1
Rezzonner: sits out 
*** HOLE CARDS ***
SorinS28: folds 
rao999: raises $1.50 to $2.50
AlexPinsk1: folds 
ianbowles1991: folds 
Gfoer: folds 
Uncalled bet ($1.50) returned to rao999
rao999 collected $2.50 from pot
rao999: doesn't show hand 
*** SUMMARY ***
Total pot $2.50 | Rake $0 
Seat 2: Rezzonner
Seat 1: SorinS28 folded before Flop (didn't bet)
Seat 3: rao999 collected ($2.50)
Seat 4: AlexPinsk1 (button) folded before Flop (didn't bet)
Seat 5: ianbowles1991 (small blind) folded before Flop
Seat 6: Gfoer (big blind) folded before Flop



PokerStars Hand #254565184162:  Hold'em No Limit ($0.50/$1.00 USD) - 2025/01/26 18:14:35 WET [2025/01/26 13:14:35 ET]
Table 'Thalassa V' 6-max Seat #5 is the button
Seat 2: Rezzonner ($100 in chips) is sitting out
Seat 1: SorinS28 ($100 in chips) 
Seat 3: rao999 ($104.46 in chips) 
Seat 4: AlexPinsk1 ($103.50 in chips) 
Seat 5: ianbowles1991 ($83.53 in chips) 
Seat 6: Gfoer ($100 in chips) 
Gfoer: posts small blind $0.50
SorinS28: posts big blind $1
Rezzonner: sits out 
*** HOLE CARDS ***
rao999: raises $1.50 to $2.50
AlexPinsk1: folds 
ianbowles1991: folds 
Gfoer: folds 
SorinS28: folds 
Uncalled bet ($1.50) returned to rao999
rao999 collected $2.50 from pot
rao999: doesn't show hand 
*** SUMMARY ***
Total pot $2.50 | Rake $0 
Seat 2: Rezzonner
Seat 1: SorinS28 (big blind) folded before Flop
Seat 3: rao999 collected ($2.50)
Seat 4: AlexPinsk1 folded before Flop (didn't bet)
Seat 5: ianbowles1991 (button) folded before Flop (didn't bet)
Seat 6: Gfoer (small blind) folded before Flop



PokerStars Hand #254565192016:  Hold'em No Limit ($0.50/$1.00 USD) - 2025/01/26 18:14:57 WET [2025/01/26 13:14:57 ET]
Table 'Thalassa V' 6-max Seat #6 is the button
Seat 1: SorinS28 ($100 in chips) 
Seat 2: Rezzonner ($100 in chips) 
Seat 3: rao999 ($105.96 in chips) 
Seat 4: AlexPinsk1 ($103.50 in chips) 
Seat 5: ianbowles1991 ($83.53 in chips) 
Seat 6: Gfoer ($100 in chips) 
SorinS28: posts small blind $0.50
Rezzonner: posts big blind $1
*** HOLE CARDS ***
rao999: raises $1.50 to $2.50
AlexPinsk1: folds 
ianbowles1991: folds 
Gfoer: folds 
SorinS28: folds 
Rezzonner: calls $1.50
*** FLOP *** [2c 4d 8h]
Rezzonner: checks 
rao999: checks 
*** TURN *** [2c 4d 8h] [6d]
Rezzonner: bets $2.61
rao999: folds 
Uncalled bet ($2.61) returned to Rezzonner
Rezzonner collected $5.22 from pot
Rezzonner: doesn't show hand 
*** SUMMARY ***
Total pot $5.50 | Rake $0.28 
Board [2c 4d 8h 6d]
Seat 1: SorinS28 (small blind) folded before Flop
Seat 2: Rezzonner (big blind) collected ($5.22)
Seat 3: rao999 folded on the Turn
Seat 4: AlexPinsk1 folded before Flop (didn't bet)
Seat 5: ianbowles1991 folded before Flop (didn't bet)
Seat 6: Gfoer (button) folded before Flop (didn't bet)



PokerStars Hand #254565205328:  Hold'em No Limit ($0.50/$1.00 USD) - 2025/01/26 18:15:36 WET [2025/01/26 13:15:36 ET]
Table 'Thalassa V' 6-max Seat #1 is the button
Seat 1: SorinS28 ($100 in chips) 
Seat 2: Rezzonner ($102.72 in chips) 
Seat 3: rao999 ($103.46 in chips) 
Seat 4: AlexPinsk1 ($103.50 in chips) 
Seat 5: ianbowles1991 ($83.53 in chips) 
Seat 6: Gfoer ($100 in chips) 
Rezzonner: posts small blind $0.50
rao999: posts big blind $1
*** HOLE CARDS ***
AlexPinsk1: folds 
ianbowles1991: folds 
Gfoer: folds 
SorinS28: raises $1.50 to $2.50
Rezzonner: raises $7.50 to $10
rao999: folds 
SorinS28: folds 
Uncalled bet ($7.50) returned to Rezzonner
Rezzonner collected $6 from pot
Rezzonner: doesn't show hand 
*** SUMMARY ***
Total pot $6 | Rake $0 
Seat 1: SorinS28 (button) folded before Flop
Seat 2: Rezzonner (small blind) collected ($6)
Seat 3: rao999 (big blind) folded before Flop
Seat 4: AlexPinsk1 folded before Flop (didn't bet)
Seat 5: ianbowles1991 folded before Flop (didn't bet)
Seat 6: Gfoer folded before Flop (didn't bet)



PokerStars Hand #254565216093:  Hold'em No Limit ($0.50/$1.00 USD) - 2025/01/26 18:16:07 WET [2025/01/26 13:16:07 ET]
Table 'Thalassa V' 6-max Seat #2 is the button
Seat 1: SorinS28 ($100 in chips) 
Seat 2: Rezzonner ($106.22 in chips) 
Seat 3: rao999 ($102.46 in chips) 
Seat 4: AlexPinsk1 ($103.50 in chips) 
Seat 5: ianbowles1991 ($83.53 in chips) 
Seat 6: Gfoer ($100 in chips) 
rao999: posts small blind $0.50
AlexPinsk1: posts big blind $1
*** HOLE CARDS ***
ianbowles1991: calls $1
Gfoer: folds 
SorinS28: folds 
Rezzonner: folds 
rao999: calls $0.50
AlexPinsk1: checks 
*** FLOP *** [4d 9d 8d]
rao999: checks 
AlexPinsk1: checks 
ianbowles1991: bets $1.43
rao999: calls $1.43
AlexPinsk1: folds 
*** TURN *** [4d 9d 8d] [Kh]
rao999: checks 
ianbowles1991: checks 
*** RIVER *** [4d 9d 8d Kh] [Ac]
rao999: bets $3.68
ianbowles1991: calls $3.68
*** SHOW DOWN ***
rao999: shows [Qd Js] (high card Ace)
ianbowles1991: shows [Ah 3h] (a pair of Aces)
ianbowles1991 collected $12.56 from pot
*** SUMMARY ***
Total pot $13.22 | Rake $0.66 
Board [4d 9d 8d Kh Ac]
Seat 1: SorinS28 folded before Flop (didn't bet)
Seat 2: Rezzonner (button) folded before Flop (didn't bet)
Seat 3: rao999 (small blind) showed [Qd Js] and lost with high card Ace
Seat 4: AlexPinsk1 (big blind) folded on the Flop
Seat 5: ianbowles1991 showed [Ah 3h] and won ($12.56) with a pair of Aces
Seat 6: Gfoer folded before Flop (didn't bet)



PokerStars Hand #254565236195:  Hold'em No Limit ($0.50/$1.00 USD) - 2025/01/26 18:17:05 WET [2025/01/26 13:17:05 ET]
Table 'Thalassa V' 6-max Seat #3 is the button
Seat 1: SorinS28 ($100 in chips) 
Seat 2: Rezzonner ($106.22 in chips) 
Seat 3: rao999 ($100 in chips) 
Seat 4: AlexPinsk1 ($102.50 in chips) 
Seat 5: ianbowles1991 ($89.98 in chips) 
Seat 6: Gfoer ($100 in chips) 
AlexPinsk1: posts small blind $0.50
ianbowles1991: posts big blind $1
*** HOLE CARDS ***
Gfoer: folds 
SorinS28: folds 
Rezzonner: folds 
rao999: folds 
AlexPinsk1: raises $2 to $3
ianbowles1991: folds 
Uncalled bet ($2) returned to AlexPinsk1
AlexPinsk1 collected $2 from pot
AlexPinsk1: doesn't show hand 
*** SUMMARY ***
Total pot $2 | Rake $0 
Seat 1: SorinS28 folded before Flop (didn't bet)
Seat 2: Rezzonner folded before Flop (didn't bet)
Seat 3: rao999 (button) folded before Flop (didn't bet)
Seat 4: AlexPinsk1 (small blind) collected ($2)
Seat 5: ianbowles1991 (big blind) folded before Flop
Seat 6: Gfoer folded before Flop (didn't bet)



PokerStars Hand #254565239825:  Hold'em No Limit ($0.50/$1.00 USD) - 2025/01/26 18:17:15 WET [2025/01/26 13:17:15 ET]
Table 'Thalassa V' 6-max Seat #4 is the button
Seat 1: SorinS28 ($100 in chips) 
Seat 2: Rezzonner ($106.22 in chips) 
Seat 3: rao999 ($100 in chips) 
Seat 4: AlexPinsk1 ($103.50 in chips) 
Seat 5: ianbowles1991 ($88.98 in chips) 
Seat 6: Gfoer ($100 in chips) 
ianbowles1991: posts small blind $0.50
Gfoer: posts big blind $1
*** HOLE CARDS ***
SorinS28: folds 
Rezzonner: folds 
rao999: folds 
AlexPinsk1: folds 
ianbowles1991: folds 
Uncalled bet ($0.50) returned to Gfoer
Gfoer collected $1 from pot
Gfoer: doesn't show hand 
*** SUMMARY ***
Total pot $1 | Rake $0 
Seat 1: SorinS28 folded before Flop (didn't bet)
Seat 2: Rezzonner folded before Flop (didn't bet)
Seat 3: rao999 folded before Flop (didn't bet)
Seat 4: AlexPinsk1 (button) folded before Flop (didn't bet)
Seat 5: ianbowles1991 (small blind) folded before Flop
Seat 6: Gfoer (big blind) collected ($1)



PokerStars Hand #254565244998:  Hold'em No Limit ($0.50/$1.00 USD) - 2025/01/26 18:17:31 WET [2025/01/26 13:17:31 ET]
Table 'Thalassa V' 6-max Seat #5 is the button
Seat 1: SorinS28 ($100 in chips) 
Seat 2: Rezzonner ($106.22 in chips) 
Seat 3: rao999 ($100 in chips) 
Seat 4: AlexPinsk1 ($103.50 in chips) 
Seat 5: ianbowles1991 ($88.48 in chips) 
Seat 6: Gfoer ($100.50 in chips) 
Gfoer: posts small blind $0.50
SorinS28: posts big blind $1
*** HOLE CARDS ***
Rezzonner: folds 
rao999: raises $1.50 to $2.50
AlexPinsk1: folds 
ianbowles1991: raises $6.50 to $9
Gfoer: folds 
SorinS28: folds 
rao999: folds 
Uncalled bet ($6.50) returned to ianbowles1991
ianbowles1991 collected $6.50 from pot
*** SUMMARY ***
Total pot $6.50 | Rake $0 
Seat 1: SorinS28 (big blind) folded before Flop
Seat 2: Rezzonner folded before Flop (didn't bet)
Seat 3: rao999 folded before Flop
Seat 4: AlexPinsk1 folded before Flop (didn't bet)
Seat 5: ianbowles1991 (button) collected ($6.50)
Seat 6: Gfoer (small blind) folded before Flop



PokerStars Hand #254565254712:  Hold'em No Limit ($0.50/$1.00 USD) - 2025/01/26 18:17:59 WET [2025/01/26 13:17:59 ET]
Table 'Thalassa V' 6-max Seat #6 is the button
Seat 1: SorinS28 ($100 in chips) 
Seat 2: Rezzonner ($106.22 in chips) 
Seat 3: rao999 ($100 in chips) 
Seat 4: AlexPinsk1 ($103.50 in chips) 
Seat 5: ianbowles1991 ($92.48 in chips) 
Seat 6: Gfoer ($100 in chips) 
SorinS28: posts small blind $0.50
Rezzonner: posts big blind $1
*** HOLE CARDS ***
rao999: raises $1.50 to $2.50
AlexPinsk1: folds 
ianbowles1991: folds 
Gfoer: folds 
SorinS28: folds 
Rezzonner: folds 
Uncalled bet ($1.50) returned to rao999
rao999 collected $2.50 from pot
rao999: doesn't show hand 
*** SUMMARY ***
Total pot $2.50 | Rake $0 
Seat 1: SorinS28 (small blind) folded before Flop
Seat 2: Rezzonner (big blind) folded before Flop
Seat 3: rao999 collected ($2.50)
Seat 4: AlexPinsk1 folded before Flop (didn't bet)
Seat 5: ianbowles1991 folded before Flop (didn't bet)
Seat 6: Gfoer (button) folded before Flop (didn't bet)



PokerStars Hand #254565264980:  Hold'em No Limit ($0.50/$1.00 USD) - 2025/01/26 18:18:29 WET [2025/01/26 13:18:29 ET]
Table 'Thalassa V' 6-max Seat #1 is the button
Seat 1: SorinS28 ($100 in chips) 
Seat 2: Rezzonner ($105.22 in chips) 
Seat 3: rao999 ($101.50 in chips) 
Seat 4: AlexPinsk1 ($103.50 in chips) 
Seat 5: ianbowles1991 ($92.48 in chips) 
Seat 6: Gfoer ($100 in chips) 
Rezzonner: posts small blind $0.50
rao999: posts big blind $1
*** HOLE CARDS ***
AlexPinsk1: folds 
ianbowles1991: raises $2 to $3
Gfoer: folds 
SorinS28: folds 
Rezzonner: folds 
rao999: calls $2
*** FLOP *** [Qd Qs Jd]
rao999: checks 
ianbowles1991: bets $3.09
rao999: calls $3.09
*** TURN *** [Qd Qs Jd] [5d]
rao999: checks 
ianbowles1991: checks 
*** RIVER *** [Qd Qs Jd 5d] [6d]
rao999: checks 
ianbowles1991: checks 
*** SHOW DOWN ***
rao999: shows [Js 9s] (two pair, Queens and Jacks)
ianbowles1991: shows [Tc 9d] (a flush, Queen high)
ianbowles1991 collected $12.05 from pot
*** SUMMARY ***
Total pot $12.68 | Rake $0.63 
Board [Qd Qs Jd 5d 6d]
Seat 1: SorinS28 (button) folded before Flop (didn't bet)
Seat 2: Rezzonner (small blind) folded before Flop
Seat 3: rao999 (big blind) showed [Js 9s] and lost with two pair, Queens and Jacks
Seat 4: AlexPinsk1 folded before Flop (didn't bet)
Seat 5: ianbowles1991 showed [Tc 9d] and won ($12.05) with a flush, Queen high
Seat 6: Gfoer folded before Flop (didn't bet)



PokerStars Hand #254565276718:  Hold'em No Limit ($0.50/$1.00 USD) - 2025/01/26 18:19:03 WET [2025/01/26 13:19:03 ET]
Table 'Thalassa V' 6-max Seat #2 is the button
Seat 1: SorinS28 ($100 in chips) 
Seat 2: Rezzonner ($104.72 in chips) 
Seat 3: rao999 ($100 in chips) 
Seat 4: AlexPinsk1 ($103.50 in chips) 
Seat 5: ianbowles1991 ($98.44 in chips) 
Seat 6: Gfoer ($100 in chips) 
rao999: posts small blind $0.50
AlexPinsk1: posts big blind $1
*** HOLE CARDS ***
ianbowles1991: folds 
Gfoer: folds 
SorinS28: folds 
Rezzonner: folds 
rao999: folds 
Uncalled bet ($0.50) returned to AlexPinsk1
AlexPinsk1 collected $1 from pot
AlexPinsk1: doesn't show hand 
*** SUMMARY ***
Total pot $1 | Rake $0 
Seat 1: SorinS28 folded before Flop (didn't bet)
Seat 2: Rezzonner (button) folded before Flop (didn't bet)
Seat 3: rao999 (small blind) folded before Flop
Seat 4: AlexPinsk1 (big blind) collected ($1)
Seat 5: ianbowles1991 folded before Flop (didn't bet)
Seat 6: Gfoer folded before Flop (didn't bet)



PokerStars Hand #254565280467:  Hold'em No Limit ($0.50/$1.00 USD) - 2025/01/26 18:19:14 WET [2025/01/26 13:19:14 ET]
Table 'Thalassa V' 6-max Seat #3 is the button
Seat 1: SorinS28 ($100 in chips) 
Seat 2: Rezzonner ($104.72 in chips) 
Seat 3: rao999 ($100 in chips) 
Seat 4: AlexPinsk1 ($104 in chips) 
Seat 5: ianbowles1991 ($98.44 in chips) 
Seat 6: Gfoer ($100 in chips) 
AlexPinsk1: posts small blind $0.50
ianbowles1991: posts big blind $1
*** HOLE CARDS ***
Gfoer: folds 
SorinS28: raises $1.02 to $2.02
Rezzonner: folds 
rao999: folds 
AlexPinsk1: raises $7.98 to $10
ianbowles1991: folds 
Gfoer leaves the table
SorinS28: folds 
Uncalled bet ($7.98) returned to AlexPinsk1
AlexPinsk1 collected $5.04 from pot
AlexPinsk1: doesn't show hand 
*** SUMMARY ***
Total pot $5.04 | Rake $0 
Seat 1: SorinS28 folded before Flop
Seat 2: Rezzonner folded before Flop (didn't bet)
Seat 3: rao999 (button) folded before Flop (didn't bet)
Seat 4: AlexPinsk1 (small blind) collected ($5.04)
Seat 5: ianbowles1991 (big blind) folded before Flop
Seat 6: Gfoer folded before Flop (didn't bet)



PokerStars Hand #254565296172:  Hold'em No Limit ($0.50/$1.00 USD) - 2025/01/26 18:19:59 WET [2025/01/26 13:19:59 ET]
Table 'Thalassa V' 6-max Seat #4 is the button
Seat 1: SorinS28 ($100 in chips) 
Seat 2: Rezzonner ($104.72 in chips) 
Seat 3: rao999 ($100 in chips) 
Seat 4: AlexPinsk1 ($107.02 in chips) 
Seat 5: ianbowles1991 ($97.44 in chips) 
ianbowles1991: posts small blind $0.50
SorinS28: posts big blind $1
*** HOLE CARDS ***
Rezzonner: raises $1.50 to $2.50
paramourx joins the table at seat #6 
rao999: folds 
AlexPinsk1: folds 
ianbowles1991: calls $2
SorinS28: folds 
*** FLOP *** [3c Tc 2h]
ianbowles1991: checks 
Rezzonner: bets $1.88
ianbowles1991: folds 
Uncalled bet ($1.88) returned to Rezzonner
Rezzonner collected $5.70 from pot
Rezzonner: doesn't show hand 
*** SUMMARY ***
Total pot $6 | Rake $0.30 
Board [3c Tc 2h]
Seat 1: SorinS28 (big blind) folded before Flop
Seat 2: Rezzonner collected ($5.70)
Seat 3: rao999 folded before Flop (didn't bet)
Seat 4: AlexPinsk1 (button) folded before Flop (didn't bet)
Seat 5: ianbowles1991 (small blind) folded on the Flop



PokerStars Hand #254565305664:  Hold'em No Limit ($0.50/$1.00 USD) - 2025/01/26 18:20:27 WET [2025/01/26 13:20:27 ET]
Table 'Thalassa V' 6-max Seat #5 is the button
Seat 6: paramourx ($100 in chips) is sitting out
Seat 1: SorinS28 ($100 in chips) 
Seat 2: Rezzonner ($107.92 in chips) 
Seat 3: rao999 ($100 in chips) 
Seat 4: AlexPinsk1 ($107.02 in chips) 
Seat 5: ianbowles1991 ($94.94 in chips) 
SorinS28: posts small blind $0.50
Rezzonner: posts big blind $1
*** HOLE CARDS ***
rao999: raises $1.50 to $2.50
AlexPinsk1: folds 
ianbowles1991: calls $2.50
SorinS28: calls $2
Rezzonner: folds 
*** FLOP *** [Ah 8d Ts]
SorinS28: checks 
rao999: bets $2.67
ianbowles1991: folds 
SorinS28: folds 
Uncalled bet ($2.67) returned to rao999
rao999 collected $8.08 from pot
rao999: doesn't show hand 
*** SUMMARY ***
Total pot $8.50 | Rake $0.42 
Board [Ah 8d Ts]
Seat 6: paramourx
Seat 1: SorinS28 (small blind) folded on the Flop
Seat 2: Rezzonner (big blind) folded before Flop
Seat 3: rao999 collected ($8.08)
Seat 4: AlexPinsk1 folded before Flop (didn't bet)
Seat 5: ianbowles1991 (button) folded on the Flop



PokerStars Hand #254565323092:  Hold'em No Limit ($0.50/$1.00 USD) - 2025/01/26 18:21:17 WET [2025/01/26 13:21:17 ET]
Table 'Thalassa V' 6-max Seat #1 is the button
Seat 6: paramourx ($100 in chips) is sitting out
Seat 1: SorinS28 ($100 in chips) 
Seat 2: Rezzonner ($106.92 in chips) 
Seat 3: rao999 ($105.58 in chips) 
Seat 4: AlexPinsk1 ($107.02 in chips) 
Seat 5: ianbowles1991 ($92.44 in chips) 
Rezzonner: posts small blind $0.50
rao999: posts big blind $1
paramourx: sits out 
*** HOLE CARDS ***
AlexPinsk1: folds 
ianbowles1991: calls $1
SorinS28: folds 
Rezzonner: folds 
rao999: checks 
*** FLOP *** [9h 7c Td]
rao999: checks 
ianbowles1991: checks 
*** TURN *** [9h 7c Td] [Th]
rao999: bets $1.50
ianbowles1991: calls $1.50
*** RIVER *** [9h 7c Td Th] [Qs]
rao999: checks 
ianbowles1991: checks 
*** SHOW DOWN ***
rao999: shows [7s 6d] (two pair, Tens and Sevens)
ianbowles1991: mucks hand 
rao999 collected $5.22 from pot
*** SUMMARY ***
Total pot $5.50 | Rake $0.28 
Board [9h 7c Td Th Qs]
Seat 6: paramourx
Seat 1: SorinS28 (button) folded before Flop (didn't bet)
Seat 2: Rezzonner (small blind) folded before Flop
Seat 3: rao999 (big blind) showed [7s 6d] and won ($5.22) with two pair, Tens and Sevens
Seat 4: AlexPinsk1 folded before Flop (didn't bet)
Seat 5: ianbowles1991 mucked



PokerStars Hand #254565335255:  Hold'em No Limit ($0.50/$1.00 USD) - 2025/01/26 18:21:52 WET [2025/01/26 13:21:52 ET]
Table 'Thalassa V' 6-max Seat #2 is the button
Seat 6: paramourx ($100 in chips) is sitting out
Seat 1: SorinS28 ($100 in chips) 
Seat 2: Rezzonner ($106.42 in chips) 
Seat 3: rao999 ($108.30 in chips) 
Seat 4: AlexPinsk1 ($107.02 in chips) 
Seat 5: ianbowles1991 ($89.94 in chips) 
rao999: posts small blind $0.50
AlexPinsk1: posts big blind $1
paramourx: sits out 
*** HOLE CARDS ***
ianbowles1991: raises $2 to $3
SorinS28: folds 
Rezzonner: folds 
rao999: folds 
AlexPinsk1: folds 
Uncalled bet ($2) returned to ianbowles1991
ianbowles1991 collected $2.50 from pot
*** SUMMARY ***
Total pot $2.50 | Rake $0 
Seat 6: paramourx
Seat 1: SorinS28 folded before Flop (didn't bet)
Seat 2: Rezzonner (button) folded before Flop (didn't bet)
Seat 3: rao999 (small blind) folded before Flop
Seat 4: AlexPinsk1 (big blind) folded before Flop
Seat 5: ianbowles1991 collected ($2.50)



PokerStars Hand #254565342295:  Hold'em No Limit ($0.50/$1.00 USD) - 2025/01/26 18:22:13 WET [2025/01/26 13:22:13 ET]
Table 'Thalassa V' 6-max Seat #3 is the button
Seat 6: paramourx ($100 in chips) is sitting out
Seat 1: SorinS28 ($100 in chips) 
Seat 2: Rezzonner ($106.42 in chips) 
Seat 3: rao999 ($107.80 in chips) 
Seat 4: AlexPinsk1 ($106.02 in chips) 
Seat 5: ianbowles1991 ($91.44 in chips) 
AlexPinsk1: posts small blind $0.50
ianbowles1991: posts big blind $1
paramourx: sits out 
*** HOLE CARDS ***
SorinS28: folds 
Rezzonner: raises $1.50 to $2.50
rao999: folds 
AlexPinsk1: folds 
ianbowles1991: calls $1.50
*** FLOP *** [Jh As 2c]
ianbowles1991: checks 
Rezzonner: bets $1.72
ianbowles1991: folds 
Uncalled bet ($1.72) returned to Rezzonner
Rezzonner collected $5.22 from pot
Rezzonner: doesn't show hand 
*** SUMMARY ***
Total pot $5.50 | Rake $0.28 
Board [Jh As 2c]
Seat 6: paramourx
Seat 1: SorinS28 folded before Flop (didn't bet)
Seat 2: Rezzonner collected ($5.22)
Seat 3: rao999 (button) folded before Flop (didn't bet)
Seat 4: AlexPinsk1 (small blind) folded before Flop
Seat 5: ianbowles1991 (big blind) folded on the Flop



PokerStars Hand #254565349684:  Hold'em No Limit ($0.50/$1.00 USD) - 2025/01/26 18:22:34 WET [2025/01/26 13:22:34 ET]
Table 'Thalassa V' 6-max Seat #4 is the button
Seat 1: SorinS28 ($100 in chips) 
Seat 2: Rezzonner ($109.14 in chips) 
Seat 3: rao999 ($107.80 in chips) 
Seat 4: AlexPinsk1 ($105.52 in chips) 
Seat 5: ianbowles1991 ($88.94 in chips) 
Seat 6: paramourx ($100 in chips) 
ianbowles1991: posts small blind $0.50
paramourx: posts big blind $1
*** HOLE CARDS ***
SorinS28: folds 
Rezzonner: folds 
rao999: raises $1.50 to $2.50
AlexPinsk1: folds 
ianbowles1991: calls $2
paramourx: folds 
*** FLOP *** [5h 9h Js]
ianbowles1991: bets $2.85
rao999: calls $2.85
*** TURN *** [5h 9h Js] [3s]
ianbowles1991: checks 
rao999: bets $7.34
ianbowles1991: folds 
Uncalled bet ($7.34) returned to rao999
rao999 collected $11.12 from pot
rao999: doesn't show hand 
*** SUMMARY ***
Total pot $11.70 | Rake $0.58 
Board [5h 9h Js 3s]
Seat 1: SorinS28 folded before Flop (didn't bet)
Seat 2: Rezzonner folded before Flop (didn't bet)
Seat 3: rao999 collected ($11.12)
Seat 4: AlexPinsk1 (button) folded before Flop (didn't bet)
Seat 5: ianbowles1991 (small blind) folded on the Turn
Seat 6: paramourx (big blind) folded before Flop



PokerStars Hand #254565367843:  Hold'em No Limit ($0.50/$1.00 USD) - 2025/01/26 18:23:26 WET [2025/01/26 13:23:26 ET]
Table 'Thalassa V' 6-max Seat #5 is the button
Seat 1: SorinS28 ($100 in chips) 
Seat 2: Rezzonner ($109.14 in chips) 
Seat 3: rao999 ($113.57 in chips) 
Seat 4: AlexPinsk1 ($105.52 in chips) 
Seat 5: ianbowles1991 ($83.59 in chips) 
Seat 6: paramourx ($100 in chips) 
paramourx: posts small blind $0.50
SorinS28: posts big blind $1
*** HOLE CARDS ***
Rezzonner: folds 
rao999: raises $1.50 to $2.50
AlexPinsk1: folds 
ianbowles1991: folds 
paramourx: folds 
SorinS28: folds 
Uncalled bet ($1.50) returned to rao999
rao999 collected $2.50 from pot
rao999: doesn't show hand 
*** SUMMARY ***
Total pot $2.50 | Rake $0 
Seat 1: SorinS28 (big blind) folded before Flop
Seat 2: Rezzonner folded before Flop (didn't bet)
Seat 3: rao999 collected ($2.50)
Seat 4: AlexPinsk1 folded before Flop (didn't bet)
Seat 5: ianbowles1991 (button) folded before Flop (didn't bet)
Seat 6: paramourx (small blind) folded before Flop



PokerStars Hand #254565380523:  Hold'em No Limit ($0.50/$1.00 USD) - 2025/01/26 18:24:03 WET [2025/01/26 13:24:03 ET]
Table 'Thalassa V' 6-max Seat #6 is the button
Seat 1: SorinS28 ($100 in chips) 
Seat 2: Rezzonner ($109.14 in chips) 
Seat 3: rao999 ($115.07 in chips) 
Seat 4: AlexPinsk1 ($105.52 in chips) 
Seat 5: ianbowles1991 ($83.59 in chips) 
Seat 6: paramourx ($100 in chips) 
SorinS28: posts small blind $0.50
Rezzonner: posts big blind $1
*** HOLE CARDS ***
rao999: folds 
AlexPinsk1: folds 
ianbowles1991: folds 
paramourx: raises $2 to $3
SorinS28: folds 
Rezzonner: folds 
Uncalled bet ($2) returned to paramourx
paramourx collected $2.50 from pot
paramourx: doesn't show hand 
*** SUMMARY ***
Total pot $2.50 | Rake $0 
Seat 1: SorinS28 (small blind) folded before Flop
Seat 2: Rezzonner (big blind) folded before Flop
Seat 3: rao999 folded before Flop (didn't bet)
Seat 4: AlexPinsk1 folded before Flop (didn't bet)
Seat 5: ianbowles1991 folded before Flop (didn't bet)
Seat 6: paramourx (button) collected ($2.50)



PokerStars Hand #254565392684:  Hold'em No Limit ($0.50/$1.00 USD) - 2025/01/26 18:24:38 WET [2025/01/26 13:24:38 ET]
Table 'Thalassa V' 6-max Seat #1 is the button
Seat 1: SorinS28 ($100 in chips) 
Seat 2: Rezzonner ($108.14 in chips) 
Seat 3: rao999 ($115.07 in chips) 
Seat 4: AlexPinsk1 ($105.52 in chips) 
Seat 5: ianbowles1991 ($83.59 in chips) 
Seat 6: paramourx ($101.50 in chips) 
Rezzonner: posts small blind $0.50
rao999: posts big blind $1
*** HOLE CARDS ***
AlexPinsk1: folds 
ianbowles1991: calls $1
paramourx: folds 
SorinS28: folds 
Rezzonner: folds 
rao999: checks 
*** FLOP *** [As Jc 3h]
rao999: checks 
ianbowles1991: checks 
*** TURN *** [As Jc 3h] [Ac]
rao999: checks 
ianbowles1991: checks 
*** RIVER *** [As Jc 3h Ac] [Ah]
rao999: checks 
ianbowles1991: checks 
*** SHOW DOWN ***
rao999: shows [Qs Tc] (three of a kind, Aces)
ianbowles1991: mucks hand 
rao999 collected $2.38 from pot
*** SUMMARY ***
Total pot $2.50 | Rake $0.12 
Board [As Jc 3h Ac Ah]
Seat 1: SorinS28 (button) folded before Flop (didn't bet)
Seat 2: Rezzonner (small blind) folded before Flop
Seat 3: rao999 (big blind) showed [Qs Tc] and won ($2.38) with three of a kind, Aces
Seat 4: AlexPinsk1 folded before Flop (didn't bet)
Seat 5: ianbowles1991 mucked
Seat 6: paramourx folded before Flop (didn't bet)



PokerStars Hand #254565414560:  Hold'em No Limit ($0.50/$1.00 USD) - 2025/01/26 18:25:41 WET [2025/01/26 13:25:41 ET]
Table 'Thalassa V' 6-max Seat #2 is the button
Seat 1: SorinS28 ($100 in chips) 
Seat 2: Rezzonner ($107.64 in chips) 
Seat 3: rao999 ($116.45 in chips) 
Seat 4: AlexPinsk1 ($105.52 in chips) 
Seat 5: ianbowles1991 ($82.59 in chips) 
Seat 6: paramourx ($101.50 in chips) 
rao999: posts small blind $0.50
AlexPinsk1: posts big blind $1
*** HOLE CARDS ***
ianbowles1991: raises $2 to $3
paramourx: folds 
SorinS28: raises $6 to $9
Rezzonner: folds 
rao999: folds 
AlexPinsk1: folds 
ianbowles1991: calls $6
*** FLOP *** [9d 3c Ah]
ianbowles1991: checks 
SorinS28: bets $4.63
ianbowles1991: calls $4.63
*** TURN *** [9d 3c Ah] [8d]
ianbowles1991: checks 
SorinS28: checks 
*** RIVER *** [9d 3c Ah 8d] [3h]
ianbowles1991: checks 
SorinS28: checks 
*** SHOW DOWN ***
ianbowles1991: shows [2h 2d] (two pair, Threes and Deuces)
SorinS28: mucks hand 
ianbowles1991 collected $27.32 from pot
*** SUMMARY ***
Total pot $28.76 | Rake $1.44 
Board [9d 3c Ah 8d 3h]
Seat 1: SorinS28 mucked
Seat 2: Rezzonner (button) folded before Flop (didn't bet)
Seat 3: rao999 (small blind) folded before Flop
Seat 4: AlexPinsk1 (big blind) folded before Flop
Seat 5: ianbowles1991 showed [2h 2d] and won ($27.32) with two pair, Threes and Deuces
Seat 6: paramourx folded before Flop (didn't bet)



PokerStars Hand #254565429475:  Hold'em No Limit ($0.50/$1.00 USD) - 2025/01/26 18:26:24 WET [2025/01/26 13:26:24 ET]
Table 'Thalassa V' 6-max Seat #3 is the button
Seat 1: SorinS28 ($100 in chips) 
Seat 2: Rezzonner ($107.64 in chips) 
Seat 3: rao999 ($115.95 in chips) 
Seat 4: AlexPinsk1 ($104.52 in chips) 
Seat 5: ianbowles1991 ($96.28 in chips) 
Seat 6: paramourx ($101.50 in chips) 
AlexPinsk1: posts small blind $0.50
ianbowles1991: posts big blind $1
*** HOLE CARDS ***
paramourx: raises $2 to $3
SorinS28: raises $6 to $9
Rezzonner: folds 
rao999: folds 
AlexPinsk1: folds 
ianbowles1991: calls $8
paramourx: folds 
*** FLOP *** [3s 4s 5d]
ianbowles1991: checks 
SorinS28: checks 
*** TURN *** [3s 4s 5d] [5s]
ianbowles1991: checks 
SorinS28: bets $10.21
ianbowles1991: raises $10.21 to $20.42
SorinS28: folds 
Uncalled bet ($10.21) returned to ianbowles1991
ianbowles1991 collected $39.82 from pot
*** SUMMARY ***
Total pot $41.92 | Rake $2.10 
Board [3s 4s 5d 5s]
Seat 1: SorinS28 folded on the Turn
Seat 2: Rezzonner folded before Flop (didn't bet)
Seat 3: rao999 (button) folded before Flop (didn't bet)
Seat 4: AlexPinsk1 (small blind) folded before Flop
Seat 5: ianbowles1991 (big blind) collected ($39.82)
Seat 6: paramourx folded before Flop



PokerStars Hand #254565444938:  Hold'em No Limit ($0.50/$1.00 USD) - 2025/01/26 18:27:09 WET [2025/01/26 13:27:09 ET]
Table 'Thalassa V' 6-max Seat #4 is the button
Seat 1: SorinS28 ($100 in chips) 
Seat 2: Rezzonner ($107.64 in chips) 
Seat 3: rao999 ($115.95 in chips) 
Seat 4: AlexPinsk1 ($104.02 in chips) 
Seat 5: ianbowles1991 ($116.89 in chips) 
Seat 6: paramourx ($100 in chips) 
ianbowles1991: posts small blind $0.50
paramourx: posts big blind $1
*** HOLE CARDS ***
SorinS28: folds 
Rezzonner: folds 
rao999: folds 
AlexPinsk1: folds 
ianbowles1991: folds 
Uncalled bet ($0.50) returned to paramourx
paramourx collected $1 from pot
paramourx: doesn't show hand 
*** SUMMARY ***
Total pot $1 | Rake $0 
Seat 1: SorinS28 folded before Flop (didn't bet)
Seat 2: Rezzonner folded before Flop (didn't bet)
Seat 3: rao999 folded before Flop (didn't bet)
Seat 4: AlexPinsk1 (button) folded before Flop (didn't bet)
Seat 5: ianbowles1991 (small blind) folded before Flop
Seat 6: paramourx (big blind) collected ($1)



PokerStars Hand #254565449655:  Hold'em No Limit ($0.50/$1.00 USD) - 2025/01/26 18:27:22 WET [2025/01/26 13:27:22 ET]
Table 'Thalassa V' 6-max Seat #5 is the button
Seat 1: SorinS28 ($100 in chips) 
Seat 2: Rezzonner ($107.64 in chips) 
Seat 3: rao999 ($115.95 in chips) 
Seat 4: AlexPinsk1 ($104.02 in chips) 
Seat 5: ianbowles1991 ($116.39 in chips) 
Seat 6: paramourx ($100.50 in chips) 
paramourx: posts small blind $0.50
SorinS28: posts big blind $1
*** HOLE CARDS ***
Rezzonner: folds 
rao999: folds 
AlexPinsk1: raises $1.50 to $2.50
ianbowles1991: folds 
paramourx: folds 
SorinS28: folds 
Uncalled bet ($1.50) returned to AlexPinsk1
AlexPinsk1 collected $2.50 from pot
AlexPinsk1: doesn't show hand 
*** SUMMARY ***
Total pot $2.50 | Rake $0 
Seat 1: SorinS28 (big blind) folded before Flop
Seat 2: Rezzonner folded before Flop (didn't bet)
Seat 3: rao999 folded before Flop (didn't bet)
Seat 4: AlexPinsk1 collected ($2.50)
Seat 5: ianbowles1991 (button) folded before Flop (didn't bet)
Seat 6: paramourx (small blind) folded before Flop



PokerStars Hand #254565459422:  Hold'em No Limit ($0.50/$1.00 USD) - 2025/01/26 18:27:51 WET [2025/01/26 13:27:51 ET]
Table 'Thalassa V' 6-max Seat #6 is the button
Seat 1: SorinS28 ($100 in chips) 
Seat 2: Rezzonner ($107.64 in chips) 
Seat 3: rao999 ($115.95 in chips) 
Seat 4: AlexPinsk1 ($105.52 in chips) 
Seat 5: ianbowles1991 ($116.39 in chips) 
Seat 6: paramourx ($100 in chips) 
SorinS28: posts small blind $0.50
Rezzonner: posts big blind $1
*** HOLE CARDS ***
rao999: folds 
AlexPinsk1: folds 
ianbowles1991: folds 
paramourx: raises $2 to $3
SorinS28: folds 
Rezzonner: folds 
Uncalled bet ($2) returned to paramourx
paramourx collected $2.50 from pot
paramourx: doesn't show hand 
*** SUMMARY ***
Total pot $2.50 | Rake $0 
Seat 1: SorinS28 (small blind) folded before Flop
Seat 2: Rezzonner (big blind) folded before Flop
Seat 3: rao999 folded before Flop (didn't bet)
Seat 4: AlexPinsk1 folded before Flop (didn't bet)
Seat 5: ianbowles1991 folded before Flop (didn't bet)
Seat 6: paramourx (button) collected ($2.50)



PokerStars Hand #254565466633:  Hold'em No Limit ($0.50/$1.00 USD) - 2025/01/26 18:28:11 WET [2025/01/26 13:28:11 ET]
Table 'Thalassa V' 6-max Seat #1 is the button
Seat 1: SorinS28 ($100 in chips) 
Seat 2: Rezzonner ($106.64 in chips) 
Seat 3: rao999 ($115.95 in chips) 
Seat 4: AlexPinsk1 ($105.52 in chips) 
Seat 5: ianbowles1991 ($116.39 in chips) 
Seat 6: paramourx ($101.50 in chips) 
Rezzonner: posts small blind $0.50
rao999: posts big blind $1
*** HOLE CARDS ***
AlexPinsk1: folds 
ianbowles1991: folds 
paramourx: folds 
SorinS28: folds 
Rezzonner: raises $2 to $3
rao999: folds 
Uncalled bet ($2) returned to Rezzonner
Rezzonner collected $2 from pot
Rezzonner: doesn't show hand 
*** SUMMARY ***
Total pot $2 | Rake $0 
Seat 1: SorinS28 (button) folded before Flop (didn't bet)
Seat 2: Rezzonner (small blind) collected ($2)
Seat 3: rao999 (big blind) folded before Flop
Seat 4: AlexPinsk1 folded before Flop (didn't bet)
Seat 5: ianbowles1991 folded before Flop (didn't bet)
Seat 6: paramourx folded before Flop (didn't bet)



PokerStars Hand #254565477474:  Hold'em No Limit ($0.50/$1.00 USD) - 2025/01/26 18:28:43 WET [2025/01/26 13:28:43 ET]
Table 'Thalassa V' 6-max Seat #2 is the button
Seat 1: SorinS28 ($100 in chips) 
Seat 2: Rezzonner ($107.64 in chips) 
Seat 3: rao999 ($114.95 in chips) 
Seat 4: AlexPinsk1 ($105.52 in chips) 
Seat 5: ianbowles1991 ($116.39 in chips) 
Seat 6: paramourx ($101.50 in chips) 
rao999: posts small blind $0.50
AlexPinsk1: posts big blind $1
*** HOLE CARDS ***
ianbowles1991: raises $2 to $3
paramourx: folds 
SorinS28: folds 
Rezzonner: folds 
rao999: raises $9 to $12
AlexPinsk1: folds 
ianbowles1991: calls $9
*** FLOP *** [3d 7s Qs]
rao999: bets $7.84
ianbowles1991: calls $7.84
*** TURN *** [3d 7s Qs] [Jd]
rao999: checks 
ianbowles1991: checks 
*** RIVER *** [3d 7s Qs Jd] [8d]
rao999: checks 
ianbowles1991: checks 
*** SHOW DOWN ***
rao999: shows [Ts Tc] (a pair of Tens)
ianbowles1991: mucks hand 
rao999 collected $38.65 from pot
*** SUMMARY ***
Total pot $40.68 | Rake $2.03 
Board [3d 7s Qs Jd 8d]
Seat 1: SorinS28 folded before Flop (didn't bet)
Seat 2: Rezzonner (button) folded before Flop (didn't bet)
Seat 3: rao999 (small blind) showed [Ts Tc] and won ($38.65) with a pair of Tens
Seat 4: AlexPinsk1 (big blind) folded before Flop
Seat 5: ianbowles1991 mucked
Seat 6: paramourx folded before Flop (didn't bet)



PokerStars Hand #254565657137:  Hold'em No Limit ($0.50/$1.00 USD) - 2025/01/26 18:37:12 WET [2025/01/26 13:37:12 ET]
Table 'Thalassa V' 6-max Seat #6 is the button
Seat 1: SorinS28 ($120.47 in chips) 
Seat 2: Rezzonner ($100 in chips) 
Seat 3: rao999 ($132.26 in chips) 
Seat 4: AlexPinsk1 ($100 in chips) 
Seat 5: ianbowles1991 ($59.67 in chips) 
Seat 6: paramourx ($108.02 in chips) 
SorinS28: posts small blind $0.50
Rezzonner: posts big blind $1
*** HOLE CARDS ***
rao999: raises $1.50 to $2.50
AlexPinsk1: folds 
ianbowles1991: folds 
paramourx: folds 
SorinS28: folds 
Rezzonner: raises $8.50 to $11
rao999: calls $8.50
*** FLOP *** [6h 5d 7d]
Rezzonner: checks 
rao999: checks 
*** TURN *** [6h 5d 7d] [2c]
Rezzonner: checks 
rao999: checks 
*** RIVER *** [6h 5d 7d 2c] [9s]
Rezzonner: checks 
rao999: checks 
*** SHOW DOWN ***
Rezzonner: shows [5s As] (a pair of Fives)
rao999: mucks hand 
Rezzonner collected $21.38 from pot
*** SUMMARY ***
Total pot $22.50 | Rake $1.12 
Board [6h 5d 7d 2c 9s]
Seat 1: SorinS28 (small blind) folded before Flop
Seat 2: Rezzonner (big blind) showed [5s As] and won ($21.38) with a pair of Fives
Seat 3: rao999 mucked
Seat 4: AlexPinsk1 folded before Flop (didn't bet)
Seat 5: ianbowles1991 folded before Flop (didn't bet)
Seat 6: paramourx (button) folded before Flop (didn't bet)



PokerStars Hand #254565679369:  Hold'em No Limit ($0.50/$1.00 USD) - 2025/01/26 18:38:16 WET [2025/01/26 13:38:16 ET]
Table 'Thalassa V' 6-max Seat #1 is the button
Seat 1: SorinS28 ($119.97 in chips) 
Seat 2: Rezzonner ($110.38 in chips) 
Seat 3: rao999 ($121.26 in chips) 
Seat 4: AlexPinsk1 ($100 in chips) 
Seat 5: ianbowles1991 ($59.67 in chips) 
Seat 6: paramourx ($108.02 in chips) 
Rezzonner: posts small blind $0.50
rao999: posts big blind $1
*** HOLE CARDS ***
AlexPinsk1: folds 
ianbowles1991: raises $1 to $2
paramourx: folds 
SorinS28: folds 
Rezzonner: folds 
rao999: calls $1
*** FLOP *** [8s 6h 4s]
rao999: checks 
ianbowles1991: bets $4.28
rao999: calls $4.28
*** TURN *** [8s 6h 4s] [Jh]
rao999: checks 
ianbowles1991: bets $12.41
rao999: calls $12.41
*** RIVER *** [8s 6h 4s Jh] [Qh]
rao999: checks 
ianbowles1991: checks 
*** SHOW DOWN ***
rao999: shows [6s 7d] (a pair of Sixes)
ianbowles1991: shows [Ah 8d] (a pair of Eights)
ianbowles1991 collected $35.99 from pot
*** SUMMARY ***
Total pot $37.88 | Rake $1.89 
Board [8s 6h 4s Jh Qh]
Seat 1: SorinS28 (button) folded before Flop (didn't bet)
Seat 2: Rezzonner (small blind) folded before Flop
Seat 3: rao999 (big blind) showed [6s 7d] and lost with a pair of Sixes
Seat 4: AlexPinsk1 folded before Flop (didn't bet)
Seat 5: ianbowles1991 showed [Ah 8d] and won ($35.99) with a pair of Eights
Seat 6: paramourx folded before Flop (didn't bet)



PokerStars Hand #254565691740:  Hold'em No Limit ($0.50/$1.00 USD) - 2025/01/26 18:38:51 WET [2025/01/26 13:38:51 ET]
Table 'Thalassa V' 6-max Seat #2 is the button
Seat 1: SorinS28 ($119.97 in chips) 
Seat 2: Rezzonner ($109.88 in chips) 
Seat 3: rao999 ($102.57 in chips) 
Seat 4: AlexPinsk1 ($100 in chips) 
Seat 5: ianbowles1991 ($76.97 in chips) 
Seat 6: paramourx ($108.02 in chips) 
rao999: posts small blind $0.50
AlexPinsk1: posts big blind $1
*** HOLE CARDS ***
ianbowles1991: raises $2.50 to $3.50
paramourx: raises $5.50 to $9
SorinS28: folds 
Rezzonner: folds 
rao999: raises $14 to $23
AlexPinsk1: folds 
ianbowles1991: folds 
paramourx: folds 
Uncalled bet ($14) returned to rao999
rao999 collected $22.50 from pot
rao999: doesn't show hand 
*** SUMMARY ***
Total pot $22.50 | Rake $0 
Seat 1: SorinS28 folded before Flop (didn't bet)
Seat 2: Rezzonner (button) folded before Flop (didn't bet)
Seat 3: rao999 (small blind) collected ($22.50)
Seat 4: AlexPinsk1 (big blind) folded before Flop
Seat 5: ianbowles1991 folded before Flop
Seat 6: paramourx folded before Flop



PokerStars Hand #254566211926:  Hold'em No Limit ($0.50/$1.00 USD) - 2025/01/26 18:39:48 WET [2025/01/26 13:39:48 ET]
Table 'Thalassa V' 6-max Seat #3 is the button
Seat 1: SorinS28 ($119.97 in chips) 
Seat 2: Rezzonner ($109.88 in chips) 
Seat 3: rao999 ($116.07 in chips) 
Seat 4: AlexPinsk1 ($100 in chips) 
Seat 5: ianbowles1991 ($73.47 in chips) 
Seat 6: paramourx ($100 in chips) 
AlexPinsk1: posts small blind $0.50
ianbowles1991: posts big blind $1
*** HOLE CARDS ***
paramourx: folds 
SorinS28: folds 
Rezzonner: folds 
rao999: raises $1.50 to $2.50
AlexPinsk1: folds 
ianbowles1991: calls $1.50
*** FLOP *** [3c 4d Jc]
ianbowles1991: checks 
rao999: bets $3.45
ianbowles1991: calls $3.45
*** TURN *** [3c 4d Jc] [2h]
ianbowles1991: checks 
rao999: checks 
*** RIVER *** [3c 4d Jc 2h] [2s]
ianbowles1991: bets $11.78
rao999: folds 
Uncalled bet ($11.78) returned to ianbowles1991
ianbowles1991 collected $11.78 from pot
*** SUMMARY ***
Total pot $12.40 | Rake $0.62 
Board [3c 4d Jc 2h 2s]
Seat 1: SorinS28 folded before Flop (didn't bet)
Seat 2: Rezzonner folded before Flop (didn't bet)
Seat 3: rao999 (button) folded on the River
Seat 4: AlexPinsk1 (small blind) folded before Flop
Seat 5: ianbowles1991 (big blind) collected ($11.78)
Seat 6: paramourx folded before Flop (didn't bet)



PokerStars Hand #254566230713:  Hold'em No Limit ($0.50/$1.00 USD) - 2025/01/26 18:40:42 WET [2025/01/26 13:40:42 ET]
Table 'Thalassa V' 6-max Seat #4 is the button
Seat 1: SorinS28 ($119.97 in chips) 
Seat 2: Rezzonner ($109.88 in chips) 
Seat 3: rao999 ($110.12 in chips) 
Seat 4: AlexPinsk1 ($100 in chips) 
Seat 5: ianbowles1991 ($79.30 in chips) 
Seat 6: paramourx ($100 in chips) 
ianbowles1991: posts small blind $0.50
paramourx: posts big blind $1
*** HOLE CARDS ***
SorinS28: folds 
Rezzonner: folds 
rao999: folds 
AlexPinsk1: raises $1.50 to $2.50
ianbowles1991: raises $6 to $8.50
paramourx: folds 
AlexPinsk1: raises $14 to $22.50
ianbowles1991: calls $14
*** FLOP *** [3h 4d Tc]
ianbowles1991: checks 
AlexPinsk1: bets $77.50 and is all-in
ianbowles1991: folds 
Uncalled bet ($77.50) returned to AlexPinsk1
AlexPinsk1 collected $43.70 from pot
AlexPinsk1: doesn't show hand 
*** SUMMARY ***
Total pot $46 | Rake $2.30 
Board [3h 4d Tc]
Seat 1: SorinS28 folded before Flop (didn't bet)
Seat 2: Rezzonner folded before Flop (didn't bet)
Seat 3: rao999 folded before Flop (didn't bet)
Seat 4: AlexPinsk1 (button) collected ($43.70)
Seat 5: ianbowles1991 (small blind) folded on the Flop
Seat 6: paramourx (big blind) folded before Flop



PokerStars Hand #254566249855:  Hold'em No Limit ($0.50/$1.00 USD) - 2025/01/26 18:41:36 WET [2025/01/26 13:41:36 ET]
Table 'Thalassa V' 6-max Seat #5 is the button
Seat 1: SorinS28 ($119.97 in chips) 
Seat 2: Rezzonner ($109.88 in chips) 
Seat 3: rao999 ($110.12 in chips) 
Seat 4: AlexPinsk1 ($121.20 in chips) 
Seat 5: ianbowles1991 ($56.80 in chips) 
Seat 6: paramourx ($100 in chips) 
paramourx: posts small blind $0.50
SorinS28: posts big blind $1
*** HOLE CARDS ***
Rezzonner: folds 
rao999: raises $1.50 to $2.50
AlexPinsk1: folds 
ianbowles1991: raises $1.50 to $4
paramourx: calls $3.50
SorinS28: folds 
rao999: calls $1.50
*** FLOP *** [Kc 9s As]
paramourx: checks 
rao999: checks 
ianbowles1991: checks 
*** TURN *** [Kc 9s As] [4h]
paramourx: checks 
rao999: checks 
ianbowles1991: checks 
*** RIVER *** [Kc 9s As 4h] [2d]
paramourx: bets $3.83
rao999: calls $3.83
ianbowles1991: folds 
*** SHOW DOWN ***
paramourx: shows [Kd Qs] (a pair of Kings)
rao999: shows [Ah 6h] (a pair of Aces)
rao999 collected $19.63 from pot
*** SUMMARY ***
Total pot $20.66 | Rake $1.03 
Board [Kc 9s As 4h 2d]
Seat 1: SorinS28 (big blind) folded before Flop
Seat 2: Rezzonner folded before Flop (didn't bet)
Seat 3: rao999 showed [Ah 6h] and won ($19.63) with a pair of Aces
Seat 4: AlexPinsk1 folded before Flop (didn't bet)
Seat 5: ianbowles1991 (button) folded on the River
Seat 6: paramourx (small blind) showed [Kd Qs] and lost with a pair of Kings



PokerStars Hand #254566261309:  Hold'em No Limit ($0.50/$1.00 USD) - 2025/01/26 18:42:09 WET [2025/01/26 13:42:09 ET]
Table 'Thalassa V' 6-max Seat #6 is the button
Seat 2: Rezzonner ($109.88 in chips) is sitting out
Seat 1: SorinS28 ($118.97 in chips) 
Seat 3: rao999 ($121.92 in chips) 
Seat 4: AlexPinsk1 ($121.20 in chips) 
Seat 5: ianbowles1991 ($52.80 in chips) 
Seat 6: paramourx ($100 in chips) 
SorinS28: posts small blind $0.50
Rezzonner: is sitting out 
rao999: posts big blind $1
*** HOLE CARDS ***
Rezzonner leaves the table
AlexPinsk1: folds 
ianbowles1991: raises $2.50 to $3.50
sta$igk joins the table at seat #2 
paramourx: folds 
SorinS28: folds 
rao999: folds 
Uncalled bet ($2.50) returned to ianbowles1991
ianbowles1991 collected $2.50 from pot
*** SUMMARY ***
Total pot $2.50 | Rake $0 
Seat 2: Rezzonner
Seat 1: SorinS28 (small blind) folded before Flop
Seat 3: rao999 (big blind) folded before Flop
Seat 4: AlexPinsk1 folded before Flop (didn't bet)
Seat 5: ianbowles1991 collected ($2.50)
Seat 6: paramourx (button) folded before Flop (didn't bet)



PokerStars Hand #254566271048:  Hold'em No Limit ($0.50/$1.00 USD) - 2025/01/26 18:42:36 WET [2025/01/26 13:42:36 ET]
Table 'Thalassa V' 6-max Seat #1 is the button
Seat 2: sta$igk ($100 in chips) is sitting out
Seat 1: SorinS28 ($118.47 in chips) 
Seat 3: rao999 ($120.92 in chips) 
Seat 4: AlexPinsk1 ($121.20 in chips) 
Seat 5: ianbowles1991 ($54.30 in chips) 
Seat 6: paramourx ($100 in chips) 
rao999: posts small blind $0.50
AlexPinsk1: posts big blind $1
*** HOLE CARDS ***
ianbowles1991: folds 
paramourx: raises $2 to $3
SorinS28: raises $7 to $10
rao999: folds 
AlexPinsk1: folds 
paramourx: raises $16.50 to $26.50
SorinS28: folds 
Uncalled bet ($16.50) returned to paramourx
paramourx collected $21.50 from pot
paramourx: doesn't show hand 
*** SUMMARY ***
Total pot $21.50 | Rake $0 
Seat 2: sta$igk
Seat 1: SorinS28 (button) folded before Flop
Seat 3: rao999 (small blind) folded before Flop
Seat 4: AlexPinsk1 (big blind) folded before Flop
Seat 5: ianbowles1991 folded before Flop (didn't bet)
Seat 6: paramourx collected ($21.50)



PokerStars Hand #254566287920:  Hold'em No Limit ($0.50/$1.00 USD) - 2025/01/26 18:43:24 WET [2025/01/26 13:43:24 ET]
Table 'Thalassa V' 6-max Seat #3 is the button
Seat 2: sta$igk ($100 in chips) is sitting out
Seat 1: SorinS28 ($108.47 in chips) 
Seat 3: rao999 ($120.42 in chips) 
Seat 4: AlexPinsk1 ($120.20 in chips) 
Seat 5: ianbowles1991 ($57.30 in chips) 
Seat 6: paramourx ($111.50 in chips) 
AlexPinsk1: posts small blind $0.50
ianbowles1991: posts big blind $1
sta$igk: sits out 
*** HOLE CARDS ***
paramourx: raises $2 to $3
SorinS28: raises $6 to $9
rao999: folds 
AlexPinsk1: folds 
ianbowles1991: calls $8
paramourx: calls $6
*** FLOP *** [Ac Ks 7d]
ianbowles1991: checks 
paramourx: checks 
SorinS28: bets $6.53
ianbowles1991: folds 
paramourx: folds 
Uncalled bet ($6.53) returned to SorinS28
SorinS28 collected $26.12 from pot
SorinS28: doesn't show hand 
*** SUMMARY ***
Total pot $27.50 | Rake $1.38 
Board [Ac Ks 7d]
Seat 2: sta$igk
Seat 1: SorinS28 collected ($26.12)
Seat 3: rao999 (button) folded before Flop (didn't bet)
Seat 4: AlexPinsk1 (small blind) folded before Flop
Seat 5: ianbowles1991 (big blind) folded on the Flop
Seat 6: paramourx folded on the Flop



PokerStars Hand #254566297533:  Hold'em No Limit ($0.50/$1.00 USD) - 2025/01/26 18:43:51 WET [2025/01/26 13:43:51 ET]
Table 'Thalassa V' 6-max Seat #4 is the button
Seat 2: sta$igk ($100 in chips) is sitting out
Seat 1: SorinS28 ($125.59 in chips) 
Seat 3: rao999 ($120.42 in chips) 
Seat 4: AlexPinsk1 ($119.70 in chips) 
Seat 5: ianbowles1991 ($48.30 in chips) 
Seat 6: paramourx ($102.50 in chips) 
ianbowles1991: posts small blind $0.50
paramourx: posts big blind $1
sta$igk: sits out 
*** HOLE CARDS ***
SorinS28: raises $1.02 to $2.02
rao999: folds 
AlexPinsk1: raises $4.98 to $7
ianbowles1991: calls $6.50
paramourx: folds 
SorinS28: folds 
*** FLOP *** [2s 8s 8h]
ianbowles1991: checks 
AlexPinsk1: checks 
*** TURN *** [2s 8s 8h] [7h]
ianbowles1991: bets $8.09
AlexPinsk1: folds 
Uncalled bet ($8.09) returned to ianbowles1991
ianbowles1991 collected $16.17 from pot
*** SUMMARY ***
Total pot $17.02 | Rake $0.85 
Board [2s 8s 8h 7h]
Seat 2: sta$igk
Seat 1: SorinS28 folded before Flop
Seat 3: rao999 folded before Flop (didn't bet)
Seat 4: AlexPinsk1 (button) folded on the Turn
Seat 5: ianbowles1991 (small blind) collected ($16.17)
Seat 6: paramourx (big blind) folded before Flop



PokerStars Hand #254566314426:  Hold'em No Limit ($0.50/$1.00 USD) - 2025/01/26 18:44:39 WET [2025/01/26 13:44:39 ET]
Table 'Thalassa V' 6-max Seat #5 is the button
Seat 2: sta$igk ($100 in chips) is sitting out
Seat 1: SorinS28 ($123.57 in chips) 
Seat 3: rao999 ($120.42 in chips) 
Seat 4: AlexPinsk1 ($112.70 in chips) 
Seat 5: ianbowles1991 ($57.47 in chips) 
Seat 6: paramourx ($101.50 in chips) 
paramourx: posts small blind $0.50
SorinS28: posts big blind $1
sta$igk: sits out 
*** HOLE CARDS ***
rao999: folds 
AlexPinsk1: raises $1.50 to $2.50
ianbowles1991: folds 
paramourx: folds 
SorinS28: folds 
Uncalled bet ($1.50) returned to AlexPinsk1
AlexPinsk1 collected $2.50 from pot
AlexPinsk1: doesn't show hand 
*** SUMMARY ***
Total pot $2.50 | Rake $0 
Seat 2: sta$igk
Seat 1: SorinS28 (big blind) folded before Flop
Seat 3: rao999 folded before Flop (didn't bet)
Seat 4: AlexPinsk1 collected ($2.50)
Seat 5: ianbowles1991 (button) folded before Flop (didn't bet)
Seat 6: paramourx (small blind) folded before Flop



PokerStars Hand #254566322788:  Hold'em No Limit ($0.50/$1.00 USD) - 2025/01/26 18:45:02 WET [2025/01/26 13:45:02 ET]
Table 'Thalassa V' 6-max Seat #6 is the button
Seat 1: SorinS28 ($122.57 in chips) 
Seat 2: sta$igk ($100 in chips) 
Seat 3: rao999 ($120.42 in chips) 
Seat 4: AlexPinsk1 ($114.20 in chips) 
Seat 5: ianbowles1991 ($57.47 in chips) 
Seat 6: paramourx ($101 in chips) 
SorinS28: posts small blind $0.50
sta$igk: posts big blind $1
*** HOLE CARDS ***
rao999: folds 
AlexPinsk1: folds 
ianbowles1991: raises $56.47 to $57.47 and is all-in
paramourx: folds 
SorinS28: folds 
sta$igk: folds [4s]
Uncalled bet ($56.47) returned to ianbowles1991
ianbowles1991 collected $2.50 from pot
*** SUMMARY ***
Total pot $2.50 | Rake $0 
Seat 1: SorinS28 (small blind) folded before Flop
Seat 2: sta$igk (big blind) folded before Flop
Seat 3: rao999 folded before Flop (didn't bet)
Seat 4: AlexPinsk1 folded before Flop (didn't bet)
Seat 5: ianbowles1991 collected ($2.50)
Seat 6: paramourx (button) folded before Flop (didn't bet)



PokerStars Hand #254566332141:  Hold'em No Limit ($0.50/$1.00 USD) - 2025/01/26 18:45:29 WET [2025/01/26 13:45:29 ET]
Table 'Thalassa V' 6-max Seat #1 is the button
Seat 1: SorinS28 ($122.07 in chips) 
Seat 2: sta$igk ($100 in chips) 
Seat 3: rao999 ($120.42 in chips) 
Seat 4: AlexPinsk1 ($114.20 in chips) 
Seat 5: ianbowles1991 ($58.97 in chips) 
Seat 6: paramourx ($101 in chips) 
sta$igk: posts small blind $0.50
rao999: posts big blind $1
*** HOLE CARDS ***
AlexPinsk1: folds 
ianbowles1991: raises $2.50 to $3.50
paramourx: folds 
SorinS28: calls $3.50
sta$igk: folds 
rao999: folds 
*** FLOP *** [3d 6s 7c]
ianbowles1991: bets $4.04
SorinS28: folds 
Uncalled bet ($4.04) returned to ianbowles1991
ianbowles1991 collected $8.08 from pot
*** SUMMARY ***
Total pot $8.50 | Rake $0.42 
Board [3d 6s 7c]
Seat 1: SorinS28 (button) folded on the Flop
Seat 2: sta$igk (small blind) folded before Flop
Seat 3: rao999 (big blind) folded before Flop
Seat 4: AlexPinsk1 folded before Flop (didn't bet)
Seat 5: ianbowles1991 collected ($8.08)
Seat 6: paramourx folded before Flop (didn't bet)



PokerStars Hand #254566348168:  Hold'em No Limit ($0.50/$1.00 USD) - 2025/01/26 18:46:14 WET [2025/01/26 13:46:14 ET]
Table 'Thalassa V' 6-max Seat #2 is the button
Seat 1: SorinS28 ($118.57 in chips) 
Seat 2: sta$igk ($100 in chips) 
Seat 3: rao999 ($119.42 in chips) 
Seat 4: AlexPinsk1 ($114.20 in chips) 
Seat 5: ianbowles1991 ($63.55 in chips) 
Seat 6: paramourx ($101 in chips) 
rao999: posts small blind $0.50
AlexPinsk1: posts big blind $1
*** HOLE CARDS ***
ianbowles1991: folds 
paramourx: folds 
SorinS28: folds 
sta$igk: folds 
rao999: folds 
Uncalled bet ($0.50) returned to AlexPinsk1
AlexPinsk1 collected $1 from pot
AlexPinsk1: doesn't show hand 
*** SUMMARY ***
Total pot $1 | Rake $0 
Seat 1: SorinS28 folded before Flop (didn't bet)
Seat 2: sta$igk (button) folded before Flop (didn't bet)
Seat 3: rao999 (small blind) folded before Flop
Seat 4: AlexPinsk1 (big blind) collected ($1)
Seat 5: ianbowles1991 folded before Flop (didn't bet)
Seat 6: paramourx folded before Flop (didn't bet)



PokerStars Hand #254566359695:  Hold'em No Limit ($0.50/$1.00 USD) - 2025/01/26 18:46:46 WET [2025/01/26 13:46:46 ET]
Table 'Thalassa V' 6-max Seat #3 is the button
Seat 1: SorinS28 ($118.57 in chips) 
Seat 2: sta$igk ($100 in chips) 
Seat 3: rao999 ($118.92 in chips) 
Seat 4: AlexPinsk1 ($114.70 in chips) 
Seat 5: ianbowles1991 ($63.55 in chips) 
Seat 6: paramourx ($101 in chips) 
AlexPinsk1: posts small blind $0.50
ianbowles1991: posts big blind $1
*** HOLE CARDS ***
paramourx: folds 
SorinS28: folds 
sta$igk: folds 
rao999: folds 
AlexPinsk1: raises $2 to $3
ianbowles1991: raises $6 to $9
AlexPinsk1: folds 
Uncalled bet ($6) returned to ianbowles1991
ianbowles1991 collected $6 from pot
*** SUMMARY ***
Total pot $6 | Rake $0 
Seat 1: SorinS28 folded before Flop (didn't bet)
Seat 2: sta$igk folded before Flop (didn't bet)
Seat 3: rao999 (button) folded before Flop (didn't bet)
Seat 4: AlexPinsk1 (small blind) folded before Flop
Seat 5: ianbowles1991 (big blind) collected ($6)
Seat 6: paramourx folded before Flop (didn't bet)



PokerStars Hand #254566366190:  Hold'em No Limit ($0.50/$1.00 USD) - 2025/01/26 18:47:05 WET [2025/01/26 13:47:05 ET]
Table 'Thalassa V' 6-max Seat #4 is the button
Seat 1: SorinS28 ($118.57 in chips) 
Seat 2: sta$igk ($100 in chips) 
Seat 3: rao999 ($118.92 in chips) 
Seat 4: AlexPinsk1 ($111.70 in chips) 
Seat 5: ianbowles1991 ($66.55 in chips) 
Seat 6: paramourx ($101 in chips) 
ianbowles1991: posts small blind $0.50
paramourx: posts big blind $1
*** HOLE CARDS ***
SorinS28: folds 
sta$igk: raises $1.50 to $2.50
rao999: folds 
AlexPinsk1: folds 
ianbowles1991: calls $2
paramourx: folds 
*** FLOP *** [3c Th 5c]
ianbowles1991: checks 
sta$igk: bets $4.28
ianbowles1991: calls $4.28
*** TURN *** [3c Th 5c] [6c]
ianbowles1991: checks 
sta$igk: bets $6.92
ianbowles1991: calls $6.92
*** RIVER *** [3c Th 5c 6c] [8s]
ianbowles1991: checks 
sta$igk: bets $31.03
ianbowles1991: folds 
Uncalled bet ($31.03) returned to sta$igk
sta$igk collected $26.98 from pot
sta$igk: doesn't show hand 
*** SUMMARY ***
Total pot $28.40 | Rake $1.42 
Board [3c Th 5c 6c 8s]
Seat 1: SorinS28 folded before Flop (didn't bet)
Seat 2: sta$igk collected ($26.98)
Seat 3: rao999 folded before Flop (didn't bet)
Seat 4: AlexPinsk1 (button) folded before Flop (didn't bet)
Seat 5: ianbowles1991 (small blind) folded on the River
Seat 6: paramourx (big blind) folded before Flop



PokerStars Hand #254566396217:  Hold'em No Limit ($0.50/$1.00 USD) - 2025/01/26 18:48:30 WET [2025/01/26 13:48:30 ET]
Table 'Thalassa V' 6-max Seat #5 is the button
Seat 1: SorinS28 ($118.57 in chips) 
Seat 2: sta$igk ($113.28 in chips) 
Seat 3: rao999 ($118.92 in chips) 
Seat 4: AlexPinsk1 ($111.70 in chips) 
Seat 5: ianbowles1991 ($52.85 in chips) 
Seat 6: paramourx ($100 in chips) 
paramourx: posts small blind $0.50
SorinS28: posts big blind $1
*** HOLE CARDS ***
sta$igk: folds 
rao999: folds 
AlexPinsk1: folds 
ianbowles1991: raises $2.50 to $3.50
paramourx: folds 
SorinS28: calls $2.50
*** FLOP *** [4h 8c Kd]
SorinS28: checks 
ianbowles1991: checks 
*** TURN *** [4h 8c Kd] [Ts]
SorinS28: checks 
ianbowles1991: checks 
*** RIVER *** [4h 8c Kd Ts] [Kh]
SorinS28: checks 
ianbowles1991: checks 
*** SHOW DOWN ***
SorinS28: shows [Ac 7d] (a pair of Kings)
ianbowles1991: shows [6s Ah] (a pair of Kings)
SorinS28 collected $3.56 from pot
ianbowles1991 collected $3.56 from pot
*** SUMMARY ***
Total pot $7.50 | Rake $0.38 
Board [4h 8c Kd Ts Kh]
Seat 1: SorinS28 (big blind) showed [Ac 7d] and won ($3.56) with a pair of Kings
Seat 2: sta$igk folded before Flop (didn't bet)
Seat 3: rao999 folded before Flop (didn't bet)
Seat 4: AlexPinsk1 folded before Flop (didn't bet)
Seat 5: ianbowles1991 (button) showed [6s Ah] and won ($3.56) with a pair of Kings
Seat 6: paramourx (small blind) folded before Flop



PokerStars Hand #254566414704:  Hold'em No Limit ($0.50/$1.00 USD) - 2025/01/26 18:49:22 WET [2025/01/26 13:49:22 ET]
Table 'Thalassa V' 6-max Seat #6 is the button
Seat 1: SorinS28 ($118.63 in chips) 
Seat 2: sta$igk ($113.28 in chips) 
Seat 3: rao999 ($118.92 in chips) 
Seat 4: AlexPinsk1 ($111.70 in chips) 
Seat 5: ianbowles1991 ($52.91 in chips) 
Seat 6: paramourx ($100 in chips) 
SorinS28: posts small blind $0.50
sta$igk: posts big blind $1
*** HOLE CARDS ***
rao999: folds 
AlexPinsk1: folds 
ianbowles1991: raises $2.50 to $3.50
paramourx: folds 
SorinS28: folds 
sta$igk: folds 
Uncalled bet ($2.50) returned to ianbowles1991
ianbowles1991 collected $2.50 from pot
*** SUMMARY ***
Total pot $2.50 | Rake $0 
Seat 1: SorinS28 (small blind) folded before Flop
Seat 2: sta$igk (big blind) folded before Flop
Seat 3: rao999 folded before Flop (didn't bet)
Seat 4: AlexPinsk1 folded before Flop (didn't bet)
Seat 5: ianbowles1991 collected ($2.50)
Seat 6: paramourx (button) folded before Flop (didn't bet)



PokerStars Hand #254566419750:  Hold'em No Limit ($0.50/$1.00 USD) - 2025/01/26 18:49:37 WET [2025/01/26 13:49:37 ET]
Table 'Thalassa V' 6-max Seat #1 is the button
Seat 1: SorinS28 ($118.13 in chips) 
Seat 2: sta$igk ($112.28 in chips) 
Seat 3: rao999 ($118.92 in chips) 
Seat 4: AlexPinsk1 ($111.70 in chips) 
Seat 5: ianbowles1991 ($54.41 in chips) 
Seat 6: paramourx ($100 in chips) 
sta$igk: posts small blind $0.50
rao999: posts big blind $1
*** HOLE CARDS ***
AlexPinsk1: folds 
ianbowles1991: folds 
paramourx: folds 
SorinS28: raises $1.50 to $2.50
sta$igk: folds 
rao999: calls $1.50
*** FLOP *** [Kd 8d 8h]
rao999: checks 
SorinS28: bets $1.46
rao999: folds 
Uncalled bet ($1.46) returned to SorinS28
SorinS28 collected $5.22 from pot
SorinS28: doesn't show hand 
*** SUMMARY ***
Total pot $5.50 | Rake $0.28 
Board [Kd 8d 8h]
Seat 1: SorinS28 (button) collected ($5.22)
Seat 2: sta$igk (small blind) folded before Flop
Seat 3: rao999 (big blind) folded on the Flop
Seat 4: AlexPinsk1 folded before Flop (didn't bet)
Seat 5: ianbowles1991 folded before Flop (didn't bet)
Seat 6: paramourx folded before Flop (didn't bet)



PokerStars Hand #254566430695:  Hold'em No Limit ($0.50/$1.00 USD) - 2025/01/26 18:50:08 WET [2025/01/26 13:50:08 ET]
Table 'Thalassa V' 6-max Seat #2 is the button
Seat 1: SorinS28 ($120.85 in chips) 
Seat 2: sta$igk ($111.78 in chips) 
Seat 3: rao999 ($116.42 in chips) 
Seat 4: AlexPinsk1 ($111.70 in chips) 
Seat 5: ianbowles1991 ($54.41 in chips) 
Seat 6: paramourx ($100 in chips) 
rao999: posts small blind $0.50
AlexPinsk1: posts big blind $1
*** HOLE CARDS ***
ianbowles1991: folds 
paramourx: folds 
SorinS28: raises $1.30 to $2.30
sta$igk: folds 
rao999: folds 
AlexPinsk1: folds 
Uncalled bet ($1.30) returned to SorinS28
SorinS28 collected $2.50 from pot
SorinS28: doesn't show hand 
*** SUMMARY ***
Total pot $2.50 | Rake $0 
Seat 1: SorinS28 collected ($2.50)
Seat 2: sta$igk (button) folded before Flop (didn't bet)
Seat 3: rao999 (small blind) folded before Flop
Seat 4: AlexPinsk1 (big blind) folded before Flop
Seat 5: ianbowles1991 folded before Flop (didn't bet)
Seat 6: paramourx folded before Flop (didn't bet)



PokerStars Hand #254566435808:  Hold'em No Limit ($0.50/$1.00 USD) - 2025/01/26 18:50:22 WET [2025/01/26 13:50:22 ET]
Table 'Thalassa V' 6-max Seat #3 is the button
Seat 1: SorinS28 ($122.35 in chips) 
Seat 2: sta$igk ($111.78 in chips) 
Seat 3: rao999 ($115.92 in chips) 
Seat 4: AlexPinsk1 ($110.70 in chips) 
Seat 5: ianbowles1991 ($54.41 in chips) 
Seat 6: paramourx ($100 in chips) 
AlexPinsk1: posts small blind $0.50
ianbowles1991: posts big blind $1
*** HOLE CARDS ***
paramourx: folds 
SorinS28: raises $1.02 to $2.02
sta$igk: folds 
rao999: folds 
AlexPinsk1: folds 
ianbowles1991: calls $1.02
*** FLOP *** [3c Js 6s]
ianbowles1991: checks 
SorinS28: bets $1.21
ianbowles1991: raises $3.37 to $4.58
SorinS28: folds 
Uncalled bet ($3.37) returned to ianbowles1991
ianbowles1991 collected $6.61 from pot
*** SUMMARY ***
Total pot $6.96 | Rake $0.35 
Board [3c Js 6s]
Seat 1: SorinS28 folded on the Flop
Seat 2: sta$igk folded before Flop (didn't bet)
Seat 3: rao999 (button) folded before Flop (didn't bet)
Seat 4: AlexPinsk1 (small blind) folded before Flop
Seat 5: ianbowles1991 (big blind) collected ($6.61)
Seat 6: paramourx folded before Flop (didn't bet)



PokerStars Hand #254566455641:  Hold'em No Limit ($0.50/$1.00 USD) - 2025/01/26 18:51:19 WET [2025/01/26 13:51:19 ET]
Table 'Thalassa V' 6-max Seat #4 is the button
Seat 1: SorinS28 ($119.12 in chips) 
Seat 2: sta$igk ($111.78 in chips) 
Seat 3: rao999 ($115.92 in chips) 
Seat 4: AlexPinsk1 ($110.20 in chips) 
Seat 5: ianbowles1991 ($57.79 in chips) 
Seat 6: paramourx ($100 in chips) 
ianbowles1991: posts small blind $0.50
paramourx: posts big blind $1
*** HOLE CARDS ***
SorinS28: folds 
sta$igk: folds 
rao999: folds 
AlexPinsk1: raises $1.50 to $2.50
ianbowles1991: folds 
paramourx: folds 
Uncalled bet ($1.50) returned to AlexPinsk1
AlexPinsk1 collected $2.50 from pot
AlexPinsk1: doesn't show hand 
*** SUMMARY ***
Total pot $2.50 | Rake $0 
Seat 1: SorinS28 folded before Flop (didn't bet)
Seat 2: sta$igk folded before Flop (didn't bet)
Seat 3: rao999 folded before Flop (didn't bet)
Seat 4: AlexPinsk1 (button) collected ($2.50)
Seat 5: ianbowles1991 (small blind) folded before Flop
Seat 6: paramourx (big blind) folded before Flop



PokerStars Hand #254566462667:  Hold'em No Limit ($0.50/$1.00 USD) - 2025/01/26 18:51:39 WET [2025/01/26 13:51:39 ET]
Table 'Thalassa V' 6-max Seat #5 is the button
Seat 1: SorinS28 ($119.12 in chips) 
Seat 2: sta$igk ($111.78 in chips) 
Seat 3: rao999 ($115.92 in chips) 
Seat 4: AlexPinsk1 ($111.70 in chips) 
Seat 5: ianbowles1991 ($57.29 in chips) 
Seat 6: paramourx ($100 in chips) 
paramourx: posts small blind $0.50
SorinS28: posts big blind $1
*** HOLE CARDS ***
sta$igk: raises $1.50 to $2.50
rao999: folds 
AlexPinsk1: folds 
ianbowles1991: folds 
paramourx: folds 
SorinS28: folds 
Uncalled bet ($1.50) returned to sta$igk
sta$igk collected $2.50 from pot
sta$igk: doesn't show hand 
*** SUMMARY ***
Total pot $2.50 | Rake $0 
Seat 1: SorinS28 (big blind) folded before Flop
Seat 2: sta$igk collected ($2.50)
Seat 3: rao999 folded before Flop (didn't bet)
Seat 4: AlexPinsk1 folded before Flop (didn't bet)
Seat 5: ianbowles1991 (button) folded before Flop (didn't bet)
Seat 6: paramourx (small blind) folded before Flop



PokerStars Hand #254566470834:  Hold'em No Limit ($0.50/$1.00 USD) - 2025/01/26 18:52:02 WET [2025/01/26 13:52:02 ET]
Table 'Thalassa V' 6-max Seat #6 is the button
Seat 1: SorinS28 ($118.12 in chips) 
Seat 2: sta$igk ($113.28 in chips) 
Seat 3: rao999 ($115.92 in chips) 
Seat 4: AlexPinsk1 ($111.70 in chips) 
Seat 5: ianbowles1991 ($57.29 in chips) 
Seat 6: paramourx ($100 in chips) 
SorinS28: posts small blind $0.50
sta$igk: posts big blind $1
*** HOLE CARDS ***
rao999: folds 
AlexPinsk1: raises $1.50 to $2.50
ianbowles1991: folds 
paramourx: folds 
SorinS28: folds 
sta$igk: calls $1.50
*** FLOP *** [4h 2d 7s]
sta$igk: checks 
AlexPinsk1: bets $3.92
sta$igk: folds 
Uncalled bet ($3.92) returned to AlexPinsk1
AlexPinsk1 collected $5.22 from pot
AlexPinsk1: doesn't show hand 
*** SUMMARY ***
Total pot $5.50 | Rake $0.28 
Board [4h 2d 7s]
Seat 1: SorinS28 (small blind) folded before Flop
Seat 2: sta$igk (big blind) folded on the Flop
Seat 3: rao999 folded before Flop (didn't bet)
Seat 4: AlexPinsk1 collected ($5.22)
Seat 5: ianbowles1991 folded before Flop (didn't bet)
Seat 6: paramourx (button) folded before Flop (didn't bet)



PokerStars Hand #254566491459:  Hold'em No Limit ($0.50/$1.00 USD) - 2025/01/26 18:53:00 WET [2025/01/26 13:53:00 ET]
Table 'Thalassa V' 6-max Seat #1 is the button
Seat 1: SorinS28 ($117.62 in chips) 
Seat 2: sta$igk ($110.78 in chips) 
Seat 3: rao999 ($115.92 in chips) 
Seat 4: AlexPinsk1 ($114.42 in chips) 
Seat 5: ianbowles1991 ($57.29 in chips) 
Seat 6: paramourx ($100 in chips) 
sta$igk: posts small blind $0.50
rao999: posts big blind $1
*** HOLE CARDS ***
AlexPinsk1: folds 
ianbowles1991: raises $2.50 to $3.50
paramourx: folds 
SorinS28: folds 
sta$igk: folds 
rao999: folds 
Uncalled bet ($2.50) returned to ianbowles1991
ianbowles1991 collected $2.50 from pot
*** SUMMARY ***
Total pot $2.50 | Rake $0 
Seat 1: SorinS28 (button) folded before Flop (didn't bet)
Seat 2: sta$igk (small blind) folded before Flop
Seat 3: rao999 (big blind) folded before Flop
Seat 4: AlexPinsk1 folded before Flop (didn't bet)
Seat 5: ianbowles1991 collected ($2.50)
Seat 6: paramourx folded before Flop (didn't bet)



PokerStars Hand #254566503380:  Hold'em No Limit ($0.50/$1.00 USD) - 2025/01/26 18:53:34 WET [2025/01/26 13:53:34 ET]
Table 'Thalassa V' 6-max Seat #2 is the button
Seat 1: SorinS28 ($117.62 in chips) 
Seat 2: sta$igk ($110.28 in chips) 
Seat 3: rao999 ($114.92 in chips) 
Seat 4: AlexPinsk1 ($114.42 in chips) 
Seat 5: ianbowles1991 ($58.79 in chips) 
Seat 6: paramourx ($100 in chips) 
rao999: posts small blind $0.50
AlexPinsk1: posts big blind $1
*** HOLE CARDS ***
ianbowles1991: folds 
paramourx: folds 
SorinS28: raises $1.30 to $2.30
sta$igk: folds 
rao999: folds 
AlexPinsk1: folds 
Uncalled bet ($1.30) returned to SorinS28
SorinS28 collected $2.50 from pot
SorinS28: doesn't show hand 
*** SUMMARY ***
Total pot $2.50 | Rake $0 
Seat 1: SorinS28 collected ($2.50)
Seat 2: sta$igk (button) folded before Flop (didn't bet)
Seat 3: rao999 (small blind) folded before Flop
Seat 4: AlexPinsk1 (big blind) folded before Flop
Seat 5: ianbowles1991 folded before Flop (didn't bet)
Seat 6: paramourx folded before Flop (didn't bet)



PokerStars Hand #254566511125:  Hold'em No Limit ($0.50/$1.00 USD) - 2025/01/26 18:53:57 WET [2025/01/26 13:53:57 ET]
Table 'Thalassa V' 6-max Seat #3 is the button
Seat 1: SorinS28 ($119.12 in chips) 
Seat 2: sta$igk ($110.28 in chips) 
Seat 3: rao999 ($114.42 in chips) 
Seat 4: AlexPinsk1 ($113.42 in chips) 
Seat 5: ianbowles1991 ($58.79 in chips) 
Seat 6: paramourx ($100 in chips) 
AlexPinsk1: posts small blind $0.50
ianbowles1991: posts big blind $1
*** HOLE CARDS ***
paramourx: folds 
SorinS28: raises $1.02 to $2.02
sta$igk: folds 
rao999: folds 
AlexPinsk1: raises $7.98 to $10
ianbowles1991: folds 
SorinS28: raises $12 to $22
AlexPinsk1: folds 
Uncalled bet ($12) returned to SorinS28
SorinS28 collected $21 from pot
SorinS28: doesn't show hand 
*** SUMMARY ***
Total pot $21 | Rake $0 
Seat 1: SorinS28 collected ($21)
Seat 2: sta$igk folded before Flop (didn't bet)
Seat 3: rao999 (button) folded before Flop (didn't bet)
Seat 4: AlexPinsk1 (small blind) folded before Flop
Seat 5: ianbowles1991 (big blind) folded before Flop
Seat 6: paramourx folded before Flop (didn't bet)



PokerStars Hand #254566532231:  Hold'em No Limit ($0.50/$1.00 USD) - 2025/01/26 18:54:57 WET [2025/01/26 13:54:57 ET]
Table 'Thalassa V' 6-max Seat #4 is the button
Seat 1: SorinS28 ($130.12 in chips) 
Seat 2: sta$igk ($110.28 in chips) 
Seat 3: rao999 ($114.42 in chips) 
Seat 4: AlexPinsk1 ($103.42 in chips) 
Seat 5: ianbowles1991 ($57.79 in chips) 
Seat 6: paramourx ($100 in chips) 
ianbowles1991: posts small blind $0.50
paramourx: posts big blind $1
*** HOLE CARDS ***
SorinS28: raises $1.02 to $2.02
sta$igk: folds 
rao999: folds 
AlexPinsk1: raises $4.98 to $7
ianbowles1991: calls $6.50
paramourx: folds 
SorinS28: calls $4.98
*** FLOP *** [Ts 9d Qs]
ianbowles1991: checks 
SorinS28: checks 
AlexPinsk1: bets $9
ianbowles1991: folds 
SorinS28: folds 
Uncalled bet ($9) returned to AlexPinsk1
AlexPinsk1 collected $20.90 from pot
AlexPinsk1: doesn't show hand 
*** SUMMARY ***
Total pot $22 | Rake $1.10 
Board [Ts 9d Qs]
Seat 1: SorinS28 folded on the Flop
Seat 2: sta$igk folded before Flop (didn't bet)
Seat 3: rao999 folded before Flop (didn't bet)
Seat 4: AlexPinsk1 (button) collected ($20.90)
Seat 5: ianbowles1991 (small blind) folded on the Flop
Seat 6: paramourx (big blind) folded before Flop



PokerStars Hand #254566548148:  Hold'em No Limit ($0.50/$1.00 USD) - 2025/01/26 18:56:03 WET [2025/01/26 13:56:03 ET]
Table 'Thalassa V' 6-max Seat #5 is the button
Seat 1: SorinS28 ($123.12 in chips) 
Seat 2: sta$igk ($110.28 in chips) 
Seat 3: rao999 ($114.42 in chips) 
Seat 4: AlexPinsk1 ($117.32 in chips) 
Seat 5: ianbowles1991 ($50.79 in chips) 
Seat 6: paramourx ($100 in chips) 
paramourx: posts small blind $0.50
SorinS28: posts big blind $1
*** HOLE CARDS ***
sta$igk: folds 
rao999: folds 
AlexPinsk1: raises $1.50 to $2.50
ianbowles1991: raises $6.50 to $9
paramourx: folds 
SorinS28: folds 
AlexPinsk1: folds 
Uncalled bet ($6.50) returned to ianbowles1991
ianbowles1991 collected $6.50 from pot
*** SUMMARY ***
Total pot $6.50 | Rake $0 
Seat 1: SorinS28 (big blind) folded before Flop
Seat 2: sta$igk folded before Flop (didn't bet)
Seat 3: rao999 folded before Flop (didn't bet)
Seat 4: AlexPinsk1 folded before Flop
Seat 5: ianbowles1991 (button) collected ($6.50)
Seat 6: paramourx (small blind) folded before Flop



PokerStars Hand #254566554915:  Hold'em No Limit ($0.50/$1.00 USD) - 2025/01/26 18:56:35 WET [2025/01/26 13:56:35 ET]
Table 'Thalassa V' 6-max Seat #6 is the button
Seat 1: SorinS28 ($122.12 in chips) 
Seat 2: sta$igk ($110.28 in chips) 
Seat 3: rao999 ($114.42 in chips) 
Seat 4: AlexPinsk1 ($114.82 in chips) 
Seat 5: ianbowles1991 ($54.79 in chips) 
Seat 6: paramourx ($100 in chips) 
SorinS28: posts small blind $0.50
sta$igk: posts big blind $1
*** HOLE CARDS ***
rao999: folds 
AlexPinsk1: folds 
ianbowles1991: folds 
paramourx: folds 
SorinS28: raises $2 to $3
sta$igk: folds 
Uncalled bet ($2) returned to SorinS28
SorinS28 collected $2 from pot
SorinS28: doesn't show hand 
*** SUMMARY ***
Total pot $2 | Rake $0 
Seat 1: SorinS28 (small blind) collected ($2)
Seat 2: sta$igk (big blind) folded before Flop
Seat 3: rao999 folded before Flop (didn't bet)
Seat 4: AlexPinsk1 folded before Flop (didn't bet)
Seat 5: ianbowles1991 folded before Flop (didn't bet)
Seat 6: paramourx (button) folded before Flop (didn't bet)



PokerStars Hand #254566560773:  Hold'em No Limit ($0.50/$1.00 USD) - 2025/01/26 18:57:03 WET [2025/01/26 13:57:03 ET]
Table 'Thalassa V' 6-max Seat #1 is the button
Seat 1: SorinS28 ($123.12 in chips) 
Seat 2: sta$igk ($109.28 in chips) 
Seat 3: rao999 ($114.42 in chips) 
Seat 4: AlexPinsk1 ($114.82 in chips) 
Seat 5: ianbowles1991 ($54.79 in chips) 
Seat 6: paramourx ($100 in chips) 
sta$igk: posts small blind $0.50
rao999: posts big blind $1
*** HOLE CARDS ***
AlexPinsk1: folds 
ianbowles1991: folds 
paramourx: raises $2 to $3
SorinS28: folds 
sta$igk: folds 
rao999: folds 
Uncalled bet ($2) returned to paramourx
paramourx collected $2.50 from pot
paramourx: doesn't show hand 
*** SUMMARY ***
Total pot $2.50 | Rake $0 
Seat 1: SorinS28 (button) folded before Flop (didn't bet)
Seat 2: sta$igk (small blind) folded before Flop
Seat 3: rao999 (big blind) folded before Flop
Seat 4: AlexPinsk1 folded before Flop (didn't bet)
Seat 5: ianbowles1991 folded before Flop (didn't bet)
Seat 6: paramourx collected ($2.50)



PokerStars Hand #254566563932:  Hold'em No Limit ($0.50/$1.00 USD) - 2025/01/26 18:57:17 WET [2025/01/26 13:57:17 ET]
Table 'Thalassa V' 6-max Seat #2 is the button
Seat 1: SorinS28 ($123.12 in chips) 
Seat 2: sta$igk ($108.78 in chips) 
Seat 3: rao999 ($113.42 in chips) 
Seat 4: AlexPinsk1 ($114.82 in chips) 
Seat 5: ianbowles1991 ($54.79 in chips) 
Seat 6: paramourx ($101.50 in chips) 
rao999: posts small blind $0.50
AlexPinsk1: posts big blind $1
*** HOLE CARDS ***
ianbowles1991: folds 
paramourx: folds 
SorinS28: raises $1.30 to $2.30
sta$igk: folds 
rao999: folds 
AlexPinsk1: folds 
Uncalled bet ($1.30) returned to SorinS28
SorinS28 collected $2.50 from pot
SorinS28: doesn't show hand 
*** SUMMARY ***
Total pot $2.50 | Rake $0 
Seat 1: SorinS28 collected ($2.50)
Seat 2: sta$igk (button) folded before Flop (didn't bet)
Seat 3: rao999 (small blind) folded before Flop
Seat 4: AlexPinsk1 (big blind) folded before Flop
Seat 5: ianbowles1991 folded before Flop (didn't bet)
Seat 6: paramourx folded before Flop (didn't bet)



PokerStars Hand #254566567214:  Hold'em No Limit ($0.50/$1.00 USD) - 2025/01/26 18:57:33 WET [2025/01/26 13:57:33 ET]
Table 'Thalassa V' 6-max Seat #3 is the button
Seat 1: SorinS28 ($124.62 in chips) 
Seat 2: sta$igk ($108.78 in chips) 
Seat 3: rao999 ($112.92 in chips) 
Seat 4: AlexPinsk1 ($113.82 in chips) 
Seat 5: ianbowles1991 ($54.79 in chips) 
Seat 6: paramourx ($101.50 in chips) 
AlexPinsk1: posts small blind $0.50
ianbowles1991: posts big blind $1
*** HOLE CARDS ***
paramourx: folds 
SorinS28: folds 
sta$igk: folds 
rao999: raises $1.50 to $2.50
AlexPinsk1: raises $7.50 to $10
ianbowles1991: calls $9
rao999: folds 
*** FLOP *** [Qs 8c 7h]
AlexPinsk1: checks 
ianbowles1991: checks 
*** TURN *** [Qs 8c 7h] [4c]
AlexPinsk1: checks 
ianbowles1991: checks 
*** RIVER *** [Qs 8c 7h 4c] [Jc]
AlexPinsk1: bets $12.50
ianbowles1991: calls $12.50
*** SHOW DOWN ***
AlexPinsk1: shows [Jh Ad] (a pair of Jacks)
ianbowles1991: mucks hand 
AlexPinsk1 collected $45.12 from pot
*** SUMMARY ***
Total pot $47.50 | Rake $2.38 
Board [Qs 8c 7h 4c Jc]
Seat 1: SorinS28 folded before Flop (didn't bet)
Seat 2: sta$igk folded before Flop (didn't bet)
Seat 3: rao999 (button) folded before Flop
Seat 4: AlexPinsk1 (small blind) showed [Jh Ad] and won ($45.12) with a pair of Jacks
Seat 5: ianbowles1991 (big blind) mucked
Seat 6: paramourx folded before Flop (didn't bet)



PokerStars Hand #254566575904:  Hold'em No Limit ($0.50/$1.00 USD) - 2025/01/26 18:58:15 WET [2025/01/26 13:58:15 ET]
Table 'Thalassa V' 6-max Seat #4 is the button
Seat 1: SorinS28 ($124.62 in chips) 
Seat 2: sta$igk ($108.78 in chips) 
Seat 3: rao999 ($110.42 in chips) 
Seat 4: AlexPinsk1 ($136.44 in chips) 
Seat 5: ianbowles1991 ($32.29 in chips) 
Seat 6: paramourx ($101.50 in chips) 
ianbowles1991: posts small blind $0.50
paramourx: posts big blind $1
*** HOLE CARDS ***
SorinS28: folds 
sta$igk: folds 
rao999: folds 
AlexPinsk1: folds 
ianbowles1991: folds 
Uncalled bet ($0.50) returned to paramourx
paramourx collected $1 from pot
paramourx: doesn't show hand 
*** SUMMARY ***
Total pot $1 | Rake $0 
Seat 1: SorinS28 folded before Flop (didn't bet)
Seat 2: sta$igk folded before Flop (didn't bet)
Seat 3: rao999 folded before Flop (didn't bet)
Seat 4: AlexPinsk1 (button) folded before Flop (didn't bet)
Seat 5: ianbowles1991 (small blind) folded before Flop
Seat 6: paramourx (big blind) collected ($1)



PokerStars Hand #254566580125:  Hold'em No Limit ($0.50/$1.00 USD) - 2025/01/26 18:58:35 WET [2025/01/26 13:58:35 ET]
Table 'Thalassa V' 6-max Seat #5 is the button
Seat 1: SorinS28 ($124.62 in chips) 
Seat 2: sta$igk ($108.78 in chips) 
Seat 3: rao999 ($110.42 in chips) 
Seat 4: AlexPinsk1 ($136.44 in chips) 
Seat 5: ianbowles1991 ($31.79 in chips) 
Seat 6: paramourx ($102 in chips) 
paramourx: posts small blind $0.50
SorinS28: posts big blind $1
*** HOLE CARDS ***
sta$igk: folds 
rao999: folds 
AlexPinsk1: folds 
ianbowles1991: calls $1
paramourx: folds 
SorinS28: checks 
*** FLOP *** [8c 4h Js]
SorinS28: checks 
ianbowles1991: checks 
*** TURN *** [8c 4h Js] [8d]
SorinS28: bets $1.19
ianbowles1991: raises $4.76 to $5.95
SorinS28: calls $4.76
*** RIVER *** [8c 4h Js 8d] [4c]
SorinS28: checks 
ianbowles1991: bets $13.68
SorinS28: calls $13.68
*** SHOW DOWN ***
ianbowles1991: shows [Ad Jc] (two pair, Jacks and Eights)
SorinS28: mucks hand 
ianbowles1991 collected $39.67 from pot
*** SUMMARY ***
Total pot $41.76 | Rake $2.09 
Board [8c 4h Js 8d 4c]
Seat 1: SorinS28 (big blind) mucked
Seat 2: sta$igk folded before Flop (didn't bet)
Seat 3: rao999 folded before Flop (didn't bet)
Seat 4: AlexPinsk1 folded before Flop (didn't bet)
Seat 5: ianbowles1991 (button) showed [Ad Jc] and won ($39.67) with two pair, Jacks and Eights
Seat 6: paramourx (small blind) folded before Flop



PokerStars Hand #254566595798:  Hold'em No Limit ($0.50/$1.00 USD) - 2025/01/26 18:59:48 WET [2025/01/26 13:59:48 ET]
Table 'Thalassa V' 6-max Seat #6 is the button
Seat 1: SorinS28 ($103.99 in chips) 
Seat 2: sta$igk ($108.78 in chips) 
Seat 3: rao999 ($110.42 in chips) 
Seat 4: AlexPinsk1 ($136.44 in chips) 
Seat 5: ianbowles1991 ($50.83 in chips) 
Seat 6: paramourx ($101.50 in chips) 
SorinS28: posts small blind $0.50
sta$igk: posts big blind $1
*** HOLE CARDS ***
rao999: folds 
AlexPinsk1: raises $1.50 to $2.50
ianbowles1991: calls $2.50
paramourx: folds 
SorinS28: folds 
sta$igk: folds 
*** FLOP *** [7h Jd Ks]
AlexPinsk1: checks 
ianbowles1991: bets $3.09
AlexPinsk1: folds 
Uncalled bet ($3.09) returned to ianbowles1991
ianbowles1991 collected $6.18 from pot
*** SUMMARY ***
Total pot $6.50 | Rake $0.32 
Board [7h Jd Ks]
Seat 1: SorinS28 (small blind) folded before Flop
Seat 2: sta$igk (big blind) folded before Flop
Seat 3: rao999 folded before Flop (didn't bet)
Seat 4: AlexPinsk1 folded on the Flop
Seat 5: ianbowles1991 collected ($6.18)
Seat 6: paramourx (button) folded before Flop (didn't bet)



PokerStars Hand #254566735906:  Hold'em No Limit ($0.50/$1.00 USD) - 2025/01/26 19:06:59 WET [2025/01/26 14:06:59 ET]
Table 'Thalassa V' 6-max Seat #1 is the button
Seat 5: ianbowles1991 ($0 in chips) is sitting out
Seat 1: RohayhuP ($89.46 in chips) 
Seat 2: 98steff ($88.50 in chips) 
Seat 3: crococroc914 ($58.02 in chips) 
Seat 4: rao999 ($108.92 in chips) 
Seat 6: Maks Bavenko ($100 in chips) 
98steff: posts small blind $0.50
crococroc914: posts big blind $1
*** HOLE CARDS ***
rao999: raises $1.50 to $2.50
Maks Bavenko: folds 
RohayhuP: raises $6.50 to $9
98steff: folds 
crococroc914: folds 
rao999: folds 
Uncalled bet ($6.50) returned to RohayhuP
RohayhuP collected $6.50 from pot
RohayhuP: doesn't show hand 
*** SUMMARY ***
Total pot $6.50 | Rake $0 
Seat 5: ianbowles1991
Seat 1: RohayhuP (button) collected ($6.50)
Seat 2: 98steff (small blind) folded before Flop
Seat 3: crococroc914 (big blind) folded before Flop
Seat 4: rao999 folded before Flop
Seat 6: Maks Bavenko folded before Flop (didn't bet)



PokerStars Hand #254566746453:  Hold'em No Limit ($0.50/$1.00 USD) - 2025/01/26 19:07:28 WET [2025/01/26 14:07:28 ET]
Table 'Thalassa V' 6-max Seat #2 is the button
Seat 5: ianbowles1991 ($0 in chips) is sitting out
Seat 1: RohayhuP ($93.46 in chips) 
Seat 2: 98steff ($88 in chips) 
Seat 3: crococroc914 ($57.02 in chips) 
Seat 4: rao999 ($106.42 in chips) 
Seat 6: Maks Bavenko ($100 in chips) 
crococroc914: posts small blind $0.50
rao999: posts big blind $1
*** HOLE CARDS ***
Maks Bavenko: raises $1.50 to $2.50
RohayhuP: calls $2.50
98steff: raises $4.50 to $7
crococroc914: folds 
rao999: folds 
Maks Bavenko: folds 
RohayhuP: calls $4.50
*** FLOP *** [Qh Js 6h]
RohayhuP: checks 
98steff: checks 
*** TURN *** [Qh Js 6h] [Kc]
RohayhuP: checks 
98steff: bets $17.10
RohayhuP: raises $19.10 to $36.20
98steff: calls $19.10
*** RIVER *** [Qh Js 6h Kc] [2c]
RohayhuP: bets $50.26 and is all-in
98steff: calls $44.80 and is all-in
Uncalled bet ($5.46) returned to RohayhuP
*** SHOW DOWN ***
RohayhuP: shows [Tc As] (a straight, Ten to Ace)
98steff: shows [Ks Ad] (a pair of Kings)
RohayhuP collected $176.88 from pot
*** SUMMARY ***
Total pot $180 | Rake $3.12 
Board [Qh Js 6h Kc 2c]
Seat 5: ianbowles1991
Seat 1: RohayhuP showed [Tc As] and won ($176.88) with a straight, Ten to Ace
Seat 2: 98steff (button) showed [Ks Ad] and lost with a pair of Kings
Seat 3: crococroc914 (small blind) folded before Flop
Seat 4: rao999 (big blind) folded before Flop
Seat 6: Maks Bavenko folded before Flop



PokerStars Hand #254566780306:  Hold'em No Limit ($0.50/$1.00 USD) - 2025/01/26 19:09:02 WET [2025/01/26 14:09:02 ET]
Table 'Thalassa V' 6-max Seat #3 is the button
Seat 2: 98steff ($0 in chips) is sitting out
Seat 5: ianbowles1991 ($0 in chips) is sitting out
Seat 6: Maks Bavenko ($100 in chips) is sitting out
Seat 1: RohayhuP ($182.34 in chips) 
Seat 3: crococroc914 ($56.52 in chips) 
Seat 4: rao999 ($105.42 in chips) 
rao999: posts small blind $0.50
Maks Bavenko: is sitting out 
RohayhuP: posts big blind $1
*** HOLE CARDS ***
Maks Bavenko leaves the table
crococroc914: folds 
98steff leaves the table
rao999: raises $2 to $3
RohayhuP: calls $2
*** FLOP *** [Ks 9d 2c]
reiyser joins the table at seat #6 
rao999: bets $1.88
RohayhuP: calls $1.88
*** TURN *** [Ks 9d 2c] [Jh]
rao999: bets $3.06
RohayhuP: calls $3.06
*** RIVER *** [Ks 9d 2c Jh] [6h]
rao999: checks 
RohayhuP: checks 
*** SHOW DOWN ***
rao999: shows [Jc Td] (a pair of Jacks)
RohayhuP: mucks hand 
rao999 collected $15.09 from pot
ianbowles1991 leaves the table
*** SUMMARY ***
Total pot $15.88 | Rake $0.79 
Board [Ks 9d 2c Jh 6h]
Seat 2: 98steff
Seat 5: ianbowles1991
Seat 6: Maks Bavenko
Seat 1: RohayhuP (big blind) mucked
Seat 3: crococroc914 (button) folded before Flop (didn't bet)
Seat 4: rao999 (small blind) showed [Jc Td] and won ($15.09) with a pair of Jacks



PokerStars Hand #254566805225:  Hold'em No Limit ($0.50/$1.00 USD) - 2025/01/26 19:10:10 WET [2025/01/26 14:10:10 ET]
Table 'Thalassa V' 6-max Seat #4 is the button
Seat 6: reiyser ($100 in chips) is sitting out
Seat 1: RohayhuP ($174.40 in chips) 
Seat 3: crococroc914 ($56.52 in chips) 
Seat 4: rao999 ($112.57 in chips) 
RohayhuP: posts small blind $0.50
crococroc914: posts big blind $1
*** HOLE CARDS ***
rao999: raises $1.50 to $2.50
RohayhuP: folds 
alexandr699 joins the table at seat #5 
crococroc914: calls $1.50
*** FLOP *** [2d 5d Tc]
crococroc914: checks 
rao999: bets $3.45
crococroc914: folds 
Uncalled bet ($3.45) returned to rao999
rao999 collected $5.22 from pot
rao999: doesn't show hand 
KarP93 joins the table at seat #2 
*** SUMMARY ***
Total pot $5.50 | Rake $0.28 
Board [2d 5d Tc]
Seat 6: reiyser
Seat 1: RohayhuP (small blind) folded before Flop
Seat 3: crococroc914 (big blind) folded on the Flop
Seat 4: rao999 (button) collected ($5.22)



PokerStars Hand #254566813710:  Hold'em No Limit ($0.50/$1.00 USD) - 2025/01/26 19:10:33 WET [2025/01/26 14:10:33 ET]
Table 'Thalassa V' 6-max Seat #1 is the button
Seat 2: KarP93 ($100 in chips) is sitting out
Seat 5: alexandr699 ($100 in chips) is sitting out
Seat 6: reiyser ($100 in chips) is sitting out
Seat 1: RohayhuP ($173.90 in chips) 
Seat 3: crococroc914 ($54.02 in chips) 
Seat 4: rao999 ($115.29 in chips) 
crococroc914: posts small blind $0.50
rao999: posts big blind $1
alexandr699: sits out 
reiyser: sits out 
*** HOLE CARDS ***
RohayhuP has timed out
RohayhuP: folds 
crococroc914: folds 
Uncalled bet ($0.50) returned to rao999
rao999 collected $1 from pot
rao999: doesn't show hand 
*** SUMMARY ***
Total pot $1 | Rake $0 
Seat 2: KarP93
Seat 5: alexandr699
Seat 6: reiyser
Seat 1: RohayhuP (button) folded before Flop (didn't bet)
Seat 3: crococroc914 (small blind) folded before Flop
Seat 4: rao999 (big blind) collected ($1)



PokerStars Hand #254566819336:  Hold'em No Limit ($0.50/$1.00 USD) - 2025/01/26 19:10:49 WET [2025/01/26 14:10:49 ET]
Table 'Thalassa V' 6-max Seat #3 is the button
Seat 2: KarP93 ($100 in chips) is sitting out
Seat 6: reiyser ($100 in chips) is sitting out
Seat 1: RohayhuP ($173.90 in chips) 
Seat 3: crococroc914 ($53.52 in chips) 
Seat 4: rao999 ($115.79 in chips) 
Seat 5: alexandr699 ($100 in chips) 
rao999: posts small blind $0.50
alexandr699: posts big blind $1
reiyser: sits out 
KarP93: sits out 
*** HOLE CARDS ***
RohayhuP: folds 
crococroc914: calls $1
rao999: calls $0.50
alexandr699: checks 
*** FLOP *** [Td 7c 3d]
rao999: checks 
alexandr699: checks 
crococroc914: checks 
*** TURN *** [Td 7c 3d] [7d]
rao999: checks 
alexandr699: bets $1.85
crococroc914: folds 
rao999: calls $1.85
*** RIVER *** [Td 7c 3d 7d] [7h]
rao999: checks 
alexandr699: checks 
*** SHOW DOWN ***
rao999: shows [6s 6d] (a full house, Sevens full of Sixes)
alexandr699: mucks hand 
rao999 collected $6.36 from pot
*** SUMMARY ***
Total pot $6.70 | Rake $0.34 
Board [Td 7c 3d 7d 7h]
Seat 2: KarP93
Seat 6: reiyser
Seat 1: RohayhuP folded before Flop (didn't bet)
Seat 3: crococroc914 (button) folded on the Turn
Seat 4: rao999 (small blind) showed [6s 6d] and won ($6.36) with a full house, Sevens full of Sixes
Seat 5: alexandr699 (big blind) mucked



PokerStars Hand #254566839341:  Hold'em No Limit ($0.50/$1.00 USD) - 2025/01/26 19:11:44 WET [2025/01/26 14:11:44 ET]
Table 'Thalassa V' 6-max Seat #4 is the button
Seat 2: KarP93 ($100 in chips) is sitting out
Seat 1: RohayhuP ($173.90 in chips) 
Seat 3: crococroc914 ($52.52 in chips) 
Seat 4: rao999 ($119.30 in chips) 
Seat 5: alexandr699 ($100 in chips) 
Seat 6: reiyser ($100 in chips) 
alexandr699: posts small blind $0.50
reiyser: posts big blind $1
KarP93: sits out 
*** HOLE CARDS ***
RohayhuP: raises $2 to $3
crococroc914: folds 
rao999: calls $3
alexandr699: folds 
reiyser: folds 
*** FLOP *** [2c Jd 9c]
RohayhuP: bets $3.56
rao999: calls $3.56
*** TURN *** [2c Jd 9c] [Js]
RohayhuP: bets $9.95
rao999: calls $9.95
*** RIVER *** [2c Jd 9c Js] [Kd]
RohayhuP: checks 
rao999: checks 
*** SHOW DOWN ***
RohayhuP: shows [Ah Ks] (two pair, Kings and Jacks)
rao999: mucks hand 
RohayhuP collected $32.36 from pot
*** SUMMARY ***
Total pot $34.52 | Rake $2.16 
Board [2c Jd 9c Js Kd]
Seat 2: KarP93
Seat 1: RohayhuP showed [Ah Ks] and won ($32.36) with two pair, Kings and Jacks
Seat 3: crococroc914 folded before Flop (didn't bet)
Seat 4: rao999 (button) mucked
Seat 5: alexandr699 (small blind) folded before Flop
Seat 6: reiyser (big blind) folded before Flop



PokerStars Hand #254566863526:  Hold'em No Limit ($0.50/$1.00 USD) - 2025/01/26 19:12:50 WET [2025/01/26 14:12:50 ET]
Table 'Thalassa V' 6-max Seat #5 is the button
Seat 2: KarP93 ($100 in chips) is sitting out
Seat 1: RohayhuP ($189.75 in chips) 
Seat 3: crococroc914 ($52.52 in chips) 
Seat 4: rao999 ($102.79 in chips) 
Seat 5: alexandr699 ($100 in chips) 
Seat 6: reiyser ($100 in chips) 
reiyser: posts small blind $0.50
RohayhuP: posts big blind $1
KarP93: sits out 
*** HOLE CARDS ***
crococroc914: folds 
rao999: folds 
alexandr699: raises $1.98 to $2.98
reiyser: folds 
RohayhuP: calls $1.98
*** FLOP *** [6c Ad Jd]
RohayhuP: checks 
alexandr699: bets $4.61
RohayhuP: calls $4.61
*** TURN *** [6c Ad Jd] [8s]
RohayhuP: checks 
alexandr699: bets $18.63
RohayhuP: folds 
Uncalled bet ($18.63) returned to alexandr699
alexandr699 collected $14.90 from pot
alexandr699: doesn't show hand 
*** SUMMARY ***
Total pot $15.68 | Rake $0.78 
Board [6c Ad Jd 8s]
Seat 2: KarP93
Seat 1: RohayhuP (big blind) folded on the Turn
Seat 3: crococroc914 folded before Flop (didn't bet)
Seat 4: rao999 folded before Flop (didn't bet)
Seat 5: alexandr699 (button) collected ($14.90)
Seat 6: reiyser (small blind) folded before Flop



PokerStars Hand #254566894127:  Hold'em No Limit ($0.50/$1.00 USD) - 2025/01/26 19:14:15 WET [2025/01/26 14:14:15 ET]
Table 'Thalassa V' 6-max Seat #6 is the button
Seat 1: RohayhuP ($182.16 in chips) 
Seat 2: KarP93 ($100 in chips) 
Seat 3: crococroc914 ($52.52 in chips) 
Seat 4: rao999 ($102.79 in chips) 
Seat 5: alexandr699 ($107.31 in chips) 
Seat 6: reiyser ($100 in chips) 
RohayhuP: posts small blind $0.50
KarP93: posts big blind $1
*** HOLE CARDS ***
crococroc914: folds 
rao999: folds 
alexandr699: folds 
reiyser: raises $1.23 to $2.23
RohayhuP: folds 
KarP93: calls $1.23
*** FLOP *** [2c 9c 3c]
KarP93: checks 
reiyser: bets $1.37
KarP93: folds 
Uncalled bet ($1.37) returned to reiyser
reiyser collected $4.71 from pot
reiyser: doesn't show hand 
*** SUMMARY ***
Total pot $4.96 | Rake $0.25 
Board [2c 9c 3c]
Seat 1: RohayhuP (small blind) folded before Flop
Seat 2: KarP93 (big blind) folded on the Flop
Seat 3: crococroc914 folded before Flop (didn't bet)
Seat 4: rao999 folded before Flop (didn't bet)
Seat 5: alexandr699 folded before Flop (didn't bet)
Seat 6: reiyser (button) collected ($4.71)



PokerStars Hand #254566912344:  Hold'em No Limit ($0.50/$1.00 USD) - 2025/01/26 19:15:06 WET [2025/01/26 14:15:06 ET]
Table 'Thalassa V' 6-max Seat #1 is the button
Seat 1: RohayhuP ($181.66 in chips) 
Seat 2: KarP93 ($100 in chips) 
Seat 3: crococroc914 ($52.52 in chips) 
Seat 4: rao999 ($102.79 in chips) 
Seat 5: alexandr699 ($107.31 in chips) 
Seat 6: reiyser ($102.48 in chips) 
KarP93: posts small blind $0.50
crococroc914: posts big blind $1
*** HOLE CARDS ***
rao999: raises $1.50 to $2.50
alexandr699: folds 
reiyser: folds 
RohayhuP: folds 
KarP93: folds 
crococroc914: calls $1.50
*** FLOP *** [3c 3d 5s]
crococroc914: checks 
rao999: bets $1.72
crococroc914: calls $1.72
*** TURN *** [3c 3d 5s] [8h]
crococroc914: checks 
rao999: checks 
*** RIVER *** [3c 3d 5s 8h] [Kh]
crococroc914: checks 
rao999: bets $5.60
crococroc914: raises $5.60 to $11.20
rao999: folds 
Uncalled bet ($5.60) returned to crococroc914
crococroc914 collected $19.13 from pot
crococroc914: doesn't show hand 
*** SUMMARY ***
Total pot $20.14 | Rake $1.01 
Board [3c 3d 5s 8h Kh]
Seat 1: RohayhuP (button) folded before Flop (didn't bet)
Seat 2: KarP93 (small blind) folded before Flop
Seat 3: crococroc914 (big blind) collected ($19.13)
Seat 4: rao999 folded on the River
Seat 5: alexandr699 folded before Flop (didn't bet)
Seat 6: reiyser folded before Flop (didn't bet)



PokerStars Hand #254566934367:  Hold'em No Limit ($0.50/$1.00 USD) - 2025/01/26 19:16:06 WET [2025/01/26 14:16:06 ET]
Table 'Thalassa V' 6-max Seat #2 is the button
Seat 1: RohayhuP ($181.66 in chips) 
Seat 2: KarP93 ($100 in chips) 
Seat 3: crococroc914 ($61.83 in chips) 
Seat 4: rao999 ($100 in chips) 
Seat 5: alexandr699 ($107.31 in chips) 
Seat 6: reiyser ($102.48 in chips) 
crococroc914: posts small blind $0.50
rao999: posts big blind $1
*** HOLE CARDS ***
alexandr699: folds 
reiyser: raises $1.23 to $2.23
RohayhuP: folds 
KarP93: folds 
crococroc914: calls $1.73
rao999: calls $1.23
*** FLOP *** [Jd Td 2c]
crococroc914: checks 
rao999: checks 
reiyser: bets $3.31
crococroc914: folds 
rao999: folds 
Uncalled bet ($3.31) returned to reiyser
reiyser collected $6.36 from pot
reiyser: doesn't show hand 
*** SUMMARY ***
Total pot $6.69 | Rake $0.33 
Board [Jd Td 2c]
Seat 1: RohayhuP folded before Flop (didn't bet)
Seat 2: KarP93 (button) folded before Flop (didn't bet)
Seat 3: crococroc914 (small blind) folded on the Flop
Seat 4: rao999 (big blind) folded on the Flop
Seat 5: alexandr699 folded before Flop (didn't bet)
Seat 6: reiyser collected ($6.36)



PokerStars Hand #254566951609:  Hold'em No Limit ($0.50/$1.00 USD) - 2025/01/26 19:16:53 WET [2025/01/26 14:16:53 ET]
Table 'Thalassa V' 6-max Seat #3 is the button
Seat 1: RohayhuP ($181.66 in chips) 
Seat 2: KarP93 ($100 in chips) 
Seat 3: crococroc914 ($59.60 in chips) 
Seat 4: rao999 ($100 in chips) 
Seat 5: alexandr699 ($107.31 in chips) 
Seat 6: reiyser ($106.61 in chips) 
rao999: posts small blind $0.50
alexandr699: posts big blind $1
*** HOLE CARDS ***
reiyser: folds 
RohayhuP: raises $2 to $3
KarP93: folds 
crococroc914: calls $3
rao999: folds 
alexandr699: folds 
*** FLOP *** [9h 3d Qh]
RohayhuP: bets $3.56
crococroc914: calls $3.56
*** TURN *** [9h 3d Qh] [Ah]
RohayhuP: bets $7.95
crococroc914: folds 
Uncalled bet ($7.95) returned to RohayhuP
RohayhuP collected $13.71 from pot
RohayhuP: doesn't show hand 
*** SUMMARY ***
Total pot $14.62 | Rake $0.91 
Board [9h 3d Qh Ah]
Seat 1: RohayhuP collected ($13.71)
Seat 2: KarP93 folded before Flop (didn't bet)
Seat 3: crococroc914 (button) folded on the Turn
Seat 4: rao999 (small blind) folded before Flop
Seat 5: alexandr699 (big blind) folded before Flop
Seat 6: reiyser folded before Flop (didn't bet)



PokerStars Hand #254566966461:  Hold'em No Limit ($0.50/$1.00 USD) - 2025/01/26 19:17:33 WET [2025/01/26 14:17:33 ET]
Table 'Thalassa V' 6-max Seat #4 is the button
Seat 1: RohayhuP ($188.81 in chips) 
Seat 2: KarP93 ($100 in chips) 
Seat 3: crococroc914 ($53.04 in chips) 
Seat 4: rao999 ($100 in chips) 
Seat 5: alexandr699 ($106.31 in chips) 
Seat 6: reiyser ($106.61 in chips) 
alexandr699: posts small blind $0.50
reiyser: posts big blind $1
*** HOLE CARDS ***
RohayhuP: folds 
KarP93: folds 
crococroc914: calls $1
rao999: folds 
alexandr699: folds 
reiyser: checks 
*** FLOP *** [Tc 5h 4h]
reiyser: checks 
crococroc914: checks 
*** TURN *** [Tc 5h 4h] [4s]
reiyser: checks 
crococroc914: checks 
*** RIVER *** [Tc 5h 4h 4s] [Ts]
reiyser: checks 
crococroc914: checks 
*** SHOW DOWN ***
reiyser: shows [2d Kd] (two pair, Tens and Fours)
crococroc914: mucks hand 
reiyser collected $2.38 from pot
*** SUMMARY ***
Total pot $2.50 | Rake $0.12 
Board [Tc 5h 4h 4s Ts]
Seat 1: RohayhuP folded before Flop (didn't bet)
Seat 2: KarP93 folded before Flop (didn't bet)
Seat 3: crococroc914 mucked
Seat 4: rao999 (button) folded before Flop (didn't bet)
Seat 5: alexandr699 (small blind) folded before Flop
Seat 6: reiyser (big blind) showed [2d Kd] and won ($2.38) with two pair, Tens and Fours



PokerStars Hand #254566985754:  Hold'em No Limit ($0.50/$1.00 USD) - 2025/01/26 19:18:26 WET [2025/01/26 14:18:26 ET]
Table 'Thalassa V' 6-max Seat #5 is the button
Seat 1: RohayhuP ($188.81 in chips) 
Seat 2: KarP93 ($100 in chips) 
Seat 3: crococroc914 ($52.04 in chips) 
Seat 4: rao999 ($100 in chips) 
Seat 5: alexandr699 ($105.81 in chips) 
Seat 6: reiyser ($107.99 in chips) 
reiyser: posts small blind $0.50
RohayhuP: posts big blind $1
*** HOLE CARDS ***
KarP93: folds 
crococroc914: calls $1
rao999: folds 
alexandr699: folds 
reiyser: folds 
RohayhuP: checks 
*** FLOP *** [8s Kc Ts]
RohayhuP: checks 
crococroc914: checks 
*** TURN *** [8s Kc Ts] [Jh]
RohayhuP: checks 
crococroc914: checks 
*** RIVER *** [8s Kc Ts Jh] [Js]
RohayhuP: bets $1.19
crococroc914: folds 
Uncalled bet ($1.19) returned to RohayhuP
RohayhuP collected $2.35 from pot
RohayhuP: doesn't show hand 
*** SUMMARY ***
Total pot $2.50 | Rake $0.15 
Board [8s Kc Ts Jh Js]
Seat 1: RohayhuP (big blind) collected ($2.35)
Seat 2: KarP93 folded before Flop (didn't bet)
Seat 3: crococroc914 folded on the River
Seat 4: rao999 folded before Flop (didn't bet)
Seat 5: alexandr699 (button) folded before Flop (didn't bet)
Seat 6: reiyser (small blind) folded before Flop



PokerStars Hand #254567003371:  Hold'em No Limit ($0.50/$1.00 USD) - 2025/01/26 19:19:15 WET [2025/01/26 14:19:15 ET]
Table 'Thalassa V' 6-max Seat #6 is the button
Seat 2: KarP93 ($100 in chips) is sitting out
Seat 1: RohayhuP ($190.16 in chips) 
Seat 3: crococroc914 ($51.04 in chips) 
Seat 4: rao999 ($100 in chips) 
Seat 5: alexandr699 ($105.81 in chips) 
Seat 6: reiyser ($107.49 in chips) 
RohayhuP: posts small blind $0.50
KarP93: is sitting out 
crococroc914: posts big blind $1
*** HOLE CARDS ***
KarP93 leaves the table
rao999: folds 
alexandr699: folds 
reiyser: folds 
RohayhuP: raises $2 to $3
crococroc914: calls $2
*** FLOP *** [2s 9h 4h]
RohayhuP: bets $2.85
crococroc914: folds 
Uncalled bet ($2.85) returned to RohayhuP
DL1B joins the table at seat #2 
RohayhuP collected $5.62 from pot
RohayhuP: doesn't show hand 
*** SUMMARY ***
Total pot $6 | Rake $0.38 
Board [2s 9h 4h]
Seat 2: KarP93
Seat 1: RohayhuP (small blind) collected ($5.62)
Seat 3: crococroc914 (big blind) folded on the Flop
Seat 4: rao999 folded before Flop (didn't bet)
Seat 5: alexandr699 folded before Flop (didn't bet)
Seat 6: reiyser (button) folded before Flop (didn't bet)



PokerStars Hand #254567016030:  Hold'em No Limit ($0.50/$1.00 USD) - 2025/01/26 19:19:50 WET [2025/01/26 14:19:50 ET]
Table 'Thalassa V' 6-max Seat #1 is the button
Seat 2: DL1B ($100 in chips) is sitting out
Seat 1: RohayhuP ($192.78 in chips) 
Seat 3: crococroc914 ($48.04 in chips) 
Seat 4: rao999 ($100 in chips) 
Seat 5: alexandr699 ($105.81 in chips) 
Seat 6: reiyser ($107.49 in chips) 
crococroc914: posts small blind $0.50
rao999: posts big blind $1
*** HOLE CARDS ***
alexandr699: folds 
reiyser: folds 
RohayhuP: folds 
crococroc914: calls $0.50
rao999: checks 
*** FLOP *** [4s 3c 5c]
crococroc914: bets $1.90
rao999: calls $1.90
*** TURN *** [4s 3c 5c] [Ah]
crococroc914: bets $5.51
rao999: folds 
Uncalled bet ($5.51) returned to crococroc914
crococroc914 collected $5.51 from pot
crococroc914: doesn't show hand 
*** SUMMARY ***
Total pot $5.80 | Rake $0.29 
Board [4s 3c 5c Ah]
Seat 2: DL1B
Seat 1: RohayhuP (button) folded before Flop (didn't bet)
Seat 3: crococroc914 (small blind) collected ($5.51)
Seat 4: rao999 (big blind) folded on the Turn
Seat 5: alexandr699 folded before Flop (didn't bet)
Seat 6: reiyser folded before Flop (didn't bet)



PokerStars Hand #254567028822:  Hold'em No Limit ($0.50/$1.00 USD) - 2025/01/26 19:20:25 WET [2025/01/26 14:20:25 ET]
Table 'Thalassa V' 6-max Seat #3 is the button
Seat 2: DL1B ($100 in chips) is sitting out
Seat 1: RohayhuP ($192.78 in chips) 
Seat 3: crococroc914 ($50.65 in chips) 
Seat 4: rao999 ($100 in chips) 
Seat 5: alexandr699 ($105.81 in chips) 
Seat 6: reiyser ($107.49 in chips) 
rao999: posts small blind $0.50
alexandr699: posts big blind $1
DL1B: sits out 
*** HOLE CARDS ***
reiyser: folds 
RohayhuP: folds 
crococroc914: calls $1
rao999: folds 
alexandr699: checks 
*** FLOP *** [Ks Jh As]
alexandr699: checks 
crococroc914: bets $2.38
alexandr699: folds 
Uncalled bet ($2.38) returned to crococroc914
crococroc914 collected $2.38 from pot
crococroc914: doesn't show hand 
*** SUMMARY ***
Total pot $2.50 | Rake $0.12 
Board [Ks Jh As]
Seat 2: DL1B
Seat 1: RohayhuP folded before Flop (didn't bet)
Seat 3: crococroc914 (button) collected ($2.38)
Seat 4: rao999 (small blind) folded before Flop
Seat 5: alexandr699 (big blind) folded on the Flop
Seat 6: reiyser folded before Flop (didn't bet)



PokerStars Hand #254567038563:  Hold'em No Limit ($0.50/$1.00 USD) - 2025/01/26 19:20:52 WET [2025/01/26 14:20:52 ET]
Table 'Thalassa V' 6-max Seat #4 is the button
Seat 2: DL1B ($100 in chips) is sitting out
Seat 1: RohayhuP ($192.78 in chips) 
Seat 3: crococroc914 ($52.03 in chips) 
Seat 4: rao999 ($100 in chips) 
Seat 5: alexandr699 ($104.81 in chips) 
Seat 6: reiyser ($107.49 in chips) 
alexandr699: posts small blind $0.50
reiyser: posts big blind $1
DL1B: sits out 
*** HOLE CARDS ***
RohayhuP: folds 
crococroc914: calls $1
rao999: folds 
alexandr699: folds 
reiyser: checks 
*** FLOP *** [2s Th 7c]
reiyser: checks 
crococroc914: checks 
*** TURN *** [2s Th 7c] [6s]
reiyser: bets $1.81
crococroc914: folds 
Uncalled bet ($1.81) returned to reiyser
reiyser collected $2.38 from pot
reiyser: doesn't show hand 
*** SUMMARY ***
Total pot $2.50 | Rake $0.12 
Board [2s Th 7c 6s]
Seat 2: DL1B
Seat 1: RohayhuP folded before Flop (didn't bet)
Seat 3: crococroc914 folded on the Turn
Seat 4: rao999 (button) folded before Flop (didn't bet)
Seat 5: alexandr699 (small blind) folded before Flop
Seat 6: reiyser (big blind) collected ($2.38)



PokerStars Hand #254567050173:  Hold'em No Limit ($0.50/$1.00 USD) - 2025/01/26 19:21:23 WET [2025/01/26 14:21:23 ET]
Table 'Thalassa V' 6-max Seat #5 is the button
Seat 2: DL1B ($100 in chips) is sitting out
Seat 1: RohayhuP ($192.78 in chips) 
Seat 3: crococroc914 ($51.03 in chips) 
Seat 4: rao999 ($100 in chips) 
Seat 5: alexandr699 ($104.31 in chips) 
Seat 6: reiyser ($108.87 in chips) 
reiyser: posts small blind $0.50
RohayhuP: posts big blind $1
DL1B: sits out 
*** HOLE CARDS ***
crococroc914: folds 
rao999: folds 
alexandr699: raises $1.98 to $2.98
reiyser: raises $10.02 to $13
RohayhuP: folds 
alexandr699: folds 
Uncalled bet ($10.02) returned to reiyser
reiyser collected $6.96 from pot
reiyser: doesn't show hand 
*** SUMMARY ***
Total pot $6.96 | Rake $0 
Seat 2: DL1B
Seat 1: RohayhuP (big blind) folded before Flop
Seat 3: crococroc914 folded before Flop (didn't bet)
Seat 4: rao999 folded before Flop (didn't bet)
Seat 5: alexandr699 (button) folded before Flop
Seat 6: reiyser (small blind) collected ($6.96)



PokerStars Hand #254567062735:  Hold'em No Limit ($0.50/$1.00 USD) - 2025/01/26 19:21:58 WET [2025/01/26 14:21:58 ET]
Table 'Thalassa V' 6-max Seat #6 is the button
Seat 1: RohayhuP ($191.78 in chips) 
Seat 2: DL1B ($100 in chips) 
Seat 3: crococroc914 ($51.03 in chips) 
Seat 4: rao999 ($100 in chips) 
Seat 5: alexandr699 ($101.33 in chips) 
Seat 6: reiyser ($112.85 in chips) 
RohayhuP: posts small blind $0.50
DL1B: posts big blind $1
*** HOLE CARDS ***
crococroc914: folds 
rao999: raises $1 to $2
alexandr699: folds 
reiyser: folds 
RohayhuP: calls $1.50
DL1B: folds 
*** FLOP *** [3d 7d 9d]
RohayhuP: checks 
rao999: bets $3.14
RohayhuP: folds 
Uncalled bet ($3.14) returned to rao999
rao999 collected $4.75 from pot
rao999: doesn't show hand 
*** SUMMARY ***
Total pot $5 | Rake $0.25 
Board [3d 7d 9d]
Seat 1: RohayhuP (small blind) folded on the Flop
Seat 2: DL1B (big blind) folded before Flop
Seat 3: crococroc914 folded before Flop (didn't bet)
Seat 4: rao999 collected ($4.75)
Seat 5: alexandr699 folded before Flop (didn't bet)
Seat 6: reiyser (button) folded before Flop (didn't bet)



PokerStars Hand #254567077244:  Hold'em No Limit ($0.50/$1.00 USD) - 2025/01/26 19:22:38 WET [2025/01/26 14:22:38 ET]
Table 'Thalassa V' 6-max Seat #1 is the button
Seat 1: RohayhuP ($189.78 in chips) 
Seat 2: DL1B ($100 in chips) 
Seat 3: crococroc914 ($51.03 in chips) 
Seat 4: rao999 ($102.75 in chips) 
Seat 5: alexandr699 ($101.33 in chips) 
Seat 6: reiyser ($112.85 in chips) 
DL1B: posts small blind $0.50
crococroc914: posts big blind $1
*** HOLE CARDS ***
rao999: folds 
alexandr699: folds 
reiyser: raises $1.23 to $2.23
RohayhuP: folds 
DL1B: folds 
crococroc914: calls $1.23
*** FLOP *** [Kc 8c 6c]
crococroc914: checks 
reiyser: bets $1.37
crococroc914: calls $1.37
*** TURN *** [Kc 8c 6c] [3c]
crococroc914: checks 
reiyser: checks 
*** RIVER *** [Kc 8c 6c 3c] [4h]
crococroc914: bets $3.66
reiyser: folds 
Uncalled bet ($3.66) returned to crococroc914
crococroc914 collected $7.32 from pot
crococroc914: doesn't show hand 
*** SUMMARY ***
Total pot $7.70 | Rake $0.38 
Board [Kc 8c 6c 3c 4h]
Seat 1: RohayhuP (button) folded before Flop (didn't bet)
Seat 2: DL1B (small blind) folded before Flop
Seat 3: crococroc914 (big blind) collected ($7.32)
Seat 4: rao999 folded before Flop (didn't bet)
Seat 5: alexandr699 folded before Flop (didn't bet)
Seat 6: reiyser folded on the River



PokerStars Hand #254567098850:  Hold'em No Limit ($0.50/$1.00 USD) - 2025/01/26 19:23:38 WET [2025/01/26 14:23:38 ET]
Table 'Thalassa V' 6-max Seat #2 is the button
Seat 1: RohayhuP ($189.78 in chips) 
Seat 2: DL1B ($100 in chips) 
Seat 3: crococroc914 ($54.75 in chips) 
Seat 4: rao999 ($102.75 in chips) 
Seat 5: alexandr699 ($101.33 in chips) 
Seat 6: reiyser ($109.25 in chips) 
crococroc914: posts small blind $0.50
rao999: posts big blind $1
*** HOLE CARDS ***
alexandr699: folds 
reiyser: raises $1.23 to $2.23
RohayhuP: folds 
DL1B: folds 
crococroc914: calls $1.73
rao999: calls $1.23
*** FLOP *** [9s 2s 9h]
crococroc914: checks 
rao999: checks 
reiyser: bets $1.84
crococroc914: folds 
rao999: folds 
Uncalled bet ($1.84) returned to reiyser
reiyser collected $6.36 from pot
reiyser: doesn't show hand 
*** SUMMARY ***
Total pot $6.69 | Rake $0.33 
Board [9s 2s 9h]
Seat 1: RohayhuP folded before Flop (didn't bet)
Seat 2: DL1B (button) folded before Flop (didn't bet)
Seat 3: crococroc914 (small blind) folded on the Flop
Seat 4: rao999 (big blind) folded on the Flop
Seat 5: alexandr699 folded before Flop (didn't bet)
Seat 6: reiyser collected ($6.36)



PokerStars Hand #254567112684:  Hold'em No Limit ($0.50/$1.00 USD) - 2025/01/26 19:24:16 WET [2025/01/26 14:24:16 ET]
Table 'Thalassa V' 6-max Seat #3 is the button
Seat 1: RohayhuP ($189.78 in chips) 
Seat 2: DL1B ($100 in chips) 
Seat 3: crococroc914 ($52.52 in chips) 
Seat 4: rao999 ($100.52 in chips) 
Seat 5: alexandr699 ($101.33 in chips) 
Seat 6: reiyser ($113.38 in chips) 
rao999: posts small blind $0.50
alexandr699: posts big blind $1
*** HOLE CARDS ***
reiyser: folds 
RohayhuP: raises $2 to $3
DL1B: folds 
crococroc914: calls $3
rao999: folds 
alexandr699: folds 
*** FLOP *** [7s Ts Jd]
RohayhuP: bets $3.56
crococroc914: folds 
Uncalled bet ($3.56) returned to RohayhuP
RohayhuP collected $7.02 from pot
RohayhuP: doesn't show hand 
*** SUMMARY ***
Total pot $7.50 | Rake $0.48 
Board [7s Ts Jd]
Seat 1: RohayhuP collected ($7.02)
Seat 2: DL1B folded before Flop (didn't bet)
Seat 3: crococroc914 (button) folded on the Flop
Seat 4: rao999 (small blind) folded before Flop
Seat 5: alexandr699 (big blind) folded before Flop
Seat 6: reiyser folded before Flop (didn't bet)



PokerStars Hand #254567128623:  Hold'em No Limit ($0.50/$1.00 USD) - 2025/01/26 19:24:59 WET [2025/01/26 14:24:59 ET]
Table 'Thalassa V' 6-max Seat #4 is the button
Seat 1: RohayhuP ($193.80 in chips) 
Seat 2: DL1B ($100 in chips) 
Seat 3: crococroc914 ($49.52 in chips) 
Seat 4: rao999 ($100.02 in chips) 
Seat 5: alexandr699 ($100.33 in chips) 
Seat 6: reiyser ($113.38 in chips) 
alexandr699: posts small blind $0.50
reiyser: posts big blind $1
*** HOLE CARDS ***
RohayhuP: raises $2 to $3
DL1B: folds 
crococroc914: folds 
rao999: folds 
alexandr699: folds 
reiyser: calls $2
*** FLOP *** [Kd Js Qc]
reiyser: checks 
RohayhuP: bets $3.09
reiyser: calls $3.09
*** TURN *** [Kd Js Qc] [9d]
reiyser: checks 
RohayhuP: checks 
*** RIVER *** [Kd Js Qc 9d] [Jh]
reiyser: checks 
RohayhuP: checks 
*** SHOW DOWN ***
reiyser: shows [2h Kh] (two pair, Kings and Jacks)
RohayhuP: mucks hand 
reiyser collected $12.05 from pot
*** SUMMARY ***
Total pot $12.68 | Rake $0.63 
Board [Kd Js Qc 9d Jh]
Seat 1: RohayhuP mucked
Seat 2: DL1B folded before Flop (didn't bet)
Seat 3: crococroc914 folded before Flop (didn't bet)
Seat 4: rao999 (button) folded before Flop (didn't bet)
Seat 5: alexandr699 (small blind) folded before Flop
Seat 6: reiyser (big blind) showed [2h Kh] and won ($12.05) with two pair, Kings and Jacks



PokerStars Hand #254567148877:  Hold'em No Limit ($0.50/$1.00 USD) - 2025/01/26 19:25:55 WET [2025/01/26 14:25:55 ET]
Table 'Thalassa V' 6-max Seat #5 is the button
Seat 1: RohayhuP ($187.71 in chips) 
Seat 2: DL1B ($100 in chips) 
Seat 3: crococroc914 ($49.52 in chips) 
Seat 4: rao999 ($100.02 in chips) 
Seat 5: alexandr699 ($100 in chips) 
Seat 6: reiyser ($119.34 in chips) 
reiyser: posts small blind $0.50
RohayhuP: posts big blind $1
*** HOLE CARDS ***
DL1B: folds 
crococroc914: calls $1
DL1B leaves the table
rao999: raises $3 to $4
alexandr699: folds 
reiyser: folds 
RohayhuP: folds 
crococroc914: calls $3
*** FLOP *** [4c 9c 8s]
crococroc914: checks 
rao999: bets $2.26
crococroc914: raises $6.77 to $9.03
xxxZeka joins the table at seat #2 
rao999: calls $6.77
*** TURN *** [4c 9c 8s] [Qd]
crococroc914: checks 
rao999: checks 
*** RIVER *** [4c 9c 8s Qd] [2s]
crococroc914: checks 
rao999: checks 
*** SHOW DOWN ***
crococroc914: shows [Kc Jh] (high card King)
rao999: shows [Ac Ts] (high card Ace)
rao999 collected $26.18 from pot
*** SUMMARY ***
Total pot $27.56 | Rake $1.38 
Board [4c 9c 8s Qd 2s]
Seat 1: RohayhuP (big blind) folded before Flop
Seat 2: DL1B folded before Flop (didn't bet)
Seat 3: crococroc914 showed [Kc Jh] and lost with high card King
Seat 4: rao999 showed [Ac Ts] and won ($26.18) with high card Ace
Seat 5: alexandr699 (button) folded before Flop (didn't bet)
Seat 6: reiyser (small blind) folded before Flop



PokerStars Hand #254567164366:  Hold'em No Limit ($0.50/$1.00 USD) - 2025/01/26 19:26:38 WET [2025/01/26 14:26:38 ET]
Table 'Thalassa V' 6-max Seat #6 is the button
Seat 1: RohayhuP ($186.71 in chips) 
Seat 2: xxxZeka ($100 in chips) 
Seat 3: crococroc914 ($36.49 in chips) 
Seat 4: rao999 ($113.17 in chips) 
Seat 5: alexandr699 ($100 in chips) 
Seat 6: reiyser ($118.84 in chips) 
RohayhuP: posts small blind $0.50
xxxZeka: posts big blind $1
*** HOLE CARDS ***
crococroc914: calls $1
rao999: folds 
alexandr699: folds 
reiyser: raises $3 to $4
RohayhuP: folds 
xxxZeka: folds 
crococroc914: calls $3
*** FLOP *** [6s 9s Jh]
crococroc914: checks 
reiyser: bets $6.86
crococroc914: folds 
Uncalled bet ($6.86) returned to reiyser
reiyser collected $9.02 from pot
reiyser: doesn't show hand 
*** SUMMARY ***
Total pot $9.50 | Rake $0.48 
Board [6s 9s Jh]
Seat 1: RohayhuP (small blind) folded before Flop
Seat 2: xxxZeka (big blind) folded before Flop
Seat 3: crococroc914 folded on the Flop
Seat 4: rao999 folded before Flop (didn't bet)
Seat 5: alexandr699 folded before Flop (didn't bet)
Seat 6: reiyser (button) collected ($9.02)



PokerStars Hand #254567177834:  Hold'em No Limit ($0.50/$1.00 USD) - 2025/01/26 19:27:16 WET [2025/01/26 14:27:16 ET]
Table 'Thalassa V' 6-max Seat #1 is the button
Seat 1: RohayhuP ($186.21 in chips) 
Seat 2: xxxZeka ($100 in chips) 
Seat 3: crococroc914 ($32.49 in chips) 
Seat 4: rao999 ($113.17 in chips) 
Seat 5: alexandr699 ($100 in chips) 
Seat 6: reiyser ($123.86 in chips) 
xxxZeka: posts small blind $0.50
crococroc914: posts big blind $1
*** HOLE CARDS ***
rao999: folds 
alexandr699: folds 
reiyser: folds 
RohayhuP: raises $1.50 to $2.50
xxxZeka: raises $8.50 to $11
crococroc914: folds 
RohayhuP: folds 
Uncalled bet ($8.50) returned to xxxZeka
xxxZeka collected $6 from pot
xxxZeka: doesn't show hand 
*** SUMMARY ***
Total pot $6 | Rake $0 
Seat 1: RohayhuP (button) folded before Flop
Seat 2: xxxZeka (small blind) collected ($6)
Seat 3: crococroc914 (big blind) folded before Flop
Seat 4: rao999 folded before Flop (didn't bet)
Seat 5: alexandr699 folded before Flop (didn't bet)
Seat 6: reiyser folded before Flop (didn't bet)



PokerStars Hand #254567189694:  Hold'em No Limit ($0.50/$1.00 USD) - 2025/01/26 19:27:48 WET [2025/01/26 14:27:48 ET]
Table 'Thalassa V' 6-max Seat #2 is the button
Seat 1: RohayhuP ($183.71 in chips) 
Seat 2: xxxZeka ($103.50 in chips) 
Seat 3: crococroc914 ($31.49 in chips) 
Seat 4: rao999 ($113.17 in chips) 
Seat 5: alexandr699 ($100 in chips) 
Seat 6: reiyser ($123.86 in chips) 
crococroc914: posts small blind $0.50
rao999: posts big blind $1
*** HOLE CARDS ***
alexandr699: folds 
reiyser: folds 
RohayhuP: folds 
xxxZeka: folds 
crococroc914: raises $2 to $3
rao999: raises $110.17 to $113.17 and is all-in
crococroc914: folds 
Uncalled bet ($110.17) returned to rao999
rao999 collected $6 from pot
rao999: doesn't show hand 
*** SUMMARY ***
Total pot $6 | Rake $0 
Seat 1: RohayhuP folded before Flop (didn't bet)
Seat 2: xxxZeka (button) folded before Flop (didn't bet)
Seat 3: crococroc914 (small blind) folded before Flop
Seat 4: rao999 (big blind) collected ($6)
Seat 5: alexandr699 folded before Flop (didn't bet)
Seat 6: reiyser folded before Flop (didn't bet)



PokerStars Hand #254567199325:  Hold'em No Limit ($0.50/$1.00 USD) - 2025/01/26 19:28:15 WET [2025/01/26 14:28:15 ET]
Table 'Thalassa V' 6-max Seat #3 is the button
Seat 1: RohayhuP ($183.71 in chips) 
Seat 2: xxxZeka ($103.50 in chips) 
Seat 3: crococroc914 ($28.49 in chips) 
Seat 4: rao999 ($116.17 in chips) 
Seat 5: alexandr699 ($100 in chips) 
Seat 6: reiyser ($123.86 in chips) 
rao999: posts small blind $0.50
alexandr699: posts big blind $1
*** HOLE CARDS ***
reiyser: folds 
RohayhuP: folds 
xxxZeka: raises $1.50 to $2.50
crococroc914: calls $2.50
rao999: folds 
alexandr699: raises $10.50 to $13
xxxZeka: calls $10.50
crococroc914: folds 
*** FLOP *** [4d 4h 5h]
alexandr699: checks 
xxxZeka: checks 
*** TURN *** [4d 4h 5h] [Qh]
alexandr699: checks 
xxxZeka: bets $15
alexandr699: folds 
Uncalled bet ($15) returned to xxxZeka
xxxZeka collected $27.55 from pot
xxxZeka: doesn't show hand 
*** SUMMARY ***
Total pot $29 | Rake $1.45 
Board [4d 4h 5h Qh]
Seat 1: RohayhuP folded before Flop (didn't bet)
Seat 2: xxxZeka collected ($27.55)
Seat 3: crococroc914 (button) folded before Flop
Seat 4: rao999 (small blind) folded before Flop
Seat 5: alexandr699 (big blind) folded on the Turn
Seat 6: reiyser folded before Flop (didn't bet)



PokerStars Hand #254567239685:  Hold'em No Limit ($0.50/$1.00 USD) - 2025/01/26 19:30:06 WET [2025/01/26 14:30:06 ET]
Table 'Thalassa V' 6-max Seat #4 is the button
Seat 1: RohayhuP ($183.71 in chips) 
Seat 2: xxxZeka ($118.05 in chips) 
Seat 3: crococroc914 ($25.99 in chips) 
Seat 4: rao999 ($115.67 in chips) 
Seat 5: alexandr699 ($100 in chips) 
Seat 6: reiyser ($123.86 in chips) 
alexandr699: posts small blind $0.50
reiyser: posts big blind $1
*** HOLE CARDS ***
RohayhuP: folds 
xxxZeka: folds 
crococroc914: calls $1
rao999: folds 
alexandr699: calls $0.50
reiyser: checks 
*** FLOP *** [9h 7c 4s]
alexandr699: checks 
reiyser: checks 
crococroc914: checks 
*** TURN *** [9h 7c 4s] [Qc]
alexandr699: checks 
reiyser: checks 
crococroc914: checks 
*** RIVER *** [9h 7c 4s Qc] [Jh]
alexandr699: checks 
reiyser: bets $1.48
crococroc914: folds 
alexandr699: folds 
Uncalled bet ($1.48) returned to reiyser
reiyser collected $2.85 from pot
reiyser: doesn't show hand 
*** SUMMARY ***
Total pot $3 | Rake $0.15 
Board [9h 7c 4s Qc Jh]
Seat 1: RohayhuP folded before Flop (didn't bet)
Seat 2: xxxZeka folded before Flop (didn't bet)
Seat 3: crococroc914 folded on the River
Seat 4: rao999 (button) folded before Flop (didn't bet)
Seat 5: alexandr699 (small blind) folded on the River
Seat 6: reiyser (big blind) collected ($2.85)



PokerStars Hand #254567264460:  Hold'em No Limit ($0.50/$1.00 USD) - 2025/01/26 19:31:14 WET [2025/01/26 14:31:14 ET]
Table 'Thalassa V' 6-max Seat #5 is the button
Seat 1: RohayhuP ($183.71 in chips) 
Seat 2: xxxZeka ($118.05 in chips) 
Seat 3: crococroc914 ($24.99 in chips) 
Seat 4: rao999 ($115.67 in chips) 
Seat 5: alexandr699 ($100 in chips) 
Seat 6: reiyser ($125.71 in chips) 
reiyser: posts small blind $0.50
RohayhuP: posts big blind $1
*** HOLE CARDS ***
xxxZeka: folds 
crococroc914: folds 
rao999: folds 
alexandr699: raises $1.98 to $2.98
reiyser: folds 
RohayhuP: folds 
Uncalled bet ($1.98) returned to alexandr699
alexandr699 collected $2.50 from pot
alexandr699: doesn't show hand 
*** SUMMARY ***
Total pot $2.50 | Rake $0 
Seat 1: RohayhuP (big blind) folded before Flop
Seat 2: xxxZeka folded before Flop (didn't bet)
Seat 3: crococroc914 folded before Flop (didn't bet)
Seat 4: rao999 folded before Flop (didn't bet)
Seat 5: alexandr699 (button) collected ($2.50)
Seat 6: reiyser (small blind) folded before Flop



PokerStars Hand #254567270440:  Hold'em No Limit ($0.50/$1.00 USD) - 2025/01/26 19:31:30 WET [2025/01/26 14:31:30 ET]
Table 'Thalassa V' 6-max Seat #6 is the button
Seat 1: RohayhuP ($182.71 in chips) 
Seat 2: xxxZeka ($118.05 in chips) 
Seat 3: crococroc914 ($24.99 in chips) 
Seat 4: rao999 ($115.67 in chips) 
Seat 5: alexandr699 ($101.50 in chips) 
Seat 6: reiyser ($125.21 in chips) 
RohayhuP: posts small blind $0.50
xxxZeka: posts big blind $1
*** HOLE CARDS ***
crococroc914: folds 
rao999: folds 
alexandr699: folds 
reiyser: folds 
RohayhuP: raises $2 to $3
xxxZeka: raises $6 to $9
RohayhuP: folds 
Uncalled bet ($6) returned to xxxZeka
xxxZeka collected $6 from pot
xxxZeka: doesn't show hand 
*** SUMMARY ***
Total pot $6 | Rake $0 
Seat 1: RohayhuP (small blind) folded before Flop
Seat 2: xxxZeka (big blind) collected ($6)
Seat 3: crococroc914 folded before Flop (didn't bet)
Seat 4: rao999 folded before Flop (didn't bet)
Seat 5: alexandr699 folded before Flop (didn't bet)
Seat 6: reiyser (button) folded before Flop (didn't bet)



PokerStars Hand #254567283865:  Hold'em No Limit ($0.50/$1.00 USD) - 2025/01/26 19:32:06 WET [2025/01/26 14:32:06 ET]
Table 'Thalassa V' 6-max Seat #1 is the button
Seat 1: RohayhuP ($179.71 in chips) 
Seat 2: xxxZeka ($121.05 in chips) 
Seat 3: crococroc914 ($24.99 in chips) 
Seat 4: rao999 ($115.67 in chips) 
Seat 5: alexandr699 ($101.50 in chips) 
Seat 6: reiyser ($125.21 in chips) 
xxxZeka: posts small blind $0.50
crococroc914: posts big blind $1
*** HOLE CARDS ***
rao999: folds 
alexandr699: folds 
reiyser: folds 
RohayhuP: folds 
xxxZeka: folds 
Uncalled bet ($0.50) returned to crococroc914
crococroc914 collected $1 from pot
crococroc914: doesn't show hand 
*** SUMMARY ***
Total pot $1 | Rake $0 
Seat 1: RohayhuP (button) folded before Flop (didn't bet)
Seat 2: xxxZeka (small blind) folded before Flop
Seat 3: crococroc914 (big blind) collected ($1)
Seat 4: rao999 folded before Flop (didn't bet)
Seat 5: alexandr699 folded before Flop (didn't bet)
Seat 6: reiyser folded before Flop (didn't bet)



PokerStars Hand #254567290497:  Hold'em No Limit ($0.50/$1.00 USD) - 2025/01/26 19:32:24 WET [2025/01/26 14:32:24 ET]
Table 'Thalassa V' 6-max Seat #2 is the button
Seat 1: RohayhuP ($179.71 in chips) 
Seat 2: xxxZeka ($120.55 in chips) 
Seat 3: crococroc914 ($25.49 in chips) 
Seat 4: rao999 ($115.67 in chips) 
Seat 5: alexandr699 ($101.50 in chips) 
Seat 6: reiyser ($125.21 in chips) 
crococroc914: posts small blind $0.50
rao999: posts big blind $1
*** HOLE CARDS ***
alexandr699: folds 
reiyser: raises $1.23 to $2.23
RohayhuP: folds 
xxxZeka: calls $2.23
crococroc914: calls $1.73
rao999: folds 
*** FLOP *** [9c 6c Qh]
crococroc914: checks 
reiyser: checks 
xxxZeka: checks 
*** TURN *** [9c 6c Qh] [8s]
crococroc914: checks 
reiyser: checks 
xxxZeka: bets $4.82
crococroc914: folds 
reiyser: folds 
Uncalled bet ($4.82) returned to xxxZeka
xxxZeka collected $7.31 from pot
xxxZeka: doesn't show hand 
*** SUMMARY ***
Total pot $7.69 | Rake $0.38 
Board [9c 6c Qh 8s]
Seat 1: RohayhuP folded before Flop (didn't bet)
Seat 2: xxxZeka (button) collected ($7.31)
Seat 3: crococroc914 (small blind) folded on the Turn
Seat 4: rao999 (big blind) folded before Flop
Seat 5: alexandr699 folded before Flop (didn't bet)
Seat 6: reiyser folded on the Turn



PokerStars Hand #254567314803:  Hold'em No Limit ($0.50/$1.00 USD) - 2025/01/26 19:33:28 WET [2025/01/26 14:33:28 ET]
Table 'Thalassa V' 6-max Seat #3 is the button
Seat 1: RohayhuP ($179.71 in chips) 
Seat 2: xxxZeka ($125.63 in chips) 
Seat 3: crococroc914 ($23.26 in chips) 
Seat 4: rao999 ($114.67 in chips) 
Seat 5: alexandr699 ($101.50 in chips) 
Seat 6: reiyser ($122.98 in chips) 
rao999: posts small blind $0.50
alexandr699: posts big blind $1
*** HOLE CARDS ***
reiyser: folds 
RohayhuP: folds 
xxxZeka: folds 
crococroc914: folds 
rao999: folds 
Uncalled bet ($0.50) returned to alexandr699
alexandr699 collected $1 from pot
alexandr699: doesn't show hand 
*** SUMMARY ***
Total pot $1 | Rake $0 
Seat 1: RohayhuP folded before Flop (didn't bet)
Seat 2: xxxZeka folded before Flop (didn't bet)
Seat 3: crococroc914 (button) folded before Flop (didn't bet)
Seat 4: rao999 (small blind) folded before Flop
Seat 5: alexandr699 (big blind) collected ($1)
Seat 6: reiyser folded before Flop (didn't bet)



PokerStars Hand #254567320966:  Hold'em No Limit ($0.50/$1.00 USD) - 2025/01/26 19:33:45 WET [2025/01/26 14:33:45 ET]
Table 'Thalassa V' 6-max Seat #4 is the button
Seat 1: RohayhuP ($179.71 in chips) 
Seat 2: xxxZeka ($125.63 in chips) 
Seat 3: crococroc914 ($23.26 in chips) 
Seat 4: rao999 ($114.17 in chips) 
Seat 5: alexandr699 ($102 in chips) 
Seat 6: reiyser ($122.98 in chips) 
alexandr699: posts small blind $0.50
reiyser: posts big blind $1
*** HOLE CARDS ***
RohayhuP: raises $2 to $3
xxxZeka: folds 
crococroc914: folds 
rao999: folds 
alexandr699: folds 
reiyser: folds 
Uncalled bet ($2) returned to RohayhuP
RohayhuP collected $2.50 from pot
RohayhuP: doesn't show hand 
*** SUMMARY ***
Total pot $2.50 | Rake $0 
Seat 1: RohayhuP collected ($2.50)
Seat 2: xxxZeka folded before Flop (didn't bet)
Seat 3: crococroc914 folded before Flop (didn't bet)
Seat 4: rao999 (button) folded before Flop (didn't bet)
Seat 5: alexandr699 (small blind) folded before Flop
Seat 6: reiyser (big blind) folded before Flop



PokerStars Hand #254567331738:  Hold'em No Limit ($0.50/$1.00 USD) - 2025/01/26 19:34:14 WET [2025/01/26 14:34:14 ET]
Table 'Thalassa V' 6-max Seat #5 is the button
Seat 1: RohayhuP ($181.21 in chips) 
Seat 2: xxxZeka ($125.63 in chips) 
Seat 3: crococroc914 ($23.26 in chips) 
Seat 4: rao999 ($114.17 in chips) 
Seat 5: alexandr699 ($101.50 in chips) 
Seat 6: reiyser ($121.98 in chips) 
reiyser: posts small blind $0.50
RohayhuP: posts big blind $1
*** HOLE CARDS ***
xxxZeka: folds 
crococroc914: folds 
rao999: folds 
alexandr699: folds 
reiyser: folds 
Uncalled bet ($0.50) returned to RohayhuP
RohayhuP collected $1 from pot
RohayhuP: doesn't show hand 
*** SUMMARY ***
Total pot $1 | Rake $0 
Seat 1: RohayhuP (big blind) collected ($1)
Seat 2: xxxZeka folded before Flop (didn't bet)
Seat 3: crococroc914 folded before Flop (didn't bet)
Seat 4: rao999 folded before Flop (didn't bet)
Seat 5: alexandr699 (button) folded before Flop (didn't bet)
Seat 6: reiyser (small blind) folded before Flop



PokerStars Hand #254567341036:  Hold'em No Limit ($0.50/$1.00 USD) - 2025/01/26 19:34:39 WET [2025/01/26 14:34:39 ET]
Table 'Thalassa V' 6-max Seat #6 is the button
Seat 1: RohayhuP ($181.71 in chips) 
Seat 2: xxxZeka ($125.63 in chips) 
Seat 3: crococroc914 ($23.26 in chips) 
Seat 4: rao999 ($114.17 in chips) 
Seat 5: alexandr699 ($101.50 in chips) 
Seat 6: reiyser ($121.48 in chips) 
RohayhuP: posts small blind $0.50
xxxZeka: posts big blind $1
*** HOLE CARDS ***
crococroc914: folds 
rao999 has timed out
rao999: folds 
alexandr699: folds 
reiyser: raises $1.23 to $2.23
RohayhuP: folds 
xxxZeka: calls $1.23
*** FLOP *** [Kh 6s 5h]
xxxZeka: checks 
reiyser: bets $2.45
xxxZeka: folds 
Uncalled bet ($2.45) returned to reiyser
reiyser collected $4.71 from pot
reiyser: doesn't show hand 
*** SUMMARY ***
Total pot $4.96 | Rake $0.25 
Board [Kh 6s 5h]
Seat 1: RohayhuP (small blind) folded before Flop
Seat 2: xxxZeka (big blind) folded on the Flop
Seat 3: crococroc914 folded before Flop (didn't bet)
Seat 4: rao999 folded before Flop (didn't bet)
Seat 5: alexandr699 folded before Flop (didn't bet)
Seat 6: reiyser (button) collected ($4.71)



PokerStars Hand #254567358038:  Hold'em No Limit ($0.50/$1.00 USD) - 2025/01/26 19:35:25 WET [2025/01/26 14:35:25 ET]
Table 'Thalassa V' 6-max Seat #1 is the button
Seat 1: RohayhuP ($181.21 in chips) 
Seat 2: xxxZeka ($123.40 in chips) 
Seat 3: crococroc914 ($23.26 in chips) 
Seat 4: rao999 ($114.17 in chips) 
Seat 5: alexandr699 ($101.50 in chips) 
Seat 6: reiyser ($123.96 in chips) 
xxxZeka: posts small blind $0.50
crococroc914: posts big blind $1
*** HOLE CARDS ***
rao999: folds 
alexandr699: folds 
reiyser: folds 
RohayhuP: folds 
xxxZeka: folds 
Uncalled bet ($0.50) returned to crococroc914
crococroc914 collected $1 from pot
crococroc914: doesn't show hand 
*** SUMMARY ***
Total pot $1 | Rake $0 
Seat 1: RohayhuP (button) folded before Flop (didn't bet)
Seat 2: xxxZeka (small blind) folded before Flop
Seat 3: crococroc914 (big blind) collected ($1)
Seat 4: rao999 folded before Flop (didn't bet)
Seat 5: alexandr699 folded before Flop (didn't bet)
Seat 6: reiyser folded before Flop (didn't bet)



PokerStars Hand #254567362918:  Hold'em No Limit ($0.50/$1.00 USD) - 2025/01/26 19:35:38 WET [2025/01/26 14:35:38 ET]
Table 'Thalassa V' 6-max Seat #2 is the button
Seat 1: RohayhuP ($181.21 in chips) 
Seat 2: xxxZeka ($122.90 in chips) 
Seat 3: crococroc914 ($23.76 in chips) 
Seat 4: rao999 ($114.17 in chips) 
Seat 5: alexandr699 ($101.50 in chips) 
Seat 6: reiyser ($123.96 in chips) 
crococroc914: posts small blind $0.50
rao999: posts big blind $1
*** HOLE CARDS ***
alexandr699: folds 
reiyser: folds 
RohayhuP: raises $2 to $3
xxxZeka: folds 
crococroc914: folds 
rao999: folds 
Uncalled bet ($2) returned to RohayhuP
RohayhuP collected $2.50 from pot
RohayhuP: doesn't show hand 
*** SUMMARY ***
Total pot $2.50 | Rake $0 
Seat 1: RohayhuP collected ($2.50)
Seat 2: xxxZeka (button) folded before Flop (didn't bet)
Seat 3: crococroc914 (small blind) folded before Flop
Seat 4: rao999 (big blind) folded before Flop
Seat 5: alexandr699 folded before Flop (didn't bet)
Seat 6: reiyser folded before Flop (didn't bet)



PokerStars Hand #254567374553:  Hold'em No Limit ($0.50/$1.00 USD) - 2025/01/26 19:36:10 WET [2025/01/26 14:36:10 ET]
Table 'Thalassa V' 6-max Seat #3 is the button
Seat 1: RohayhuP ($182.71 in chips) 
Seat 2: xxxZeka ($122.90 in chips) 
Seat 3: crococroc914 ($23.26 in chips) 
Seat 4: rao999 ($113.17 in chips) 
Seat 5: alexandr699 ($101.50 in chips) 
Seat 6: reiyser ($123.96 in chips) 
rao999: posts small blind $0.50
alexandr699: posts big blind $1
*** HOLE CARDS ***
reiyser: raises $1.23 to $2.23
RohayhuP: folds 
xxxZeka: folds 
crococroc914: folds 
rao999: raises $9.77 to $12
alexandr699: folds 
reiyser: folds 
Uncalled bet ($9.77) returned to rao999
rao999 collected $5.46 from pot
rao999: doesn't show hand 
*** SUMMARY ***
Total pot $5.46 | Rake $0 
Seat 1: RohayhuP folded before Flop (didn't bet)
Seat 2: xxxZeka folded before Flop (didn't bet)
Seat 3: crococroc914 (button) folded before Flop (didn't bet)
Seat 4: rao999 (small blind) collected ($5.46)
Seat 5: alexandr699 (big blind) folded before Flop
Seat 6: reiyser folded before Flop



PokerStars Hand #254567385197:  Hold'em No Limit ($0.50/$1.00 USD) - 2025/01/26 19:36:38 WET [2025/01/26 14:36:38 ET]
Table 'Thalassa V' 6-max Seat #4 is the button
Seat 1: RohayhuP ($182.71 in chips) 
Seat 2: xxxZeka ($122.90 in chips) 
Seat 3: crococroc914 ($23.26 in chips) 
Seat 4: rao999 ($116.40 in chips) 
Seat 5: alexandr699 ($100.50 in chips) 
Seat 6: reiyser ($121.73 in chips) 
alexandr699: posts small blind $0.50
reiyser: posts big blind $1
*** HOLE CARDS ***
RohayhuP: folds 
xxxZeka: folds 
crococroc914: calls $1
rao999: raises $3 to $4
alexandr699: raises $10 to $14
reiyser: folds 
crococroc914: folds 
rao999: folds 
Uncalled bet ($10) returned to alexandr699
alexandr699 collected $10 from pot
alexandr699: doesn't show hand 
*** SUMMARY ***
Total pot $10 | Rake $0 
Seat 1: RohayhuP folded before Flop (didn't bet)
Seat 2: xxxZeka folded before Flop (didn't bet)
Seat 3: crococroc914 folded before Flop
Seat 4: rao999 (button) folded before Flop
Seat 5: alexandr699 (small blind) collected ($10)
Seat 6: reiyser (big blind) folded before Flop



PokerStars Hand #254567394940:  Hold'em No Limit ($0.50/$1.00 USD) - 2025/01/26 19:37:04 WET [2025/01/26 14:37:04 ET]
Table 'Thalassa V' 6-max Seat #5 is the button
Seat 1: RohayhuP ($182.71 in chips) 
Seat 2: xxxZeka ($122.90 in chips) 
Seat 3: crococroc914 ($22.26 in chips) 
Seat 4: rao999 ($112.40 in chips) 
Seat 5: alexandr699 ($106.50 in chips) 
Seat 6: reiyser ($120.73 in chips) 
reiyser: posts small blind $0.50
RohayhuP: posts big blind $1
*** HOLE CARDS ***
xxxZeka: folds 
crococroc914: raises $21.26 to $22.26 and is all-in
rao999: folds 
alexandr699: calls $22.26
reiyser: folds 
RohayhuP: folds 
*** FLOP *** [9d Ad Kc]
*** TURN *** [9d Ad Kc] [3h]
*** RIVER *** [9d Ad Kc 3h] [Ts]
*** SHOW DOWN ***
crococroc914: shows [6s 8s] (high card Ace)
alexandr699: shows [Ah 9h] (two pair, Aces and Nines)
alexandr699 collected $43.72 from pot
*** SUMMARY ***
Total pot $46.02 | Rake $2.30 
Board [9d Ad Kc 3h Ts]
Seat 1: RohayhuP (big blind) folded before Flop
Seat 2: xxxZeka folded before Flop (didn't bet)
Seat 3: crococroc914 showed [6s 8s] and lost with high card Ace
Seat 4: rao999 folded before Flop (didn't bet)
Seat 5: alexandr699 (button) showed [Ah 9h] and won ($43.72) with two pair, Aces and Nines
Seat 6: reiyser (small blind) folded before Flop



PokerStars Hand #254567410350:  Hold'em No Limit ($0.50/$1.00 USD) - 2025/01/26 19:37:46 WET [2025/01/26 14:37:46 ET]
Table 'Thalassa V' 6-max Seat #6 is the button
Seat 3: crococroc914 ($0 in chips) is sitting out
Seat 1: RohayhuP ($181.71 in chips) 
Seat 2: xxxZeka ($122.90 in chips) 
Seat 4: rao999 ($112.40 in chips) 
Seat 5: alexandr699 ($127.96 in chips) 
Seat 6: reiyser ($120.23 in chips) 
RohayhuP: posts small blind $0.50
xxxZeka: posts big blind $1
*** HOLE CARDS ***
rao999: folds 
crococroc914 leaves the table
alexandr699: raises $1.98 to $2.98
reiyser: folds 
RohayhuP: folds 
xxxZeka: folds 
Uncalled bet ($1.98) returned to alexandr699
alexandr699 collected $2.50 from pot
alexandr699: doesn't show hand 
michasia joins the table at seat #3 
*** SUMMARY ***
Total pot $2.50 | Rake $0 
Seat 3: crococroc914
Seat 1: RohayhuP (small blind) folded before Flop
Seat 2: xxxZeka (big blind) folded before Flop
Seat 4: rao999 folded before Flop (didn't bet)
Seat 5: alexandr699 collected ($2.50)
Seat 6: reiyser (button) folded before Flop (didn't bet)



PokerStars Hand #254567417344:  Hold'em No Limit ($0.50/$1.00 USD) - 2025/01/26 19:38:05 WET [2025/01/26 14:38:05 ET]
Table 'Thalassa V' 6-max Seat #1 is the button
Seat 1: RohayhuP ($181.21 in chips) 
Seat 2: xxxZeka ($121.90 in chips) 
Seat 3: michasia ($100 in chips) 
Seat 4: rao999 ($112.40 in chips) 
Seat 5: alexandr699 ($129.46 in chips) 
Seat 6: reiyser ($120.23 in chips) 
xxxZeka: posts small blind $0.50
michasia: posts big blind $1
*** HOLE CARDS ***
rao999: folds 
alexandr699: folds 
rao999 leaves the table
reiyser: raises $1.23 to $2.23
RohayhuP: folds 
xxxZeka: folds 
michasia: calls $1.23
*** FLOP *** [Qc 9c 4h]
michasia: checks 
reiyser: checks 
*** TURN *** [Qc 9c 4h] [4c]
zhino joins the table at seat #4 
michasia: checks 
reiyser: bets $2.45
michasia: calls $2.45
*** RIVER *** [Qc 9c 4h 4c] [Js]
michasia: checks 
reiyser: checks 
*** SHOW DOWN ***
michasia: shows [Qh 6h] (two pair, Queens and Fours)
reiyser: mucks hand 
michasia collected $9.37 from pot
*** SUMMARY ***
Total pot $9.86 | Rake $0.49 
Board [Qc 9c 4h 4c Js]
Seat 1: RohayhuP (button) folded before Flop (didn't bet)
Seat 2: xxxZeka (small blind) folded before Flop
Seat 3: michasia (big blind) showed [Qh 6h] and won ($9.37) with two pair, Queens and Fours
Seat 4: rao999 folded before Flop (didn't bet)
Seat 5: alexandr699 folded before Flop (didn't bet)
Seat 6: reiyser mucked



PokerStars Hand #254567436365:  Hold'em No Limit ($0.50/$1.00 USD) - 2025/01/26 19:38:55 WET [2025/01/26 14:38:55 ET]
Table 'Thalassa V' 6-max Seat #2 is the button
Seat 1: RohayhuP ($181.21 in chips) 
Seat 2: xxxZeka ($121.40 in chips) 
Seat 3: michasia ($104.69 in chips) 
Seat 4: zhino ($80 in chips) 
Seat 5: alexandr699 ($129.46 in chips) 
Seat 6: reiyser ($115.55 in chips) 
michasia: posts small blind $0.50
zhino: posts big blind $1
*** HOLE CARDS ***
alexandr699: folds 
reiyser: folds 
RohayhuP: folds 
xxxZeka: folds 
alexandr699 leaves the table
michasia: raises $2 to $3
zhino: folds 
Uncalled bet ($2) returned to michasia
michasia collected $2 from pot
michasia: doesn't show hand 
*** SUMMARY ***
Total pot $2 | Rake $0 
Seat 1: RohayhuP folded before Flop (didn't bet)
Seat 2: xxxZeka (button) folded before Flop (didn't bet)
Seat 3: michasia (small blind) collected ($2)
Seat 4: zhino (big blind) folded before Flop
Seat 5: alexandr699 folded before Flop (didn't bet)
Seat 6: reiyser folded before Flop (didn't bet)



PokerStars Hand #254567444474:  Hold'em No Limit ($0.50/$1.00 USD) - 2025/01/26 19:39:17 WET [2025/01/26 14:39:17 ET]
Table 'Thalassa V' 6-max Seat #3 is the button
Seat 1: RohayhuP ($181.21 in chips) 
Seat 2: xxxZeka ($121.40 in chips) 
Seat 3: michasia ($105.69 in chips) 
Seat 4: zhino ($100 in chips) 
Seat 6: reiyser ($115.55 in chips) 
zhino: posts small blind $0.50
reiyser: posts big blind $1
*** HOLE CARDS ***
RohayhuP: folds 
xxxZeka: folds 
michasia: raises $1.80 to $2.80
zhino: folds 
reiyser: folds 
Uncalled bet ($1.80) returned to michasia
michasia collected $2.50 from pot
michasia: doesn't show hand 
*** SUMMARY ***
Total pot $2.50 | Rake $0 
Seat 1: RohayhuP folded before Flop (didn't bet)
Seat 2: xxxZeka folded before Flop (didn't bet)
Seat 3: michasia (button) collected ($2.50)
Seat 4: zhino (small blind) folded before Flop
Seat 6: reiyser (big blind) folded before Flop



PokerStars Hand #254567450901:  Hold'em No Limit ($0.50/$1.00 USD) - 2025/01/26 19:39:34 WET [2025/01/26 14:39:34 ET]
Table 'Thalassa V' 6-max Seat #4 is the button
Seat 1: RohayhuP ($181.21 in chips) 
Seat 2: xxxZeka ($121.40 in chips) 
Seat 3: michasia ($107.19 in chips) 
Seat 4: zhino ($99.50 in chips) 
Seat 6: reiyser ($114.55 in chips) 
reiyser: posts small blind $0.50
RohayhuP: posts big blind $1
*** HOLE CARDS ***
xxxZeka: folds 
michasia: raises $1.80 to $2.80
zhino: folds 
reiyser: folds 
RohayhuP: folds 
Uncalled bet ($1.80) returned to michasia
michasia collected $2.50 from pot
michasia: doesn't show hand 
*** SUMMARY ***
Total pot $2.50 | Rake $0 
Seat 1: RohayhuP (big blind) folded before Flop
Seat 2: xxxZeka folded before Flop (didn't bet)
Seat 3: michasia collected ($2.50)
Seat 4: zhino (button) folded before Flop (didn't bet)
Seat 6: reiyser (small blind) folded before Flop



PokerStars Hand #254567455672:  Hold'em No Limit ($0.50/$1.00 USD) - 2025/01/26 19:39:47 WET [2025/01/26 14:39:47 ET]
Table 'Thalassa V' 6-max Seat #6 is the button
Seat 4: zhino ($99.50 in chips) is sitting out
Seat 1: RohayhuP ($180.21 in chips) 
Seat 2: xxxZeka ($121.40 in chips) 
Seat 3: michasia ($108.69 in chips) 
Seat 6: reiyser ($114.05 in chips) 
RohayhuP: posts small blind $0.50
xxxZeka: posts big blind $1
*** HOLE CARDS ***
michasia: folds 
reiyser: raises $1.23 to $2.23
RohayhuP: folds 
xxxZeka: folds 
Uncalled bet ($1.23) returned to reiyser
reiyser collected $2.50 from pot
reiyser: doesn't show hand 
*** SUMMARY ***
Total pot $2.50 | Rake $0 
Seat 4: zhino
Seat 1: RohayhuP (small blind) folded before Flop
Seat 2: xxxZeka (big blind) folded before Flop
Seat 3: michasia folded before Flop (didn't bet)
Seat 6: reiyser (button) collected ($2.50)



PokerStars Hand #254567462654:  Hold'em No Limit ($0.50/$1.00 USD) - 2025/01/26 19:40:06 WET [2025/01/26 14:40:06 ET]
Table 'Thalassa V' 6-max Seat #2 is the button
Seat 3: michasia ($108.69 in chips) is sitting out
Seat 4: zhino ($99.50 in chips) is sitting out
Seat 6: reiyser ($115.55 in chips) is sitting out
Seat 1: RohayhuP ($179.71 in chips) 
Seat 2: xxxZeka ($120.40 in chips) 
xxxZeka: posts small blind $0.50
michasia: is sitting out 
reiyser: is sitting out 
RohayhuP: posts big blind $1
*** HOLE CARDS ***
xxxZeka: folds 
Uncalled bet ($0.50) returned to RohayhuP
RohayhuP collected $1 from pot
RohayhuP: doesn't show hand 
*** SUMMARY ***
Total pot $1 | Rake $0 
Seat 3: michasia
Seat 4: zhino
Seat 6: reiyser
Seat 1: RohayhuP (big blind) collected ($1)
Seat 2: xxxZeka (button) (small blind) folded before Flop



PokerStars Hand #254567465206:  Hold'em No Limit ($0.50/$1.00 USD) - 2025/01/26 19:40:13 WET [2025/01/26 14:40:13 ET]
Table 'Thalassa V' 6-max Seat #1 is the button
Seat 4: zhino ($99.50 in chips) is sitting out
Seat 1: RohayhuP ($180.21 in chips) 
Seat 2: xxxZeka ($119.90 in chips) 
michasia leaves the table
RohayhuP: posts small blind $0.50
reiyser leaves the table
xxxZeka: posts big blind $1
*** HOLE CARDS ***
RohayhuP: raises $1.50 to $2.50
xxxZeka: folds 
Uncalled bet ($1.50) returned to RohayhuP
RohayhuP collected $2 from pot
RohayhuP: doesn't show hand 
*** SUMMARY ***
Total pot $2 | Rake $0 
Seat 4: zhino
Seat 1: RohayhuP (button) (small blind) collected ($2)
Seat 2: xxxZeka (big blind) folded before Flop



PokerStars Hand #254567469575:  Hold'em No Limit ($0.50/$1.00 USD) - 2025/01/26 19:40:25 WET [2025/01/26 14:40:25 ET]
Table 'Thalassa V' 6-max Seat #2 is the button
Seat 4: zhino ($99.50 in chips) is sitting out
Seat 1: RohayhuP ($181.21 in chips) 
Seat 2: xxxZeka ($118.90 in chips) 
xxxZeka: posts small blind $0.50
RohayhuP: posts big blind $1
*** HOLE CARDS ***
xxxZeka: raises $1.50 to $2.50
RohayhuP: folds 
Uncalled bet ($1.50) returned to xxxZeka
xxxZeka collected $2 from pot
xxxZeka: doesn't show hand 
*** SUMMARY ***
Total pot $2 | Rake $0 
Seat 4: zhino
Seat 1: RohayhuP (big blind) folded before Flop
Seat 2: xxxZeka (button) (small blind) collected ($2)



PokerStars Hand #254567474310:  Hold'em No Limit ($0.50/$1.00 USD) - 2025/01/26 19:40:38 WET [2025/01/26 14:40:38 ET]
Table 'Thalassa V' 6-max Seat #1 is the button
Seat 1: RohayhuP ($180.21 in chips) 
Seat 2: xxxZeka ($119.90 in chips) 
Seat 4: zhino ($99.50 in chips) 
xxxZeka: posts small blind $0.50
zhino: posts big blind $1
*** HOLE CARDS ***
RohayhuP: raises $1.50 to $2.50
xxxZeka: folds 
zhino: folds 
Uncalled bet ($1.50) returned to RohayhuP
RohayhuP collected $2.50 from pot
RohayhuP: doesn't show hand 
*** SUMMARY ***
Total pot $2.50 | Rake $0 
Seat 1: RohayhuP (button) collected ($2.50)
Seat 2: xxxZeka (small blind) folded before Flop
Seat 4: zhino (big blind) folded before Flop



PokerStars Hand #254567482288:  Hold'em No Limit ($0.50/$1.00 USD) - 2025/01/26 19:40:59 WET [2025/01/26 14:40:59 ET]
Table 'Thalassa V' 6-max Seat #2 is the button
Seat 1: RohayhuP ($181.71 in chips) 
Seat 2: xxxZeka ($119.40 in chips) 
Seat 4: zhino ($98.50 in chips) 
zhino: posts small blind $0.50
RohayhuP: posts big blind $1
*** HOLE CARDS ***
xxxZeka: folds 
michasia joins the table at seat #5 
zhino: folds 
Uncalled bet ($0.50) returned to RohayhuP
RohayhuP collected $1 from pot
RohayhuP: doesn't show hand 
*** SUMMARY ***
Total pot $1 | Rake $0 
Seat 1: RohayhuP (big blind) collected ($1)
Seat 2: xxxZeka (button) folded before Flop (didn't bet)
Seat 4: zhino (small blind) folded before Flop



PokerStars Hand #254567489281:  Hold'em No Limit ($0.50/$1.00 USD) - 2025/01/26 19:41:18 WET [2025/01/26 14:41:18 ET]
Table 'Thalassa V' 6-max Seat #4 is the button
Seat 5: michasia ($108.69 in chips) is sitting out
Seat 1: RohayhuP ($182.21 in chips) 
Seat 2: xxxZeka ($119.40 in chips) 
Seat 4: zhino ($98 in chips) 
RohayhuP: posts small blind $0.50
xxxZeka: posts big blind $1
*** HOLE CARDS ***
zhino: folds 
RohayhuP: raises $2 to $3
xxxZeka: raises $6 to $9
RohayhuP: folds 
Uncalled bet ($6) returned to xxxZeka
xxxZeka collected $6 from pot
xxxZeka: doesn't show hand 
*** SUMMARY ***
Total pot $6 | Rake $0 
Seat 5: michasia
Seat 1: RohayhuP (small blind) folded before Flop
Seat 2: xxxZeka (big blind) collected ($6)
Seat 4: zhino (button) folded before Flop (didn't bet)



PokerStars Hand #254567499667:  Hold'em No Limit ($0.50/$1.00 USD) - 2025/01/26 19:41:46 WET [2025/01/26 14:41:46 ET]
Table 'Thalassa V' 6-max Seat #1 is the button
Seat 4: zhino ($98 in chips) is sitting out
Seat 1: RohayhuP ($179.21 in chips) 
Seat 2: xxxZeka ($122.40 in chips) 
Seat 5: michasia ($108.69 in chips) 
xxxZeka: posts small blind $0.50
zhino: is sitting out 
michasia: posts big blind $1
*** HOLE CARDS ***
RohayhuP: folds 
xxxZeka: folds 
Uncalled bet ($0.50) returned to michasia
michasia collected $1 from pot
michasia: doesn't show hand 
*** SUMMARY ***
Total pot $1 | Rake $0 
Seat 4: zhino
Seat 1: RohayhuP (button) folded before Flop (didn't bet)
Seat 2: xxxZeka (small blind) folded before Flop
Seat 5: michasia (big blind) collected ($1)



PokerStars Hand #254567502601:  Hold'em No Limit ($0.50/$1.00 USD) - 2025/01/26 19:41:54 WET [2025/01/26 14:41:54 ET]
Table 'Thalassa V' 6-max Seat #2 is the button
Seat 4: zhino ($98 in chips) is sitting out
Seat 1: RohayhuP ($179.21 in chips) 
Seat 2: xxxZeka ($121.90 in chips) 
Seat 5: michasia ($109.19 in chips) 
michasia: posts small blind $0.50
RohayhuP: posts big blind $1
*** HOLE CARDS ***
xxxZeka: folds 
michasia: folds 
Uncalled bet ($0.50) returned to RohayhuP
RohayhuP collected $1 from pot
RohayhuP: doesn't show hand 
*** SUMMARY ***
Total pot $1 | Rake $0 
Seat 4: zhino
Seat 1: RohayhuP (big blind) collected ($1)
Seat 2: xxxZeka (button) folded before Flop (didn't bet)
Seat 5: michasia (small blind) folded before Flop



PokerStars Hand #254567505934:  Hold'em No Limit ($0.50/$1.00 USD) - 2025/01/26 19:42:03 WET [2025/01/26 14:42:03 ET]
Table 'Thalassa V' 6-max Seat #5 is the button
Seat 4: zhino ($98 in chips) is sitting out
Seat 1: RohayhuP ($179.71 in chips) 
Seat 2: xxxZeka ($121.90 in chips) 
Seat 5: michasia ($108.69 in chips) 
RohayhuP: posts small blind $0.50
xxxZeka: posts big blind $1
*** HOLE CARDS ***
michasia: raises $1.80 to $2.80
RohayhuP: folds 
xxxZeka: calls $1.80
*** FLOP *** [9c 3h Td]
I am Anux! joins the table at seat #6 
xxxZeka: checks 
michasia: bets $1.91
xxxZeka: raises $7.09 to $9
michasia: calls $7.09
*** TURN *** [9c 3h Td] [As]
xxxZeka: bets $20
michasia: folds 
Uncalled bet ($20) returned to xxxZeka
xxxZeka collected $23.10 from pot
xxxZeka: doesn't show hand 
*** SUMMARY ***
Total pot $24.10 | Rake $1 
Board [9c 3h Td As]
Seat 4: zhino
Seat 1: RohayhuP (small blind) folded before Flop
Seat 2: xxxZeka (big blind) collected ($23.10)
Seat 5: michasia (button) folded on the Turn



PokerStars Hand #254567524048:  Hold'em No Limit ($0.50/$1.00 USD) - 2025/01/26 19:42:51 WET [2025/01/26 14:42:51 ET]
Table 'Thalassa V' 6-max Seat #1 is the button
Seat 4: zhino ($98 in chips) is sitting out
Seat 6: I am Anux! ($100 in chips) is sitting out
Seat 1: RohayhuP ($179.21 in chips) 
Seat 2: xxxZeka ($133.20 in chips) 
Seat 5: michasia ($100 in chips) 
xxxZeka: posts small blind $0.50
michasia: posts big blind $1
I am Anux!: sits out 
*** HOLE CARDS ***
RohayhuP: raises $1.50 to $2.50
xxxZeka: raises $8.50 to $11
michasia: folds 
RohayhuP: folds 
Uncalled bet ($8.50) returned to xxxZeka
xxxZeka collected $6 from pot
xxxZeka: doesn't show hand 
*** SUMMARY ***
Total pot $6 | Rake $0 
Seat 4: zhino
Seat 6: I am Anux!
Seat 1: RohayhuP (button) folded before Flop
Seat 2: xxxZeka (small blind) collected ($6)
Seat 5: michasia (big blind) folded before Flop



PokerStars Hand #254567532501:  Hold'em No Limit ($0.50/$1.00 USD) - 2025/01/26 19:43:14 WET [2025/01/26 14:43:14 ET]
Table 'Thalassa V' 6-max Seat #2 is the button
Seat 4: zhino ($98 in chips) is sitting out
Seat 1: RohayhuP ($176.71 in chips) 
Seat 2: xxxZeka ($136.70 in chips) 
Seat 5: michasia ($100 in chips) 
Seat 6: I am Anux! ($100 in chips) 
michasia: posts small blind $0.50
I am Anux!: posts big blind $1
*** HOLE CARDS ***
RohayhuP: raises $2 to $3
xxxZeka: folds 
michasia: folds 
I am Anux!: folds 
Uncalled bet ($2) returned to RohayhuP
I am Anux! leaves the table
michasia leaves the table
RohayhuP collected $2.50 from pot
RohayhuP: doesn't show hand 
*** SUMMARY ***
Total pot $2.50 | Rake $0 
Seat 4: zhino
Seat 1: RohayhuP collected ($2.50)
Seat 2: xxxZeka (button) folded before Flop (didn't bet)
Seat 5: michasia (small blind) folded before Flop
Seat 6: I am Anux! (big blind) folded before Flop



PokerStars Hand #254567537880:  Hold'em No Limit ($0.50/$1.00 USD) - 2025/01/26 19:43:29 WET [2025/01/26 14:43:29 ET]
Table 'Thalassa V' 6-max Seat #1 is the button
Seat 1: RohayhuP ($178.21 in chips) 
Seat 2: xxxZeka ($136.70 in chips) 
Seat 4: zhino ($98 in chips) 
xxxZeka: posts small blind $0.50
zhino: posts big blind $1
*** HOLE CARDS ***
RohayhuP: folds 
xxxZeka: folds 
Uncalled bet ($0.50) returned to zhino
zhino collected $1 from pot
zhino: doesn't show hand 
*** SUMMARY ***
Total pot $1 | Rake $0 
Seat 1: RohayhuP (button) folded before Flop (didn't bet)
Seat 2: xxxZeka (small blind) folded before Flop
Seat 4: zhino (big blind) collected ($1)



PokerStars Hand #254567541121:  Hold'em No Limit ($0.50/$1.00 USD) - 2025/01/26 19:43:38 WET [2025/01/26 14:43:38 ET]
Table 'Thalassa V' 6-max Seat #2 is the button
Seat 1: RohayhuP ($178.21 in chips) 
Seat 2: xxxZeka ($136.20 in chips) 
Seat 4: zhino ($98.50 in chips) 
zhino: posts small blind $0.50
RohayhuP: posts big blind $1
*** HOLE CARDS ***
xxxZeka: raises $1.50 to $2.50
zhino: raises $9.49 to $11.99
RohayhuP: folds 
xxxZeka: folds 
Uncalled bet ($9.49) returned to zhino
zhino collected $6 from pot
zhino: doesn't show hand 
*** SUMMARY ***
Total pot $6 | Rake $0 
Seat 1: RohayhuP (big blind) folded before Flop
Seat 2: xxxZeka (button) folded before Flop
Seat 4: zhino (small blind) collected ($6)



PokerStars Hand #254567738835:  Hold'em No Limit ($0.50/$1.00 USD) - 2025/01/26 19:52:35 WET [2025/01/26 14:52:35 ET]
Table 'Thalassa V' 6-max Seat #5 is the button
Seat 4: aoish30 ($100 in chips) is sitting out
Seat 1: RohayhuP ($183.85 in chips) 
Seat 2: xxxZeka ($123.75 in chips) 
Seat 3: Maximysss85 ($123.12 in chips) 
Seat 5: Manifestorr ($100 in chips) 
RohayhuP: posts small blind $0.50
xxxZeka: posts big blind $1
aoish30: sits out 
*** HOLE CARDS ***
Maximysss85: folds 
Maximysss85 leaves the table
Manifestorr: folds 
RohayhuP: raises $2 to $3
xxxZeka: raises $6 to $9
RohayhuP: calls $6
*** FLOP *** [Jd 9s Td]
RohayhuP: checks 
xxxZeka: checks 
*** TURN *** [Jd 9s Td] [4s]
RohayhuP: checks 
xxxZeka: checks 
*** RIVER *** [Jd 9s Td 4s] [As]
RohayhuP: bets $8.55
xxxZeka: folds 
Uncalled bet ($8.55) returned to RohayhuP
RohayhuP collected $16.88 from pot
RohayhuP: doesn't show hand 
*** SUMMARY ***
Total pot $18 | Rake $1.12 
Board [Jd 9s Td 4s As]
Seat 4: aoish30
Seat 1: RohayhuP (small blind) collected ($16.88)
Seat 2: xxxZeka (big blind) folded on the River
Seat 3: Maximysss85 folded before Flop (didn't bet)
Seat 5: Manifestorr (button) folded before Flop (didn't bet)



PokerStars Hand #254567768608:  Hold'em No Limit ($0.50/$1.00 USD) - 2025/01/26 19:53:56 WET [2025/01/26 14:53:56 ET]
Table 'Thalassa V' 6-max Seat #1 is the button
Seat 1: RohayhuP ($191.73 in chips) 
Seat 2: xxxZeka ($114.75 in chips) 
Seat 4: aoish30 ($100 in chips) 
Seat 5: Manifestorr ($100 in chips) 
xxxZeka: posts small blind $0.50
aoish30: posts big blind $1
*** HOLE CARDS ***
Manifestorr: folds 
zhino joins the table at seat #3 
RohayhuP: folds 
xxxZeka: folds 
Uncalled bet ($0.50) returned to aoish30
aoish30 collected $1 from pot
aoish30: doesn't show hand 
*** SUMMARY ***
Total pot $1 | Rake $0 
Seat 1: RohayhuP (button) folded before Flop (didn't bet)
Seat 2: xxxZeka (small blind) folded before Flop
Seat 4: aoish30 (big blind) collected ($1)
Seat 5: Manifestorr folded before Flop (didn't bet)



PokerStars Hand #254567773838:  Hold'em No Limit ($0.50/$1.00 USD) - 2025/01/26 19:54:11 WET [2025/01/26 14:54:11 ET]
Table 'Thalassa V' 6-max Seat #2 is the button
Seat 3: zhino ($102 in chips) is sitting out
Seat 5: Manifestorr ($100 in chips) is sitting out
Seat 1: RohayhuP ($191.73 in chips) 
Seat 2: xxxZeka ($114.25 in chips) 
Seat 4: aoish30 ($100.50 in chips) 
aoish30: posts small blind $0.50
Manifestorr: is sitting out 
RohayhuP: posts big blind $1
*** HOLE CARDS ***
xxxZeka: folds 
Manifestorr leaves the table
aoish30: raises $2 to $3
RohayhuP: folds 
Uncalled bet ($2) returned to aoish30
aoish30 collected $2 from pot
aoish30: doesn't show hand 
*** SUMMARY ***
Total pot $2 | Rake $0 
Seat 3: zhino
Seat 5: Manifestorr
Seat 1: RohayhuP (big blind) folded before Flop
Seat 2: xxxZeka (button) folded before Flop (didn't bet)
Seat 4: aoish30 (small blind) collected ($2)



PokerStars Hand #254567778581:  Hold'em No Limit ($0.50/$1.00 USD) - 2025/01/26 19:54:24 WET [2025/01/26 14:54:24 ET]
Table 'Thalassa V' 6-max Seat #4 is the button
Seat 3: zhino ($102 in chips) is sitting out
Seat 1: RohayhuP ($190.73 in chips) 
Seat 2: xxxZeka ($114.25 in chips) 
Seat 4: aoish30 ($101.50 in chips) 
RohayhuP: posts small blind $0.50
xxxZeka: posts big blind $1
zhino: sits out 
*** HOLE CARDS ***
AndreaBsAs joins the table at seat #6 
aoish30: folds 
RohayhuP: raises $2 to $3
xxxZeka: folds 
Uncalled bet ($2) returned to RohayhuP
RohayhuP collected $2 from pot
RohayhuP: doesn't show hand 
*** SUMMARY ***
Total pot $2 | Rake $0 
Seat 3: zhino
Seat 1: RohayhuP (small blind) collected ($2)
Seat 2: xxxZeka (big blind) folded before Flop
Seat 4: aoish30 (button) folded before Flop (didn't bet)



PokerStars Hand #254567785108:  Hold'em No Limit ($0.50/$1.00 USD) - 2025/01/26 19:54:41 WET [2025/01/26 14:54:41 ET]
Table 'Thalassa V' 6-max Seat #1 is the button
Seat 6: AndreaBsAs ($100 in chips) is sitting out
Seat 1: RohayhuP ($191.73 in chips) 
Seat 2: xxxZeka ($113.25 in chips) 
Seat 3: zhino ($102 in chips) 
Seat 4: aoish30 ($101.50 in chips) 
xxxZeka: posts small blind $0.50
zhino: posts big blind $1
AndreaBsAs: sits out 
*** HOLE CARDS ***
aoish30: folds 
RohayhuP: raises $1.50 to $2.50
xxxZeka: folds 
zhino: folds 
Uncalled bet ($1.50) returned to RohayhuP
RohayhuP collected $2.50 from pot
RohayhuP: doesn't show hand 
*** SUMMARY ***
Total pot $2.50 | Rake $0 
Seat 6: AndreaBsAs
Seat 1: RohayhuP (button) collected ($2.50)
Seat 2: xxxZeka (small blind) folded before Flop
Seat 3: zhino (big blind) folded before Flop
Seat 4: aoish30 folded before Flop (didn't bet)



PokerStars Hand #254567791252:  Hold'em No Limit ($0.50/$1.00 USD) - 2025/01/26 19:54:58 WET [2025/01/26 14:54:58 ET]
Table 'Thalassa V' 6-max Seat #2 is the button
Seat 6: AndreaBsAs ($100 in chips) is sitting out
Seat 1: RohayhuP ($193.23 in chips) 
Seat 2: xxxZeka ($112.75 in chips) 
Seat 3: zhino ($101 in chips) 
Seat 4: aoish30 ($101.50 in chips) 
zhino: posts small blind $0.50
aoish30: posts big blind $1
AndreaBsAs: sits out 
*** HOLE CARDS ***
RohayhuP: raises $2 to $3
xxxZeka: folds 
zhino: folds 
aoish30: raises $10.20 to $13.20
RohayhuP: folds 
Uncalled bet ($10.20) returned to aoish30
aoish30 collected $6.50 from pot
aoish30: doesn't show hand 
*** SUMMARY ***
Total pot $6.50 | Rake $0 
Seat 6: AndreaBsAs
Seat 1: RohayhuP folded before Flop
Seat 2: xxxZeka (button) folded before Flop (didn't bet)
Seat 3: zhino (small blind) folded before Flop
Seat 4: aoish30 (big blind) collected ($6.50)



PokerStars Hand #254567801487:  Hold'em No Limit ($0.50/$1.00 USD) - 2025/01/26 19:55:38 WET [2025/01/26 14:55:38 ET]
Table 'Thalassa V' 6-max Seat #3 is the button
Seat 1: RohayhuP ($190.23 in chips) 
Seat 2: xxxZeka ($112.75 in chips) 
Seat 3: zhino ($100.50 in chips) 
Seat 4: aoish30 ($105 in chips) 
Seat 6: AndreaBsAs ($100 in chips) 
aoish30: posts small blind $0.50
AndreaBsAs: posts big blind $1
*** HOLE CARDS ***
RohayhuP: folds 
xxxZeka: folds 
zhino: raises $1.99 to $2.99
aoish30: folds 
AndreaBsAs: folds 
Uncalled bet ($1.99) returned to zhino
zhino collected $2.50 from pot
zhino: doesn't show hand 
*** SUMMARY ***
Total pot $2.50 | Rake $0 
Seat 1: RohayhuP folded before Flop (didn't bet)
Seat 2: xxxZeka folded before Flop (didn't bet)
Seat 3: zhino (button) collected ($2.50)
Seat 4: aoish30 (small blind) folded before Flop
Seat 6: AndreaBsAs (big blind) folded before Flop



PokerStars Hand #254567805766:  Hold'em No Limit ($0.50/$1.00 USD) - 2025/01/26 19:55:58 WET [2025/01/26 14:55:58 ET]
Table 'Thalassa V' 6-max Seat #4 is the button
Seat 1: RohayhuP ($190.23 in chips) 
Seat 2: xxxZeka ($112.75 in chips) 
Seat 3: zhino ($102 in chips) 
Seat 4: aoish30 ($104.50 in chips) 
Seat 6: AndreaBsAs ($100 in chips) 
AndreaBsAs: posts small blind $0.50
RohayhuP: posts big blind $1
*** HOLE CARDS ***
xxxZeka: folds 
zhino: folds 
aoish30: raises $1.50 to $2.50
AndreaBsAs: folds 
RohayhuP: folds 
Uncalled bet ($1.50) returned to aoish30
aoish30 collected $2.50 from pot
aoish30: doesn't show hand 
*** SUMMARY ***
Total pot $2.50 | Rake $0 
Seat 1: RohayhuP (big blind) folded before Flop
Seat 2: xxxZeka folded before Flop (didn't bet)
Seat 3: zhino folded before Flop (didn't bet)
Seat 4: aoish30 (button) collected ($2.50)
Seat 6: AndreaBsAs (small blind) folded before Flop



PokerStars Hand #254567809677:  Hold'em No Limit ($0.50/$1.00 USD) - 2025/01/26 19:56:17 WET [2025/01/26 14:56:17 ET]
Table 'Thalassa V' 6-max Seat #6 is the button
Seat 2: xxxZeka ($112.75 in chips) is sitting out
Seat 1: RohayhuP ($189.23 in chips) 
Seat 3: zhino ($102 in chips) 
Seat 4: aoish30 ($106 in chips) 
Seat 6: AndreaBsAs ($100 in chips) 
RohayhuP: posts small blind $0.50
xxxZeka: is sitting out 
zhino: posts big blind $1
*** HOLE CARDS ***
aoish30: folds 
AndreaBsAs: folds 
RohayhuP: raises $2 to $3
zhino: folds 
Uncalled bet ($2) returned to RohayhuP
RohayhuP collected $2 from pot
RohayhuP: doesn't show hand 
*** SUMMARY ***
Total pot $2 | Rake $0 
Seat 2: xxxZeka
Seat 1: RohayhuP (small blind) collected ($2)
Seat 3: zhino (big blind) folded before Flop
Seat 4: aoish30 folded before Flop (didn't bet)
Seat 6: AndreaBsAs (button) folded before Flop (didn't bet)



PokerStars Hand #254567812573:  Hold'em No Limit ($0.50/$1.00 USD) - 2025/01/26 19:56:30 WET [2025/01/26 14:56:30 ET]
Table 'Thalassa V' 6-max Seat #1 is the button
Seat 2: xxxZeka ($112.75 in chips) is sitting out
Seat 4: aoish30 ($106 in chips) is sitting out
Seat 1: RohayhuP ($190.23 in chips) 
Seat 3: zhino ($101 in chips) 
Seat 6: AndreaBsAs ($100 in chips) 
zhino: posts small blind $0.50
aoish30: is sitting out 
AndreaBsAs: posts big blind $1
*** HOLE CARDS ***
RohayhuP: folds 
aoish30 leaves the table
zhino: raises $2.49 to $3.49
AndreaBsAs: calls $2.49
*** FLOP *** [As 6h 9d]
zhino: checks 
AndreaBsAs: checks 
*** TURN *** [As 6h 9d] [3h]
zhino: bets $1.92
xxxZeka leaves the table
AndreaBsAs: folds 
Uncalled bet ($1.92) returned to zhino
zhino collected $6.63 from pot
zhino: doesn't show hand 
*** SUMMARY ***
Total pot $6.98 | Rake $0.35 
Board [As 6h 9d 3h]
Seat 2: xxxZeka
Seat 4: aoish30
Seat 1: RohayhuP (button) folded before Flop (didn't bet)
Seat 3: zhino (small blind) collected ($6.63)
Seat 6: AndreaBsAs (big blind) folded on the Turn



PokerStars Hand #254567820371:  Hold'em No Limit ($0.50/$1.00 USD) - 2025/01/26 19:57:07 WET [2025/01/26 14:57:07 ET]
Table 'Thalassa V' 6-max Seat #3 is the button
Seat 1: RohayhuP ($190.23 in chips) 
Seat 3: zhino ($104.14 in chips) 
Seat 6: AndreaBsAs ($100 in chips) 
AndreaBsAs: posts small blind $0.50
RohayhuP: posts big blind $1
*** HOLE CARDS ***
zhino: raises $1.99 to $2.99
AndreaBsAs: folds 
RohayhuP: raises $6.98 to $9.97
zhino: folds 
Uncalled bet ($6.98) returned to RohayhuP
RohayhuP collected $6.48 from pot
RohayhuP: doesn't show hand 
*** SUMMARY ***
Total pot $6.48 | Rake $0 
Seat 1: RohayhuP (big blind) collected ($6.48)
Seat 3: zhino (button) folded before Flop
Seat 6: AndreaBsAs (small blind) folded before Flop



