PokerStars Hand #254565075187:  Hold'em No Limit ($0.50/$1.00 USD) - 2025/01/26 18:09:13 WET [2025/01/26 13:09:13 ET]
Table 'Luyten IV' 6-max Seat #6 is the button
Seat 1: BoyLoc0 ($100 in chips) 
Seat 2: Cropsy ($100 in chips) 
Seat 3: Gfoer ($100 in chips) 
Seat 4: Manifestorr ($100 in chips) 
Seat 5: worker0k ($100 in chips) 
Seat 6: aoish30 ($100 in chips) 
BoyLoc0: posts small blind $0.50
Cropsy: posts big blind $1
*** HOLE CARDS ***
Gfoer: folds 
Manifestorr: folds 
worker0k: folds 
aoish30: raises $1.50 to $2.50
BoyLoc0: folds 
Cropsy: folds 
Uncalled bet ($1.50) returned to aoish30
aoish30 collected $2.50 from pot
aoish30: doesn't show hand 
*** SUMMARY ***
Total pot $2.50 | Rake $0 
Seat 1: BoyLoc0 (small blind) folded before Flop
Seat 2: Cropsy (big blind) folded before Flop
Seat 3: Gfoer folded before Flop (didn't bet)
Seat 4: Manifestorr folded before Flop (didn't bet)
Seat 5: worker0k folded before Flop (didn't bet)
Seat 6: aoish30 (button) collected ($2.50)



PokerStars Hand #254565079555:  Hold'em No Limit ($0.50/$1.00 USD) - 2025/01/26 18:09:26 WET [2025/01/26 13:09:26 ET]
Table 'Luyten IV' 6-max Seat #1 is the button
Seat 1: BoyLoc0 ($100 in chips) 
Seat 2: Cropsy ($99 in chips) 
Seat 3: Gfoer ($100 in chips) 
Seat 4: Manifestorr ($100 in chips) 
Seat 5: worker0k ($100 in chips) 
Seat 6: aoish30 ($101.50 in chips) 
Cropsy: posts small blind $0.50
Gfoer: posts big blind $1
*** HOLE CARDS ***
Manifestorr: raises $1.20 to $2.20
worker0k: folds 
aoish30: folds 
BoyLoc0: folds 
Cropsy: folds 
Gfoer: folds 
Uncalled bet ($1.20) returned to Manifestorr
Manifestorr collected $2.50 from pot
*** SUMMARY ***
Total pot $2.50 | Rake $0 
Seat 1: BoyLoc0 (button) folded before Flop (didn't bet)
Seat 2: Cropsy (small blind) folded before Flop
Seat 3: Gfoer (big blind) folded before Flop
Seat 4: Manifestorr collected ($2.50)
Seat 5: worker0k folded before Flop (didn't bet)
Seat 6: aoish30 folded before Flop (didn't bet)



PokerStars Hand #254565087990:  Hold'em No Limit ($0.50/$1.00 USD) - 2025/01/26 18:09:50 WET [2025/01/26 13:09:50 ET]
Table 'Luyten IV' 6-max Seat #2 is the button
Seat 1: BoyLoc0 ($100 in chips) 
Seat 2: Cropsy ($98.50 in chips) 
Seat 3: Gfoer ($100 in chips) 
Seat 4: Manifestorr ($101.50 in chips) 
Seat 5: worker0k ($100 in chips) 
Seat 6: aoish30 ($101.50 in chips) 
Gfoer: posts small blind $0.50
Manifestorr: posts big blind $1
*** HOLE CARDS ***
worker0k: folds 
aoish30: folds 
BoyLoc0: folds 
Cropsy: raises $3 to $4
Gfoer: folds 
Manifestorr: folds 
Uncalled bet ($3) returned to Cropsy
Cropsy collected $2.50 from pot
Cropsy: doesn't show hand 
*** SUMMARY ***
Total pot $2.50 | Rake $0 
Seat 1: BoyLoc0 folded before Flop (didn't bet)
Seat 2: Cropsy (button) collected ($2.50)
Seat 3: Gfoer (small blind) folded before Flop
Seat 4: Manifestorr (big blind) folded before Flop
Seat 5: worker0k folded before Flop (didn't bet)
Seat 6: aoish30 folded before Flop (didn't bet)



PokerStars Hand #254565091519:  Hold'em No Limit ($0.50/$1.00 USD) - 2025/01/26 18:10:01 WET [2025/01/26 13:10:01 ET]
Table 'Luyten IV' 6-max Seat #3 is the button
Seat 1: BoyLoc0 ($100 in chips) 
Seat 2: Cropsy ($100 in chips) 
Seat 3: Gfoer ($100 in chips) 
Seat 4: Manifestorr ($100.50 in chips) 
Seat 5: worker0k ($100 in chips) 
Seat 6: aoish30 ($101.50 in chips) 
Manifestorr: posts small blind $0.50
worker0k: posts big blind $1
*** HOLE CARDS ***
aoish30: folds 
BoyLoc0: folds 
Cropsy: raises $2 to $3
Gfoer: folds 
Manifestorr: folds 
worker0k: folds 
Uncalled bet ($2) returned to Cropsy
Cropsy collected $2.50 from pot
Cropsy: doesn't show hand 
*** SUMMARY ***
Total pot $2.50 | Rake $0 
Seat 1: BoyLoc0 folded before Flop (didn't bet)
Seat 2: Cropsy collected ($2.50)
Seat 3: Gfoer (button) folded before Flop (didn't bet)
Seat 4: Manifestorr (small blind) folded before Flop
Seat 5: worker0k (big blind) folded before Flop
Seat 6: aoish30 folded before Flop (didn't bet)



PokerStars Hand #254565098351:  Hold'em No Limit ($0.50/$1.00 USD) - 2025/01/26 18:10:21 WET [2025/01/26 13:10:21 ET]
Table 'Luyten IV' 6-max Seat #4 is the button
Seat 1: BoyLoc0 ($100 in chips) 
Seat 2: Cropsy ($101.50 in chips) 
Seat 3: Gfoer ($100 in chips) 
Seat 4: Manifestorr ($100 in chips) 
Seat 5: worker0k ($100 in chips) 
Seat 6: aoish30 ($101.50 in chips) 
worker0k: posts small blind $0.50
aoish30: posts big blind $1
*** HOLE CARDS ***
BoyLoc0: folds 
Cropsy: raises $2 to $3
Gfoer: folds 
Manifestorr: raises $6 to $9
worker0k: folds 
aoish30: folds 
Cropsy: calls $6
*** FLOP *** [2h 9c 8c]
Cropsy: bets $15
Manifestorr: calls $15
*** TURN *** [2h 9c 8c] [2c]
Cropsy: bets $77.50 and is all-in
Manifestorr: folds 
Uncalled bet ($77.50) returned to Cropsy
Cropsy collected $47.02 from pot
Cropsy: doesn't show hand 
*** SUMMARY ***
Total pot $49.50 | Rake $2.48 
Board [2h 9c 8c 2c]
Seat 1: BoyLoc0 folded before Flop (didn't bet)
Seat 2: Cropsy collected ($47.02)
Seat 3: Gfoer folded before Flop (didn't bet)
Seat 4: Manifestorr (button) folded on the Turn
Seat 5: worker0k (small blind) folded before Flop
Seat 6: aoish30 (big blind) folded before Flop



PokerStars Hand #254565114124:  Hold'em No Limit ($0.50/$1.00 USD) - 2025/01/26 18:11:08 WET [2025/01/26 13:11:08 ET]
Table 'Luyten IV' 6-max Seat #5 is the button
Seat 1: BoyLoc0 ($100 in chips) 
Seat 2: Cropsy ($124.52 in chips) 
Seat 3: Gfoer ($100 in chips) 
Seat 4: Manifestorr ($100 in chips) 
Seat 5: worker0k ($100 in chips) 
Seat 6: aoish30 ($100.50 in chips) 
aoish30: posts small blind $0.50
BoyLoc0: posts big blind $1
*** HOLE CARDS ***
Cropsy: calls $1
Gfoer: folds 
Manifestorr: folds 
worker0k: folds 
aoish30: folds 
BoyLoc0: raises $4 to $5
Cropsy: calls $4
*** FLOP *** [3s Td 7s]
BoyLoc0: checks 
Cropsy: checks 
*** TURN *** [3s Td 7s] [9s]
BoyLoc0: bets $3.29
Cropsy: raises $3.71 to $7
BoyLoc0: calls $3.71
*** RIVER *** [3s Td 7s 9s] [4c]
BoyLoc0: checks 
Cropsy: bets $12
BoyLoc0: folds 
Uncalled bet ($12) returned to Cropsy
Cropsy collected $23.28 from pot
Cropsy: doesn't show hand 
*** SUMMARY ***
Total pot $24.50 | Rake $1.22 
Board [3s Td 7s 9s 4c]
Seat 1: BoyLoc0 (big blind) folded on the River
Seat 2: Cropsy collected ($23.28)
Seat 3: Gfoer folded before Flop (didn't bet)
Seat 4: Manifestorr folded before Flop (didn't bet)
Seat 5: worker0k (button) folded before Flop (didn't bet)
Seat 6: aoish30 (small blind) folded before Flop



PokerStars Hand #254565125455:  Hold'em No Limit ($0.50/$1.00 USD) - 2025/01/26 18:11:42 WET [2025/01/26 13:11:42 ET]
Table 'Luyten IV' 6-max Seat #6 is the button
Seat 1: BoyLoc0 ($100 in chips) 
Seat 2: Cropsy ($135.80 in chips) 
Seat 3: Gfoer ($100 in chips) 
Seat 4: Manifestorr ($100 in chips) 
Seat 5: worker0k ($100 in chips) 
Seat 6: aoish30 ($100 in chips) 
BoyLoc0: posts small blind $0.50
Cropsy: posts big blind $1
*** HOLE CARDS ***
Gfoer: folds 
Manifestorr: folds 
worker0k: folds 
Gfoer leaves the table
aoish30: folds 
BoyLoc0: folds 
Uncalled bet ($0.50) returned to Cropsy
worker0k leaves the table
Cropsy collected $1 from pot
Cropsy: doesn't show hand 
sta$igk joins the table at seat #3 
*** SUMMARY ***
Total pot $1 | Rake $0 
Seat 1: BoyLoc0 (small blind) folded before Flop
Seat 2: Cropsy (big blind) collected ($1)
Seat 3: Gfoer folded before Flop (didn't bet)
Seat 4: Manifestorr folded before Flop (didn't bet)
Seat 5: worker0k folded before Flop (didn't bet)
Seat 6: aoish30 (button) folded before Flop (didn't bet)



PokerStars Hand #254565129010:  Hold'em No Limit ($0.50/$1.00 USD) - 2025/01/26 18:11:52 WET [2025/01/26 13:11:52 ET]
Table 'Luyten IV' 6-max Seat #1 is the button
Seat 3: sta$igk ($100 in chips) is sitting out
Seat 1: BoyLoc0 ($100 in chips) 
Seat 2: Cropsy ($136.30 in chips) 
Seat 4: Manifestorr ($100 in chips) 
Seat 6: aoish30 ($100 in chips) 
Cropsy: posts small blind $0.50
Manifestorr: posts big blind $1
*** HOLE CARDS ***
Pippa83 joins the table at seat #5 
aoish30: folds 
BoyLoc0: raises $1.50 to $2.50
Cropsy: raises $2.50 to $5
Manifestorr: folds 
BoyLoc0: calls $2.50
*** FLOP *** [4c 9c 4d]
Cropsy: checks 
BoyLoc0: checks 
*** TURN *** [4c 9c 4d] [Ah]
Cropsy: checks 
BoyLoc0: bets $3.45
Cropsy: calls $3.45
*** RIVER *** [4c 9c 4d Ah] [9d]
Cropsy: checks 
BoyLoc0: checks 
*** SHOW DOWN ***
Cropsy: shows [Ad Td] (two pair, Aces and Nines)
BoyLoc0: mucks hand 
Cropsy collected $17 from pot
*** SUMMARY ***
Total pot $17.90 | Rake $0.90 
Board [4c 9c 4d Ah 9d]
Seat 3: sta$igk
Seat 1: BoyLoc0 (button) mucked
Seat 2: Cropsy (small blind) showed [Ad Td] and won ($17) with two pair, Aces and Nines
Seat 4: Manifestorr (big blind) folded before Flop
Seat 6: aoish30 folded before Flop (didn't bet)



PokerStars Hand #254565141415:  Hold'em No Limit ($0.50/$1.00 USD) - 2025/01/26 18:12:29 WET [2025/01/26 13:12:29 ET]
Table 'Luyten IV' 6-max Seat #2 is the button
Seat 3: sta$igk ($100 in chips) is sitting out
Seat 1: BoyLoc0 ($100 in chips) 
Seat 2: Cropsy ($144.85 in chips) 
Seat 4: Manifestorr ($100 in chips) 
Seat 5: Pippa83 ($100 in chips) 
Seat 6: aoish30 ($100 in chips) 
Manifestorr: posts small blind $0.50
Pippa83: posts big blind $1
*** HOLE CARDS ***
aoish30: folds 
BoyLoc0: folds 
Cropsy: raises $2 to $3
Manifestorr: raises $9 to $12
Pippa83: folds 
Cropsy: calls $9
*** FLOP *** [2h 4c Tc]
Manifestorr: bets $11.88
Cropsy: calls $11.88
*** TURN *** [2h 4c Tc] [Kc]
Manifestorr: bets $15.29
Cropsy: raises $105.68 to $120.97 and is all-in
Manifestorr: folds 
Uncalled bet ($105.68) returned to Cropsy
Cropsy collected $76.84 from pot
Cropsy: doesn't show hand 
*** SUMMARY ***
Total pot $79.34 | Rake $2.50 
Board [2h 4c Tc Kc]
Seat 3: sta$igk
Seat 1: BoyLoc0 folded before Flop (didn't bet)
Seat 2: Cropsy (button) collected ($76.84)
Seat 4: Manifestorr (small blind) folded on the Turn
Seat 5: Pippa83 (big blind) folded before Flop
Seat 6: aoish30 folded before Flop (didn't bet)



PokerStars Hand #254565153422:  Hold'em No Limit ($0.50/$1.00 USD) - 2025/01/26 18:13:04 WET [2025/01/26 13:13:04 ET]
Table 'Luyten IV' 6-max Seat #4 is the button
Seat 3: sta$igk ($100 in chips) is sitting out
Seat 1: BoyLoc0 ($100 in chips) 
Seat 2: Cropsy ($182.52 in chips) 
Seat 4: Manifestorr ($100 in chips) 
Seat 5: Pippa83 ($100 in chips) 
Seat 6: aoish30 ($100 in chips) 
Pippa83: posts small blind $0.50
aoish30: posts big blind $1
sta$igk: sits out 
*** HOLE CARDS ***
BoyLoc0: folds 
Cropsy: folds 
Manifestorr: raises $1.20 to $2.20
Pippa83: folds 
aoish30: calls $1.20
*** FLOP *** [Kh Jc 3s]
aoish30: checks 
Manifestorr: bets $1.54
aoish30: calls $1.54
*** TURN *** [Kh Jc 3s] [Kc]
aoish30: checks 
Manifestorr: bets $5.69
aoish30: calls $5.69
*** RIVER *** [Kh Jc 3s Kc] [3d]
aoish30: checks 
Manifestorr: checks 
*** SHOW DOWN ***
aoish30: shows [Jh 8h] (two pair, Kings and Jacks)
Manifestorr: mucks hand 
aoish30 collected $18.39 from pot
*** SUMMARY ***
Total pot $19.36 | Rake $0.97 
Board [Kh Jc 3s Kc 3d]
Seat 3: sta$igk
Seat 1: BoyLoc0 folded before Flop (didn't bet)
Seat 2: Cropsy folded before Flop (didn't bet)
Seat 4: Manifestorr (button) mucked
Seat 5: Pippa83 (small blind) folded before Flop
Seat 6: aoish30 (big blind) showed [Jh 8h] and won ($18.39) with two pair, Kings and Jacks



PokerStars Hand #254565171301:  Hold'em No Limit ($0.50/$1.00 USD) - 2025/01/26 18:13:57 WET [2025/01/26 13:13:57 ET]
Table 'Luyten IV' 6-max Seat #5 is the button
Seat 3: sta$igk ($100 in chips) is sitting out
Seat 1: BoyLoc0 ($100 in chips) 
Seat 2: Cropsy ($182.52 in chips) 
Seat 4: Manifestorr ($100 in chips) 
Seat 5: Pippa83 ($100 in chips) 
Seat 6: aoish30 ($108.96 in chips) 
aoish30: posts small blind $0.50
BoyLoc0: posts big blind $1
sta$igk: sits out 
*** HOLE CARDS ***
Cropsy: folds 
Manifestorr: folds 
Pippa83: raises $1.50 to $2.50
aoish30: folds 
BoyLoc0: folds 
Uncalled bet ($1.50) returned to Pippa83
Pippa83 collected $2.50 from pot
Pippa83: doesn't show hand 
*** SUMMARY ***
Total pot $2.50 | Rake $0 
Seat 3: sta$igk
Seat 1: BoyLoc0 (big blind) folded before Flop
Seat 2: Cropsy folded before Flop (didn't bet)
Seat 4: Manifestorr folded before Flop (didn't bet)
Seat 5: Pippa83 (button) collected ($2.50)
Seat 6: aoish30 (small blind) folded before Flop



PokerStars Hand #254565177013:  Hold'em No Limit ($0.50/$1.00 USD) - 2025/01/26 18:14:14 WET [2025/01/26 13:14:14 ET]
Table 'Luyten IV' 6-max Seat #6 is the button
Seat 3: sta$igk ($100 in chips) is sitting out
Seat 1: BoyLoc0 ($100 in chips) 
Seat 2: Cropsy ($182.52 in chips) 
Seat 4: Manifestorr ($100 in chips) 
Seat 5: Pippa83 ($101.50 in chips) 
Seat 6: aoish30 ($108.46 in chips) 
BoyLoc0: posts small blind $0.50
Cropsy: posts big blind $1
sta$igk: sits out 
*** HOLE CARDS ***
Manifestorr: raises $1.20 to $2.20
Pippa83: folds 
aoish30: folds 
BoyLoc0: folds 
Cropsy: calls $1.20
*** FLOP *** [9s Qc 8c]
Cropsy: bets $4
Manifestorr: calls $4
*** TURN *** [9s Qc 8c] [Qd]
Cropsy: checks 
Manifestorr: bets $4.05
Cropsy: calls $4.05
*** RIVER *** [9s Qc 8c Qd] [Jd]
Cropsy: bets $19
Manifestorr: folds 
Uncalled bet ($19) returned to Cropsy
Cropsy collected $19.95 from pot
Cropsy: doesn't show hand 
*** SUMMARY ***
Total pot $21 | Rake $1.05 
Board [9s Qc 8c Qd Jd]
Seat 3: sta$igk
Seat 1: BoyLoc0 (small blind) folded before Flop
Seat 2: Cropsy (big blind) collected ($19.95)
Seat 4: Manifestorr folded on the River
Seat 5: Pippa83 folded before Flop (didn't bet)
Seat 6: aoish30 (button) folded before Flop (didn't bet)



PokerStars Hand #254565188866:  Hold'em No Limit ($0.50/$1.00 USD) - 2025/01/26 18:14:48 WET [2025/01/26 13:14:48 ET]
Table 'Luyten IV' 6-max Seat #1 is the button
Seat 1: BoyLoc0 ($100 in chips) 
Seat 2: Cropsy ($192.22 in chips) 
Seat 3: sta$igk ($100 in chips) 
Seat 4: Manifestorr ($100 in chips) 
Seat 5: Pippa83 ($101.50 in chips) 
Seat 6: aoish30 ($108.46 in chips) 
Cropsy: posts small blind $0.50
sta$igk: posts big blind $1
*** HOLE CARDS ***
Manifestorr: folds 
Pippa83: raises $1.20 to $2.20
aoish30: folds 
BoyLoc0: folds 
Cropsy: folds 
sta$igk: calls $1.20
*** FLOP *** [2s Ac 9c]
sta$igk: checks 
Pippa83: bets $1.54
sta$igk: raises $5.08 to $6.62
Pippa83: calls $5.08
*** TURN *** [2s Ac 9c] [7c]
sta$igk: checks 
Pippa83: bets $5.69
sta$igk: folds 
Uncalled bet ($5.69) returned to Pippa83
Pippa83 collected $17.23 from pot
Pippa83: doesn't show hand 
*** SUMMARY ***
Total pot $18.14 | Rake $0.91 
Board [2s Ac 9c 7c]
Seat 1: BoyLoc0 (button) folded before Flop (didn't bet)
Seat 2: Cropsy (small blind) folded before Flop
Seat 3: sta$igk (big blind) folded on the Turn
Seat 4: Manifestorr folded before Flop (didn't bet)
Seat 5: Pippa83 collected ($17.23)
Seat 6: aoish30 folded before Flop (didn't bet)



PokerStars Hand #254565221252:  Hold'em No Limit ($0.50/$1.00 USD) - 2025/01/26 18:16:22 WET [2025/01/26 13:16:22 ET]
Table 'Luyten IV' 6-max Seat #2 is the button
Seat 1: BoyLoc0 ($100 in chips) 
Seat 2: Cropsy ($191.72 in chips) 
Seat 3: sta$igk ($100 in chips) 
Seat 4: Manifestorr ($100 in chips) 
Seat 5: Pippa83 ($109.91 in chips) 
Seat 6: aoish30 ($108.46 in chips) 
sta$igk: posts small blind $0.50
Manifestorr: posts big blind $1
*** HOLE CARDS ***
Pippa83: raises $1.20 to $2.20
aoish30: folds 
BoyLoc0: raises $5.30 to $7.50
Cropsy: folds 
sta$igk: folds 
Manifestorr: folds 
Pippa83: folds 
Uncalled bet ($5.30) returned to BoyLoc0
BoyLoc0 collected $5.90 from pot
BoyLoc0: doesn't show hand 
*** SUMMARY ***
Total pot $5.90 | Rake $0 
Seat 1: BoyLoc0 collected ($5.90)
Seat 2: Cropsy (button) folded before Flop (didn't bet)
Seat 3: sta$igk (small blind) folded before Flop
Seat 4: Manifestorr (big blind) folded before Flop
Seat 5: Pippa83 folded before Flop
Seat 6: aoish30 folded before Flop (didn't bet)



PokerStars Hand #254565227671:  Hold'em No Limit ($0.50/$1.00 USD) - 2025/01/26 18:16:40 WET [2025/01/26 13:16:40 ET]
Table 'Luyten IV' 6-max Seat #3 is the button
Seat 1: BoyLoc0 ($103.70 in chips) 
Seat 2: Cropsy ($191.72 in chips) 
Seat 3: sta$igk ($100 in chips) 
Seat 4: Manifestorr ($100 in chips) 
Seat 5: Pippa83 ($107.71 in chips) 
Seat 6: aoish30 ($108.46 in chips) 
Manifestorr: posts small blind $0.50
Pippa83: posts big blind $1
*** HOLE CARDS ***
aoish30: raises $1.10 to $2.10
BoyLoc0: raises $5.40 to $7.50
Cropsy: folds 
sta$igk: folds 
Manifestorr: folds 
Pippa83: folds 
aoish30: folds 
Uncalled bet ($5.40) returned to BoyLoc0
BoyLoc0 collected $5.70 from pot
BoyLoc0: doesn't show hand 
*** SUMMARY ***
Total pot $5.70 | Rake $0 
Seat 1: BoyLoc0 collected ($5.70)
Seat 2: Cropsy folded before Flop (didn't bet)
Seat 3: sta$igk (button) folded before Flop (didn't bet)
Seat 4: Manifestorr (small blind) folded before Flop
Seat 5: Pippa83 (big blind) folded before Flop
Seat 6: aoish30 folded before Flop



PokerStars Hand #254565234032:  Hold'em No Limit ($0.50/$1.00 USD) - 2025/01/26 18:16:59 WET [2025/01/26 13:16:59 ET]
Table 'Luyten IV' 6-max Seat #4 is the button
Seat 1: BoyLoc0 ($107.30 in chips) 
Seat 2: Cropsy ($191.72 in chips) 
Seat 3: sta$igk ($100 in chips) 
Seat 4: Manifestorr ($100 in chips) 
Seat 5: Pippa83 ($106.71 in chips) 
Seat 6: aoish30 ($106.36 in chips) 
Pippa83: posts small blind $0.50
aoish30: posts big blind $1
*** HOLE CARDS ***
BoyLoc0: folds 
Cropsy: folds 
sta$igk: folds 
Manifestorr: raises $1.20 to $2.20
Pippa83: folds 
aoish30: folds 
Uncalled bet ($1.20) returned to Manifestorr
Manifestorr collected $2.50 from pot
*** SUMMARY ***
Total pot $2.50 | Rake $0 
Seat 1: BoyLoc0 folded before Flop (didn't bet)
Seat 2: Cropsy folded before Flop (didn't bet)
Seat 3: sta$igk folded before Flop (didn't bet)
Seat 4: Manifestorr (button) collected ($2.50)
Seat 5: Pippa83 (small blind) folded before Flop
Seat 6: aoish30 (big blind) folded before Flop



PokerStars Hand #254565238420:  Hold'em No Limit ($0.50/$1.00 USD) - 2025/01/26 18:17:12 WET [2025/01/26 13:17:12 ET]
Table 'Luyten IV' 6-max Seat #5 is the button
Seat 1: BoyLoc0 ($107.30 in chips) 
Seat 2: Cropsy ($191.72 in chips) 
Seat 3: sta$igk ($100 in chips) 
Seat 4: Manifestorr ($101.50 in chips) 
Seat 5: Pippa83 ($106.21 in chips) 
Seat 6: aoish30 ($105.36 in chips) 
aoish30: posts small blind $0.50
BoyLoc0: posts big blind $1
*** HOLE CARDS ***
Cropsy: folds 
sta$igk: folds 
Manifestorr: folds 
Pippa83: folds 
aoish30: raises $2 to $3
BoyLoc0: calls $2
*** FLOP *** [Qd 7h Ts]
aoish30: bets $1.88
BoyLoc0: raises $7.10 to $8.98
aoish30: folds 
Uncalled bet ($7.10) returned to BoyLoc0
BoyLoc0 collected $9.27 from pot
BoyLoc0: doesn't show hand 
*** SUMMARY ***
Total pot $9.76 | Rake $0.49 
Board [Qd 7h Ts]
Seat 1: BoyLoc0 (big blind) collected ($9.27)
Seat 2: Cropsy folded before Flop (didn't bet)
Seat 3: sta$igk folded before Flop (didn't bet)
Seat 4: Manifestorr folded before Flop (didn't bet)
Seat 5: Pippa83 (button) folded before Flop (didn't bet)
Seat 6: aoish30 (small blind) folded on the Flop



PokerStars Hand #254565250272:  Hold'em No Limit ($0.50/$1.00 USD) - 2025/01/26 18:17:46 WET [2025/01/26 13:17:46 ET]
Table 'Luyten IV' 6-max Seat #6 is the button
Seat 1: BoyLoc0 ($111.69 in chips) 
Seat 2: Cropsy ($191.72 in chips) 
Seat 3: sta$igk ($100 in chips) 
Seat 4: Manifestorr ($101.50 in chips) 
Seat 5: Pippa83 ($106.21 in chips) 
Seat 6: aoish30 ($100.48 in chips) 
BoyLoc0: posts small blind $0.50
Cropsy: posts big blind $1
*** HOLE CARDS ***
sta$igk: raises $1.50 to $2.50
Manifestorr: folds 
Pippa83: folds 
aoish30: folds 
BoyLoc0: folds 
Cropsy: folds 
Uncalled bet ($1.50) returned to sta$igk
sta$igk collected $2.50 from pot
sta$igk: doesn't show hand 
*** SUMMARY ***
Total pot $2.50 | Rake $0 
Seat 1: BoyLoc0 (small blind) folded before Flop
Seat 2: Cropsy (big blind) folded before Flop
Seat 3: sta$igk collected ($2.50)
Seat 4: Manifestorr folded before Flop (didn't bet)
Seat 5: Pippa83 folded before Flop (didn't bet)
Seat 6: aoish30 (button) folded before Flop (didn't bet)



PokerStars Hand #254565254115:  Hold'em No Limit ($0.50/$1.00 USD) - 2025/01/26 18:17:57 WET [2025/01/26 13:17:57 ET]
Table 'Luyten IV' 6-max Seat #1 is the button
Seat 1: BoyLoc0 ($111.19 in chips) 
Seat 2: Cropsy ($190.72 in chips) 
Seat 3: sta$igk ($101.50 in chips) 
Seat 4: Manifestorr ($101.50 in chips) 
Seat 5: Pippa83 ($106.21 in chips) 
Seat 6: aoish30 ($100.48 in chips) 
Cropsy: posts small blind $0.50
sta$igk: posts big blind $1
*** HOLE CARDS ***
Manifestorr: folds 
Pippa83: raises $1.20 to $2.20
aoish30: folds 
BoyLoc0: folds 
Cropsy: folds 
sta$igk: folds 
Uncalled bet ($1.20) returned to Pippa83
Pippa83 collected $2.50 from pot
Pippa83: doesn't show hand 
*** SUMMARY ***
Total pot $2.50 | Rake $0 
Seat 1: BoyLoc0 (button) folded before Flop (didn't bet)
Seat 2: Cropsy (small blind) folded before Flop
Seat 3: sta$igk (big blind) folded before Flop
Seat 4: Manifestorr folded before Flop (didn't bet)
Seat 5: Pippa83 collected ($2.50)
Seat 6: aoish30 folded before Flop (didn't bet)



PokerStars Hand #254565258524:  Hold'em No Limit ($0.50/$1.00 USD) - 2025/01/26 18:18:10 WET [2025/01/26 13:18:10 ET]
Table 'Luyten IV' 6-max Seat #2 is the button
Seat 1: BoyLoc0 ($111.19 in chips) 
Seat 2: Cropsy ($190.22 in chips) 
Seat 3: sta$igk ($100.50 in chips) 
Seat 4: Manifestorr ($101.50 in chips) 
Seat 5: Pippa83 ($107.71 in chips) 
Seat 6: aoish30 ($100.48 in chips) 
sta$igk: posts small blind $0.50
Manifestorr: posts big blind $1
*** HOLE CARDS ***
Pippa83: folds 
aoish30: raises $1.10 to $2.10
BoyLoc0: folds 
Cropsy: folds 
sta$igk: folds 
Manifestorr: folds 
Uncalled bet ($1.10) returned to aoish30
aoish30 collected $2.50 from pot
aoish30: doesn't show hand 
*** SUMMARY ***
Total pot $2.50 | Rake $0 
Seat 1: BoyLoc0 folded before Flop (didn't bet)
Seat 2: Cropsy (button) folded before Flop (didn't bet)
Seat 3: sta$igk (small blind) folded before Flop
Seat 4: Manifestorr (big blind) folded before Flop
Seat 5: Pippa83 folded before Flop (didn't bet)
Seat 6: aoish30 collected ($2.50)



PokerStars Hand #254565263122:  Hold'em No Limit ($0.50/$1.00 USD) - 2025/01/26 18:18:23 WET [2025/01/26 13:18:23 ET]
Table 'Luyten IV' 6-max Seat #3 is the button
Seat 1: BoyLoc0 ($111.19 in chips) 
Seat 2: Cropsy ($190.22 in chips) 
Seat 3: sta$igk ($100 in chips) 
Seat 4: Manifestorr ($100.50 in chips) 
Seat 5: Pippa83 ($107.71 in chips) 
Seat 6: aoish30 ($101.98 in chips) 
Manifestorr: posts small blind $0.50
Pippa83: posts big blind $1
*** HOLE CARDS ***
aoish30: folds 
BoyLoc0: folds 
Cropsy: raises $3 to $4
sta$igk: folds 
Manifestorr: folds 
Pippa83: folds 
Uncalled bet ($3) returned to Cropsy
Cropsy collected $2.50 from pot
Cropsy: doesn't show hand 
*** SUMMARY ***
Total pot $2.50 | Rake $0 
Seat 1: BoyLoc0 folded before Flop (didn't bet)
Seat 2: Cropsy collected ($2.50)
Seat 3: sta$igk (button) folded before Flop (didn't bet)
Seat 4: Manifestorr (small blind) folded before Flop
Seat 5: Pippa83 (big blind) folded before Flop
Seat 6: aoish30 folded before Flop (didn't bet)



PokerStars Hand #254565267185:  Hold'em No Limit ($0.50/$1.00 USD) - 2025/01/26 18:18:35 WET [2025/01/26 13:18:35 ET]
Table 'Luyten IV' 6-max Seat #4 is the button
Seat 1: BoyLoc0 ($111.19 in chips) 
Seat 2: Cropsy ($191.72 in chips) 
Seat 3: sta$igk ($100 in chips) 
Seat 4: Manifestorr ($100 in chips) 
Seat 5: Pippa83 ($106.71 in chips) 
Seat 6: aoish30 ($101.98 in chips) 
Pippa83: posts small blind $0.50
aoish30: posts big blind $1
*** HOLE CARDS ***
BoyLoc0: folds 
Cropsy: raises $4 to $5
sta$igk: folds 
Manifestorr: folds 
Pippa83: folds 
aoish30: folds 
Uncalled bet ($4) returned to Cropsy
Cropsy collected $2.50 from pot
Cropsy: doesn't show hand 
*** SUMMARY ***
Total pot $2.50 | Rake $0 
Seat 1: BoyLoc0 folded before Flop (didn't bet)
Seat 2: Cropsy collected ($2.50)
Seat 3: sta$igk folded before Flop (didn't bet)
Seat 4: Manifestorr (button) folded before Flop (didn't bet)
Seat 5: Pippa83 (small blind) folded before Flop
Seat 6: aoish30 (big blind) folded before Flop



PokerStars Hand #254565273445:  Hold'em No Limit ($0.50/$1.00 USD) - 2025/01/26 18:18:53 WET [2025/01/26 13:18:53 ET]
Table 'Luyten IV' 6-max Seat #5 is the button
Seat 1: BoyLoc0 ($111.19 in chips) 
Seat 2: Cropsy ($193.22 in chips) 
Seat 3: sta$igk ($100 in chips) 
Seat 4: Manifestorr ($100 in chips) 
Seat 5: Pippa83 ($106.21 in chips) 
Seat 6: aoish30 ($100.98 in chips) 
aoish30: posts small blind $0.50
BoyLoc0: posts big blind $1
*** HOLE CARDS ***
Cropsy: raises $2 to $3
sta$igk: folds 
Manifestorr: folds 
Pippa83: folds 
aoish30: raises $10.20 to $13.20
BoyLoc0: folds 
Cropsy: calls $10.20
*** FLOP *** [9s 3c 5s]
aoish30: bets $8.59
Cropsy: calls $8.59
*** TURN *** [9s 3c 5s] [6h]
aoish30: bets $31.76
Cropsy: folds 
Uncalled bet ($31.76) returned to aoish30
aoish30 collected $42.35 from pot
aoish30: doesn't show hand 
*** SUMMARY ***
Total pot $44.58 | Rake $2.23 
Board [9s 3c 5s 6h]
Seat 1: BoyLoc0 (big blind) folded before Flop
Seat 2: Cropsy folded on the Turn
Seat 3: sta$igk folded before Flop (didn't bet)
Seat 4: Manifestorr folded before Flop (didn't bet)
Seat 5: Pippa83 (button) folded before Flop (didn't bet)
Seat 6: aoish30 (small blind) collected ($42.35)



PokerStars Hand #254565287621:  Hold'em No Limit ($0.50/$1.00 USD) - 2025/01/26 18:19:34 WET [2025/01/26 13:19:34 ET]
Table 'Luyten IV' 6-max Seat #6 is the button
Seat 1: BoyLoc0 ($110.19 in chips) 
Seat 2: Cropsy ($171.43 in chips) 
Seat 3: sta$igk ($100 in chips) 
Seat 4: Manifestorr ($100 in chips) 
Seat 5: Pippa83 ($106.21 in chips) 
Seat 6: aoish30 ($121.54 in chips) 
BoyLoc0: posts small blind $0.50
Cropsy: posts big blind $1
*** HOLE CARDS ***
sta$igk: folds 
Manifestorr: raises $1.20 to $2.20
Pippa83: folds 
aoish30: folds 
BoyLoc0: folds 
Cropsy: folds 
Uncalled bet ($1.20) returned to Manifestorr
Manifestorr collected $2.50 from pot
*** SUMMARY ***
Total pot $2.50 | Rake $0 
Seat 1: BoyLoc0 (small blind) folded before Flop
Seat 2: Cropsy (big blind) folded before Flop
Seat 3: sta$igk folded before Flop (didn't bet)
Seat 4: Manifestorr collected ($2.50)
Seat 5: Pippa83 folded before Flop (didn't bet)
Seat 6: aoish30 (button) folded before Flop (didn't bet)



PokerStars Hand #254565292103:  Hold'em No Limit ($0.50/$1.00 USD) - 2025/01/26 18:19:48 WET [2025/01/26 13:19:48 ET]
Table 'Luyten IV' 6-max Seat #1 is the button
Seat 1: BoyLoc0 ($109.69 in chips) 
Seat 2: Cropsy ($170.43 in chips) 
Seat 3: sta$igk ($100 in chips) 
Seat 4: Manifestorr ($101.50 in chips) 
Seat 5: Pippa83 ($106.21 in chips) 
Seat 6: aoish30 ($121.54 in chips) 
Cropsy: posts small blind $0.50
sta$igk: posts big blind $1
*** HOLE CARDS ***
Manifestorr: raises $1.20 to $2.20
Pippa83: folds 
aoish30: folds 
BoyLoc0: folds 
Cropsy: folds 
sta$igk: folds 
Uncalled bet ($1.20) returned to Manifestorr
Manifestorr collected $2.50 from pot
*** SUMMARY ***
Total pot $2.50 | Rake $0 
Seat 1: BoyLoc0 (button) folded before Flop (didn't bet)
Seat 2: Cropsy (small blind) folded before Flop
Seat 3: sta$igk (big blind) folded before Flop
Seat 4: Manifestorr collected ($2.50)
Seat 5: Pippa83 folded before Flop (didn't bet)
Seat 6: aoish30 folded before Flop (didn't bet)



PokerStars Hand #254565298821:  Hold'em No Limit ($0.50/$1.00 USD) - 2025/01/26 18:20:07 WET [2025/01/26 13:20:07 ET]
Table 'Luyten IV' 6-max Seat #2 is the button
Seat 1: BoyLoc0 ($109.69 in chips) 
Seat 2: Cropsy ($169.93 in chips) 
Seat 3: sta$igk ($100 in chips) 
Seat 4: Manifestorr ($103 in chips) 
Seat 5: Pippa83 ($106.21 in chips) 
Seat 6: aoish30 ($121.54 in chips) 
sta$igk: posts small blind $0.50
Manifestorr: posts big blind $1
*** HOLE CARDS ***
Pippa83: raises $1.20 to $2.20
aoish30: raises $5.28 to $7.48
BoyLoc0: folds 
Cropsy: folds 
sta$igk: folds 
Manifestorr: folds 
Pippa83: raises $13.02 to $20.50
aoish30: calls $13.02
*** FLOP *** [7d 2c 3s]
Pippa83: bets $10.10
aoish30: calls $10.10
*** TURN *** [7d 2c 3s] [5s]
Pippa83: checks 
aoish30: bets $19.87
Pippa83: raises $55.74 to $75.61 and is all-in
aoish30: calls $55.74
*** RIVER *** [7d 2c 3s 5s] [8d]
*** SHOW DOWN ***
Pippa83: shows [As Ks] (high card Ace)
aoish30: shows [9c 9s] (a pair of Nines)
aoish30 collected $211.42 from pot
*** SUMMARY ***
Total pot $213.92 | Rake $2.50 
Board [7d 2c 3s 5s 8d]
Seat 1: BoyLoc0 folded before Flop (didn't bet)
Seat 2: Cropsy (button) folded before Flop (didn't bet)
Seat 3: sta$igk (small blind) folded before Flop
Seat 4: Manifestorr (big blind) folded before Flop
Seat 5: Pippa83 showed [As Ks] and lost with high card Ace
Seat 6: aoish30 showed [9c 9s] and won ($211.42) with a pair of Nines



PokerStars Hand #254565340926:  Hold'em No Limit ($0.50/$1.00 USD) - 2025/01/26 18:22:09 WET [2025/01/26 13:22:09 ET]
Table 'Luyten IV' 6-max Seat #3 is the button
Seat 1: BoyLoc0 ($109.69 in chips) 
Seat 2: Cropsy ($169.93 in chips) 
Seat 3: sta$igk ($100 in chips) 
Seat 4: Manifestorr ($102 in chips) 
Seat 5: Pippa83 ($100 in chips) 
Seat 6: aoish30 ($226.75 in chips) 
Manifestorr: posts small blind $0.50
Pippa83: posts big blind $1
*** HOLE CARDS ***
aoish30: folds 
BoyLoc0: folds 
Cropsy: raises $3 to $4
sta$igk: folds 
Manifestorr: folds 
Pippa83: folds 
Uncalled bet ($3) returned to Cropsy
Cropsy collected $2.50 from pot
Cropsy: doesn't show hand 
*** SUMMARY ***
Total pot $2.50 | Rake $0 
Seat 1: BoyLoc0 folded before Flop (didn't bet)
Seat 2: Cropsy collected ($2.50)
Seat 3: sta$igk (button) folded before Flop (didn't bet)
Seat 4: Manifestorr (small blind) folded before Flop
Seat 5: Pippa83 (big blind) folded before Flop
Seat 6: aoish30 folded before Flop (didn't bet)



PokerStars Hand #254565350728:  Hold'em No Limit ($0.50/$1.00 USD) - 2025/01/26 18:22:37 WET [2025/01/26 13:22:37 ET]
Table 'Luyten IV' 6-max Seat #4 is the button
Seat 1: BoyLoc0 ($109.69 in chips) 
Seat 2: Cropsy ($171.43 in chips) 
Seat 3: sta$igk ($100 in chips) 
Seat 4: Manifestorr ($101.50 in chips) 
Seat 5: Pippa83 ($100 in chips) 
Seat 6: aoish30 ($226.75 in chips) 
Pippa83: posts small blind $0.50
aoish30: posts big blind $1
*** HOLE CARDS ***
BoyLoc0: folds 
Cropsy: folds 
sta$igk: folds 
Manifestorr: raises $1.20 to $2.20
Pippa83: folds 
aoish30: folds 
Uncalled bet ($1.20) returned to Manifestorr
Manifestorr collected $2.50 from pot
*** SUMMARY ***
Total pot $2.50 | Rake $0 
Seat 1: BoyLoc0 folded before Flop (didn't bet)
Seat 2: Cropsy folded before Flop (didn't bet)
Seat 3: sta$igk folded before Flop (didn't bet)
Seat 4: Manifestorr (button) collected ($2.50)
Seat 5: Pippa83 (small blind) folded before Flop
Seat 6: aoish30 (big blind) folded before Flop



PokerStars Hand #254565354721:  Hold'em No Limit ($0.50/$1.00 USD) - 2025/01/26 18:22:49 WET [2025/01/26 13:22:49 ET]
Table 'Luyten IV' 6-max Seat #5 is the button
Seat 1: BoyLoc0 ($109.69 in chips) 
Seat 2: Cropsy ($171.43 in chips) 
Seat 3: sta$igk ($100 in chips) 
Seat 4: Manifestorr ($103 in chips) 
Seat 5: Pippa83 ($100 in chips) 
Seat 6: aoish30 ($225.75 in chips) 
aoish30: posts small blind $0.50
BoyLoc0: posts big blind $1
*** HOLE CARDS ***
Cropsy: raises $1 to $2
sta$igk: raises $5 to $7
Manifestorr: folds 
Pippa83: folds 
aoish30: folds 
BoyLoc0: folds 
Cropsy: calls $5
*** FLOP *** [5d 3c 9d]
Cropsy: checks 
sta$igk: bets $9.86
Cropsy: folds 
Uncalled bet ($9.86) returned to sta$igk
sta$igk collected $14.72 from pot
sta$igk: doesn't show hand 
*** SUMMARY ***
Total pot $15.50 | Rake $0.78 
Board [5d 3c 9d]
Seat 1: BoyLoc0 (big blind) folded before Flop
Seat 2: Cropsy folded on the Flop
Seat 3: sta$igk collected ($14.72)
Seat 4: Manifestorr folded before Flop (didn't bet)
Seat 5: Pippa83 (button) folded before Flop (didn't bet)
Seat 6: aoish30 (small blind) folded before Flop



PokerStars Hand #254565364840:  Hold'em No Limit ($0.50/$1.00 USD) - 2025/01/26 18:23:18 WET [2025/01/26 13:23:18 ET]
Table 'Luyten IV' 6-max Seat #6 is the button
Seat 1: BoyLoc0 ($108.69 in chips) 
Seat 2: Cropsy ($164.43 in chips) 
Seat 3: sta$igk ($107.72 in chips) 
Seat 4: Manifestorr ($103 in chips) 
Seat 5: Pippa83 ($100 in chips) 
Seat 6: aoish30 ($225.25 in chips) 
BoyLoc0: posts small blind $0.50
Cropsy: posts big blind $1
*** HOLE CARDS ***
sta$igk: folds 
Manifestorr: folds 
Pippa83: raises $1.50 to $2.50
aoish30: folds 
BoyLoc0: folds 
Cropsy: calls $1.50
*** FLOP *** [Jd 2c Qs]
Cropsy: checks 
Pippa83: bets $1.72
Cropsy: calls $1.72
*** TURN *** [Jd 2c Qs] [3c]
Cropsy: checks 
Pippa83: checks 
*** RIVER *** [Jd 2c Qs 3c] [Kh]
Cropsy: bets $5
Pippa83: folds 
Uncalled bet ($5) returned to Cropsy
Cropsy collected $8.49 from pot
Cropsy: doesn't show hand 
*** SUMMARY ***
Total pot $8.94 | Rake $0.45 
Board [Jd 2c Qs 3c Kh]
Seat 1: BoyLoc0 (small blind) folded before Flop
Seat 2: Cropsy (big blind) collected ($8.49)
Seat 3: sta$igk folded before Flop (didn't bet)
Seat 4: Manifestorr folded before Flop (didn't bet)
Seat 5: Pippa83 folded on the River
Seat 6: aoish30 (button) folded before Flop (didn't bet)



PokerStars Hand #254565382388:  Hold'em No Limit ($0.50/$1.00 USD) - 2025/01/26 18:24:08 WET [2025/01/26 13:24:08 ET]
Table 'Luyten IV' 6-max Seat #1 is the button
Seat 1: BoyLoc0 ($108.19 in chips) 
Seat 2: Cropsy ($168.70 in chips) 
Seat 3: sta$igk ($107.72 in chips) 
Seat 4: Manifestorr ($103 in chips) 
Seat 5: Pippa83 ($100 in chips) 
Seat 6: aoish30 ($225.25 in chips) 
Cropsy: posts small blind $0.50
sta$igk: posts big blind $1
*** HOLE CARDS ***
Manifestorr: folds 
Pippa83: folds 
aoish30: raises $1.50 to $2.50
BoyLoc0: folds 
Cropsy: calls $2
sta$igk: calls $1.50
*** FLOP *** [Ks Jc 7c]
Cropsy: checks 
sta$igk: checks 
aoish30: bets $2.35
Cropsy: calls $2.35
sta$igk: folds 
*** TURN *** [Ks Jc 7c] [5c]
Cropsy: checks 
aoish30: bets $8.69
Cropsy: folds 
Uncalled bet ($8.69) returned to aoish30
aoish30 collected $11.59 from pot
aoish30: doesn't show hand 
*** SUMMARY ***
Total pot $12.20 | Rake $0.61 
Board [Ks Jc 7c 5c]
Seat 1: BoyLoc0 (button) folded before Flop (didn't bet)
Seat 2: Cropsy (small blind) folded on the Turn
Seat 3: sta$igk (big blind) folded on the Flop
Seat 4: Manifestorr folded before Flop (didn't bet)
Seat 5: Pippa83 folded before Flop (didn't bet)
Seat 6: aoish30 collected ($11.59)



PokerStars Hand #254565396600:  Hold'em No Limit ($0.50/$1.00 USD) - 2025/01/26 18:24:49 WET [2025/01/26 13:24:49 ET]
Table 'Luyten IV' 6-max Seat #2 is the button
Seat 1: BoyLoc0 ($108.19 in chips) 
Seat 2: Cropsy ($163.85 in chips) 
Seat 3: sta$igk ($105.22 in chips) 
Seat 4: Manifestorr ($103 in chips) 
Seat 5: Pippa83 ($100 in chips) 
Seat 6: aoish30 ($231.99 in chips) 
sta$igk: posts small blind $0.50
Manifestorr: posts big blind $1
*** HOLE CARDS ***
Pippa83: folds 
aoish30: folds 
BoyLoc0: folds 
Cropsy: folds 
sta$igk: folds 
Uncalled bet ($0.50) returned to Manifestorr
Manifestorr collected $1 from pot
*** SUMMARY ***
Total pot $1 | Rake $0 
Seat 1: BoyLoc0 folded before Flop (didn't bet)
Seat 2: Cropsy (button) folded before Flop (didn't bet)
Seat 3: sta$igk (small blind) folded before Flop
Seat 4: Manifestorr (big blind) collected ($1)
Seat 5: Pippa83 folded before Flop (didn't bet)
Seat 6: aoish30 folded before Flop (didn't bet)



PokerStars Hand #254565400190:  Hold'em No Limit ($0.50/$1.00 USD) - 2025/01/26 18:25:00 WET [2025/01/26 13:25:00 ET]
Table 'Luyten IV' 6-max Seat #3 is the button
Seat 1: BoyLoc0 ($108.19 in chips) 
Seat 2: Cropsy ($163.85 in chips) 
Seat 3: sta$igk ($104.72 in chips) 
Seat 4: Manifestorr ($103.50 in chips) 
Seat 5: Pippa83 ($100 in chips) 
Seat 6: aoish30 ($231.99 in chips) 
Manifestorr: posts small blind $0.50
Pippa83: posts big blind $1
*** HOLE CARDS ***
aoish30: folds 
BoyLoc0: raises $1.50 to $2.50
Cropsy: folds 
sta$igk: folds 
Manifestorr: folds 
Pippa83: folds 
Uncalled bet ($1.50) returned to BoyLoc0
BoyLoc0 collected $2.50 from pot
BoyLoc0: doesn't show hand 
*** SUMMARY ***
Total pot $2.50 | Rake $0 
Seat 1: BoyLoc0 collected ($2.50)
Seat 2: Cropsy folded before Flop (didn't bet)
Seat 3: sta$igk (button) folded before Flop (didn't bet)
Seat 4: Manifestorr (small blind) folded before Flop
Seat 5: Pippa83 (big blind) folded before Flop
Seat 6: aoish30 folded before Flop (didn't bet)



PokerStars Hand #254565405360:  Hold'em No Limit ($0.50/$1.00 USD) - 2025/01/26 18:25:14 WET [2025/01/26 13:25:14 ET]
Table 'Luyten IV' 6-max Seat #4 is the button
Seat 1: BoyLoc0 ($109.69 in chips) 
Seat 2: Cropsy ($163.85 in chips) 
Seat 3: sta$igk ($104.72 in chips) 
Seat 4: Manifestorr ($103 in chips) 
Seat 5: Pippa83 ($100 in chips) 
Seat 6: aoish30 ($231.99 in chips) 
Pippa83: posts small blind $0.50
aoish30: posts big blind $1
*** HOLE CARDS ***
BoyLoc0: folds 
Cropsy: calls $1
sta$igk: raises $3 to $4
Manifestorr: folds 
Pippa83: folds 
aoish30: calls $3
Cropsy: calls $3
*** FLOP *** [9h 4c Th]
aoish30: checks 
Cropsy: checks 
sta$igk: checks 
*** TURN *** [9h 4c Th] [7d]
aoish30: bets $8.91
Cropsy: calls $8.91
sta$igk: calls $8.91
*** RIVER *** [9h 4c Th 7d] [5d]
aoish30: checks 
Cropsy: bets $29
sta$igk: calls $29
aoish30: folds 
*** SHOW DOWN ***
Cropsy: shows [8d 6d] (a straight, Six to Ten)
sta$igk: mucks hand 
Cropsy collected $94.73 from pot
*** SUMMARY ***
Total pot $97.23 | Rake $2.50 
Board [9h 4c Th 7d 5d]
Seat 1: BoyLoc0 folded before Flop (didn't bet)
Seat 2: Cropsy showed [8d 6d] and won ($94.73) with a straight, Six to Ten
Seat 3: sta$igk mucked
Seat 4: Manifestorr (button) folded before Flop (didn't bet)
Seat 5: Pippa83 (small blind) folded before Flop
Seat 6: aoish30 (big blind) folded on the River



PokerStars Hand #254565428590:  Hold'em No Limit ($0.50/$1.00 USD) - 2025/01/26 18:26:21 WET [2025/01/26 13:26:21 ET]
Table 'Luyten IV' 6-max Seat #5 is the button
Seat 1: BoyLoc0 ($109.69 in chips) 
Seat 2: Cropsy ($216.67 in chips) 
Seat 3: sta$igk ($100 in chips) 
Seat 4: Manifestorr ($103 in chips) 
Seat 5: Pippa83 ($100 in chips) 
Seat 6: aoish30 ($219.08 in chips) 
aoish30: posts small blind $0.50
BoyLoc0: posts big blind $1
*** HOLE CARDS ***
Cropsy: raises $2 to $3
sta$igk: raises $6 to $9
Manifestorr: folds 
Pippa83: folds 
aoish30: folds 
BoyLoc0: folds 
Cropsy: calls $6
*** FLOP *** [Tc 2h 9d]
Cropsy: bets $3
sta$igk: calls $3
*** TURN *** [Tc 2h 9d] [4s]
Cropsy: checks 
sta$igk: bets $12.11
Cropsy: calls $12.11
*** RIVER *** [Tc 2h 9d 4s] [Ah]
Cropsy: checks 
sta$igk: checks 
*** SHOW DOWN ***
Cropsy: shows [As 4c] (two pair, Aces and Fours)
sta$igk: mucks hand 
Cropsy collected $47.23 from pot
*** SUMMARY ***
Total pot $49.72 | Rake $2.49 
Board [Tc 2h 9d 4s Ah]
Seat 1: BoyLoc0 (big blind) folded before Flop
Seat 2: Cropsy showed [As 4c] and won ($47.23) with two pair, Aces and Fours
Seat 3: sta$igk mucked
Seat 4: Manifestorr folded before Flop (didn't bet)
Seat 5: Pippa83 (button) folded before Flop (didn't bet)
Seat 6: aoish30 (small blind) folded before Flop



PokerStars Hand #254565453893:  Hold'em No Limit ($0.50/$1.00 USD) - 2025/01/26 18:27:34 WET [2025/01/26 13:27:34 ET]
Table 'Luyten IV' 6-max Seat #6 is the button
Seat 1: BoyLoc0 ($108.69 in chips) 
Seat 2: Cropsy ($239.79 in chips) 
Seat 3: sta$igk ($100 in chips) 
Seat 4: Manifestorr ($103 in chips) 
Seat 5: Pippa83 ($100 in chips) 
Seat 6: aoish30 ($218.58 in chips) 
BoyLoc0: posts small blind $0.50
Cropsy: posts big blind $1
*** HOLE CARDS ***
sta$igk: folds 
Manifestorr: folds 
Pippa83: folds 
aoish30: folds 
BoyLoc0: raises $2 to $3
Cropsy: calls $2
*** FLOP *** [Th 5s Kd]
BoyLoc0: bets $1.88
Cropsy: folds 
Uncalled bet ($1.88) returned to BoyLoc0
BoyLoc0 collected $5.70 from pot
BoyLoc0: doesn't show hand 
*** SUMMARY ***
Total pot $6 | Rake $0.30 
Board [Th 5s Kd]
Seat 1: BoyLoc0 (small blind) collected ($5.70)
Seat 2: Cropsy (big blind) folded on the Flop
Seat 3: sta$igk folded before Flop (didn't bet)
Seat 4: Manifestorr folded before Flop (didn't bet)
Seat 5: Pippa83 folded before Flop (didn't bet)
Seat 6: aoish30 (button) folded before Flop (didn't bet)



PokerStars Hand #254565461649:  Hold'em No Limit ($0.50/$1.00 USD) - 2025/01/26 18:27:57 WET [2025/01/26 13:27:57 ET]
Table 'Luyten IV' 6-max Seat #1 is the button
Seat 1: BoyLoc0 ($111.39 in chips) 
Seat 2: Cropsy ($236.79 in chips) 
Seat 3: sta$igk ($100 in chips) 
Seat 4: Manifestorr ($103 in chips) 
Seat 5: Pippa83 ($100 in chips) 
Seat 6: aoish30 ($218.58 in chips) 
Cropsy: posts small blind $0.50
sta$igk: posts big blind $1
*** HOLE CARDS ***
Manifestorr: folds 
Pippa83: raises $1.20 to $2.20
aoish30: folds 
BoyLoc0: raises $5.30 to $7.50
Cropsy: folds 
sta$igk: folds 
Pippa83: folds 
Uncalled bet ($5.30) returned to BoyLoc0
BoyLoc0 collected $5.90 from pot
BoyLoc0: doesn't show hand 
*** SUMMARY ***
Total pot $5.90 | Rake $0 
Seat 1: BoyLoc0 (button) collected ($5.90)
Seat 2: Cropsy (small blind) folded before Flop
Seat 3: sta$igk (big blind) folded before Flop
Seat 4: Manifestorr folded before Flop (didn't bet)
Seat 5: Pippa83 folded before Flop
Seat 6: aoish30 folded before Flop (didn't bet)



PokerStars Hand #254565468680:  Hold'em No Limit ($0.50/$1.00 USD) - 2025/01/26 18:28:17 WET [2025/01/26 13:28:17 ET]
Table 'Luyten IV' 6-max Seat #2 is the button
Seat 1: BoyLoc0 ($115.09 in chips) 
Seat 2: Cropsy ($236.29 in chips) 
Seat 3: sta$igk ($100 in chips) 
Seat 4: Manifestorr ($103 in chips) 
Seat 5: Pippa83 ($100 in chips) 
Seat 6: aoish30 ($218.58 in chips) 
sta$igk: posts small blind $0.50
Manifestorr: posts big blind $1
*** HOLE CARDS ***
Pippa83: folds 
aoish30: folds 
BoyLoc0: raises $1.50 to $2.50
Cropsy: calls $2.50
sta$igk: folds 
Manifestorr: calls $1.50
*** FLOP *** [9c 6d Kh]
Manifestorr: checks 
BoyLoc0: checks 
Cropsy: bets $4
Manifestorr: folds 
BoyLoc0: raises $7.80 to $11.80
Cropsy: calls $7.80
*** TURN *** [9c 6d Kh] [3s]
BoyLoc0: checks 
Cropsy: checks 
*** RIVER *** [9c 6d Kh 3s] [4h]
BoyLoc0: checks 
Cropsy: checks 
*** SHOW DOWN ***
BoyLoc0: shows [5d 5h] (a pair of Fives)
Cropsy: mucks hand 
BoyLoc0 collected $30.02 from pot
*** SUMMARY ***
Total pot $31.60 | Rake $1.58 
Board [9c 6d Kh 3s 4h]
Seat 1: BoyLoc0 showed [5d 5h] and won ($30.02) with a pair of Fives
Seat 2: Cropsy (button) mucked
Seat 3: sta$igk (small blind) folded before Flop
Seat 4: Manifestorr (big blind) folded on the Flop
Seat 5: Pippa83 folded before Flop (didn't bet)
Seat 6: aoish30 folded before Flop (didn't bet)



PokerStars Hand #254565483125:  Hold'em No Limit ($0.50/$1.00 USD) - 2025/01/26 18:28:59 WET [2025/01/26 13:28:59 ET]
Table 'Luyten IV' 6-max Seat #3 is the button
Seat 1: BoyLoc0 ($130.81 in chips) 
Seat 2: Cropsy ($221.99 in chips) 
Seat 3: sta$igk ($100 in chips) 
Seat 4: Manifestorr ($100.50 in chips) 
Seat 5: Pippa83 ($100 in chips) 
Seat 6: aoish30 ($218.58 in chips) 
Manifestorr: posts small blind $0.50
Pippa83: posts big blind $1
*** HOLE CARDS ***
aoish30: folds 
BoyLoc0: folds 
Cropsy: folds 
sta$igk: raises $1.50 to $2.50
Manifestorr: folds 
Pippa83: folds 
Uncalled bet ($1.50) returned to sta$igk
sta$igk collected $2.50 from pot
sta$igk: doesn't show hand 
*** SUMMARY ***
Total pot $2.50 | Rake $0 
Seat 1: BoyLoc0 folded before Flop (didn't bet)
Seat 2: Cropsy folded before Flop (didn't bet)
Seat 3: sta$igk (button) collected ($2.50)
Seat 4: Manifestorr (small blind) folded before Flop
Seat 5: Pippa83 (big blind) folded before Flop
Seat 6: aoish30 folded before Flop (didn't bet)



PokerStars Hand #254565491172:  Hold'em No Limit ($0.50/$1.00 USD) - 2025/01/26 18:29:22 WET [2025/01/26 13:29:22 ET]
Table 'Luyten IV' 6-max Seat #4 is the button
Seat 1: BoyLoc0 ($130.81 in chips) 
Seat 2: Cropsy ($221.99 in chips) 
Seat 3: sta$igk ($101.50 in chips) 
Seat 4: Manifestorr ($100 in chips) 
Seat 5: Pippa83 ($100 in chips) 
Seat 6: aoish30 ($218.58 in chips) 
Pippa83: posts small blind $0.50
aoish30: posts big blind $1
*** HOLE CARDS ***
BoyLoc0: folds 
Cropsy: folds 
sta$igk: folds 
Manifestorr: folds 
Pippa83: raises $2 to $3
aoish30: folds 
Uncalled bet ($2) returned to Pippa83
Pippa83 collected $2 from pot
Pippa83: doesn't show hand 
*** SUMMARY ***
Total pot $2 | Rake $0 
Seat 1: BoyLoc0 folded before Flop (didn't bet)
Seat 2: Cropsy folded before Flop (didn't bet)
Seat 3: sta$igk folded before Flop (didn't bet)
Seat 4: Manifestorr (button) folded before Flop (didn't bet)
Seat 5: Pippa83 (small blind) collected ($2)
Seat 6: aoish30 (big blind) folded before Flop



PokerStars Hand #254565498081:  Hold'em No Limit ($0.50/$1.00 USD) - 2025/01/26 18:29:42 WET [2025/01/26 13:29:42 ET]
Table 'Luyten IV' 6-max Seat #5 is the button
Seat 1: BoyLoc0 ($130.81 in chips) 
Seat 2: Cropsy ($221.99 in chips) 
Seat 3: sta$igk ($101.50 in chips) 
Seat 4: Manifestorr ($100 in chips) 
Seat 5: Pippa83 ($101 in chips) 
Seat 6: aoish30 ($217.58 in chips) 
aoish30: posts small blind $0.50
BoyLoc0: posts big blind $1
*** HOLE CARDS ***
Cropsy: raises $4 to $5
sta$igk: folds 
Manifestorr: folds 
Pippa83: folds 
aoish30: folds 
BoyLoc0: folds 
Uncalled bet ($4) returned to Cropsy
Cropsy collected $2.50 from pot
Cropsy: doesn't show hand 
*** SUMMARY ***
Total pot $2.50 | Rake $0 
Seat 1: BoyLoc0 (big blind) folded before Flop
Seat 2: Cropsy collected ($2.50)
Seat 3: sta$igk folded before Flop (didn't bet)
Seat 4: Manifestorr folded before Flop (didn't bet)
Seat 5: Pippa83 (button) folded before Flop (didn't bet)
Seat 6: aoish30 (small blind) folded before Flop



