PokerStars Hand #254557036904:  Hold'em No Limit ($0.50/$1.00 USD) - 2025/01/26 3:39:16 WET [2025/01/25 22:39:16 ET]
Table 'Strenua IV' 6-max Seat #5 is the button
Seat 4: AlexEliseev7 ($121.88 in chips) is sitting out
Seat 1: uuzka ($106.12 in chips) 
Seat 2: Unluckyone1984 ($29.57 in chips) 
Seat 3: sutata ($122.56 in chips) 
Seat 5: Aleqseuka ($134.95 in chips) 
Seat 6: Trakhus ($6.86 in chips) 
Trakhus: posts small blind $0.50
uuzka: posts big blind $1
*** HOLE CARDS ***
Unluckyone1984: calls $1
sutata: folds 
Aleqseuka: folds 
Trakhus: calls $0.50
uuzka: checks 
*** FLOP *** [9h 2d Kc]
Trakhus: checks 
uuzka: checks 
Unluckyone1984: checks 
*** TURN *** [9h 2d Kc] [Ad]
Trakhus: checks 
uuzka: checks 
Unluckyone1984: checks 
*** RIVER *** [9h 2d Kc Ad] [Kh]
Trakhus: checks 
uuzka: checks 
Unluckyone1984: checks 
*** SHOW DOWN ***
Trakhus: shows [Th 3h] (a pair of Kings)
uuzka: shows [9d 4h] (two pair, Kings and Nines)
Unluckyone1984: mucks hand 
uuzka collected $2.85 from pot
*** SUMMARY ***
Total pot $3 | Rake $0.15 
Board [9h 2d Kc Ad Kh]
Seat 4: AlexEliseev7
Seat 1: uuzka (big blind) showed [9d 4h] and won ($2.85) with two pair, Kings and Nines
Seat 2: Unluckyone1984 mucked
Seat 3: sutata folded before Flop (didn't bet)
Seat 5: Aleqseuka (button) folded before Flop (didn't bet)
Seat 6: Trakhus (small blind) showed [Th 3h] and lost with a pair of Kings



PokerStars Hand #254557048359:  Hold'em No Limit ($0.50/$1.00 USD) - 2025/01/26 3:40:47 WET [2025/01/25 22:40:47 ET]
Table 'Strenua IV' 6-max Seat #6 is the button
Seat 2: Unluckyone1984 ($28.57 in chips) is sitting out
Seat 4: AlexEliseev7 ($121.88 in chips) is sitting out
Seat 1: uuzka ($107.97 in chips) 
Seat 3: sutata ($122.56 in chips) 
Seat 5: Aleqseuka ($134.95 in chips) 
Seat 6: Trakhus ($5.86 in chips) 
uuzka: posts small blind $0.50
Unluckyone1984 has timed out
Unluckyone1984: is sitting out 
sutata: posts big blind $1
*** HOLE CARDS ***
Aleqseuka: folds 
Trakhus: raises $4.86 to $5.86 and is all-in
uuzka: folds 
sutata: folds 
Uncalled bet ($4.86) returned to Trakhus
Trakhus collected $2.50 from pot
*** SUMMARY ***
Total pot $2.50 | Rake $0 
Seat 2: Unluckyone1984
Seat 4: AlexEliseev7
Seat 1: uuzka (small blind) folded before Flop
Seat 3: sutata (big blind) folded before Flop
Seat 5: Aleqseuka folded before Flop (didn't bet)
Seat 6: Trakhus (button) collected ($2.50)



PokerStars Hand #254557051438:  Hold'em No Limit ($0.50/$1.00 USD) - 2025/01/26 3:41:11 WET [2025/01/25 22:41:11 ET]
Table 'Strenua IV' 6-max Seat #1 is the button
Seat 2: Unluckyone1984 ($28.57 in chips) is sitting out
Seat 4: AlexEliseev7 ($121.88 in chips) is sitting out
Seat 5: Aleqseuka ($134.95 in chips) is sitting out
Seat 1: uuzka ($107.47 in chips) 
Seat 3: sutata ($121.56 in chips) 
Seat 6: Trakhus ($7.36 in chips) 
sutata: posts small blind $0.50
Aleqseuka: is sitting out 
Trakhus: posts big blind $1
*** HOLE CARDS ***
uuzka: folds 
Aleqseuka leaves the table
sutata: raises $11.30 to $12.30
Trakhus: folds 
Uncalled bet ($11.30) returned to sutata
sutata collected $2 from pot
sutata: doesn't show hand 
*** SUMMARY ***
Total pot $2 | Rake $0 
Seat 2: Unluckyone1984
Seat 4: AlexEliseev7
Seat 5: Aleqseuka
Seat 1: uuzka (button) folded before Flop (didn't bet)
Seat 3: sutata (small blind) collected ($2)
Seat 6: Trakhus (big blind) folded before Flop



PokerStars Hand #254557053148:  Hold'em No Limit ($0.50/$1.00 USD) - 2025/01/26 3:41:25 WET [2025/01/25 22:41:25 ET]
Table 'Strenua IV' 6-max Seat #3 is the button
Seat 4: AlexEliseev7 ($121.88 in chips) is sitting out
Seat 1: uuzka ($107.47 in chips) 
Seat 2: Unluckyone1984 ($28.57 in chips) 
Seat 3: sutata ($122.56 in chips) 
Seat 6: Trakhus ($6.36 in chips) 
Trakhus: posts small blind $0.50
uuzka: posts big blind $1
Unluckyone1984: posts small & big blinds $1.50
*** HOLE CARDS ***
Unluckyone1984: checks 
sutata: folds 
Trakhus: calls $0.50
uuzka: checks 
*** FLOP *** [2d 4h Ts]
CashfishT joins the table at seat #5 
Trakhus: checks 
uuzka: checks 
Unluckyone1984: checks 
*** TURN *** [2d 4h Ts] [Kh]
Trakhus: checks 
uuzka: checks 
Unluckyone1984: bets $3.32
Trakhus: folds 
uuzka: folds 
Uncalled bet ($3.32) returned to Unluckyone1984
Unluckyone1984 collected $3.32 from pot
*** SUMMARY ***
Total pot $3.50 | Rake $0.18 
Board [2d 4h Ts Kh]
Seat 4: AlexEliseev7
Seat 1: uuzka (big blind) folded on the Turn
Seat 2: Unluckyone1984 collected ($3.32)
Seat 3: sutata (button) folded before Flop (didn't bet)
Seat 6: Trakhus (small blind) folded on the Turn



PokerStars Hand #254557058341:  Hold'em No Limit ($0.50/$1.00 USD) - 2025/01/26 3:42:06 WET [2025/01/25 22:42:06 ET]
Table 'Strenua IV' 6-max Seat #6 is the button
Seat 2: Unluckyone1984 ($30.39 in chips) is sitting out
Seat 4: AlexEliseev7 ($121.88 in chips) is sitting out
Seat 5: CashfishT ($100 in chips) is sitting out
Seat 1: uuzka ($106.47 in chips) 
Seat 3: sutata ($122.56 in chips) 
Seat 6: Trakhus ($5.36 in chips) 
uuzka: posts small blind $0.50
Unluckyone1984 has timed out
Unluckyone1984: is sitting out 
sutata: posts big blind $1
CashfishT: sits out 
*** HOLE CARDS ***
Trakhus: folds 
uuzka: folds 
Uncalled bet ($0.50) returned to sutata
sutata collected $1 from pot
sutata: doesn't show hand 
*** SUMMARY ***
Total pot $1 | Rake $0 
Seat 2: Unluckyone1984
Seat 4: AlexEliseev7
Seat 5: CashfishT
Seat 1: uuzka (small blind) folded before Flop
Seat 3: sutata (big blind) collected ($1)
Seat 6: Trakhus (button) folded before Flop (didn't bet)



PokerStars Hand #254557060831:  Hold'em No Limit ($0.50/$1.00 USD) - 2025/01/26 3:42:26 WET [2025/01/25 22:42:26 ET]
Table 'Strenua IV' 6-max Seat #1 is the button
Seat 2: Unluckyone1984 ($30.39 in chips) is sitting out
Seat 5: CashfishT ($100 in chips) is sitting out
Seat 1: uuzka ($105.97 in chips) 
Seat 3: sutata ($123.06 in chips) 
Seat 4: AlexEliseev7 ($121.88 in chips) 
Seat 6: Trakhus ($5.36 in chips) 
sutata: posts small blind $0.50
AlexEliseev7: posts big blind $1
CashfishT: sits out 
*** HOLE CARDS ***
Trakhus: folds 
uuzka: folds 
sutata: folds 
Uncalled bet ($0.50) returned to AlexEliseev7
AlexEliseev7 collected $1 from pot
AlexEliseev7: doesn't show hand 
*** SUMMARY ***
Total pot $1 | Rake $0 
Seat 2: Unluckyone1984
Seat 5: CashfishT
Seat 1: uuzka (button) folded before Flop (didn't bet)
Seat 3: sutata (small blind) folded before Flop
Seat 4: AlexEliseev7 (big blind) collected ($1)
Seat 6: Trakhus folded before Flop (didn't bet)



PokerStars Hand #254557062239:  Hold'em No Limit ($0.50/$1.00 USD) - 2025/01/26 3:42:37 WET [2025/01/25 22:42:37 ET]
Table 'Strenua IV' 6-max Seat #3 is the button
Seat 1: uuzka ($105.97 in chips) 
Seat 2: Unluckyone1984 ($30.39 in chips) 
Seat 3: sutata ($122.56 in chips) 
Seat 4: AlexEliseev7 ($122.38 in chips) 
Seat 5: CashfishT ($100 in chips) 
Seat 6: Trakhus ($5.36 in chips) 
AlexEliseev7: posts small blind $0.50
CashfishT: posts big blind $1
Unluckyone1984: posts small & big blinds $1.50
*** HOLE CARDS ***
Trakhus: folds 
uuzka: folds 
Unluckyone1984: raises $3 to $4
sutata: folds 
AlexEliseev7: folds 
CashfishT: raises $28 to $32
Unluckyone1984: folds [As Qd]
Uncalled bet ($28) returned to CashfishT
CashfishT collected $9 from pot
CashfishT: doesn't show hand 
*** SUMMARY ***
Total pot $9 | Rake $0 
Seat 1: uuzka folded before Flop (didn't bet)
Seat 2: Unluckyone1984 folded before Flop
Seat 3: sutata (button) folded before Flop (didn't bet)
Seat 4: AlexEliseev7 (small blind) folded before Flop
Seat 5: CashfishT (big blind) collected ($9)
Seat 6: Trakhus folded before Flop (didn't bet)



PokerStars Hand #254557067904:  Hold'em No Limit ($0.50/$1.00 USD) - 2025/01/26 3:43:23 WET [2025/01/25 22:43:23 ET]
Table 'Strenua IV' 6-max Seat #4 is the button
Seat 1: uuzka ($105.97 in chips) 
Seat 2: Unluckyone1984 ($25.89 in chips) 
Seat 3: sutata ($122.56 in chips) 
Seat 4: AlexEliseev7 ($121.88 in chips) 
Seat 5: CashfishT ($105 in chips) 
Seat 6: Trakhus ($5.36 in chips) 
CashfishT: posts small blind $0.50
Trakhus: posts big blind $1
*** HOLE CARDS ***
uuzka: folds 
Unluckyone1984: folds 
sutata: folds 
AlexEliseev7: raises $1.50 to $2.50
CashfishT: raises $8.50 to $11
Trakhus: calls $4.36 and is all-in
AlexEliseev7: calls $8.50
*** FLOP *** [Td 9d 2d]
CashfishT: bets $6.50
AlexEliseev7: folds 
Uncalled bet ($6.50) returned to CashfishT
*** TURN *** [Td 9d 2d] [5d]
*** RIVER *** [Td 9d 2d 5d] [Kh]
*** SHOW DOWN ***
CashfishT: shows [Ad 4d] (a flush, Ace high)
CashfishT collected $10.71 from side pot
Trakhus: shows [Ac 8c] (high card Ace)
CashfishT collected $15.28 from main pot
*** SUMMARY ***
Total pot $27.36 Main pot $15.28. Side pot $10.71. | Rake $1.37 
Board [Td 9d 2d 5d Kh]
Seat 1: uuzka folded before Flop (didn't bet)
Seat 2: Unluckyone1984 folded before Flop (didn't bet)
Seat 3: sutata folded before Flop (didn't bet)
Seat 4: AlexEliseev7 (button) folded on the Flop
Seat 5: CashfishT (small blind) showed [Ad 4d] and won ($25.99) with a flush, Ace high
Seat 6: Trakhus (big blind) showed [Ac 8c] and lost with high card Ace



PokerStars Hand #254557074178:  Hold'em No Limit ($0.50/$1.00 USD) - 2025/01/26 3:44:13 WET [2025/01/25 22:44:13 ET]
Table 'Strenua IV' 6-max Seat #5 is the button
Seat 6: Trakhus ($0 in chips) is sitting out
Seat 1: uuzka ($105.97 in chips) 
Seat 2: Unluckyone1984 ($25.89 in chips) 
Seat 3: sutata ($122.56 in chips) 
Seat 4: AlexEliseev7 ($110.88 in chips) 
Seat 5: CashfishT ($119.99 in chips) 
uuzka: posts small blind $0.50
Unluckyone1984: posts big blind $1
*** HOLE CARDS ***
sutata: raises $1.50 to $2.50
AlexEliseev7: folds 
CashfishT: folds 
uuzka: folds 
Unluckyone1984: calls $1.50
*** FLOP *** [Jd 7d 9d]
Unluckyone1984: checks 
sutata: bets $77
Unluckyone1984: calls $23.39 and is all-in
Uncalled bet ($53.61) returned to sutata
*** TURN *** [Jd 7d 9d] [Qc]
*** RIVER *** [Jd 7d 9d Qc] [As]
*** SHOW DOWN ***
Unluckyone1984: shows [3h Jh] (a pair of Jacks)
sutata: shows [Kh Kd] (a pair of Kings)
sutata collected $49.78 from pot
*** SUMMARY ***
Total pot $52.28 | Rake $2.50 
Board [Jd 7d 9d Qc As]
Seat 6: Trakhus
Seat 1: uuzka (small blind) folded before Flop
Seat 2: Unluckyone1984 (big blind) showed [3h Jh] and lost with a pair of Jacks
Seat 3: sutata showed [Kh Kd] and won ($49.78) with a pair of Kings
Seat 4: AlexEliseev7 folded before Flop (didn't bet)
Seat 5: CashfishT (button) folded before Flop (didn't bet)



PokerStars Hand #254557078841:  Hold'em No Limit ($0.50/$1.00 USD) - 2025/01/26 3:44:51 WET [2025/01/25 22:44:51 ET]
Table 'Strenua IV' 6-max Seat #1 is the button
Seat 2: Unluckyone1984 ($0 in chips) is sitting out
Seat 1: uuzka ($105.47 in chips) 
Seat 3: sutata ($146.45 in chips) 
Seat 4: AlexEliseev7 ($110.88 in chips) 
Seat 5: CashfishT ($119.99 in chips) 
Seat 6: Trakhus ($10.28 in chips) 
sutata: posts small blind $0.50
AlexEliseev7: posts big blind $1
Trakhus: posts small blind $0.50
*** HOLE CARDS ***
CashfishT: folds 
Trakhus: calls $1
uuzka: raises $1.50 to $2.50
sutata: folds 
AlexEliseev7: folds 
Trakhus: folds 
Uncalled bet ($1.50) returned to uuzka
uuzka collected $4 from pot
uuzka: doesn't show hand 
*** SUMMARY ***
Total pot $4 | Rake $0 
Seat 2: Unluckyone1984
Seat 1: uuzka (button) collected ($4)
Seat 3: sutata (small blind) folded before Flop
Seat 4: AlexEliseev7 (big blind) folded before Flop
Seat 5: CashfishT folded before Flop (didn't bet)
Seat 6: Trakhus folded before Flop



PokerStars Hand #254557081857:  Hold'em No Limit ($0.50/$1.00 USD) - 2025/01/26 3:45:15 WET [2025/01/25 22:45:15 ET]
Table 'Strenua IV' 6-max Seat #3 is the button
Seat 1: uuzka ($108.47 in chips) 
Seat 2: Unluckyone1984 ($30 in chips) 
Seat 3: sutata ($145.95 in chips) 
Seat 4: AlexEliseev7 ($109.88 in chips) 
Seat 5: CashfishT ($119.99 in chips) 
Seat 6: Trakhus ($8.78 in chips) 
AlexEliseev7: posts small blind $0.50
CashfishT: posts big blind $1
Unluckyone1984: posts small blind $0.50
*** HOLE CARDS ***
Trakhus: raises $1 to $2
uuzka: raises $4.50 to $6.50
Unluckyone1984: folds 
sutata: folds 
AlexEliseev7: folds 
CashfishT: folds 
Trakhus: raises $2.28 to $8.78 and is all-in
uuzka: calls $2.28
*** FLOP *** [8h Qc Qd]
*** TURN *** [8h Qc Qd] [7c]
*** RIVER *** [8h Qc Qd 7c] [5d]
*** SHOW DOWN ***
Trakhus: shows [Kc Ks] (two pair, Kings and Queens)
uuzka: shows [Jh Ah] (a pair of Queens)
Trakhus collected $18.58 from pot
*** SUMMARY ***
Total pot $19.56 | Rake $0.98 
Board [8h Qc Qd 7c 5d]
Seat 1: uuzka showed [Jh Ah] and lost with a pair of Queens
Seat 2: Unluckyone1984 folded before Flop (didn't bet)
Seat 3: sutata (button) folded before Flop (didn't bet)
Seat 4: AlexEliseev7 (small blind) folded before Flop
Seat 5: CashfishT (big blind) folded before Flop
Seat 6: Trakhus showed [Kc Ks] and won ($18.58) with two pair, Kings and Queens



PokerStars Hand #254557087515:  Hold'em No Limit ($0.50/$1.00 USD) - 2025/01/26 3:46:01 WET [2025/01/25 22:46:01 ET]
Table 'Strenua IV' 6-max Seat #4 is the button
Seat 1: uuzka ($100 in chips) 
Seat 2: Unluckyone1984 ($29.50 in chips) 
Seat 3: sutata ($145.95 in chips) 
Seat 4: AlexEliseev7 ($109.38 in chips) 
Seat 5: CashfishT ($118.99 in chips) 
Seat 6: Trakhus ($18.58 in chips) 
CashfishT: posts small blind $0.50
Trakhus: posts big blind $1
*** HOLE CARDS ***
uuzka: folds 
Unluckyone1984: folds 
sutata: folds 
AlexEliseev7: raises $1.50 to $2.50
CashfishT: folds 
Trakhus: folds 
Uncalled bet ($1.50) returned to AlexEliseev7
AlexEliseev7 collected $2.50 from pot
AlexEliseev7: doesn't show hand 
*** SUMMARY ***
Total pot $2.50 | Rake $0 
Seat 1: uuzka folded before Flop (didn't bet)
Seat 2: Unluckyone1984 folded before Flop (didn't bet)
Seat 3: sutata folded before Flop (didn't bet)
Seat 4: AlexEliseev7 (button) collected ($2.50)
Seat 5: CashfishT (small blind) folded before Flop
Seat 6: Trakhus (big blind) folded before Flop



PokerStars Hand #254557090707:  Hold'em No Limit ($0.50/$1.00 USD) - 2025/01/26 3:46:27 WET [2025/01/25 22:46:27 ET]
Table 'Strenua IV' 6-max Seat #5 is the button
Seat 1: uuzka ($100 in chips) 
Seat 2: Unluckyone1984 ($29.50 in chips) 
Seat 3: sutata ($145.95 in chips) 
Seat 4: AlexEliseev7 ($110.88 in chips) 
Seat 5: CashfishT ($118.49 in chips) 
Seat 6: Trakhus ($17.58 in chips) 
Trakhus: posts small blind $0.50
Unluckyone1984 is disconnected 
uuzka: posts big blind $1
*** HOLE CARDS ***
Unluckyone1984 has timed out while disconnected
Unluckyone1984: folds 
sutata: folds 
AlexEliseev7: folds 
CashfishT: folds 
Trakhus: calls $0.50
uuzka: checks 
*** FLOP *** [Js Th 7c]
Trakhus: checks 
uuzka: checks 
*** TURN *** [Js Th 7c] [3h]
Trakhus: checks 
uuzka: checks 
*** RIVER *** [Js Th 7c 3h] [6d]
Trakhus: bets $3
uuzka: folds 
Uncalled bet ($3) returned to Trakhus
Trakhus collected $1.90 from pot
*** SUMMARY ***
Total pot $2 | Rake $0.10 
Board [Js Th 7c 3h 6d]
Seat 1: uuzka (big blind) folded on the River
Seat 2: Unluckyone1984 folded before Flop (didn't bet)
Seat 3: sutata folded before Flop (didn't bet)
Seat 4: AlexEliseev7 folded before Flop (didn't bet)
Seat 5: CashfishT (button) folded before Flop (didn't bet)
Seat 6: Trakhus (small blind) collected ($1.90)



PokerStars Hand #254557097773:  Hold'em No Limit ($0.50/$1.00 USD) - 2025/01/26 3:47:24 WET [2025/01/25 22:47:24 ET]
Table 'Strenua IV' 6-max Seat #6 is the button
Seat 1: uuzka ($100 in chips) 
Seat 2: Unluckyone1984 ($29.50 in chips) 
Seat 3: sutata ($145.95 in chips) 
Seat 4: AlexEliseev7 ($110.88 in chips) 
Seat 5: CashfishT ($118.49 in chips) 
Seat 6: Trakhus ($18.48 in chips) 
uuzka: posts small blind $0.50
Unluckyone1984: posts big blind $1
*** HOLE CARDS ***
sutata: folds 
AlexEliseev7: folds 
CashfishT: raises $1.20 to $2.20
Trakhus: calls $2.20
uuzka: raises $11.98 to $14.18
Unluckyone1984: folds 
CashfishT: folds 
Trakhus: raises $4.30 to $18.48 and is all-in
uuzka: calls $4.30
*** FLOP *** [Jd 5s 7h]
*** TURN *** [Jd 5s 7h] [6c]
*** RIVER *** [Jd 5s 7h 6c] [Ts]
*** SHOW DOWN ***
uuzka: shows [Tc Ac] (a pair of Tens)
Trakhus: shows [Qc Kc] (high card King)
uuzka collected $38.15 from pot
*** SUMMARY ***
Total pot $40.16 | Rake $2.01 
Board [Jd 5s 7h 6c Ts]
Seat 1: uuzka (small blind) showed [Tc Ac] and won ($38.15) with a pair of Tens
Seat 2: Unluckyone1984 (big blind) folded before Flop
Seat 3: sutata folded before Flop (didn't bet)
Seat 4: AlexEliseev7 folded before Flop (didn't bet)
Seat 5: CashfishT folded before Flop
Seat 6: Trakhus (button) showed [Qc Kc] and lost with high card King



PokerStars Hand #254557104881:  Hold'em No Limit ($0.50/$1.00 USD) - 2025/01/26 3:48:22 WET [2025/01/25 22:48:22 ET]
Table 'Strenua IV' 6-max Seat #1 is the button
Seat 2: Unluckyone1984 ($28.50 in chips) is sitting out
Seat 1: uuzka ($119.67 in chips) 
Seat 3: sutata ($145.95 in chips) 
Seat 4: AlexEliseev7 ($110.88 in chips) 
Seat 5: CashfishT ($116.29 in chips) 
Trakhus leaves the table
Unluckyone1984 has timed out
Unluckyone1984: is sitting out 
sutata: posts small blind $0.50
AlexEliseev7: posts big blind $1
*** HOLE CARDS ***
CashfishT: folds 
uuzka: raises $1.50 to $2.50
sutata: folds 
AlexEliseev7: calls $1.50
*** FLOP *** [7s Js 2h]
AlexEliseev7: checks 
uuzka: bets $3.50
avlee1 joins the table at seat #6 
AlexEliseev7: folds 
Uncalled bet ($3.50) returned to uuzka
uuzka collected $5.22 from pot
uuzka: doesn't show hand 
*** SUMMARY ***
Total pot $5.50 | Rake $0.28 
Board [7s Js 2h]
Seat 2: Unluckyone1984
Seat 1: uuzka (button) collected ($5.22)
Seat 3: sutata (small blind) folded before Flop
Seat 4: AlexEliseev7 (big blind) folded on the Flop
Seat 5: CashfishT folded before Flop (didn't bet)



PokerStars Hand #254557111090:  Hold'em No Limit ($0.50/$1.00 USD) - 2025/01/26 3:49:13 WET [2025/01/25 22:49:13 ET]
Table 'Strenua IV' 6-max Seat #4 is the button
Seat 3: sutata ($145.45 in chips) is sitting out
Seat 1: uuzka ($122.39 in chips) 
Seat 2: Unluckyone1984 ($28.50 in chips) 
Seat 4: AlexEliseev7 ($108.38 in chips) 
Seat 5: CashfishT ($116.29 in chips) 
Seat 6: avlee1 ($100 in chips) 
CashfishT: posts small blind $0.50
avlee1: posts big blind $1
Unluckyone1984: posts small blind $0.50
*** HOLE CARDS ***
uuzka: folds 
Unluckyone1984: calls $1
AlexEliseev7: folds 
CashfishT: folds 
avlee1: checks 
*** FLOP *** [8d Jh 7s]
avlee1: checks 
Unluckyone1984: checks 
*** TURN *** [8d Jh 7s] [5c]
avlee1: bets $1.43
Unluckyone1984: raises $1.43 to $2.86
avlee1: calls $1.43
*** RIVER *** [8d Jh 7s 5c] [Ad]
avlee1: checks 
Unluckyone1984: bets $4.14
avlee1: folds 
Uncalled bet ($4.14) returned to Unluckyone1984
Unluckyone1984 collected $8.28 from pot
*** SUMMARY ***
Total pot $8.72 | Rake $0.44 
Board [8d Jh 7s 5c Ad]
Seat 3: sutata
Seat 1: uuzka folded before Flop (didn't bet)
Seat 2: Unluckyone1984 collected ($8.28)
Seat 4: AlexEliseev7 (button) folded before Flop (didn't bet)
Seat 5: CashfishT (small blind) folded before Flop
Seat 6: avlee1 (big blind) folded on the River



PokerStars Hand #254557117690:  Hold'em No Limit ($0.50/$1.00 USD) - 2025/01/26 3:50:07 WET [2025/01/25 22:50:07 ET]
Table 'Strenua IV' 6-max Seat #5 is the button
Seat 3: sutata ($145.45 in chips) is sitting out
Seat 1: uuzka ($122.39 in chips) 
Seat 2: Unluckyone1984 ($32.42 in chips) 
Seat 4: AlexEliseev7 ($108.38 in chips) 
Seat 5: CashfishT ($115.79 in chips) 
Seat 6: avlee1 ($100 in chips) 
avlee1: posts small blind $0.50
uuzka: posts big blind $1
*** HOLE CARDS ***
Unluckyone1984: calls $1
AlexEliseev7: folds 
CashfishT: raises $2.50 to $3.50
avlee1: folds 
uuzka: folds 
Unluckyone1984: calls $2.50
*** FLOP *** [Ac 4s 8s]
Unluckyone1984: checks 
CashfishT: bets $2.67
Unluckyone1984: folds 
Uncalled bet ($2.67) returned to CashfishT
CashfishT collected $8.08 from pot
CashfishT: doesn't show hand 
*** SUMMARY ***
Total pot $8.50 | Rake $0.42 
Board [Ac 4s 8s]
Seat 3: sutata
Seat 1: uuzka (big blind) folded before Flop
Seat 2: Unluckyone1984 folded on the Flop
Seat 4: AlexEliseev7 folded before Flop (didn't bet)
Seat 5: CashfishT (button) collected ($8.08)
Seat 6: avlee1 (small blind) folded before Flop



PokerStars Hand #254557123973:  Hold'em No Limit ($0.50/$1.00 USD) - 2025/01/26 3:50:59 WET [2025/01/25 22:50:59 ET]
Table 'Strenua IV' 6-max Seat #6 is the button
Seat 2: Unluckyone1984 ($28.92 in chips) is sitting out
Seat 3: sutata ($145.45 in chips) is sitting out
Seat 1: uuzka ($121.39 in chips) 
Seat 4: AlexEliseev7 ($108.38 in chips) 
Seat 5: CashfishT ($120.37 in chips) 
Seat 6: avlee1 ($100 in chips) 
uuzka: posts small blind $0.50
Unluckyone1984 has timed out
Unluckyone1984: is sitting out 
AlexEliseev7: posts big blind $1
*** HOLE CARDS ***
CashfishT: folds 
avlee1: raises $1.50 to $2.50
uuzka: folds 
AlexEliseev7: calls $1.50
*** FLOP *** [Ac 9h Qh]
AlexEliseev7: checks 
avlee1: bets $3.45
AlexEliseev7: raises $9.45 to $12.90
avlee1: calls $9.45
*** TURN *** [Ac 9h Qh] [Ah]
AlexEliseev7: bets $10
avlee1: folds 
Uncalled bet ($10) returned to AlexEliseev7
AlexEliseev7 collected $30.30 from pot
AlexEliseev7: doesn't show hand 
*** SUMMARY ***
Total pot $31.30 | Rake $1 
Board [Ac 9h Qh Ah]
Seat 2: Unluckyone1984
Seat 3: sutata
Seat 1: uuzka (small blind) folded before Flop
Seat 4: AlexEliseev7 (big blind) collected ($30.30)
Seat 5: CashfishT folded before Flop (didn't bet)
Seat 6: avlee1 (button) folded on the Turn



PokerStars Hand #254557134852:  Hold'em No Limit ($0.50/$1.00 USD) - 2025/01/26 3:52:27 WET [2025/01/25 22:52:27 ET]
Table 'Strenua IV' 6-max Seat #1 is the button
Seat 2: Unluckyone1984 ($28.92 in chips) is sitting out
Seat 3: sutata ($145.45 in chips) is sitting out
Seat 1: uuzka ($120.89 in chips) 
Seat 4: AlexEliseev7 ($123.28 in chips) 
Seat 5: CashfishT ($120.37 in chips) 
Seat 6: avlee1 ($100 in chips) 
AlexEliseev7: posts small blind $0.50
CashfishT: posts big blind $1
*** HOLE CARDS ***
avlee1: folds 
uuzka: folds 
AlexEliseev7: raises $2 to $3
CashfishT: folds 
Uncalled bet ($2) returned to AlexEliseev7
AlexEliseev7 collected $2 from pot
AlexEliseev7: doesn't show hand 
*** SUMMARY ***
Total pot $2 | Rake $0 
Seat 2: Unluckyone1984
Seat 3: sutata
Seat 1: uuzka (button) folded before Flop (didn't bet)
Seat 4: AlexEliseev7 (small blind) collected ($2)
Seat 5: CashfishT (big blind) folded before Flop
Seat 6: avlee1 folded before Flop (didn't bet)



PokerStars Hand #254557136248:  Hold'em No Limit ($0.50/$1.00 USD) - 2025/01/26 3:52:38 WET [2025/01/25 22:52:38 ET]
Table 'Strenua IV' 6-max Seat #4 is the button
Seat 3: sutata ($145.45 in chips) is sitting out
Seat 1: uuzka ($120.89 in chips) 
Seat 2: Unluckyone1984 ($28.92 in chips) 
Seat 4: AlexEliseev7 ($124.28 in chips) 
Seat 5: CashfishT ($119.37 in chips) 
Seat 6: avlee1 ($100 in chips) 
CashfishT: posts small blind $0.50
avlee1: posts big blind $1
Unluckyone1984: posts small & big blinds $1.50
sutata: sits out 
*** HOLE CARDS ***
uuzka: raises $2.70 to $3.70
Unluckyone1984: calls $2.70
AlexEliseev7: folds 
CashfishT: folds 
avlee1: calls $2.70
*** FLOP *** [6d Jc 7d]
avlee1: checks 
uuzka: bets $3.83
Unluckyone1984: calls $3.83
avlee1: folds 
*** TURN *** [6d Jc 7d] [9c]
uuzka: bets $23.27
Unluckyone1984: folds 
Uncalled bet ($23.27) returned to uuzka
uuzka collected $18.77 from pot
uuzka: doesn't show hand 
*** SUMMARY ***
Total pot $19.76 | Rake $0.99 
Board [6d Jc 7d 9c]
Seat 3: sutata
Seat 1: uuzka collected ($18.77)
Seat 2: Unluckyone1984 folded on the Turn
Seat 4: AlexEliseev7 (button) folded before Flop (didn't bet)
Seat 5: CashfishT (small blind) folded before Flop
Seat 6: avlee1 (big blind) folded on the Flop



PokerStars Hand #254557141803:  Hold'em No Limit ($0.50/$1.00 USD) - 2025/01/26 3:53:25 WET [2025/01/25 22:53:25 ET]
Table 'Strenua IV' 6-max Seat #5 is the button
Seat 3: sutata ($145.45 in chips) is sitting out
Seat 1: uuzka ($132.13 in chips) 
Seat 2: Unluckyone1984 ($20.89 in chips) 
Seat 4: AlexEliseev7 ($124.28 in chips) 
Seat 5: CashfishT ($118.87 in chips) 
Seat 6: avlee1 ($100 in chips) 
avlee1: posts small blind $0.50
uuzka: posts big blind $1
sutata: sits out 
*** HOLE CARDS ***
Unluckyone1984 has timed out
Unluckyone1984: folds 
AlexEliseev7: folds 
CashfishT: raises $1.20 to $2.20
avlee1: folds 
uuzka: folds 
Uncalled bet ($1.20) returned to CashfishT
CashfishT collected $2.50 from pot
CashfishT: doesn't show hand 
*** SUMMARY ***
Total pot $2.50 | Rake $0 
Seat 3: sutata
Seat 1: uuzka (big blind) folded before Flop
Seat 2: Unluckyone1984 folded before Flop (didn't bet)
Seat 4: AlexEliseev7 folded before Flop (didn't bet)
Seat 5: CashfishT (button) collected ($2.50)
Seat 6: avlee1 (small blind) folded before Flop



PokerStars Hand #254557145520:  Hold'em No Limit ($0.50/$1.00 USD) - 2025/01/26 3:53:56 WET [2025/01/25 22:53:56 ET]
Table 'Strenua IV' 6-max Seat #6 is the button
Seat 2: Unluckyone1984 ($20.89 in chips) is sitting out
Seat 1: uuzka ($131.13 in chips) 
Seat 3: sutata ($145.45 in chips) 
Seat 4: AlexEliseev7 ($124.28 in chips) 
Seat 5: CashfishT ($120.37 in chips) 
Seat 6: avlee1 ($100 in chips) 
uuzka: posts small blind $0.50
sutata: posts big blind $1
*** HOLE CARDS ***
AlexEliseev7: raises $1.50 to $2.50
CashfishT: folds 
avlee1: folds 
uuzka: folds 
sutata: folds 
Uncalled bet ($1.50) returned to AlexEliseev7
AlexEliseev7 collected $2.50 from pot
Unluckyone1984 leaves the table
AlexEliseev7: doesn't show hand 
*** SUMMARY ***
Total pot $2.50 | Rake $0 
Seat 2: Unluckyone1984
Seat 1: uuzka (small blind) folded before Flop
Seat 3: sutata (big blind) folded before Flop
Seat 4: AlexEliseev7 collected ($2.50)
Seat 5: CashfishT folded before Flop (didn't bet)
Seat 6: avlee1 (button) folded before Flop (didn't bet)



PokerStars Hand #254557148423:  Hold'em No Limit ($0.50/$1.00 USD) - 2025/01/26 3:54:21 WET [2025/01/25 22:54:21 ET]
Table 'Strenua IV' 6-max Seat #1 is the button
Seat 1: uuzka ($130.63 in chips) 
Seat 3: sutata ($144.45 in chips) 
Seat 4: AlexEliseev7 ($125.78 in chips) 
Seat 5: CashfishT ($120.37 in chips) 
Seat 6: avlee1 ($100 in chips) 
sutata: posts small blind $0.50
AlexEliseev7: posts big blind $1
*** HOLE CARDS ***
CashfishT: folds 
avlee1: folds 
uuzka: folds 
sutata: raises $2 to $3
AlexEliseev7: calls $2
*** FLOP *** [3h 9h 7h]
sutata: checks 
AlexEliseev7: checks 
*** TURN *** [3h 9h 7h] [8s]
sutata: bets $2.85
AlexEliseev7: calls $2.85
*** RIVER *** [3h 9h 7h 8s] [3s]
sutata: checks 
AlexEliseev7: checks 
*** SHOW DOWN ***
sutata: shows [Ac 2c] (a pair of Threes)
AlexEliseev7: shows [6s 6d] (two pair, Sixes and Threes)
AlexEliseev7 collected $11.12 from pot
*** SUMMARY ***
Total pot $11.70 | Rake $0.58 
Board [3h 9h 7h 8s 3s]
Seat 1: uuzka (button) folded before Flop (didn't bet)
Seat 3: sutata (small blind) showed [Ac 2c] and lost with a pair of Threes
Seat 4: AlexEliseev7 (big blind) showed [6s 6d] and won ($11.12) with two pair, Sixes and Threes
Seat 5: CashfishT folded before Flop (didn't bet)
Seat 6: avlee1 folded before Flop (didn't bet)



PokerStars Hand #254557154062:  Hold'em No Limit ($0.50/$1.00 USD) - 2025/01/26 3:55:08 WET [2025/01/25 22:55:08 ET]
Table 'Strenua IV' 6-max Seat #3 is the button
Seat 1: uuzka ($130.63 in chips) 
Seat 3: sutata ($138.60 in chips) 
Seat 4: AlexEliseev7 ($131.05 in chips) 
Seat 5: CashfishT ($120.37 in chips) 
Seat 6: avlee1 ($100 in chips) 
AlexEliseev7: posts small blind $0.50
CashfishT: posts big blind $1
*** HOLE CARDS ***
avlee1: raises $1.50 to $2.50
uuzka: folds 
sutata: raises $5.80 to $8.30
AlexEliseev7: folds 
CashfishT: folds 
avlee1: folds 
Uncalled bet ($5.80) returned to sutata
sutata collected $6.50 from pot
sutata: doesn't show hand 
*** SUMMARY ***
Total pot $6.50 | Rake $0 
Seat 1: uuzka folded before Flop (didn't bet)
Seat 3: sutata (button) collected ($6.50)
Seat 4: AlexEliseev7 (small blind) folded before Flop
Seat 5: CashfishT (big blind) folded before Flop
Seat 6: avlee1 folded before Flop



PokerStars Hand #254557156270:  Hold'em No Limit ($0.50/$1.00 USD) - 2025/01/26 3:55:30 WET [2025/01/25 22:55:30 ET]
Table 'Strenua IV' 6-max Seat #4 is the button
Seat 6: avlee1 ($100 in chips) is sitting out
Seat 1: uuzka ($130.63 in chips) 
Seat 3: sutata ($142.60 in chips) 
Seat 4: AlexEliseev7 ($130.55 in chips) 
Seat 5: CashfishT ($119.37 in chips) 
CashfishT: posts small blind $0.50
avlee1: is sitting out 
uuzka: posts big blind $1
*** HOLE CARDS ***
sutata: folds 
avlee1 leaves the table
AlexEliseev7: folds 
CashfishT: folds 
Uncalled bet ($0.50) returned to uuzka
uuzka collected $1 from pot
uuzka: doesn't show hand 
CashfishT leaves the table
*** SUMMARY ***
Total pot $1 | Rake $0 
Seat 6: avlee1
Seat 1: uuzka (big blind) collected ($1)
Seat 3: sutata folded before Flop (didn't bet)
Seat 4: AlexEliseev7 (button) folded before Flop (didn't bet)
Seat 5: CashfishT (small blind) folded before Flop



PokerStars Hand #254557157355:  Hold'em No Limit ($0.50/$1.00 USD) - 2025/01/26 3:55:41 WET [2025/01/25 22:55:41 ET]
Table 'Strenua IV' 6-max Seat #3 is the button
Seat 4: AlexEliseev7 ($130.55 in chips) is sitting out
Seat 1: uuzka ($131.13 in chips) 
Seat 3: sutata ($142.60 in chips) 
sutata: posts small blind $0.50
AlexEliseev7: is sitting out 
uuzka: posts big blind $1
*** HOLE CARDS ***
sutata: folds 
Uncalled bet ($0.50) returned to uuzka
AlexEliseev7 leaves the table
uuzka collected $1 from pot
uuzka: doesn't show hand 
*** SUMMARY ***
Total pot $1 | Rake $0 
Seat 4: AlexEliseev7
Seat 1: uuzka (big blind) collected ($1)
Seat 3: sutata (button) (small blind) folded before Flop



