PokerStars Hand #254567459129:  Hold'em No Limit ($0.50/$1.00 USD) - 2025/01/26 19:39:57 WET [2025/01/26 14:39:57 ET]
Table 'Hybris V' 6-max Seat #1 is the button
Seat 4: Maks Bavenko ($100 in chips) is sitting out
Seat 5: yzuk ($100 in chips) is sitting out
Seat 6: Pippa83 ($100 in chips) is sitting out
Seat 1: LucasTo90 ($35.46 in chips) 
Seat 2: sta$igk ($100 in chips) 
Seat 3: mariofcd ($117.79 in chips) 
sta$igk: posts small blind $0.50
mariofcd: posts big blind $1
Maks Bavenko: sits out 
yzuk: sits out 
Pippa83: sits out 
*** HOLE CARDS ***
LucasTo90: folds 
sta$igk: raises $2 to $3
mariofcd: folds 
Uncalled bet ($2) returned to sta$igk
sta$igk collected $2 from pot
sta$igk: doesn't show hand 
*** SUMMARY ***
Total pot $2 | Rake $0 
Seat 4: Maks Bavenko
Seat 5: yzuk
Seat 6: Pippa83
Seat 1: LucasTo90 (button) folded before Flop (didn't bet)
Seat 2: sta$igk (small blind) collected ($2)
Seat 3: mariofcd (big blind) folded before Flop



PokerStars Hand #254567467525:  Hold'em No Limit ($0.50/$1.00 USD) - 2025/01/26 19:40:20 WET [2025/01/26 14:40:20 ET]
Table 'Hybris V' 6-max Seat #2 is the button
Seat 5: yzuk ($100 in chips) is sitting out
Seat 6: Pippa83 ($100 in chips) is sitting out
Seat 1: LucasTo90 ($35.46 in chips) 
Seat 2: sta$igk ($101 in chips) 
Seat 3: mariofcd ($116.79 in chips) 
Seat 4: Maks Bavenko ($100 in chips) 
mariofcd: posts small blind $0.50
Maks Bavenko: posts big blind $1
yzuk: sits out 
Pippa83: sits out 
*** HOLE CARDS ***
LucasTo90: raises $1 to $2
sta$igk: folds 
mariofcd: folds 
Maks Bavenko: calls $1
*** FLOP *** [6d 9d Tc]
Maks Bavenko: checks 
LucasTo90: checks 
*** TURN *** [6d 9d Tc] [4c]
Maks Bavenko: bets $6.42
LucasTo90: calls $6.42
*** RIVER *** [6d 9d Tc 4c] [5h]
Maks Bavenko: checks 
LucasTo90: checks 
*** SHOW DOWN ***
Maks Bavenko: shows [Ks Qh] (high card King)
LucasTo90: shows [2d 2c] (a pair of Deuces)
LucasTo90 collected $16.47 from pot
*** SUMMARY ***
Total pot $17.34 | Rake $0.87 
Board [6d 9d Tc 4c 5h]
Seat 5: yzuk
Seat 6: Pippa83
Seat 1: LucasTo90 showed [2d 2c] and won ($16.47) with a pair of Deuces
Seat 2: sta$igk (button) folded before Flop (didn't bet)
Seat 3: mariofcd (small blind) folded before Flop
Seat 4: Maks Bavenko (big blind) showed [Ks Qh] and lost with high card King



PokerStars Hand #254567486575:  Hold'em No Limit ($0.50/$1.00 USD) - 2025/01/26 19:41:11 WET [2025/01/26 14:41:11 ET]
Table 'Hybris V' 6-max Seat #3 is the button
Seat 6: Pippa83 ($100 in chips) is sitting out
Seat 1: LucasTo90 ($43.51 in chips) 
Seat 2: sta$igk ($101 in chips) 
Seat 3: mariofcd ($116.29 in chips) 
Seat 4: Maks Bavenko ($100 in chips) 
Seat 5: yzuk ($100 in chips) 
Maks Bavenko: posts small blind $0.50
yzuk: posts big blind $1
Pippa83: sits out 
*** HOLE CARDS ***
LucasTo90: folds 
sta$igk: folds 
mariofcd: folds 
Maks Bavenko: folds 
Uncalled bet ($0.50) returned to yzuk
yzuk collected $1 from pot
yzuk: doesn't show hand 
*** SUMMARY ***
Total pot $1 | Rake $0 
Seat 6: Pippa83
Seat 1: LucasTo90 folded before Flop (didn't bet)
Seat 2: sta$igk folded before Flop (didn't bet)
Seat 3: mariofcd (button) folded before Flop (didn't bet)
Seat 4: Maks Bavenko (small blind) folded before Flop
Seat 5: yzuk (big blind) collected ($1)



PokerStars Hand #254567499680:  Hold'em No Limit ($0.50/$1.00 USD) - 2025/01/26 19:41:46 WET [2025/01/26 14:41:46 ET]
Table 'Hybris V' 6-max Seat #4 is the button
Seat 1: LucasTo90 ($43.51 in chips) 
Seat 2: sta$igk ($101 in chips) 
Seat 3: mariofcd ($116.29 in chips) 
Seat 4: Maks Bavenko ($100 in chips) 
Seat 5: yzuk ($100.50 in chips) 
Seat 6: Pippa83 ($100 in chips) 
yzuk: posts small blind $0.50
Pippa83: posts big blind $1
*** HOLE CARDS ***
LucasTo90: folds 
sta$igk: folds 
mariofcd: raises $1.25 to $2.25
Maks Bavenko: folds 
yzuk: folds 
Pippa83: folds 
Uncalled bet ($1.25) returned to mariofcd
mariofcd collected $2.50 from pot
mariofcd: doesn't show hand 
*** SUMMARY ***
Total pot $2.50 | Rake $0 
Seat 1: LucasTo90 folded before Flop (didn't bet)
Seat 2: sta$igk folded before Flop (didn't bet)
Seat 3: mariofcd collected ($2.50)
Seat 4: Maks Bavenko (button) folded before Flop (didn't bet)
Seat 5: yzuk (small blind) folded before Flop
Seat 6: Pippa83 (big blind) folded before Flop



PokerStars Hand #254567509414:  Hold'em No Limit ($0.50/$1.00 USD) - 2025/01/26 19:42:12 WET [2025/01/26 14:42:12 ET]
Table 'Hybris V' 6-max Seat #5 is the button
Seat 1: LucasTo90 ($43.51 in chips) 
Seat 2: sta$igk ($101 in chips) 
Seat 3: mariofcd ($117.79 in chips) 
Seat 4: Maks Bavenko ($100 in chips) 
Seat 5: yzuk ($100 in chips) 
Seat 6: Pippa83 ($100 in chips) 
Pippa83: posts small blind $0.50
LucasTo90: posts big blind $1
*** HOLE CARDS ***
sta$igk: folds 
mariofcd: folds 
Maks Bavenko: raises $1.50 to $2.50
yzuk: folds 
Pippa83: folds 
LucasTo90: folds 
Uncalled bet ($1.50) returned to Maks Bavenko
Maks Bavenko collected $2.50 from pot
Maks Bavenko: doesn't show hand 
*** SUMMARY ***
Total pot $2.50 | Rake $0 
Seat 1: LucasTo90 (big blind) folded before Flop
Seat 2: sta$igk folded before Flop (didn't bet)
Seat 3: mariofcd folded before Flop (didn't bet)
Seat 4: Maks Bavenko collected ($2.50)
Seat 5: yzuk (button) folded before Flop (didn't bet)
Seat 6: Pippa83 (small blind) folded before Flop



PokerStars Hand #254567514981:  Hold'em No Limit ($0.50/$1.00 USD) - 2025/01/26 19:42:27 WET [2025/01/26 14:42:27 ET]
Table 'Hybris V' 6-max Seat #6 is the button
Seat 1: LucasTo90 ($42.51 in chips) 
Seat 2: sta$igk ($101 in chips) 
Seat 3: mariofcd ($117.79 in chips) 
Seat 4: Maks Bavenko ($101.50 in chips) 
Seat 5: yzuk ($100 in chips) 
Seat 6: Pippa83 ($100 in chips) 
LucasTo90: posts small blind $0.50
sta$igk: posts big blind $1
*** HOLE CARDS ***
mariofcd: folds 
Maks Bavenko: folds 
yzuk: folds 
Pippa83: folds 
LucasTo90: raises $1 to $2
sta$igk: calls $1
*** FLOP *** [6d 4s Ts]
LucasTo90: checks 
sta$igk: checks 
*** TURN *** [6d 4s Ts] [4d]
LucasTo90: bets $2
sta$igk: folds 
Uncalled bet ($2) returned to LucasTo90
LucasTo90 collected $3.80 from pot
LucasTo90: doesn't show hand 
*** SUMMARY ***
Total pot $4 | Rake $0.20 
Board [6d 4s Ts 4d]
Seat 1: LucasTo90 (small blind) collected ($3.80)
Seat 2: sta$igk (big blind) folded on the Turn
Seat 3: mariofcd folded before Flop (didn't bet)
Seat 4: Maks Bavenko folded before Flop (didn't bet)
Seat 5: yzuk folded before Flop (didn't bet)
Seat 6: Pippa83 (button) folded before Flop (didn't bet)



PokerStars Hand #254567530653:  Hold'em No Limit ($0.50/$1.00 USD) - 2025/01/26 19:43:09 WET [2025/01/26 14:43:09 ET]
Table 'Hybris V' 6-max Seat #1 is the button
Seat 3: mariofcd ($117.79 in chips) is sitting out
Seat 1: LucasTo90 ($44.31 in chips) 
Seat 2: sta$igk ($100 in chips) 
Seat 4: Maks Bavenko ($101.50 in chips) 
Seat 5: yzuk ($100 in chips) 
Seat 6: Pippa83 ($100 in chips) 
sta$igk: posts small blind $0.50
mariofcd: is sitting out 
Maks Bavenko: posts big blind $1
*** HOLE CARDS ***
yzuk: folds 
Pippa83: folds 
mariofcd leaves the table
LucasTo90: raises $1 to $2
sta$igk: folds 
michasia joins the table at seat #3 
Maks Bavenko: calls $1
*** FLOP *** [8s 4s Jc]
Maks Bavenko: checks 
LucasTo90: checks 
*** TURN *** [8s 4s Jc] [Tc]
Maks Bavenko: checks 
LucasTo90: bets $2
Maks Bavenko: calls $2
*** RIVER *** [8s 4s Jc Tc] [4h]
Maks Bavenko: bets $4.04
LucasTo90: calls $4.04
*** SHOW DOWN ***
Maks Bavenko: shows [9h 5h] (a pair of Fours)
LucasTo90: shows [9d As] (a pair of Fours - Ace kicker)
LucasTo90 collected $15.75 from pot
*** SUMMARY ***
Total pot $16.58 | Rake $0.83 
Board [8s 4s Jc Tc 4h]
Seat 3: mariofcd
Seat 1: LucasTo90 (button) showed [9d As] and won ($15.75) with a pair of Fours
Seat 2: sta$igk (small blind) folded before Flop
Seat 4: Maks Bavenko (big blind) showed [9h 5h] and lost with a pair of Fours
Seat 5: yzuk folded before Flop (didn't bet)
Seat 6: Pippa83 folded before Flop (didn't bet)



PokerStars Hand #254567553672:  Hold'em No Limit ($0.50/$1.00 USD) - 2025/01/26 19:44:11 WET [2025/01/26 14:44:11 ET]
Table 'Hybris V' 6-max Seat #2 is the button
Seat 3: michasia ($100 in chips) is sitting out
Seat 1: LucasTo90 ($52.02 in chips) 
Seat 2: sta$igk ($100 in chips) 
Seat 4: Maks Bavenko ($100 in chips) 
Seat 5: yzuk ($100 in chips) 
Seat 6: Pippa83 ($100 in chips) 
Maks Bavenko: posts small blind $0.50
yzuk: posts big blind $1
*** HOLE CARDS ***
Pippa83: raises $1.20 to $2.20
LucasTo90: calls $2.20
sta$igk: folds 
Maks Bavenko: folds 
yzuk: folds 
*** FLOP *** [8s 6d 5h]
Pippa83: checks 
LucasTo90: checks 
*** TURN *** [8s 6d 5h] [Kc]
Pippa83: checks 
LucasTo90: checks 
*** RIVER *** [8s 6d 5h Kc] [2s]
Pippa83: checks 
LucasTo90: checks 
*** SHOW DOWN ***
Pippa83: shows [Ah Qh] (high card Ace)
LucasTo90: mucks hand 
Pippa83 collected $5.60 from pot
*** SUMMARY ***
Total pot $5.90 | Rake $0.30 
Board [8s 6d 5h Kc 2s]
Seat 3: michasia
Seat 1: LucasTo90 mucked
Seat 2: sta$igk (button) folded before Flop (didn't bet)
Seat 4: Maks Bavenko (small blind) folded before Flop
Seat 5: yzuk (big blind) folded before Flop
Seat 6: Pippa83 showed [Ah Qh] and won ($5.60) with high card Ace



PokerStars Hand #254567566159:  Hold'em No Limit ($0.50/$1.00 USD) - 2025/01/26 19:44:45 WET [2025/01/26 14:44:45 ET]
Table 'Hybris V' 6-max Seat #4 is the button
Seat 3: michasia ($100 in chips) is sitting out
Seat 1: LucasTo90 ($49.82 in chips) 
Seat 2: sta$igk ($100 in chips) 
Seat 4: Maks Bavenko ($100 in chips) 
Seat 5: yzuk ($100 in chips) 
Seat 6: Pippa83 ($103.40 in chips) 
yzuk: posts small blind $0.50
Pippa83: posts big blind $1
michasia: sits out 
*** HOLE CARDS ***
LucasTo90: raises $1 to $2
sta$igk: raises $5 to $7
Maks Bavenko: folds 
yzuk: folds 
Pippa83: folds 
LucasTo90: folds 
Uncalled bet ($5) returned to sta$igk
sta$igk collected $5.50 from pot
sta$igk: doesn't show hand 
*** SUMMARY ***
Total pot $5.50 | Rake $0 
Seat 3: michasia
Seat 1: LucasTo90 folded before Flop
Seat 2: sta$igk collected ($5.50)
Seat 4: Maks Bavenko (button) folded before Flop (didn't bet)
Seat 5: yzuk (small blind) folded before Flop
Seat 6: Pippa83 (big blind) folded before Flop



PokerStars Hand #254567572587:  Hold'em No Limit ($0.50/$1.00 USD) - 2025/01/26 19:45:02 WET [2025/01/26 14:45:02 ET]
Table 'Hybris V' 6-max Seat #5 is the button
Seat 3: michasia ($100 in chips) is sitting out
Seat 1: LucasTo90 ($47.82 in chips) 
Seat 2: sta$igk ($103.50 in chips) 
Seat 4: Maks Bavenko ($100 in chips) 
Seat 5: yzuk ($100 in chips) 
Seat 6: Pippa83 ($102.40 in chips) 
Pippa83: posts small blind $0.50
LucasTo90: posts big blind $1
michasia: sits out 
*** HOLE CARDS ***
sta$igk: folds 
Maks Bavenko: folds 
yzuk: raises $1.50 to $2.50
Pippa83: folds 
LucasTo90: folds 
Uncalled bet ($1.50) returned to yzuk
yzuk collected $2.50 from pot
yzuk: doesn't show hand 
*** SUMMARY ***
Total pot $2.50 | Rake $0 
Seat 3: michasia
Seat 1: LucasTo90 (big blind) folded before Flop
Seat 2: sta$igk folded before Flop (didn't bet)
Seat 4: Maks Bavenko folded before Flop (didn't bet)
Seat 5: yzuk (button) collected ($2.50)
Seat 6: Pippa83 (small blind) folded before Flop



PokerStars Hand #254567741790:  Hold'em No Limit ($0.50/$1.00 USD) - 2025/01/26 19:52:43 WET [2025/01/26 14:52:43 ET]
Table 'Hybris V' 6-max Seat #4 is the button
Seat 3: michasia ($114.03 in chips) is sitting out
Seat 1: LucasTo90 ($57.46 in chips) 
Seat 2: sta$igk ($102.50 in chips) 
Seat 4: Maks Bavenko ($101 in chips) 
Seat 5: yzuk ($102 in chips) 
Seat 6: Pippa83 ($101.50 in chips) 
yzuk: posts small blind $0.50
Pippa83: posts big blind $1
michasia: sits out 
*** HOLE CARDS ***
LucasTo90: folds 
sta$igk: folds 
Maks Bavenko: folds 
yzuk: folds 
Uncalled bet ($0.50) returned to Pippa83
Pippa83 collected $1 from pot
Pippa83: doesn't show hand 
*** SUMMARY ***
Total pot $1 | Rake $0 
Seat 3: michasia
Seat 1: LucasTo90 folded before Flop (didn't bet)
Seat 2: sta$igk folded before Flop (didn't bet)
Seat 4: Maks Bavenko (button) folded before Flop (didn't bet)
Seat 5: yzuk (small blind) folded before Flop
Seat 6: Pippa83 (big blind) collected ($1)



PokerStars Hand #254567745706:  Hold'em No Limit ($0.50/$1.00 USD) - 2025/01/26 19:52:54 WET [2025/01/26 14:52:54 ET]
Table 'Hybris V' 6-max Seat #5 is the button
Seat 3: michasia ($114.03 in chips) is sitting out
Seat 1: LucasTo90 ($57.46 in chips) 
Seat 2: sta$igk ($102.50 in chips) 
Seat 4: Maks Bavenko ($101 in chips) 
Seat 5: yzuk ($101.50 in chips) 
Seat 6: Pippa83 ($102 in chips) 
Pippa83: posts small blind $0.50
LucasTo90: posts big blind $1
michasia: sits out 
*** HOLE CARDS ***
sta$igk: folds 
Maks Bavenko: folds 
yzuk: raises $1.50 to $2.50
Pippa83: folds 
LucasTo90: calls $1.50
*** FLOP *** [3h 8d 9h]
LucasTo90: checks 
yzuk: checks 
*** TURN *** [3h 8d 9h] [8c]
LucasTo90: bets $2
yzuk: calls $2
*** RIVER *** [3h 8d 9h 8c] [5s]
LucasTo90: bets $3
yzuk: raises $7.66 to $10.66
LucasTo90: folds 
Uncalled bet ($7.66) returned to yzuk
yzuk collected $14.72 from pot
yzuk: doesn't show hand 
*** SUMMARY ***
Total pot $15.50 | Rake $0.78 
Board [3h 8d 9h 8c 5s]
Seat 3: michasia
Seat 1: LucasTo90 (big blind) folded on the River
Seat 2: sta$igk folded before Flop (didn't bet)
Seat 4: Maks Bavenko folded before Flop (didn't bet)
Seat 5: yzuk (button) collected ($14.72)
Seat 6: Pippa83 (small blind) folded before Flop



PokerStars Hand #254567760631:  Hold'em No Limit ($0.50/$1.00 USD) - 2025/01/26 19:53:35 WET [2025/01/26 14:53:35 ET]
Table 'Hybris V' 6-max Seat #6 is the button
Seat 3: michasia ($114.03 in chips) is sitting out
Seat 1: LucasTo90 ($49.96 in chips) 
Seat 2: sta$igk ($102.50 in chips) 
Seat 4: Maks Bavenko ($101 in chips) 
Seat 5: yzuk ($108.72 in chips) 
Seat 6: Pippa83 ($101.50 in chips) 
LucasTo90: posts small blind $0.50
sta$igk: posts big blind $1
michasia: sits out 
*** HOLE CARDS ***
Maks Bavenko: folds 
yzuk: folds 
Pippa83: folds 
LucasTo90: raises $1 to $2
sta$igk: calls $1
*** FLOP *** [Kc Tc 4d]
LucasTo90: checks 
sta$igk: checks 
*** TURN *** [Kc Tc 4d] [Jd]
LucasTo90: bets $2
sta$igk: raises $3 to $5
LucasTo90: folds 
Uncalled bet ($3) returned to sta$igk
sta$igk collected $7.60 from pot
sta$igk: doesn't show hand 
*** SUMMARY ***
Total pot $8 | Rake $0.40 
Board [Kc Tc 4d Jd]
Seat 3: michasia
Seat 1: LucasTo90 (small blind) folded on the Turn
Seat 2: sta$igk (big blind) collected ($7.60)
Seat 4: Maks Bavenko folded before Flop (didn't bet)
Seat 5: yzuk folded before Flop (didn't bet)
Seat 6: Pippa83 (button) folded before Flop (didn't bet)



PokerStars Hand #254567775260:  Hold'em No Limit ($0.50/$1.00 USD) - 2025/01/26 19:54:15 WET [2025/01/26 14:54:15 ET]
Table 'Hybris V' 6-max Seat #1 is the button
Seat 1: LucasTo90 ($45.96 in chips) 
Seat 2: sta$igk ($106.10 in chips) 
Seat 3: michasia ($114.03 in chips) 
Seat 4: Maks Bavenko ($101 in chips) 
Seat 5: yzuk ($108.72 in chips) 
Seat 6: Pippa83 ($101.50 in chips) 
sta$igk: posts small blind $0.50
michasia: posts big blind $1
*** HOLE CARDS ***
Maks Bavenko: folds 
yzuk: folds 
Pippa83: raises $1.50 to $2.50
LucasTo90: folds 
sta$igk: folds 
michasia: folds 
Uncalled bet ($1.50) returned to Pippa83
Pippa83 collected $2.50 from pot
Pippa83: doesn't show hand 
*** SUMMARY ***
Total pot $2.50 | Rake $0 
Seat 1: LucasTo90 (button) folded before Flop (didn't bet)
Seat 2: sta$igk (small blind) folded before Flop
Seat 3: michasia (big blind) folded before Flop
Seat 4: Maks Bavenko folded before Flop (didn't bet)
Seat 5: yzuk folded before Flop (didn't bet)
Seat 6: Pippa83 collected ($2.50)



PokerStars Hand #254567780942:  Hold'em No Limit ($0.50/$1.00 USD) - 2025/01/26 19:54:30 WET [2025/01/26 14:54:30 ET]
Table 'Hybris V' 6-max Seat #2 is the button
Seat 1: LucasTo90 ($45.96 in chips) 
Seat 2: sta$igk ($105.60 in chips) 
Seat 3: michasia ($113.03 in chips) 
Seat 4: Maks Bavenko ($101 in chips) 
Seat 5: yzuk ($108.72 in chips) 
Seat 6: Pippa83 ($103 in chips) 
michasia: posts small blind $0.50
Maks Bavenko: posts big blind $1
*** HOLE CARDS ***
yzuk: raises $1.50 to $2.50
Pippa83: folds 
LucasTo90: calls $2.50
sta$igk: raises $8.50 to $11
michasia: folds 
Maks Bavenko: folds 
yzuk: folds 
LucasTo90: calls $8.50
*** FLOP *** [Ks 4s 7h]
LucasTo90: checks 
sta$igk: bets $6.17
LucasTo90: folds 
Uncalled bet ($6.17) returned to sta$igk
sta$igk collected $24.70 from pot
sta$igk: doesn't show hand 
*** SUMMARY ***
Total pot $26 | Rake $1.30 
Board [Ks 4s 7h]
Seat 1: LucasTo90 folded on the Flop
Seat 2: sta$igk (button) collected ($24.70)
Seat 3: michasia (small blind) folded before Flop
Seat 4: Maks Bavenko (big blind) folded before Flop
Seat 5: yzuk folded before Flop
Seat 6: Pippa83 folded before Flop (didn't bet)



PokerStars Hand #254567792061:  Hold'em No Limit ($0.50/$1.00 USD) - 2025/01/26 19:55:00 WET [2025/01/26 14:55:00 ET]
Table 'Hybris V' 6-max Seat #3 is the button
Seat 1: LucasTo90 ($34.96 in chips) 
Seat 2: sta$igk ($119.30 in chips) 
Seat 3: michasia ($112.53 in chips) 
Seat 4: Maks Bavenko ($100 in chips) 
Seat 5: yzuk ($106.22 in chips) 
Seat 6: Pippa83 ($103 in chips) 
Maks Bavenko: posts small blind $0.50
yzuk: posts big blind $1
*** HOLE CARDS ***
Pippa83: folds 
LucasTo90: folds 
sta$igk: raises $1.50 to $2.50
michasia: folds 
Maks Bavenko: folds 
yzuk: folds 
Uncalled bet ($1.50) returned to sta$igk
sta$igk collected $2.50 from pot
sta$igk: doesn't show hand 
*** SUMMARY ***
Total pot $2.50 | Rake $0 
Seat 1: LucasTo90 folded before Flop (didn't bet)
Seat 2: sta$igk collected ($2.50)
Seat 3: michasia (button) folded before Flop (didn't bet)
Seat 4: Maks Bavenko (small blind) folded before Flop
Seat 5: yzuk (big blind) folded before Flop
Seat 6: Pippa83 folded before Flop (didn't bet)



PokerStars Hand #254567797539:  Hold'em No Limit ($0.50/$1.00 USD) - 2025/01/26 19:55:19 WET [2025/01/26 14:55:19 ET]
Table 'Hybris V' 6-max Seat #4 is the button
Seat 1: LucasTo90 ($34.96 in chips) 
Seat 2: sta$igk ($120.80 in chips) 
Seat 3: michasia ($112.53 in chips) 
Seat 4: Maks Bavenko ($100 in chips) 
Seat 5: yzuk ($105.22 in chips) 
Seat 6: Pippa83 ($103 in chips) 
yzuk: posts small blind $0.50
Pippa83: posts big blind $1
*** HOLE CARDS ***
LucasTo90: raises $1 to $2
sta$igk: folds 
michasia: folds 
Maks Bavenko: folds 
yzuk: folds 
Pippa83: folds 
Uncalled bet ($1) returned to LucasTo90
LucasTo90 collected $2.50 from pot
LucasTo90: doesn't show hand 
*** SUMMARY ***
Total pot $2.50 | Rake $0 
Seat 1: LucasTo90 collected ($2.50)
Seat 2: sta$igk folded before Flop (didn't bet)
Seat 3: michasia folded before Flop (didn't bet)
Seat 4: Maks Bavenko (button) folded before Flop (didn't bet)
Seat 5: yzuk (small blind) folded before Flop
Seat 6: Pippa83 (big blind) folded before Flop



PokerStars Hand #254567801466:  Hold'em No Limit ($0.50/$1.00 USD) - 2025/01/26 19:55:38 WET [2025/01/26 14:55:38 ET]
Table 'Hybris V' 6-max Seat #5 is the button
Seat 1: LucasTo90 ($36.46 in chips) 
Seat 2: sta$igk ($120.80 in chips) 
Seat 3: michasia ($112.53 in chips) 
Seat 4: Maks Bavenko ($100 in chips) 
Seat 5: yzuk ($104.72 in chips) 
Seat 6: Pippa83 ($102 in chips) 
Pippa83: posts small blind $0.50
LucasTo90: posts big blind $1
*** HOLE CARDS ***
sta$igk: folds 
michasia: folds 
Maks Bavenko: folds 
yzuk: folds 
Pippa83: folds 
Uncalled bet ($0.50) returned to LucasTo90
LucasTo90 collected $1 from pot
LucasTo90: doesn't show hand 
*** SUMMARY ***
Total pot $1 | Rake $0 
Seat 1: LucasTo90 (big blind) collected ($1)
Seat 2: sta$igk folded before Flop (didn't bet)
Seat 3: michasia folded before Flop (didn't bet)
Seat 4: Maks Bavenko folded before Flop (didn't bet)
Seat 5: yzuk (button) folded before Flop (didn't bet)
Seat 6: Pippa83 (small blind) folded before Flop



PokerStars Hand #254567804993:  Hold'em No Limit ($0.50/$1.00 USD) - 2025/01/26 19:55:55 WET [2025/01/26 14:55:55 ET]
Table 'Hybris V' 6-max Seat #6 is the button
Seat 1: LucasTo90 ($36.96 in chips) 
Seat 2: sta$igk ($120.80 in chips) 
Seat 3: michasia ($112.53 in chips) 
Seat 4: Maks Bavenko ($100 in chips) 
Seat 5: yzuk ($104.72 in chips) 
Seat 6: Pippa83 ($101.50 in chips) 
LucasTo90: posts small blind $0.50
sta$igk: posts big blind $1
*** HOLE CARDS ***
michasia: folds 
Maks Bavenko: folds 
yzuk: folds 
Pippa83: folds 
LucasTo90: folds 
Uncalled bet ($0.50) returned to sta$igk
sta$igk collected $1 from pot
sta$igk: doesn't show hand 
*** SUMMARY ***
Total pot $1 | Rake $0 
Seat 1: LucasTo90 (small blind) folded before Flop
Seat 2: sta$igk (big blind) collected ($1)
Seat 3: michasia folded before Flop (didn't bet)
Seat 4: Maks Bavenko folded before Flop (didn't bet)
Seat 5: yzuk folded before Flop (didn't bet)
Seat 6: Pippa83 (button) folded before Flop (didn't bet)



PokerStars Hand #254567807244:  Hold'em No Limit ($0.50/$1.00 USD) - 2025/01/26 19:56:05 WET [2025/01/26 14:56:05 ET]
Table 'Hybris V' 6-max Seat #1 is the button
Seat 6: Pippa83 ($101.50 in chips) is sitting out
Seat 1: LucasTo90 ($36.46 in chips) 
Seat 2: sta$igk ($121.30 in chips) 
Seat 3: michasia ($112.53 in chips) 
Seat 4: Maks Bavenko ($100 in chips) 
Seat 5: yzuk ($104.72 in chips) 
sta$igk: posts small blind $0.50
michasia: posts big blind $1
*** HOLE CARDS ***
Maks Bavenko: folds 
yzuk: folds 
LucasTo90: raises $1 to $2
sta$igk: folds 
michasia: raises $6 to $8
LucasTo90: calls $6
*** FLOP *** [9h 8c 5c]
michasia: bets $5.17
LucasTo90: calls $5.17
*** TURN *** [9h 8c 5c] [Ac]
michasia: bets $17
LucasTo90: raises $6.29 to $23.29 and is all-in
michasia: folds 
Uncalled bet ($6.29) returned to LucasTo90
LucasTo90 collected $58.34 from pot
LucasTo90: doesn't show hand 
*** SUMMARY ***
Total pot $60.84 | Rake $2.50 
Board [9h 8c 5c Ac]
Seat 6: Pippa83
Seat 1: LucasTo90 (button) collected ($58.34)
Seat 2: sta$igk (small blind) folded before Flop
Seat 3: michasia (big blind) folded on the Turn
Seat 4: Maks Bavenko folded before Flop (didn't bet)
Seat 5: yzuk folded before Flop (didn't bet)



PokerStars Hand #254567813229:  Hold'em No Limit ($0.50/$1.00 USD) - 2025/01/26 19:56:33 WET [2025/01/26 14:56:33 ET]
Table 'Hybris V' 6-max Seat #2 is the button
Seat 6: Pippa83 ($101.50 in chips) is sitting out
Seat 1: LucasTo90 ($64.63 in chips) 
Seat 2: sta$igk ($120.80 in chips) 
Seat 3: michasia ($100 in chips) 
Seat 4: Maks Bavenko ($100 in chips) 
Seat 5: yzuk ($104.72 in chips) 
michasia: posts small blind $0.50
Maks Bavenko: posts big blind $1
*** HOLE CARDS ***
yzuk: raises $1.50 to $2.50
LucasTo90: folds 
sta$igk: folds 
michasia: folds 
Maks Bavenko: raises $9.50 to $12
yzuk: folds 
Uncalled bet ($9.50) returned to Maks Bavenko
Maks Bavenko collected $5.50 from pot
Maks Bavenko: doesn't show hand 
*** SUMMARY ***
Total pot $5.50 | Rake $0 
Seat 6: Pippa83
Seat 1: LucasTo90 folded before Flop (didn't bet)
Seat 2: sta$igk (button) folded before Flop (didn't bet)
Seat 3: michasia (small blind) folded before Flop
Seat 4: Maks Bavenko (big blind) collected ($5.50)
Seat 5: yzuk folded before Flop



PokerStars Hand #254567818630:  Hold'em No Limit ($0.50/$1.00 USD) - 2025/01/26 19:56:59 WET [2025/01/26 14:56:59 ET]
Table 'Hybris V' 6-max Seat #3 is the button
Seat 6: Pippa83 ($101.50 in chips) is sitting out
Seat 1: LucasTo90 ($64.63 in chips) 
Seat 2: sta$igk ($120.80 in chips) 
Seat 3: michasia ($100 in chips) 
Seat 4: Maks Bavenko ($103 in chips) 
Seat 5: yzuk ($102.22 in chips) 
Maks Bavenko: posts small blind $0.50
yzuk: posts big blind $1
*** HOLE CARDS ***
LucasTo90: raises $1 to $2
sta$igk: raises $4.50 to $6.50
michasia: folds 
Maks Bavenko: folds 
yzuk: folds 
LucasTo90: calls $4.50
*** FLOP *** [Tc Kh Ks]
LucasTo90: checks 
sta$igk: checks 
*** TURN *** [Tc Kh Ks] [9s]
LucasTo90: checks 
sta$igk: checks 
*** RIVER *** [Tc Kh Ks 9s] [Qd]
LucasTo90: bets $13.78
sta$igk: raises $100.52 to $114.30 and is all-in
LucasTo90: calls $44.35 and is all-in
Uncalled bet ($56.17) returned to sta$igk
*** SHOW DOWN ***
sta$igk: shows [Kc Ts] (a full house, Kings full of Tens)
LucasTo90: shows [Js Ad] (a straight, Ten to Ace)
sta$igk collected $128.26 from pot
*** SUMMARY ***
Total pot $130.76 | Rake $2.50 
Board [Tc Kh Ks 9s Qd]
Seat 6: Pippa83
Seat 1: LucasTo90 showed [Js Ad] and lost with a straight, Ten to Ace
Seat 2: sta$igk showed [Kc Ts] and won ($128.26) with a full house, Kings full of Tens
Seat 3: michasia (button) folded before Flop (didn't bet)
Seat 4: Maks Bavenko (small blind) folded before Flop
Seat 5: yzuk (big blind) folded before Flop



PokerStars Hand #254567829514:  Hold'em No Limit ($0.50/$1.00 USD) - 2025/01/26 19:57:50 WET [2025/01/26 14:57:50 ET]
Table 'Hybris V' 6-max Seat #4 is the button
Seat 1: LucasTo90 ($0 in chips) is sitting out
Seat 6: Pippa83 ($101.50 in chips) is sitting out
Seat 2: sta$igk ($184.43 in chips) 
Seat 3: michasia ($100 in chips) 
Seat 4: Maks Bavenko ($102.50 in chips) 
Seat 5: yzuk ($101.22 in chips) 
yzuk: posts small blind $0.50
sta$igk: posts big blind $1
*** HOLE CARDS ***
michasia: folds 
Maks Bavenko: folds 
yzuk: calls $0.50
sta$igk: checks 
*** FLOP *** [Jc Ad 7s]
LucasTo90 leaves the table
yzuk: checks 
sta$igk: checks 
*** TURN *** [Jc Ad 7s] [9s]
xxxZeka joins the table at seat #1 
yzuk: bets $1
xxxZeka leaves the table
sta$igk: folds 
Uncalled bet ($1) returned to yzuk
yzuk collected $1.90 from pot
yzuk: doesn't show hand 
*** SUMMARY ***
Total pot $2 | Rake $0.10 
Board [Jc Ad 7s 9s]
Seat 1: LucasTo90
Seat 6: Pippa83
Seat 2: sta$igk (big blind) folded on the Turn
Seat 3: michasia folded before Flop (didn't bet)
Seat 4: Maks Bavenko (button) folded before Flop (didn't bet)
Seat 5: yzuk (small blind) collected ($1.90)



PokerStars Hand #254567836544:  Hold'em No Limit ($0.50/$1.00 USD) - 2025/01/26 19:58:23 WET [2025/01/26 14:58:23 ET]
Table 'Hybris V' 6-max Seat #5 is the button
Seat 6: Pippa83 ($101.50 in chips) is sitting out
Seat 2: sta$igk ($183.43 in chips) 
Seat 3: michasia ($100 in chips) 
Seat 4: Maks Bavenko ($102.50 in chips) 
Seat 5: yzuk ($102.12 in chips) 
sta$igk: posts small blind $0.50
michasia: posts big blind $1
*** HOLE CARDS ***
Maks Bavenko: folds 
yzuk: folds 
sta$igk: raises $2 to $3
michasia: raises $6 to $9
sta$igk: folds 
Uncalled bet ($6) returned to michasia
michasia collected $6 from pot
michasia: doesn't show hand 
*** SUMMARY ***
Total pot $6 | Rake $0 
Seat 6: Pippa83
Seat 2: sta$igk (small blind) folded before Flop
Seat 3: michasia (big blind) collected ($6)
Seat 4: Maks Bavenko folded before Flop (didn't bet)
Seat 5: yzuk (button) folded before Flop (didn't bet)



