PokerStars Hand #254557039538:  Hold'em No Limit ($0.50/$1.00 USD) - 2025/01/26 3:39:37 WET [2025/01/25 22:39:37 ET]
Table 'Marina III' 6-max Seat #1 is the button
Seat 2: ivan77769 ($10 in chips) is sitting out
Seat 6: 7bekon7 ($100 in chips) is sitting out
Seat 1: XneferX ($105.64 in chips) 
Seat 3: m0nTTu ($12.88 in chips) 
Seat 4: MacSauce77 ($49.51 in chips) 
Seat 5: steepfell ($100 in chips) 
m0nTTu: posts small blind $0.50
MacSauce77: posts big blind $1
7bekon7: sits out 
*** HOLE CARDS ***
steepfell: raises $1.50 to $2.50
XneferX: folds 
m0nTTu: folds 
MacSauce77: calls $1.50
*** FLOP *** [Ac 2c Qd]
MacSauce77: bets $2
steepfell: raises $10 to $12
MacSauce77: raises $35.01 to $47.01 and is all-in
steepfell: calls $35.01
*** TURN *** [Ac 2c Qd] [Kd]
*** RIVER *** [Ac 2c Qd Kd] [Qs]
*** SHOW DOWN ***
MacSauce77: shows [Kc Js] (two pair, Kings and Queens)
steepfell: shows [Ks Ah] (two pair, Aces and Kings)
steepfell collected $98.52 from pot
MacSauce77 cashed out the hand for $19.85 | Cash Out Fee $0.41
*** SUMMARY ***
Total pot $99.52 | Rake $1 
Board [Ac 2c Qd Kd Qs]
Seat 2: ivan77769
Seat 6: 7bekon7
Seat 1: XneferX (button) folded before Flop (didn't bet)
Seat 3: m0nTTu (small blind) folded before Flop
Seat 4: MacSauce77 (big blind) showed [Kc Js] and lost with two pair, Kings and Queens (cashed out).
Seat 5: steepfell showed [Ks Ah] and won ($98.52) with two pair, Aces and Kings



PokerStars Hand #254557044891:  Hold'em No Limit ($0.50/$1.00 USD) - 2025/01/26 3:40:19 WET [2025/01/25 22:40:19 ET]
Table 'Marina III' 6-max Seat #3 is the button
Seat 6: 7bekon7 ($100 in chips) is sitting out
Seat 1: XneferX ($105.64 in chips) 
Seat 2: ivan77769 ($10 in chips) 
Seat 3: m0nTTu ($12.38 in chips) 
Seat 4: MacSauce77 ($19.85 in chips) 
Seat 5: steepfell ($149.01 in chips) 
MacSauce77: posts small blind $0.50
steepfell: posts big blind $1
7bekon7: sits out 
ivan77769: posts small & big blinds $1.50
*** HOLE CARDS ***
XneferX: folds 
ivan77769: checks 
m0nTTu: folds 
MacSauce77: calls $0.50
steepfell: checks 
*** FLOP *** [Kh 4c Jd]
MacSauce77: bets $18.85 and is all-in
steepfell: folds 
ivan77769: folds 
Uncalled bet ($18.85) returned to MacSauce77
MacSauce77 collected $3.32 from pot
*** SUMMARY ***
Total pot $3.50 | Rake $0.18 
Board [Kh 4c Jd]
Seat 6: 7bekon7
Seat 1: XneferX folded before Flop (didn't bet)
Seat 2: ivan77769 folded on the Flop (didn't bet)
Seat 3: m0nTTu (button) folded before Flop (didn't bet)
Seat 4: MacSauce77 (small blind) collected ($3.32)
Seat 5: steepfell (big blind) folded on the Flop



PokerStars Hand #254557048852:  Hold'em No Limit ($0.50/$1.00 USD) - 2025/01/26 3:40:51 WET [2025/01/25 22:40:51 ET]
Table 'Marina III' 6-max Seat #4 is the button
Seat 1: XneferX ($105.64 in chips) 
Seat 2: ivan77769 ($8.50 in chips) 
Seat 3: m0nTTu ($12.38 in chips) 
Seat 4: MacSauce77 ($22.17 in chips) 
Seat 5: steepfell ($148.01 in chips) 
Seat 6: 7bekon7 ($100 in chips) 
steepfell: posts small blind $0.50
7bekon7: posts big blind $1
*** HOLE CARDS ***
XneferX: raises $1.10 to $2.10
ivan77769: folds 
m0nTTu: folds 
MacSauce77: calls $2.10
steepfell: folds 
7bekon7: folds 
*** FLOP *** [8d Ac Qs]
XneferX: bets $1.20
ivan77769 leaves the table
MacSauce77 is connected 
MacSauce77: folds 
Uncalled bet ($1.20) returned to XneferX
XneferX collected $5.42 from pot
XneferX: doesn't show hand 
*** SUMMARY ***
Total pot $5.70 | Rake $0.28 
Board [8d Ac Qs]
Seat 1: XneferX collected ($5.42)
Seat 2: ivan77769 folded before Flop (didn't bet)
Seat 3: m0nTTu folded before Flop (didn't bet)
Seat 4: MacSauce77 (button) folded on the Flop
Seat 5: steepfell (small blind) folded before Flop
Seat 6: 7bekon7 (big blind) folded before Flop



PokerStars Hand #254557056229:  Hold'em No Limit ($0.50/$1.00 USD) - 2025/01/26 3:41:49 WET [2025/01/25 22:41:49 ET]
Table 'Marina III' 6-max Seat #5 is the button
Seat 1: XneferX ($108.96 in chips) is sitting out
Seat 3: m0nTTu ($12.38 in chips) 
Seat 4: MacSauce77 ($20.07 in chips) 
Seat 5: steepfell ($147.51 in chips) 
Seat 6: 7bekon7 ($100 in chips) 
7bekon7: posts small blind $0.50
XneferX: is sitting out 
m0nTTu: posts big blind $1
*** HOLE CARDS ***
XneferX leaves the table
MacSauce77: raises $19.07 to $20.07 and is all-in
steepfell: folds 
7bekon7: folds 
m0nTTu: folds 
Uncalled bet ($19.07) returned to MacSauce77
ru_ruu_ru joins the table at seat #1 
MacSauce77 collected $2.50 from pot
*** SUMMARY ***
Total pot $2.50 | Rake $0 
Seat 1: XneferX
Seat 3: m0nTTu (big blind) folded before Flop
Seat 4: MacSauce77 collected ($2.50)
Seat 5: steepfell (button) folded before Flop (didn't bet)
Seat 6: 7bekon7 (small blind) folded before Flop



PokerStars Hand #254557058801:  Hold'em No Limit ($0.50/$1.00 USD) - 2025/01/26 3:42:10 WET [2025/01/25 22:42:10 ET]
Table 'Marina III' 6-max Seat #6 is the button
Seat 1: ru_ruu_ru ($100 in chips) is sitting out
Seat 3: m0nTTu ($11.38 in chips) 
Seat 4: MacSauce77 ($21.57 in chips) 
Seat 5: steepfell ($147.51 in chips) 
Seat 6: 7bekon7 ($100 in chips) 
m0nTTu: posts small blind $0.50
MacSauce77: posts big blind $1
*** HOLE CARDS ***
steepfell: folds 
7bekon7: raises $1.50 to $2.50
m0nTTu: folds 
MacSauce77: calls $1.50
*** FLOP *** [5c 8c Jd]
MacSauce77: checks 
7bekon7: bets $2.61
MacSauce77: folds 
Uncalled bet ($2.61) returned to 7bekon7
7bekon7 collected $5.22 from pot
7bekon7: doesn't show hand 
*** SUMMARY ***
Total pot $5.50 | Rake $0.28 
Board [5c 8c Jd]
Seat 1: ru_ruu_ru
Seat 3: m0nTTu (small blind) folded before Flop
Seat 4: MacSauce77 (big blind) folded on the Flop
Seat 5: steepfell folded before Flop (didn't bet)
Seat 6: 7bekon7 (button) collected ($5.22)



PokerStars Hand #254557061820:  Hold'em No Limit ($0.50/$1.00 USD) - 2025/01/26 3:42:34 WET [2025/01/25 22:42:34 ET]
Table 'Marina III' 6-max Seat #3 is the button
Seat 1: ru_ruu_ru ($100 in chips) is sitting out
Seat 3: m0nTTu ($10.88 in chips) 
Seat 4: MacSauce77 ($19.07 in chips) 
Seat 5: steepfell ($147.51 in chips) 
Seat 6: 7bekon7 ($102.72 in chips) 
MacSauce77: posts small blind $0.50
steepfell: posts big blind $1
ru_ruu_ru: sits out 
*** HOLE CARDS ***
50CandyJoe joins the table at seat #2 
7bekon7: raises $1.25 to $2.25
m0nTTu: raises $8.63 to $10.88 and is all-in
MacSauce77: raises $8.19 to $19.07 and is all-in
steepfell: folds 
7bekon7: folds 
Uncalled bet ($8.19) returned to MacSauce77
*** FLOP *** [8c 6c 4s]
*** TURN *** [8c 6c 4s] [Jd]
*** RIVER *** [8c 6c 4s Jd] [5s]
*** SHOW DOWN ***
MacSauce77: shows [6s 6h] (three of a kind, Sixes)
m0nTTu: shows [Ah Th] (high card Ace)
MacSauce77 collected $24.01 from pot
*** SUMMARY ***
Total pot $25.01 | Rake $1 
Board [8c 6c 4s Jd 5s]
Seat 1: ru_ruu_ru
Seat 3: m0nTTu (button) showed [Ah Th] and lost with high card Ace
Seat 4: MacSauce77 (small blind) showed [6s 6h] and won ($24.01) with three of a kind, Sixes
Seat 5: steepfell (big blind) folded before Flop
Seat 6: 7bekon7 folded before Flop



PokerStars Hand #254557066469:  Hold'em No Limit ($0.50/$1.00 USD) - 2025/01/26 3:43:11 WET [2025/01/25 22:43:11 ET]
Table 'Marina III' 6-max Seat #4 is the button
Seat 1: ru_ruu_ru ($100 in chips) is sitting out
Seat 2: 50CandyJoe ($100 in chips) is sitting out
Seat 3: m0nTTu ($10 in chips) 
Seat 4: MacSauce77 ($32.20 in chips) 
Seat 5: steepfell ($146.51 in chips) 
Seat 6: 7bekon7 ($100.47 in chips) 
steepfell: posts small blind $0.50
7bekon7: posts big blind $1
ru_ruu_ru: sits out 
50CandyJoe: sits out 
*** HOLE CARDS ***
m0nTTu: folds 
MacSauce77: calls $1
steepfell: folds 
7bekon7: checks 
*** FLOP *** [5c 8d 3c]
7bekon7: checks 
MacSauce77: checks 
*** TURN *** [5c 8d 3c] [4c]
7bekon7: checks 
MacSauce77: bets $1
7bekon7: calls $1
*** RIVER *** [5c 8d 3c 4c] [8s]
7bekon7: checks 
MacSauce77: checks 
*** SHOW DOWN ***
7bekon7: shows [4d Kd] (two pair, Eights and Fours)
MacSauce77: mucks hand 
7bekon7 collected $4.28 from pot
*** SUMMARY ***
Total pot $4.50 | Rake $0.22 
Board [5c 8d 3c 4c 8s]
Seat 1: ru_ruu_ru
Seat 2: 50CandyJoe
Seat 3: m0nTTu folded before Flop (didn't bet)
Seat 4: MacSauce77 (button) mucked
Seat 5: steepfell (small blind) folded before Flop
Seat 6: 7bekon7 (big blind) showed [4d Kd] and won ($4.28) with two pair, Eights and Fours



PokerStars Hand #254557071968:  Hold'em No Limit ($0.50/$1.00 USD) - 2025/01/26 3:43:55 WET [2025/01/25 22:43:55 ET]
Table 'Marina III' 6-max Seat #5 is the button
Seat 2: 50CandyJoe ($100 in chips) is sitting out
Seat 1: ru_ruu_ru ($100 in chips) 
Seat 3: m0nTTu ($10 in chips) 
Seat 4: MacSauce77 ($30.20 in chips) 
Seat 5: steepfell ($146.01 in chips) 
Seat 6: 7bekon7 ($102.75 in chips) 
7bekon7: posts small blind $0.50
ru_ruu_ru: posts big blind $1
50CandyJoe: sits out 
*** HOLE CARDS ***
m0nTTu: folds 
MacSauce77: calls $1
steepfell: folds 
7bekon7: raises $3 to $4
ru_ruu_ru: folds 
MacSauce77: calls $3
*** FLOP *** [3c 9s Th]
7bekon7: checks 
MacSauce77: bets $26.20 and is all-in
7bekon7: folds 
Uncalled bet ($26.20) returned to MacSauce77
MacSauce77 collected $8.55 from pot
*** SUMMARY ***
Total pot $9 | Rake $0.45 
Board [3c 9s Th]
Seat 2: 50CandyJoe
Seat 1: ru_ruu_ru (big blind) folded before Flop
Seat 3: m0nTTu folded before Flop (didn't bet)
Seat 4: MacSauce77 collected ($8.55)
Seat 5: steepfell (button) folded before Flop (didn't bet)
Seat 6: 7bekon7 (small blind) folded on the Flop



PokerStars Hand #254557078297:  Hold'em No Limit ($0.50/$1.00 USD) - 2025/01/26 3:44:46 WET [2025/01/25 22:44:46 ET]
Table 'Marina III' 6-max Seat #6 is the button
Seat 1: ru_ruu_ru ($100 in chips) 
Seat 2: 50CandyJoe ($100 in chips) 
Seat 3: m0nTTu ($10 in chips) 
Seat 4: MacSauce77 ($34.75 in chips) 
Seat 5: steepfell ($146.01 in chips) 
Seat 6: 7bekon7 ($100 in chips) 
ru_ruu_ru: posts small blind $0.50
50CandyJoe: posts big blind $1
*** HOLE CARDS ***
m0nTTu: folds 
MacSauce77: calls $1
steepfell: folds 
7bekon7: folds 
ru_ruu_ru: folds 
50CandyJoe: checks 
*** FLOP *** [5h Jh 9h]
50CandyJoe: checks 
MacSauce77: checks 
*** TURN *** [5h Jh 9h] [2d]
50CandyJoe: bets $2
MacSauce77: raises $2 to $4
50CandyJoe: calls $2
*** RIVER *** [5h Jh 9h 2d] [2c]
50CandyJoe: checks 
MacSauce77: bets $4
50CandyJoe: folds 
Uncalled bet ($4) returned to MacSauce77
MacSauce77 collected $9.98 from pot
*** SUMMARY ***
Total pot $10.50 | Rake $0.52 
Board [5h Jh 9h 2d 2c]
Seat 1: ru_ruu_ru (small blind) folded before Flop
Seat 2: 50CandyJoe (big blind) folded on the River
Seat 3: m0nTTu folded before Flop (didn't bet)
Seat 4: MacSauce77 collected ($9.98)
Seat 5: steepfell folded before Flop (didn't bet)
Seat 6: 7bekon7 (button) folded before Flop (didn't bet)



PokerStars Hand #254557084724:  Hold'em No Limit ($0.50/$1.00 USD) - 2025/01/26 3:45:39 WET [2025/01/25 22:45:39 ET]
Table 'Marina III' 6-max Seat #1 is the button
Seat 1: ru_ruu_ru ($100 in chips) 
Seat 2: 50CandyJoe ($100 in chips) 
Seat 3: m0nTTu ($10 in chips) 
Seat 4: MacSauce77 ($39.73 in chips) 
Seat 5: steepfell ($146.01 in chips) 
Seat 6: 7bekon7 ($100 in chips) 
50CandyJoe: posts small blind $0.50
m0nTTu: posts big blind $1
*** HOLE CARDS ***
MacSauce77: calls $1
steepfell: folds 
7bekon7: folds 
ru_ruu_ru: folds 
50CandyJoe: folds 
m0nTTu: checks 
*** FLOP *** [5c Tc 6h]
m0nTTu: checks 
MacSauce77: checks 
*** TURN *** [5c Tc 6h] [Jc]
m0nTTu: checks 
MacSauce77: bets $2
m0nTTu: folds 
Uncalled bet ($2) returned to MacSauce77
MacSauce77 collected $2.38 from pot
*** SUMMARY ***
Total pot $2.50 | Rake $0.12 
Board [5c Tc 6h Jc]
Seat 1: ru_ruu_ru (button) folded before Flop (didn't bet)
Seat 2: 50CandyJoe (small blind) folded before Flop
Seat 3: m0nTTu (big blind) folded on the Turn
Seat 4: MacSauce77 collected ($2.38)
Seat 5: steepfell folded before Flop (didn't bet)
Seat 6: 7bekon7 folded before Flop (didn't bet)



PokerStars Hand #254557090366:  Hold'em No Limit ($0.50/$1.00 USD) - 2025/01/26 3:46:24 WET [2025/01/25 22:46:24 ET]
Table 'Marina III' 6-max Seat #2 is the button
Seat 1: ru_ruu_ru ($100 in chips) 
Seat 2: 50CandyJoe ($100 in chips) 
Seat 3: m0nTTu ($10 in chips) 
Seat 4: MacSauce77 ($41.11 in chips) 
Seat 5: steepfell ($146.01 in chips) 
Seat 6: 7bekon7 ($100 in chips) 
m0nTTu: posts small blind $0.50
MacSauce77: posts big blind $1
*** HOLE CARDS ***
steepfell: folds 
7bekon7: folds 
ru_ruu_ru: raises $1.50 to $2.50
50CandyJoe: folds 
m0nTTu: folds 
MacSauce77: calls $1.50
*** FLOP *** [Th Kc Kh]
MacSauce77: checks 
ru_ruu_ru: bets $1.72
MacSauce77: calls $1.72
*** TURN *** [Th Kc Kh] [Qc]
MacSauce77: checks 
ru_ruu_ru: checks 
*** RIVER *** [Th Kc Kh Qc] [8c]
MacSauce77: bets $7
ru_ruu_ru: calls $7
*** SHOW DOWN ***
MacSauce77: shows [Qd 8s] (two pair, Kings and Queens)
ru_ruu_ru: mucks hand 
MacSauce77 collected $21.79 from pot
*** SUMMARY ***
Total pot $22.94 | Rake $1.15 
Board [Th Kc Kh Qc 8c]
Seat 1: ru_ruu_ru mucked
Seat 2: 50CandyJoe (button) folded before Flop (didn't bet)
Seat 3: m0nTTu (small blind) folded before Flop
Seat 4: MacSauce77 (big blind) showed [Qd 8s] and won ($21.79) with two pair, Kings and Queens
Seat 5: steepfell folded before Flop (didn't bet)
Seat 6: 7bekon7 folded before Flop (didn't bet)



PokerStars Hand #254557097594:  Hold'em No Limit ($0.50/$1.00 USD) - 2025/01/26 3:47:22 WET [2025/01/25 22:47:22 ET]
Table 'Marina III' 6-max Seat #3 is the button
Seat 1: ru_ruu_ru ($100 in chips) 
Seat 2: 50CandyJoe ($100 in chips) 
Seat 3: m0nTTu ($10 in chips) 
Seat 4: MacSauce77 ($51.68 in chips) 
Seat 5: steepfell ($146.01 in chips) 
Seat 6: 7bekon7 ($100 in chips) 
MacSauce77: posts small blind $0.50
steepfell: posts big blind $1
*** HOLE CARDS ***
7bekon7: raises $1.50 to $2.50
ru_ruu_ru: folds 
50CandyJoe: calls $2.50
m0nTTu: folds 
MacSauce77: calls $2
steepfell: folds 
*** FLOP *** [Ah Kd 6s]
MacSauce77: checks 
7bekon7: checks 
50CandyJoe: checks 
*** TURN *** [Ah Kd 6s] [Kh]
MacSauce77: bets $2
7bekon7: calls $2
50CandyJoe: folds 
*** RIVER *** [Ah Kd 6s Kh] [4h]
MacSauce77: bets $4
7bekon7: calls $4
*** SHOW DOWN ***
MacSauce77: shows [As 4d] (two pair, Aces and Kings)
7bekon7: mucks hand 
MacSauce77 collected $19.48 from pot
*** SUMMARY ***
Total pot $20.50 | Rake $1.02 
Board [Ah Kd 6s Kh 4h]
Seat 1: ru_ruu_ru folded before Flop (didn't bet)
Seat 2: 50CandyJoe folded on the Turn
Seat 3: m0nTTu (button) folded before Flop (didn't bet)
Seat 4: MacSauce77 (small blind) showed [As 4d] and won ($19.48) with two pair, Aces and Kings
Seat 5: steepfell (big blind) folded before Flop
Seat 6: 7bekon7 mucked



PokerStars Hand #254557107934:  Hold'em No Limit ($0.50/$1.00 USD) - 2025/01/26 3:48:47 WET [2025/01/25 22:48:47 ET]
Table 'Marina III' 6-max Seat #4 is the button
Seat 1: ru_ruu_ru ($100 in chips) 
Seat 2: 50CandyJoe ($100 in chips) 
Seat 3: m0nTTu ($10 in chips) 
Seat 4: MacSauce77 ($62.66 in chips) 
Seat 5: steepfell ($145.01 in chips) 
Seat 6: 7bekon7 ($100 in chips) 
steepfell: posts small blind $0.50
7bekon7: posts big blind $1
*** HOLE CARDS ***
ru_ruu_ru: raises $2 to $3
50CandyJoe: folds 
m0nTTu: folds 
MacSauce77: folds 
steepfell: folds 
7bekon7: calls $2
*** FLOP *** [Ac Jh Ts]
7bekon7: checks 
ru_ruu_ru: bets $4.08
7bekon7: calls $4.08
*** TURN *** [Ac Jh Ts] [Qd]
7bekon7: checks 
ru_ruu_ru: bets $5.57
7bekon7: calls $5.57
*** RIVER *** [Ac Jh Ts Qd] [4s]
7bekon7: checks 
ru_ruu_ru: bets $16.18
7bekon7: calls $16.18
*** SHOW DOWN ***
ru_ruu_ru: shows [Kc 8c] (a straight, Ten to Ace)
7bekon7: mucks hand 
ru_ruu_ru collected $55.66 from pot
*** SUMMARY ***
Total pot $58.16 | Rake $2.50 
Board [Ac Jh Ts Qd 4s]
Seat 1: ru_ruu_ru showed [Kc 8c] and won ($55.66) with a straight, Ten to Ace
Seat 2: 50CandyJoe folded before Flop (didn't bet)
Seat 3: m0nTTu folded before Flop (didn't bet)
Seat 4: MacSauce77 (button) folded before Flop (didn't bet)
Seat 5: steepfell (small blind) folded before Flop
Seat 6: 7bekon7 (big blind) mucked



PokerStars Hand #254557122440:  Hold'em No Limit ($0.50/$1.00 USD) - 2025/01/26 3:50:46 WET [2025/01/25 22:50:46 ET]
Table 'Marina III' 6-max Seat #5 is the button
Seat 1: ru_ruu_ru ($126.83 in chips) 
Seat 2: 50CandyJoe ($100 in chips) 
Seat 3: m0nTTu ($10 in chips) 
Seat 4: MacSauce77 ($62.66 in chips) 
Seat 5: steepfell ($144.51 in chips) 
Seat 6: 7bekon7 ($100 in chips) 
7bekon7: posts small blind $0.50
ru_ruu_ru: posts big blind $1
*** HOLE CARDS ***
50CandyJoe: folds 
m0nTTu: folds 
MacSauce77: raises $3 to $4
steepfell: folds 
7bekon7: folds 
ru_ruu_ru: folds 
Uncalled bet ($3) returned to MacSauce77
MacSauce77 collected $2.50 from pot
*** SUMMARY ***
Total pot $2.50 | Rake $0 
Seat 1: ru_ruu_ru (big blind) folded before Flop
Seat 2: 50CandyJoe folded before Flop (didn't bet)
Seat 3: m0nTTu folded before Flop (didn't bet)
Seat 4: MacSauce77 collected ($2.50)
Seat 5: steepfell (button) folded before Flop (didn't bet)
Seat 6: 7bekon7 (small blind) folded before Flop



PokerStars Hand #254557125058:  Hold'em No Limit ($0.50/$1.00 USD) - 2025/01/26 3:51:08 WET [2025/01/25 22:51:08 ET]
Table 'Marina III' 6-max Seat #6 is the button
Seat 1: ru_ruu_ru ($125.83 in chips) 
Seat 2: 50CandyJoe ($100 in chips) 
Seat 3: m0nTTu ($10 in chips) 
Seat 4: MacSauce77 ($64.16 in chips) 
Seat 5: steepfell ($144.51 in chips) 
Seat 6: 7bekon7 ($100 in chips) 
ru_ruu_ru: posts small blind $0.50
50CandyJoe: posts big blind $1
*** HOLE CARDS ***
m0nTTu: raises $1 to $2
MacSauce77: raises $3 to $5
steepfell: folds 
7bekon7: folds 
ru_ruu_ru: folds 
50CandyJoe: folds 
m0nTTu: raises $5 to $10 and is all-in
MacSauce77: calls $5
*** FLOP *** [2d 3c 2c]
*** TURN *** [2d 3c 2c] [Qh]
*** RIVER *** [2d 3c 2c Qh] [Ks]
*** SHOW DOWN ***
m0nTTu: shows [Ac Ah] (two pair, Aces and Deuces)
MacSauce77: shows [8d 8s] (two pair, Eights and Deuces)
m0nTTu collected $20.42 from pot
*** SUMMARY ***
Total pot $21.50 | Rake $1.08 
Board [2d 3c 2c Qh Ks]
Seat 1: ru_ruu_ru (small blind) folded before Flop
Seat 2: 50CandyJoe (big blind) folded before Flop
Seat 3: m0nTTu showed [Ac Ah] and won ($20.42) with two pair, Aces and Deuces
Seat 4: MacSauce77 showed [8d 8s] and lost with two pair, Eights and Deuces
Seat 5: steepfell folded before Flop (didn't bet)
Seat 6: 7bekon7 (button) folded before Flop (didn't bet)



PokerStars Hand #254557133259:  Hold'em No Limit ($0.50/$1.00 USD) - 2025/01/26 3:52:15 WET [2025/01/25 22:52:15 ET]
Table 'Marina III' 6-max Seat #1 is the button
Seat 1: ru_ruu_ru ($125.33 in chips) 
Seat 2: 50CandyJoe ($100 in chips) 
Seat 3: m0nTTu ($20.42 in chips) 
Seat 4: MacSauce77 ($54.16 in chips) 
Seat 5: steepfell ($144.51 in chips) 
Seat 6: 7bekon7 ($100 in chips) 
50CandyJoe: posts small blind $0.50
m0nTTu: posts big blind $1
*** HOLE CARDS ***
MacSauce77: raises $1 to $2
steepfell: folds 
7bekon7: raises $5 to $7
ru_ruu_ru: folds 
50CandyJoe: folds 
m0nTTu: folds 
MacSauce77: calls $5
*** FLOP *** [As 3s 9c]
MacSauce77: bets $47.16 and is all-in
7bekon7: folds 
Uncalled bet ($47.16) returned to MacSauce77
MacSauce77 collected $14.72 from pot
*** SUMMARY ***
Total pot $15.50 | Rake $0.78 
Board [As 3s 9c]
Seat 1: ru_ruu_ru (button) folded before Flop (didn't bet)
Seat 2: 50CandyJoe (small blind) folded before Flop
Seat 3: m0nTTu (big blind) folded before Flop
Seat 4: MacSauce77 collected ($14.72)
Seat 5: steepfell folded before Flop (didn't bet)
Seat 6: 7bekon7 folded on the Flop



PokerStars Hand #254557137971:  Hold'em No Limit ($0.50/$1.00 USD) - 2025/01/26 3:52:53 WET [2025/01/25 22:52:53 ET]
Table 'Marina III' 6-max Seat #2 is the button
Seat 1: ru_ruu_ru ($125.33 in chips) 
Seat 2: 50CandyJoe ($100 in chips) 
Seat 3: m0nTTu ($19.42 in chips) 
Seat 4: MacSauce77 ($61.88 in chips) 
Seat 5: steepfell ($144.51 in chips) 
Seat 6: 7bekon7 ($100 in chips) 
m0nTTu: posts small blind $0.50
MacSauce77: posts big blind $1
*** HOLE CARDS ***
steepfell: folds 
7bekon7: folds 
ru_ruu_ru: folds 
50CandyJoe: raises $1.50 to $2.50
m0nTTu: folds 
MacSauce77: calls $1.50
*** FLOP *** [Qc 7h Ad]
MacSauce77: checks 
50CandyJoe: bets $1.31
MacSauce77: folds 
Uncalled bet ($1.31) returned to 50CandyJoe
50CandyJoe collected $5.22 from pot
50CandyJoe: doesn't show hand 
*** SUMMARY ***
Total pot $5.50 | Rake $0.28 
Board [Qc 7h Ad]
Seat 1: ru_ruu_ru folded before Flop (didn't bet)
Seat 2: 50CandyJoe (button) collected ($5.22)
Seat 3: m0nTTu (small blind) folded before Flop
Seat 4: MacSauce77 (big blind) folded on the Flop
Seat 5: steepfell folded before Flop (didn't bet)
Seat 6: 7bekon7 folded before Flop (didn't bet)



PokerStars Hand #254557142454:  Hold'em No Limit ($0.50/$1.00 USD) - 2025/01/26 3:53:31 WET [2025/01/25 22:53:31 ET]
Table 'Marina III' 6-max Seat #3 is the button
Seat 1: ru_ruu_ru ($125.33 in chips) 
Seat 2: 50CandyJoe ($102.72 in chips) 
Seat 3: m0nTTu ($18.92 in chips) 
Seat 4: MacSauce77 ($59.38 in chips) 
Seat 5: steepfell ($144.51 in chips) 
Seat 6: 7bekon7 ($100 in chips) 
MacSauce77: posts small blind $0.50
steepfell: posts big blind $1
*** HOLE CARDS ***
7bekon7: raises $1.50 to $2.50
ru_ruu_ru: folds 
50CandyJoe: calls $2.50
m0nTTu: folds 
MacSauce77: calls $2
steepfell: folds 
*** FLOP *** [4d 5h 7c]
MacSauce77: checks 
7bekon7: bets $4.04
50CandyJoe: folds 
MacSauce77: folds 
Uncalled bet ($4.04) returned to 7bekon7
MacSauce77 leaves the table
7bekon7 collected $8.08 from pot
7bekon7: doesn't show hand 
*** SUMMARY ***
Total pot $8.50 | Rake $0.42 
Board [4d 5h 7c]
Seat 1: ru_ruu_ru folded before Flop (didn't bet)
Seat 2: 50CandyJoe folded on the Flop
Seat 3: m0nTTu (button) folded before Flop (didn't bet)
Seat 4: MacSauce77 (small blind) folded on the Flop
Seat 5: steepfell (big blind) folded before Flop
Seat 6: 7bekon7 collected ($8.08)



PokerStars Hand #254557148690:  Hold'em No Limit ($0.50/$1.00 USD) - 2025/01/26 3:54:23 WET [2025/01/25 22:54:23 ET]
Table 'Marina III' 6-max Seat #5 is the button
Seat 1: ru_ruu_ru ($125.33 in chips) 
Seat 2: 50CandyJoe ($100.22 in chips) 
Seat 3: m0nTTu ($18.92 in chips) 
Seat 5: steepfell ($143.51 in chips) 
Seat 6: 7bekon7 ($105.58 in chips) 
7bekon7: posts small blind $0.50
ru_ruu_ru: posts big blind $1
*** HOLE CARDS ***
50CandyJoe: raises $1.20 to $2.20
m0nTTu: folds 
steepfell: folds 
7bekon7: folds 
ru_ruu_ru: folds 
Uncalled bet ($1.20) returned to 50CandyJoe
50CandyJoe collected $2.50 from pot
50CandyJoe: doesn't show hand 
*** SUMMARY ***
Total pot $2.50 | Rake $0 
Seat 1: ru_ruu_ru (big blind) folded before Flop
Seat 2: 50CandyJoe collected ($2.50)
Seat 3: m0nTTu folded before Flop (didn't bet)
Seat 5: steepfell (button) folded before Flop (didn't bet)
Seat 6: 7bekon7 (small blind) folded before Flop



PokerStars Hand #254557151742:  Hold'em No Limit ($0.50/$1.00 USD) - 2025/01/26 3:54:49 WET [2025/01/25 22:54:49 ET]
Table 'Marina III' 6-max Seat #6 is the button
Seat 1: ru_ruu_ru ($124.33 in chips) 
Seat 2: 50CandyJoe ($101.72 in chips) 
Seat 3: m0nTTu ($18.92 in chips) 
Seat 5: steepfell ($143.51 in chips) 
Seat 6: 7bekon7 ($105.08 in chips) 
ru_ruu_ru: posts small blind $0.50
50CandyJoe: posts big blind $1
*** HOLE CARDS ***
m0nTTu: folds 
steepfell: folds 
7bekon7: folds 
ru_ruu_ru: folds 
Uncalled bet ($0.50) returned to 50CandyJoe
50CandyJoe collected $1 from pot
50CandyJoe: doesn't show hand 
*** SUMMARY ***
Total pot $1 | Rake $0 
Seat 1: ru_ruu_ru (small blind) folded before Flop
Seat 2: 50CandyJoe (big blind) collected ($1)
Seat 3: m0nTTu folded before Flop (didn't bet)
Seat 5: steepfell folded before Flop (didn't bet)
Seat 6: 7bekon7 (button) folded before Flop (didn't bet)



PokerStars Hand #254557152834:  Hold'em No Limit ($0.50/$1.00 USD) - 2025/01/26 3:54:58 WET [2025/01/25 22:54:58 ET]
Table 'Marina III' 6-max Seat #2 is the button
Seat 3: m0nTTu ($18.92 in chips) is sitting out
Seat 5: steepfell ($143.51 in chips) is sitting out
Seat 6: 7bekon7 ($105.08 in chips) is sitting out
Seat 1: ru_ruu_ru ($123.83 in chips) 
Seat 2: 50CandyJoe ($102.22 in chips) 
50CandyJoe: posts small blind $0.50
m0nTTu: is sitting out 
steepfell: is sitting out 
7bekon7: is sitting out 
ru_ruu_ru: posts big blind $1
*** HOLE CARDS ***
steepfell leaves the table
m0nTTu leaves the table
7bekon7 leaves the table
50CandyJoe: folds 
Uncalled bet ($0.50) returned to ru_ruu_ru
ru_ruu_ru collected $1 from pot
ru_ruu_ru: doesn't show hand 
*** SUMMARY ***
Total pot $1 | Rake $0 
Seat 3: m0nTTu
Seat 5: steepfell
Seat 6: 7bekon7
Seat 1: ru_ruu_ru (big blind) collected ($1)
Seat 2: 50CandyJoe (button) (small blind) folded before Flop



PokerStars Hand #254557154653:  Hold'em No Limit ($0.50/$1.00 USD) - 2025/01/26 3:55:14 WET [2025/01/25 22:55:14 ET]
Table 'Marina III' 6-max Seat #1 is the button
Seat 1: ru_ruu_ru ($124.33 in chips) 
Seat 2: 50CandyJoe ($101.72 in chips) 
ru_ruu_ru: posts small blind $0.50
50CandyJoe: posts big blind $1
*** HOLE CARDS ***
ru_ruu_ru: folds 
Uncalled bet ($0.50) returned to 50CandyJoe
50CandyJoe collected $1 from pot
50CandyJoe: doesn't show hand 
*** SUMMARY ***
Total pot $1 | Rake $0 
Seat 1: ru_ruu_ru (button) (small blind) folded before Flop
Seat 2: 50CandyJoe (big blind) collected ($1)



