PokerStars Hand #254569419014:  Hold'em No Limit ($0.50/$1.00 USD) - 2025/01/26 21:11:50 WET [2025/01/26 16:11:50 ET]
Table 'Mensa V' 6-max Seat #3 is the button
Seat 1: nikalas22 ($100 in chips) is sitting out
Seat 3: Supermegopro ($100 in chips) 
Seat 5: franco232315 ($80 in chips) 
Supermegopro: posts small blind $0.50
franco232315: posts big blind $1
*** HOLE CARDS ***
Supermegopro: raises $2 to $3
franco232315: calls $2
*** FLOP *** [Qc 5c 2h]
franco232315: checks 
Supermegopro: checks 
*** TURN *** [Qc 5c 2h] [Jh]
franco232315: bets $4.28
Supermegopro: folds 
Uncalled bet ($4.28) returned to franco232315
franco232315 collected $5.70 from pot
franco232315: doesn't show hand 
*** SUMMARY ***
Total pot $6 | Rake $0.30 
Board [Qc 5c 2h Jh]
Seat 1: nikalas22
Seat 3: Supermegopro (button) (small blind) folded on the Turn
Seat 5: franco232315 (big blind) collected ($5.70)



PokerStars Hand #254569427753:  Hold'em No Limit ($0.50/$1.00 USD) - 2025/01/26 21:12:12 WET [2025/01/26 16:12:12 ET]
Table 'Mensa V' 6-max Seat #3 is the button
Seat 1: nikalas22 ($100 in chips) 
Seat 3: Supermegopro ($100 in chips) 
Seat 5: franco232315 ($100 in chips) 
franco232315: posts small blind $0.50
nikalas22: posts big blind $1
*** HOLE CARDS ***
Supermegopro: raises $2 to $3
franco232315: folds 
nikalas22: folds 
Uncalled bet ($2) returned to Supermegopro
Supermegopro collected $2.50 from pot
Supermegopro: doesn't show hand 
*** SUMMARY ***
Total pot $2.50 | Rake $0 
Seat 1: nikalas22 (big blind) folded before Flop
Seat 3: Supermegopro (button) collected ($2.50)
Seat 5: franco232315 (small blind) folded before Flop



PokerStars Hand #254569431650:  Hold'em No Limit ($0.50/$1.00 USD) - 2025/01/26 21:12:22 WET [2025/01/26 16:12:22 ET]
Table 'Mensa V' 6-max Seat #5 is the button
Seat 1: nikalas22 ($100 in chips) 
Seat 3: Supermegopro ($101.50 in chips) 
Seat 5: franco232315 ($100 in chips) 
nikalas22: posts small blind $0.50
Supermegopro: posts big blind $1
*** HOLE CARDS ***
franco232315: raises $1.50 to $2.50
nikalas22: folds 
Supermegopro: folds 
Uncalled bet ($1.50) returned to franco232315
franco232315 collected $2.50 from pot
franco232315: doesn't show hand 
*** SUMMARY ***
Total pot $2.50 | Rake $0 
Seat 1: nikalas22 (small blind) folded before Flop
Seat 3: Supermegopro (big blind) folded before Flop
Seat 5: franco232315 (button) collected ($2.50)



PokerStars Hand #254569436147:  Hold'em No Limit ($0.50/$1.00 USD) - 2025/01/26 21:12:34 WET [2025/01/26 16:12:34 ET]
Table 'Mensa V' 6-max Seat #1 is the button
Seat 1: nikalas22 ($100 in chips) 
Seat 3: Supermegopro ($100.50 in chips) 
Seat 5: franco232315 ($101.50 in chips) 
Supermegopro: posts small blind $0.50
franco232315: posts big blind $1
*** HOLE CARDS ***
nikalas22: folds 
Supermegopro: raises $2 to $3
franco232315: raises $6 to $9
Supermegopro: folds 
Uncalled bet ($6) returned to franco232315
franco232315 collected $6 from pot
franco232315: doesn't show hand 
*** SUMMARY ***
Total pot $6 | Rake $0 
Seat 1: nikalas22 (button) folded before Flop (didn't bet)
Seat 3: Supermegopro (small blind) folded before Flop
Seat 5: franco232315 (big blind) collected ($6)



PokerStars Hand #254569442611:  Hold'em No Limit ($0.50/$1.00 USD) - 2025/01/26 21:12:51 WET [2025/01/26 16:12:51 ET]
Table 'Mensa V' 6-max Seat #3 is the button
Seat 1: nikalas22 ($100 in chips) 
Seat 3: Supermegopro ($100 in chips) 
Seat 5: franco232315 ($104.50 in chips) 
franco232315: posts small blind $0.50
nikalas22: posts big blind $1
*** HOLE CARDS ***
Supermegopro: raises $2 to $3
franco232315: folds 
nikalas22: folds 
Uncalled bet ($2) returned to Supermegopro
Supermegopro collected $2.50 from pot
Supermegopro: doesn't show hand 
*** SUMMARY ***
Total pot $2.50 | Rake $0 
Seat 1: nikalas22 (big blind) folded before Flop
Seat 3: Supermegopro (button) collected ($2.50)
Seat 5: franco232315 (small blind) folded before Flop



PokerStars Hand #254569446763:  Hold'em No Limit ($0.50/$1.00 USD) - 2025/01/26 21:13:02 WET [2025/01/26 16:13:02 ET]
Table 'Mensa V' 6-max Seat #5 is the button
Seat 1: nikalas22 ($100 in chips) 
Seat 3: Supermegopro ($101.50 in chips) 
Seat 5: franco232315 ($104 in chips) 
nikalas22: posts small blind $0.50
Supermegopro: posts big blind $1
*** HOLE CARDS ***
franco232315 has timed out
franco232315: folds 
nikalas22: raises $2 to $3
Supermegopro: folds 
Uncalled bet ($2) returned to nikalas22
nikalas22 collected $2 from pot
nikalas22: doesn't show hand 
*** SUMMARY ***
Total pot $2 | Rake $0 
Seat 1: nikalas22 (small blind) collected ($2)
Seat 3: Supermegopro (big blind) folded before Flop
Seat 5: franco232315 (button) folded before Flop (didn't bet)



PokerStars Hand #254569459395:  Hold'em No Limit ($0.50/$1.00 USD) - 2025/01/26 21:13:35 WET [2025/01/26 16:13:35 ET]
Table 'Mensa V' 6-max Seat #1 is the button
Seat 1: nikalas22 ($101 in chips) 
Seat 3: Supermegopro ($100.50 in chips) 
Seat 5: franco232315 ($104 in chips) 
Supermegopro: posts small blind $0.50
franco232315: posts big blind $1
*** HOLE CARDS ***
nikalas22: raises $1.50 to $2.50
Supermegopro: folds 
franco232315: calls $1.50
*** FLOP *** [9s 9h Jc]
franco232315: checks 
nikalas22: checks 
*** TURN *** [9s 9h Jc] [2s]
franco232315: bets $1.72
nikalas22: folds 
Uncalled bet ($1.72) returned to franco232315
franco232315 collected $5.22 from pot
franco232315: doesn't show hand 
*** SUMMARY ***
Total pot $5.50 | Rake $0.28 
Board [9s 9h Jc 2s]
Seat 1: nikalas22 (button) folded on the Turn
Seat 3: Supermegopro (small blind) folded before Flop
Seat 5: franco232315 (big blind) collected ($5.22)



PokerStars Hand #254569471643:  Hold'em No Limit ($0.50/$1.00 USD) - 2025/01/26 21:14:07 WET [2025/01/26 16:14:07 ET]
Table 'Mensa V' 6-max Seat #3 is the button
Seat 1: nikalas22 ($100 in chips) 
Seat 3: Supermegopro ($100 in chips) 
Seat 5: franco232315 ($106.72 in chips) 
franco232315: posts small blind $0.50
nikalas22: posts big blind $1
*** HOLE CARDS ***
Supermegopro: folds 
franco232315: folds 
Uncalled bet ($0.50) returned to nikalas22
nikalas22 collected $1 from pot
nikalas22: doesn't show hand 
*** SUMMARY ***
Total pot $1 | Rake $0 
Seat 1: nikalas22 (big blind) collected ($1)
Seat 3: Supermegopro (button) folded before Flop (didn't bet)
Seat 5: franco232315 (small blind) folded before Flop



PokerStars Hand #254569476766:  Hold'em No Limit ($0.50/$1.00 USD) - 2025/01/26 21:14:20 WET [2025/01/26 16:14:20 ET]
Table 'Mensa V' 6-max Seat #5 is the button
Seat 1: nikalas22 ($100.50 in chips) 
Seat 3: Supermegopro ($100 in chips) 
Seat 5: franco232315 ($106.22 in chips) 
nikalas22: posts small blind $0.50
Supermegopro: posts big blind $1
*** HOLE CARDS ***
franco232315: raises $1.50 to $2.50
nikalas22: folds 
Supermegopro: folds 
Uncalled bet ($1.50) returned to franco232315
franco232315 collected $2.50 from pot
franco232315: doesn't show hand 
*** SUMMARY ***
Total pot $2.50 | Rake $0 
Seat 1: nikalas22 (small blind) folded before Flop
Seat 3: Supermegopro (big blind) folded before Flop
Seat 5: franco232315 (button) collected ($2.50)



PokerStars Hand #254569480238:  Hold'em No Limit ($0.50/$1.00 USD) - 2025/01/26 21:14:29 WET [2025/01/26 16:14:29 ET]
Table 'Mensa V' 6-max Seat #1 is the button
Seat 1: nikalas22 ($100 in chips) 
Seat 3: Supermegopro ($100 in chips) 
Seat 5: franco232315 ($107.72 in chips) 
Supermegopro: posts small blind $0.50
franco232315: posts big blind $1
*** HOLE CARDS ***
nikalas22: raises $1.50 to $2.50
Supermegopro: folds 
franco232315: raises $9 to $11.50
nikalas22: folds 
Uncalled bet ($9) returned to franco232315
franco232315 collected $5.50 from pot
franco232315: doesn't show hand 
*** SUMMARY ***
Total pot $5.50 | Rake $0 
Seat 1: nikalas22 (button) folded before Flop
Seat 3: Supermegopro (small blind) folded before Flop
Seat 5: franco232315 (big blind) collected ($5.50)



PokerStars Hand #254569494909:  Hold'em No Limit ($0.50/$1.00 USD) - 2025/01/26 21:15:08 WET [2025/01/26 16:15:08 ET]
Table 'Mensa V' 6-max Seat #3 is the button
Seat 1: nikalas22 ($100 in chips) 
Seat 3: Supermegopro ($100 in chips) 
Seat 5: franco232315 ($110.72 in chips) 
franco232315: posts small blind $0.50
nikalas22: posts big blind $1
*** HOLE CARDS ***
Supermegopro: raises $2 to $3
franco232315: folds 
nikalas22: folds 
Uncalled bet ($2) returned to Supermegopro
Supermegopro collected $2.50 from pot
Supermegopro: doesn't show hand 
*** SUMMARY ***
Total pot $2.50 | Rake $0 
Seat 1: nikalas22 (big blind) folded before Flop
Seat 3: Supermegopro (button) collected ($2.50)
Seat 5: franco232315 (small blind) folded before Flop



PokerStars Hand #254569499986:  Hold'em No Limit ($0.50/$1.00 USD) - 2025/01/26 21:15:21 WET [2025/01/26 16:15:21 ET]
Table 'Mensa V' 6-max Seat #5 is the button
Seat 1: nikalas22 ($100 in chips) 
Seat 3: Supermegopro ($101.50 in chips) 
Seat 5: franco232315 ($110.22 in chips) 
nikalas22: posts small blind $0.50
Supermegopro: posts big blind $1
*** HOLE CARDS ***
franco232315: folds 
nikalas22: raises $2 to $3
Supermegopro: calls $2
*** FLOP *** [8c 2h Kc]
nikalas22: bets $1.71
Supermegopro: calls $1.71
*** TURN *** [8c 2h Kc] [Jd]
nikalas22: checks 
Supermegopro: bets $16
nikalas22: folds 
Uncalled bet ($16) returned to Supermegopro
Supermegopro collected $8.95 from pot
Supermegopro: doesn't show hand 
*** SUMMARY ***
Total pot $9.42 | Rake $0.47 
Board [8c 2h Kc Jd]
Seat 1: nikalas22 (small blind) folded on the Turn
Seat 3: Supermegopro (big blind) collected ($8.95)
Seat 5: franco232315 (button) folded before Flop (didn't bet)



PokerStars Hand #254569515024:  Hold'em No Limit ($0.50/$1.00 USD) - 2025/01/26 21:16:00 WET [2025/01/26 16:16:00 ET]
Table 'Mensa V' 6-max Seat #1 is the button
Seat 1: nikalas22 ($100 in chips) 
Seat 3: Supermegopro ($105.74 in chips) 
Seat 5: franco232315 ($110.22 in chips) 
Supermegopro: posts small blind $0.50
franco232315: posts big blind $1
*** HOLE CARDS ***
nikalas22: raises $1.50 to $2.50
Supermegopro: raises $9.50 to $12
franco232315: folds 
nikalas22: folds 
Uncalled bet ($9.50) returned to Supermegopro
Supermegopro collected $6 from pot
Supermegopro: doesn't show hand 
*** SUMMARY ***
Total pot $6 | Rake $0 
Seat 1: nikalas22 (button) folded before Flop
Seat 3: Supermegopro (small blind) collected ($6)
Seat 5: franco232315 (big blind) folded before Flop



PokerStars Hand #254569520030:  Hold'em No Limit ($0.50/$1.00 USD) - 2025/01/26 21:16:14 WET [2025/01/26 16:16:14 ET]
Table 'Mensa V' 6-max Seat #3 is the button
Seat 1: nikalas22 ($100 in chips) 
Seat 3: Supermegopro ($109.24 in chips) 
Seat 5: franco232315 ($109.22 in chips) 
franco232315: posts small blind $0.50
nikalas22: posts big blind $1
*** HOLE CARDS ***
Supermegopro: raises $2 to $3
franco232315: raises $9 to $12
nikalas22: folds 
Supermegopro: calls $9
*** FLOP *** [Jh 8s Jc]
franco232315: bets $7.92
Supermegopro: calls $7.92
*** TURN *** [Jh 8s Jc] [8h]
franco232315: checks 
Supermegopro: bets $13.15
franco232315: folds 
Uncalled bet ($13.15) returned to Supermegopro
Supermegopro collected $39.84 from pot
Supermegopro: doesn't show hand 
*** SUMMARY ***
Total pot $40.84 | Rake $1 
Board [Jh 8s Jc 8h]
Seat 1: nikalas22 (big blind) folded before Flop
Seat 3: Supermegopro (button) collected ($39.84)
Seat 5: franco232315 (small blind) folded on the Turn



PokerStars Hand #254569544685:  Hold'em No Limit ($0.50/$1.00 USD) - 2025/01/26 21:17:18 WET [2025/01/26 16:17:18 ET]
Table 'Mensa V' 6-max Seat #5 is the button
Seat 1: nikalas22 ($100 in chips) 
Seat 3: Supermegopro ($129.16 in chips) 
Seat 5: franco232315 ($100 in chips) 
nikalas22: posts small blind $0.50
Supermegopro: posts big blind $1
*** HOLE CARDS ***
franco232315: raises $1.50 to $2.50
nikalas22: folds 
Supermegopro: folds 
Uncalled bet ($1.50) returned to franco232315
franco232315 collected $2.50 from pot
franco232315: doesn't show hand 
*** SUMMARY ***
Total pot $2.50 | Rake $0 
Seat 1: nikalas22 (small blind) folded before Flop
Seat 3: Supermegopro (big blind) folded before Flop
Seat 5: franco232315 (button) collected ($2.50)



PokerStars Hand #254569548248:  Hold'em No Limit ($0.50/$1.00 USD) - 2025/01/26 21:17:28 WET [2025/01/26 16:17:28 ET]
Table 'Mensa V' 6-max Seat #1 is the button
Seat 1: nikalas22 ($100 in chips) 
Seat 3: Supermegopro ($128.16 in chips) 
Seat 5: franco232315 ($101.50 in chips) 
Supermegopro: posts small blind $0.50
franco232315: posts big blind $1
*** HOLE CARDS ***
nikalas22: folds 
Supermegopro: folds 
Uncalled bet ($0.50) returned to franco232315
franco232315 collected $1 from pot
franco232315: doesn't show hand 
*** SUMMARY ***
Total pot $1 | Rake $0 
Seat 1: nikalas22 (button) folded before Flop (didn't bet)
Seat 3: Supermegopro (small blind) folded before Flop
Seat 5: franco232315 (big blind) collected ($1)



PokerStars Hand #254569551275:  Hold'em No Limit ($0.50/$1.00 USD) - 2025/01/26 21:17:35 WET [2025/01/26 16:17:35 ET]
Table 'Mensa V' 6-max Seat #3 is the button
Seat 1: nikalas22 ($100 in chips) 
Seat 3: Supermegopro ($127.66 in chips) 
Seat 5: franco232315 ($102 in chips) 
franco232315: posts small blind $0.50
nikalas22: posts big blind $1
*** HOLE CARDS ***
Supermegopro: folds 
franco232315: folds 
Uncalled bet ($0.50) returned to nikalas22
nikalas22 collected $1 from pot
nikalas22: doesn't show hand 
*** SUMMARY ***
Total pot $1 | Rake $0 
Seat 1: nikalas22 (big blind) collected ($1)
Seat 3: Supermegopro (button) folded before Flop (didn't bet)
Seat 5: franco232315 (small blind) folded before Flop



PokerStars Hand #254569554745:  Hold'em No Limit ($0.50/$1.00 USD) - 2025/01/26 21:17:45 WET [2025/01/26 16:17:45 ET]
Table 'Mensa V' 6-max Seat #5 is the button
Seat 1: nikalas22 ($100.50 in chips) 
Seat 3: Supermegopro ($127.66 in chips) 
Seat 5: franco232315 ($101.50 in chips) 
nikalas22: posts small blind $0.50
Supermegopro: posts big blind $1
*** HOLE CARDS ***
franco232315: raises $1.50 to $2.50
nikalas22: folds 
Supermegopro: folds 
Uncalled bet ($1.50) returned to franco232315
franco232315 collected $2.50 from pot
franco232315: doesn't show hand 
*** SUMMARY ***
Total pot $2.50 | Rake $0 
Seat 1: nikalas22 (small blind) folded before Flop
Seat 3: Supermegopro (big blind) folded before Flop
Seat 5: franco232315 (button) collected ($2.50)



PokerStars Hand #254569562382:  Hold'em No Limit ($0.50/$1.00 USD) - 2025/01/26 21:18:05 WET [2025/01/26 16:18:05 ET]
Table 'Mensa V' 6-max Seat #1 is the button
Seat 1: nikalas22 ($100 in chips) 
Seat 3: Supermegopro ($126.66 in chips) 
Seat 5: franco232315 ($103 in chips) 
Supermegopro: posts small blind $0.50
franco232315: posts big blind $1
*** HOLE CARDS ***
nikalas22: raises $1.50 to $2.50
Supermegopro: raises $9.50 to $12
franco232315: folds 
nikalas22: folds 
Uncalled bet ($9.50) returned to Supermegopro
Supermegopro collected $6 from pot
Supermegopro: doesn't show hand 
*** SUMMARY ***
Total pot $6 | Rake $0 
Seat 1: nikalas22 (button) folded before Flop
Seat 3: Supermegopro (small blind) collected ($6)
Seat 5: franco232315 (big blind) folded before Flop



PokerStars Hand #254569569567:  Hold'em No Limit ($0.50/$1.00 USD) - 2025/01/26 21:18:24 WET [2025/01/26 16:18:24 ET]
Table 'Mensa V' 6-max Seat #3 is the button
Seat 1: nikalas22 ($100 in chips) 
Seat 3: Supermegopro ($130.16 in chips) 
Seat 5: franco232315 ($102 in chips) 
franco232315: posts small blind $0.50
nikalas22: posts big blind $1
*** HOLE CARDS ***
Supermegopro: raises $1.50 to $2.50
franco232315: folds 
nikalas22: folds 
Uncalled bet ($1.50) returned to Supermegopro
Supermegopro collected $2.50 from pot
Supermegopro: doesn't show hand 
*** SUMMARY ***
Total pot $2.50 | Rake $0 
Seat 1: nikalas22 (big blind) folded before Flop
Seat 3: Supermegopro (button) collected ($2.50)
Seat 5: franco232315 (small blind) folded before Flop



PokerStars Hand #254569574340:  Hold'em No Limit ($0.50/$1.00 USD) - 2025/01/26 21:18:37 WET [2025/01/26 16:18:37 ET]
Table 'Mensa V' 6-max Seat #5 is the button
Seat 1: nikalas22 ($100 in chips) 
Seat 3: Supermegopro ($131.66 in chips) 
Seat 5: franco232315 ($101.50 in chips) 
nikalas22: posts small blind $0.50
Supermegopro: posts big blind $1
*** HOLE CARDS ***
franco232315: raises $1.50 to $2.50
nikalas22: folds 
Supermegopro: folds 
Uncalled bet ($1.50) returned to franco232315
franco232315 collected $2.50 from pot
franco232315: doesn't show hand 
*** SUMMARY ***
Total pot $2.50 | Rake $0 
Seat 1: nikalas22 (small blind) folded before Flop
Seat 3: Supermegopro (big blind) folded before Flop
Seat 5: franco232315 (button) collected ($2.50)



PokerStars Hand #254569578041:  Hold'em No Limit ($0.50/$1.00 USD) - 2025/01/26 21:18:46 WET [2025/01/26 16:18:46 ET]
Table 'Mensa V' 6-max Seat #1 is the button
Seat 1: nikalas22 ($100 in chips) 
Seat 3: Supermegopro ($130.66 in chips) 
Seat 5: franco232315 ($103 in chips) 
Supermegopro: posts small blind $0.50
franco232315: posts big blind $1
*** HOLE CARDS ***
nikalas22: folds 
Supermegopro: folds 
Uncalled bet ($0.50) returned to franco232315
franco232315 collected $1 from pot
franco232315: doesn't show hand 
*** SUMMARY ***
Total pot $1 | Rake $0 
Seat 1: nikalas22 (button) folded before Flop (didn't bet)
Seat 3: Supermegopro (small blind) folded before Flop
Seat 5: franco232315 (big blind) collected ($1)



PokerStars Hand #254569582326:  Hold'em No Limit ($0.50/$1.00 USD) - 2025/01/26 21:18:58 WET [2025/01/26 16:18:58 ET]
Table 'Mensa V' 6-max Seat #3 is the button
Seat 1: nikalas22 ($100 in chips) 
Seat 3: Supermegopro ($130.16 in chips) 
Seat 5: franco232315 ($103.50 in chips) 
franco232315: posts small blind $0.50
nikalas22: posts big blind $1
*** HOLE CARDS ***
Supermegopro: raises $2 to $3
franco232315: folds 
nikalas22: folds 
Uncalled bet ($2) returned to Supermegopro
Supermegopro collected $2.50 from pot
Supermegopro: doesn't show hand 
*** SUMMARY ***
Total pot $2.50 | Rake $0 
Seat 1: nikalas22 (big blind) folded before Flop
Seat 3: Supermegopro (button) collected ($2.50)
Seat 5: franco232315 (small blind) folded before Flop



PokerStars Hand #254569585695:  Hold'em No Limit ($0.50/$1.00 USD) - 2025/01/26 21:19:07 WET [2025/01/26 16:19:07 ET]
Table 'Mensa V' 6-max Seat #5 is the button
Seat 1: nikalas22 ($100 in chips) 
Seat 3: Supermegopro ($131.66 in chips) 
Seat 5: franco232315 ($103 in chips) 
nikalas22: posts small blind $0.50
Supermegopro: posts big blind $1
*** HOLE CARDS ***
franco232315: raises $1.50 to $2.50
nikalas22: folds 
Supermegopro: folds 
Uncalled bet ($1.50) returned to franco232315
franco232315 collected $2.50 from pot
franco232315: doesn't show hand 
*** SUMMARY ***
Total pot $2.50 | Rake $0 
Seat 1: nikalas22 (small blind) folded before Flop
Seat 3: Supermegopro (big blind) folded before Flop
Seat 5: franco232315 (button) collected ($2.50)



PokerStars Hand #254569588565:  Hold'em No Limit ($0.50/$1.00 USD) - 2025/01/26 21:19:15 WET [2025/01/26 16:19:15 ET]
Table 'Mensa V' 6-max Seat #1 is the button
Seat 1: nikalas22 ($100 in chips) 
Seat 3: Supermegopro ($130.66 in chips) 
Seat 5: franco232315 ($104.50 in chips) 
Supermegopro: posts small blind $0.50
franco232315: posts big blind $1
*** HOLE CARDS ***
nikalas22: folds 
Supermegopro: folds 
Uncalled bet ($0.50) returned to franco232315
franco232315 collected $1 from pot
franco232315: doesn't show hand 
*** SUMMARY ***
Total pot $1 | Rake $0 
Seat 1: nikalas22 (button) folded before Flop (didn't bet)
Seat 3: Supermegopro (small blind) folded before Flop
Seat 5: franco232315 (big blind) collected ($1)



PokerStars Hand #254569592483:  Hold'em No Limit ($0.50/$1.00 USD) - 2025/01/26 21:19:25 WET [2025/01/26 16:19:25 ET]
Table 'Mensa V' 6-max Seat #3 is the button
Seat 1: nikalas22 ($100 in chips) 
Seat 3: Supermegopro ($130.16 in chips) 
Seat 5: franco232315 ($105 in chips) 
franco232315: posts small blind $0.50
nikalas22: posts big blind $1
*** HOLE CARDS ***
worker0k joins the table at seat #2 
Supermegopro: raises $2 to $3
SorinS28 joins the table at seat #4 
Mehdi.Vdp03 joins the table at seat #6 
franco232315: raises $9 to $12
nikalas22: folds 
Supermegopro: folds 
Uncalled bet ($9) returned to franco232315
franco232315 collected $7 from pot
franco232315: doesn't show hand 
*** SUMMARY ***
Total pot $7 | Rake $0 
Seat 1: nikalas22 (big blind) folded before Flop
Seat 3: Supermegopro (button) folded before Flop
Seat 5: franco232315 (small blind) collected ($7)



PokerStars Hand #254569598358:  Hold'em No Limit ($0.50/$1.00 USD) - 2025/01/26 21:19:41 WET [2025/01/26 16:19:41 ET]
Table 'Mensa V' 6-max Seat #5 is the button
Seat 4: SorinS28 ($100 in chips) is sitting out
Seat 6: Mehdi.Vdp03 ($50 in chips) is sitting out
Seat 1: nikalas22 ($100 in chips) 
Seat 2: worker0k ($100 in chips) 
Seat 3: Supermegopro ($127.16 in chips) 
Seat 5: franco232315 ($109 in chips) 
nikalas22: posts small blind $0.50
worker0k: posts big blind $1
SorinS28: sits out 
*** HOLE CARDS ***
Supermegopro: folds 
franco232315: raises $1.50 to $2.50
nikalas22: folds 
worker0k: folds 
Uncalled bet ($1.50) returned to franco232315
franco232315 collected $2.50 from pot
franco232315: doesn't show hand 
*** SUMMARY ***
Total pot $2.50 | Rake $0 
Seat 4: SorinS28
Seat 6: Mehdi.Vdp03
Seat 1: nikalas22 (small blind) folded before Flop
Seat 2: worker0k (big blind) folded before Flop
Seat 3: Supermegopro folded before Flop (didn't bet)
Seat 5: franco232315 (button) collected ($2.50)



PokerStars Hand #254569602519:  Hold'em No Limit ($0.50/$1.00 USD) - 2025/01/26 21:19:52 WET [2025/01/26 16:19:52 ET]
Table 'Mensa V' 6-max Seat #1 is the button
Seat 4: SorinS28 ($100 in chips) is sitting out
Seat 1: nikalas22 ($100 in chips) 
Seat 2: worker0k ($100 in chips) 
Seat 3: Supermegopro ($127.16 in chips) 
Seat 5: franco232315 ($110.50 in chips) 
Seat 6: Mehdi.Vdp03 ($50 in chips) 
worker0k: posts small blind $0.50
Supermegopro: posts big blind $1
SorinS28: sits out 
Mehdi.Vdp03: posts big blind $1
*** HOLE CARDS ***
franco232315: folds 
Mehdi.Vdp03: checks 
nikalas22: raises $3.50 to $4.50
worker0k: folds 
Supermegopro: folds 
Mehdi.Vdp03: folds 
Uncalled bet ($3.50) returned to nikalas22
nikalas22 collected $3.50 from pot
nikalas22: doesn't show hand 
*** SUMMARY ***
Total pot $3.50 | Rake $0 
Seat 4: SorinS28
Seat 1: nikalas22 (button) collected ($3.50)
Seat 2: worker0k (small blind) folded before Flop
Seat 3: Supermegopro (big blind) folded before Flop
Seat 5: franco232315 folded before Flop (didn't bet)
Seat 6: Mehdi.Vdp03 folded before Flop (didn't bet)



PokerStars Hand #254569610878:  Hold'em No Limit ($0.50/$1.00 USD) - 2025/01/26 21:20:14 WET [2025/01/26 16:20:14 ET]
Table 'Mensa V' 6-max Seat #2 is the button
Seat 1: nikalas22 ($102.50 in chips) 
Seat 2: worker0k ($100 in chips) 
Seat 3: Supermegopro ($126.16 in chips) 
Seat 4: SorinS28 ($100 in chips) 
Seat 5: franco232315 ($110.50 in chips) 
Seat 6: Mehdi.Vdp03 ($49 in chips) 
Supermegopro: posts small blind $0.50
SorinS28: posts big blind $1
*** HOLE CARDS ***
franco232315: folds 
Mehdi.Vdp03: folds 
nikalas22: folds 
worker0k: raises $1.30 to $2.30
Supermegopro: raises $9.70 to $12
SorinS28: folds 
worker0k: folds 
Uncalled bet ($9.70) returned to Supermegopro
Supermegopro collected $5.60 from pot
Supermegopro: doesn't show hand 
*** SUMMARY ***
Total pot $5.60 | Rake $0 
Seat 1: nikalas22 folded before Flop (didn't bet)
Seat 2: worker0k (button) folded before Flop
Seat 3: Supermegopro (small blind) collected ($5.60)
Seat 4: SorinS28 (big blind) folded before Flop
Seat 5: franco232315 folded before Flop (didn't bet)
Seat 6: Mehdi.Vdp03 folded before Flop (didn't bet)



PokerStars Hand #254569617822:  Hold'em No Limit ($0.50/$1.00 USD) - 2025/01/26 21:20:33 WET [2025/01/26 16:20:33 ET]
Table 'Mensa V' 6-max Seat #3 is the button
Seat 1: nikalas22 ($102.50 in chips) 
Seat 2: worker0k ($100 in chips) 
Seat 3: Supermegopro ($129.46 in chips) 
Seat 4: SorinS28 ($100 in chips) 
Seat 5: franco232315 ($110.50 in chips) 
Seat 6: Mehdi.Vdp03 ($49 in chips) 
SorinS28: posts small blind $0.50
franco232315: posts big blind $1
*** HOLE CARDS ***
Mehdi.Vdp03: folds 
nikalas22: raises $1.50 to $2.50
worker0k: folds 
Supermegopro: calls $2.50
SorinS28: folds 
franco232315: folds 
*** FLOP *** [9h 9c Tc]
nikalas22: checks 
Supermegopro: checks 
*** TURN *** [9h 9c Tc] [Ks]
nikalas22: checks 
Supermegopro: checks 
*** RIVER *** [9h 9c Tc Ks] [2d]
nikalas22: bets $1.85
Supermegopro: folds 
Uncalled bet ($1.85) returned to nikalas22
nikalas22 collected $6.18 from pot
nikalas22: doesn't show hand 
*** SUMMARY ***
Total pot $6.50 | Rake $0.32 
Board [9h 9c Tc Ks 2d]
Seat 1: nikalas22 collected ($6.18)
Seat 2: worker0k folded before Flop (didn't bet)
Seat 3: Supermegopro (button) folded on the River
Seat 4: SorinS28 (small blind) folded before Flop
Seat 5: franco232315 (big blind) folded before Flop
Seat 6: Mehdi.Vdp03 folded before Flop (didn't bet)



PokerStars Hand #254569635447:  Hold'em No Limit ($0.50/$1.00 USD) - 2025/01/26 21:21:21 WET [2025/01/26 16:21:21 ET]
Table 'Mensa V' 6-max Seat #4 is the button
Seat 1: nikalas22 ($106.18 in chips) 
Seat 2: worker0k ($100 in chips) 
Seat 3: Supermegopro ($126.96 in chips) 
Seat 4: SorinS28 ($100 in chips) 
Seat 5: franco232315 ($109.50 in chips) 
Seat 6: Mehdi.Vdp03 ($49 in chips) 
franco232315: posts small blind $0.50
Mehdi.Vdp03: posts big blind $1
*** HOLE CARDS ***
nikalas22: folds 
worker0k: folds 
Supermegopro: raises $1.50 to $2.50
SorinS28: folds 
franco232315: folds 
Mehdi.Vdp03: folds 
Uncalled bet ($1.50) returned to Supermegopro
Supermegopro collected $2.50 from pot
Supermegopro: doesn't show hand 
*** SUMMARY ***
Total pot $2.50 | Rake $0 
Seat 1: nikalas22 folded before Flop (didn't bet)
Seat 2: worker0k folded before Flop (didn't bet)
Seat 3: Supermegopro collected ($2.50)
Seat 4: SorinS28 (button) folded before Flop (didn't bet)
Seat 5: franco232315 (small blind) folded before Flop
Seat 6: Mehdi.Vdp03 (big blind) folded before Flop



PokerStars Hand #254569645885:  Hold'em No Limit ($0.50/$1.00 USD) - 2025/01/26 21:21:48 WET [2025/01/26 16:21:48 ET]
Table 'Mensa V' 6-max Seat #5 is the button
Seat 1: nikalas22 ($106.18 in chips) 
Seat 2: worker0k ($100 in chips) 
Seat 3: Supermegopro ($128.46 in chips) 
Seat 4: SorinS28 ($100 in chips) 
Seat 5: franco232315 ($109 in chips) 
Seat 6: Mehdi.Vdp03 ($48 in chips) 
Mehdi.Vdp03: posts small blind $0.50
nikalas22: posts big blind $1
*** HOLE CARDS ***
worker0k: folds 
Supermegopro: folds 
SorinS28: raises $1.30 to $2.30
franco232315: folds 
Mehdi.Vdp03: folds 
nikalas22: folds 
Uncalled bet ($1.30) returned to SorinS28
SorinS28 collected $2.50 from pot
SorinS28: doesn't show hand 
*** SUMMARY ***
Total pot $2.50 | Rake $0 
Seat 1: nikalas22 (big blind) folded before Flop
Seat 2: worker0k folded before Flop (didn't bet)
Seat 3: Supermegopro folded before Flop (didn't bet)
Seat 4: SorinS28 collected ($2.50)
Seat 5: franco232315 (button) folded before Flop (didn't bet)
Seat 6: Mehdi.Vdp03 (small blind) folded before Flop



PokerStars Hand #254569649597:  Hold'em No Limit ($0.50/$1.00 USD) - 2025/01/26 21:21:58 WET [2025/01/26 16:21:58 ET]
Table 'Mensa V' 6-max Seat #6 is the button
Seat 1: nikalas22 ($105.18 in chips) 
Seat 2: worker0k ($100 in chips) 
Seat 3: Supermegopro ($128.46 in chips) 
Seat 4: SorinS28 ($101.50 in chips) 
Seat 5: franco232315 ($109 in chips) 
Seat 6: Mehdi.Vdp03 ($47.50 in chips) 
nikalas22: posts small blind $0.50
worker0k: posts big blind $1
*** HOLE CARDS ***
Supermegopro: folds 
SorinS28: folds 
franco232315: folds 
Mehdi.Vdp03: folds 
nikalas22: folds 
Uncalled bet ($0.50) returned to worker0k
worker0k collected $1 from pot
*** SUMMARY ***
Total pot $1 | Rake $0 
Seat 1: nikalas22 (small blind) folded before Flop
Seat 2: worker0k (big blind) collected ($1)
Seat 3: Supermegopro folded before Flop (didn't bet)
Seat 4: SorinS28 folded before Flop (didn't bet)
Seat 5: franco232315 folded before Flop (didn't bet)
Seat 6: Mehdi.Vdp03 (button) folded before Flop (didn't bet)



PokerStars Hand #254569655472:  Hold'em No Limit ($0.50/$1.00 USD) - 2025/01/26 21:22:14 WET [2025/01/26 16:22:14 ET]
Table 'Mensa V' 6-max Seat #1 is the button
Seat 1: nikalas22 ($104.68 in chips) 
Seat 2: worker0k ($100.50 in chips) 
Seat 3: Supermegopro ($128.46 in chips) 
Seat 4: SorinS28 ($101.50 in chips) 
Seat 5: franco232315 ($109 in chips) 
Seat 6: Mehdi.Vdp03 ($47.50 in chips) 
worker0k: posts small blind $0.50
Supermegopro: posts big blind $1
*** HOLE CARDS ***
SorinS28: raises $1.02 to $2.02
franco232315: folds 
Mehdi.Vdp03: calls $2.02
nikalas22: calls $2.02
worker0k: folds 
Supermegopro: folds 
*** FLOP *** [9s Js 7c]
SorinS28: checks 
Mehdi.Vdp03: checks 
nikalas22: bets $5.39
SorinS28: folds 
Mehdi.Vdp03: folds 
Uncalled bet ($5.39) returned to nikalas22
nikalas22 collected $7.18 from pot
nikalas22: doesn't show hand 
*** SUMMARY ***
Total pot $7.56 | Rake $0.38 
Board [9s Js 7c]
Seat 1: nikalas22 (button) collected ($7.18)
Seat 2: worker0k (small blind) folded before Flop
Seat 3: Supermegopro (big blind) folded before Flop
Seat 4: SorinS28 folded on the Flop
Seat 5: franco232315 folded before Flop (didn't bet)
Seat 6: Mehdi.Vdp03 folded on the Flop



PokerStars Hand #254569668266:  Hold'em No Limit ($0.50/$1.00 USD) - 2025/01/26 21:22:49 WET [2025/01/26 16:22:49 ET]
Table 'Mensa V' 6-max Seat #2 is the button
Seat 1: nikalas22 ($109.84 in chips) 
Seat 2: worker0k ($100 in chips) 
Seat 3: Supermegopro ($127.46 in chips) 
Seat 4: SorinS28 ($100 in chips) 
Seat 5: franco232315 ($109 in chips) 
Seat 6: Mehdi.Vdp03 ($45.48 in chips) 
Supermegopro: posts small blind $0.50
SorinS28: posts big blind $1
*** HOLE CARDS ***
franco232315: folds 
Mehdi.Vdp03: folds 
nikalas22: folds 
worker0k: folds 
Supermegopro: folds 
Uncalled bet ($0.50) returned to SorinS28
SorinS28 collected $1 from pot
SorinS28: doesn't show hand 
*** SUMMARY ***
Total pot $1 | Rake $0 
Seat 1: nikalas22 folded before Flop (didn't bet)
Seat 2: worker0k (button) folded before Flop (didn't bet)
Seat 3: Supermegopro (small blind) folded before Flop
Seat 4: SorinS28 (big blind) collected ($1)
Seat 5: franco232315 folded before Flop (didn't bet)
Seat 6: Mehdi.Vdp03 folded before Flop (didn't bet)



PokerStars Hand #254569672681:  Hold'em No Limit ($0.50/$1.00 USD) - 2025/01/26 21:23:01 WET [2025/01/26 16:23:01 ET]
Table 'Mensa V' 6-max Seat #3 is the button
Seat 1: nikalas22 ($109.84 in chips) 
Seat 2: worker0k ($100 in chips) 
Seat 3: Supermegopro ($126.96 in chips) 
Seat 4: SorinS28 ($100.50 in chips) 
Seat 5: franco232315 ($109 in chips) 
Seat 6: Mehdi.Vdp03 ($45.48 in chips) 
SorinS28: posts small blind $0.50
franco232315: posts big blind $1
*** HOLE CARDS ***
Mehdi.Vdp03: calls $1
nikalas22: folds 
worker0k: folds 
Supermegopro: folds 
SorinS28: folds 
franco232315: checks 
*** FLOP *** [Th 7c 2s]
franco232315: checks 
Mehdi.Vdp03: bets $2.38
franco232315: folds 
Uncalled bet ($2.38) returned to Mehdi.Vdp03
Mehdi.Vdp03 collected $2.38 from pot
Mehdi.Vdp03: doesn't show hand 
*** SUMMARY ***
Total pot $2.50 | Rake $0.12 
Board [Th 7c 2s]
Seat 1: nikalas22 folded before Flop (didn't bet)
Seat 2: worker0k folded before Flop (didn't bet)
Seat 3: Supermegopro (button) folded before Flop (didn't bet)
Seat 4: SorinS28 (small blind) folded before Flop
Seat 5: franco232315 (big blind) folded on the Flop
Seat 6: Mehdi.Vdp03 collected ($2.38)



PokerStars Hand #254569688194:  Hold'em No Limit ($0.50/$1.00 USD) - 2025/01/26 21:23:41 WET [2025/01/26 16:23:41 ET]
Table 'Mensa V' 6-max Seat #4 is the button
Seat 1: nikalas22 ($109.84 in chips) 
Seat 2: worker0k ($100 in chips) 
Seat 3: Supermegopro ($126.96 in chips) 
Seat 4: SorinS28 ($100 in chips) 
Seat 5: franco232315 ($108 in chips) 
Seat 6: Mehdi.Vdp03 ($46.86 in chips) 
franco232315: posts small blind $0.50
Mehdi.Vdp03: posts big blind $1
*** HOLE CARDS ***
nikalas22: folds 
worker0k: folds 
Supermegopro: folds 
SorinS28: folds 
franco232315: raises $1.50 to $2.50
Mehdi.Vdp03: folds 
Uncalled bet ($1.50) returned to franco232315
franco232315 collected $2 from pot
franco232315: doesn't show hand 
*** SUMMARY ***
Total pot $2 | Rake $0 
Seat 1: nikalas22 folded before Flop (didn't bet)
Seat 2: worker0k folded before Flop (didn't bet)
Seat 3: Supermegopro folded before Flop (didn't bet)
Seat 4: SorinS28 (button) folded before Flop (didn't bet)
Seat 5: franco232315 (small blind) collected ($2)
Seat 6: Mehdi.Vdp03 (big blind) folded before Flop



PokerStars Hand #254569696732:  Hold'em No Limit ($0.50/$1.00 USD) - 2025/01/26 21:24:04 WET [2025/01/26 16:24:04 ET]
Table 'Mensa V' 6-max Seat #5 is the button
Seat 1: nikalas22 ($109.84 in chips) 
Seat 2: worker0k ($100 in chips) 
Seat 3: Supermegopro ($126.96 in chips) 
Seat 4: SorinS28 ($100 in chips) 
Seat 5: franco232315 ($109 in chips) 
Seat 6: Mehdi.Vdp03 ($45.86 in chips) 
Mehdi.Vdp03: posts small blind $0.50
nikalas22: posts big blind $1
*** HOLE CARDS ***
worker0k: folds 
Supermegopro: folds 
Supermegopro leaves the table
SorinS28: raises $1.30 to $2.30
franco232315: folds 
Mehdi.Vdp03: raises $4.30 to $6.60
nikalas22: folds 
SorinS28: folds 
Uncalled bet ($4.30) returned to Mehdi.Vdp03
Mehdi.Vdp03 collected $5.60 from pot
Mehdi.Vdp03: doesn't show hand 
*** SUMMARY ***
Total pot $5.60 | Rake $0 
Seat 1: nikalas22 (big blind) folded before Flop
Seat 2: worker0k folded before Flop (didn't bet)
Seat 3: Supermegopro folded before Flop (didn't bet)
Seat 4: SorinS28 folded before Flop
Seat 5: franco232315 (button) folded before Flop (didn't bet)
Seat 6: Mehdi.Vdp03 (small blind) collected ($5.60)



PokerStars Hand #254569713696:  Hold'em No Limit ($0.50/$1.00 USD) - 2025/01/26 21:24:49 WET [2025/01/26 16:24:49 ET]
Table 'Mensa V' 6-max Seat #6 is the button
Seat 1: nikalas22 ($108.84 in chips) 
Seat 2: worker0k ($100 in chips) 
Seat 4: SorinS28 ($100 in chips) 
Seat 5: franco232315 ($109 in chips) 
Seat 6: Mehdi.Vdp03 ($49.16 in chips) 
nikalas22: posts small blind $0.50
worker0k: posts big blind $1
*** HOLE CARDS ***
SorinS28: folds 
franco232315: raises $1.50 to $2.50
Mehdi.Vdp03: folds 
vadjkeee joins the table at seat #3 
nikalas22: folds 
worker0k: calls $1.50
*** FLOP *** [4c 4s Kc]
worker0k: checks 
franco232315: bets $1.72
worker0k: calls $1.72
*** TURN *** [4c 4s Kc] [Ac]
worker0k: checks 
franco232315: bets $6.37
worker0k: calls $6.37
*** RIVER *** [4c 4s Kc Ac] [Js]
worker0k: checks 
franco232315: bets $30.90
worker0k: calls $30.90
*** SHOW DOWN ***
franco232315: shows [7s 9s] (a pair of Fours)
worker0k: shows [4d Kd] (a full house, Fours full of Kings)
worker0k collected $80.98 from pot
*** SUMMARY ***
Total pot $83.48 | Rake $2.50 
Board [4c 4s Kc Ac Js]
Seat 1: nikalas22 (small blind) folded before Flop
Seat 2: worker0k (big blind) showed [4d Kd] and won ($80.98) with a full house, Fours full of Kings
Seat 4: SorinS28 folded before Flop (didn't bet)
Seat 5: franco232315 showed [7s 9s] and lost with a pair of Fours
Seat 6: Mehdi.Vdp03 (button) folded before Flop (didn't bet)



PokerStars Hand #254569742834:  Hold'em No Limit ($0.50/$1.00 USD) - 2025/01/26 21:26:08 WET [2025/01/26 16:26:08 ET]
Table 'Mensa V' 6-max Seat #1 is the button
Seat 1: nikalas22 ($108.34 in chips) 
Seat 2: worker0k ($139.49 in chips) 
Seat 3: vadjkeee ($100 in chips) 
Seat 4: SorinS28 ($100 in chips) 
Seat 5: franco232315 ($100 in chips) 
Seat 6: Mehdi.Vdp03 ($49.16 in chips) 
worker0k: posts small blind $0.50
vadjkeee: posts big blind $1
*** HOLE CARDS ***
SorinS28: folds 
franco232315: folds 
Mehdi.Vdp03 has timed out
Mehdi.Vdp03: folds 
nikalas22: raises $1.50 to $2.50
worker0k: folds 
vadjkeee: folds 
Uncalled bet ($1.50) returned to nikalas22
nikalas22 collected $2.50 from pot
nikalas22: doesn't show hand 
*** SUMMARY ***
Total pot $2.50 | Rake $0 
Seat 1: nikalas22 (button) collected ($2.50)
Seat 2: worker0k (small blind) folded before Flop
Seat 3: vadjkeee (big blind) folded before Flop
Seat 4: SorinS28 folded before Flop (didn't bet)
Seat 5: franco232315 folded before Flop (didn't bet)
Seat 6: Mehdi.Vdp03 folded before Flop (didn't bet)



PokerStars Hand #254569752243:  Hold'em No Limit ($0.50/$1.00 USD) - 2025/01/26 21:26:34 WET [2025/01/26 16:26:34 ET]
Table 'Mensa V' 6-max Seat #2 is the button
Seat 1: nikalas22 ($109.84 in chips) 
Seat 2: worker0k ($138.99 in chips) 
Seat 3: vadjkeee ($100 in chips) 
Seat 4: SorinS28 ($100 in chips) 
Seat 5: franco232315 ($100 in chips) 
Seat 6: Mehdi.Vdp03 ($49.16 in chips) 
vadjkeee: posts small blind $0.50
SorinS28: posts big blind $1
*** HOLE CARDS ***
franco232315: folds 
Mehdi.Vdp03: calls $1
nikalas22: folds 
worker0k: folds 
vadjkeee: folds 
SorinS28: checks 
*** FLOP *** [6d 8c Qc]
SorinS28: checks 
Mehdi.Vdp03: bets $2.38
SorinS28: folds 
Uncalled bet ($2.38) returned to Mehdi.Vdp03
Mehdi.Vdp03 collected $2.38 from pot
Mehdi.Vdp03: doesn't show hand 
*** SUMMARY ***
Total pot $2.50 | Rake $0.12 
Board [6d 8c Qc]
Seat 1: nikalas22 folded before Flop (didn't bet)
Seat 2: worker0k (button) folded before Flop (didn't bet)
Seat 3: vadjkeee (small blind) folded before Flop
Seat 4: SorinS28 (big blind) folded on the Flop
Seat 5: franco232315 folded before Flop (didn't bet)
Seat 6: Mehdi.Vdp03 collected ($2.38)



PokerStars Hand #254569768956:  Hold'em No Limit ($0.50/$1.00 USD) - 2025/01/26 21:27:19 WET [2025/01/26 16:27:19 ET]
Table 'Mensa V' 6-max Seat #3 is the button
Seat 1: nikalas22 ($109.84 in chips) 
Seat 2: worker0k ($138.99 in chips) 
Seat 3: vadjkeee ($100 in chips) 
Seat 4: SorinS28 ($100 in chips) 
Seat 5: franco232315 ($100 in chips) 
Seat 6: Mehdi.Vdp03 ($50.54 in chips) 
SorinS28: posts small blind $0.50
franco232315: posts big blind $1
*** HOLE CARDS ***
Mehdi.Vdp03: folds 
nikalas22: folds 
worker0k: folds 
vadjkeee: folds 
SorinS28: folds 
Uncalled bet ($0.50) returned to franco232315
franco232315 collected $1 from pot
franco232315: doesn't show hand 
*** SUMMARY ***
Total pot $1 | Rake $0 
Seat 1: nikalas22 folded before Flop (didn't bet)
Seat 2: worker0k folded before Flop (didn't bet)
Seat 3: vadjkeee (button) folded before Flop (didn't bet)
Seat 4: SorinS28 (small blind) folded before Flop
Seat 5: franco232315 (big blind) collected ($1)
Seat 6: Mehdi.Vdp03 folded before Flop (didn't bet)



PokerStars Hand #254569774620:  Hold'em No Limit ($0.50/$1.00 USD) - 2025/01/26 21:27:34 WET [2025/01/26 16:27:34 ET]
Table 'Mensa V' 6-max Seat #4 is the button
Seat 1: nikalas22 ($109.84 in chips) 
Seat 2: worker0k ($138.99 in chips) 
Seat 3: vadjkeee ($100 in chips) 
Seat 4: SorinS28 ($100 in chips) 
Seat 5: franco232315 ($100.50 in chips) 
Seat 6: Mehdi.Vdp03 ($50.54 in chips) 
franco232315: posts small blind $0.50
Mehdi.Vdp03: posts big blind $1
*** HOLE CARDS ***
nikalas22: folds 
worker0k: folds 
vadjkeee: folds 
SorinS28: folds 
franco232315: raises $2 to $3
Mehdi.Vdp03: folds 
Uncalled bet ($2) returned to franco232315
franco232315 collected $2 from pot
franco232315: doesn't show hand 
*** SUMMARY ***
Total pot $2 | Rake $0 
Seat 1: nikalas22 folded before Flop (didn't bet)
Seat 2: worker0k folded before Flop (didn't bet)
Seat 3: vadjkeee folded before Flop (didn't bet)
Seat 4: SorinS28 (button) folded before Flop (didn't bet)
Seat 5: franco232315 (small blind) collected ($2)
Seat 6: Mehdi.Vdp03 (big blind) folded before Flop



PokerStars Hand #254569782513:  Hold'em No Limit ($0.50/$1.00 USD) - 2025/01/26 21:27:55 WET [2025/01/26 16:27:55 ET]
Table 'Mensa V' 6-max Seat #5 is the button
Seat 1: nikalas22 ($109.84 in chips) 
Seat 2: worker0k ($138.99 in chips) 
Seat 3: vadjkeee ($100 in chips) 
Seat 4: SorinS28 ($100 in chips) 
Seat 5: franco232315 ($101.50 in chips) 
Seat 6: Mehdi.Vdp03 ($49.54 in chips) 
Mehdi.Vdp03: posts small blind $0.50
nikalas22: posts big blind $1
*** HOLE CARDS ***
worker0k: folds 
vadjkeee: folds 
SorinS28: folds 
franco232315: raises $1.50 to $2.50
Mehdi.Vdp03: calls $2
nikalas22: folds 
*** FLOP *** [3h Kd 9h]
Mehdi.Vdp03: bets $5.70
franco232315: folds 
Uncalled bet ($5.70) returned to Mehdi.Vdp03
Mehdi.Vdp03 collected $5.70 from pot
Mehdi.Vdp03: doesn't show hand 
*** SUMMARY ***
Total pot $6 | Rake $0.30 
Board [3h Kd 9h]
Seat 1: nikalas22 (big blind) folded before Flop
Seat 2: worker0k folded before Flop (didn't bet)
Seat 3: vadjkeee folded before Flop (didn't bet)
Seat 4: SorinS28 folded before Flop (didn't bet)
Seat 5: franco232315 (button) folded on the Flop
Seat 6: Mehdi.Vdp03 (small blind) collected ($5.70)



PokerStars Hand #254569795896:  Hold'em No Limit ($0.50/$1.00 USD) - 2025/01/26 21:28:32 WET [2025/01/26 16:28:32 ET]
Table 'Mensa V' 6-max Seat #6 is the button
Seat 1: nikalas22 ($108.84 in chips) 
Seat 2: worker0k ($138.99 in chips) 
Seat 3: vadjkeee ($100 in chips) 
Seat 4: SorinS28 ($100 in chips) 
Seat 5: franco232315 ($100 in chips) 
Seat 6: Mehdi.Vdp03 ($52.74 in chips) 
nikalas22: posts small blind $0.50
worker0k: posts big blind $1
*** HOLE CARDS ***
vadjkeee: folds 
SorinS28: folds 
franco232315: raises $1.50 to $2.50
Mehdi.Vdp03: raises $1.50 to $4
nikalas22: folds 
worker0k: folds 
franco232315: raises $11 to $15
Mehdi.Vdp03: raises $37.74 to $52.74 and is all-in
franco232315: calls $37.74
*** FLOP *** [2s Jh Ks]
*** TURN *** [2s Jh Ks] [7c]
*** RIVER *** [2s Jh Ks 7c] [Js]
*** SHOW DOWN ***
franco232315: shows [Kh Kd] (a full house, Kings full of Jacks)
Mehdi.Vdp03: shows [6h 6c] (two pair, Jacks and Sixes)
franco232315 collected $104.48 from pot
*** SUMMARY ***
Total pot $106.98 | Rake $2.50 
Board [2s Jh Ks 7c Js]
Seat 1: nikalas22 (small blind) folded before Flop
Seat 2: worker0k (big blind) folded before Flop
Seat 3: vadjkeee folded before Flop (didn't bet)
Seat 4: SorinS28 folded before Flop (didn't bet)
Seat 5: franco232315 showed [Kh Kd] and won ($104.48) with a full house, Kings full of Jacks
Seat 6: Mehdi.Vdp03 (button) showed [6h 6c] and lost with two pair, Jacks and Sixes



PokerStars Hand #254569819310:  Hold'em No Limit ($0.50/$1.00 USD) - 2025/01/26 21:29:37 WET [2025/01/26 16:29:37 ET]
Table 'Mensa V' 6-max Seat #1 is the button
Seat 6: Mehdi.Vdp03 ($0 in chips) is sitting out
Seat 1: nikalas22 ($108.34 in chips) 
Seat 2: worker0k ($137.99 in chips) 
Seat 3: vadjkeee ($100 in chips) 
Seat 4: SorinS28 ($100 in chips) 
Seat 5: franco232315 ($151.74 in chips) 
worker0k: posts small blind $0.50
vadjkeee: posts big blind $1
*** HOLE CARDS ***
SorinS28: folds 
franco232315: folds 
nikalas22: raises $1.50 to $2.50
worker0k: folds 
vadjkeee: folds 
Uncalled bet ($1.50) returned to nikalas22
nikalas22 collected $2.50 from pot
nikalas22: doesn't show hand 
*** SUMMARY ***
Total pot $2.50 | Rake $0 
Seat 6: Mehdi.Vdp03
Seat 1: nikalas22 (button) collected ($2.50)
Seat 2: worker0k (small blind) folded before Flop
Seat 3: vadjkeee (big blind) folded before Flop
Seat 4: SorinS28 folded before Flop (didn't bet)
Seat 5: franco232315 folded before Flop (didn't bet)



PokerStars Hand #254569823672:  Hold'em No Limit ($0.50/$1.00 USD) - 2025/01/26 21:29:49 WET [2025/01/26 16:29:49 ET]
Table 'Mensa V' 6-max Seat #2 is the button
Seat 4: SorinS28 ($100 in chips) is sitting out
Seat 1: nikalas22 ($109.84 in chips) 
Seat 2: worker0k ($137.49 in chips) 
Seat 3: vadjkeee ($100 in chips) 
Seat 5: franco232315 ($151.74 in chips) 
Seat 6: Mehdi.Vdp03 ($51.93 in chips) 
vadjkeee: posts small blind $0.50
SorinS28: is sitting out 
franco232315: posts big blind $1
*** HOLE CARDS ***
Mehdi.Vdp03: calls $1
nikalas22: folds 
worker0k: raises $2.50 to $3.50
vadjkeee: raises $11 to $14.50
franco232315: folds 
Mehdi.Vdp03: raises $37.43 to $51.93 and is all-in
worker0k: folds 
vadjkeee: folds 
Uncalled bet ($37.43) returned to Mehdi.Vdp03
Mehdi.Vdp03 collected $33.50 from pot
Mehdi.Vdp03: doesn't show hand 
*** SUMMARY ***
Total pot $33.50 | Rake $0 
Seat 4: SorinS28
Seat 1: nikalas22 folded before Flop (didn't bet)
Seat 2: worker0k (button) folded before Flop
Seat 3: vadjkeee (small blind) folded before Flop
Seat 5: franco232315 (big blind) folded before Flop
Seat 6: Mehdi.Vdp03 collected ($33.50)



PokerStars Hand #254570018967:  Hold'em No Limit ($0.50/$1.00 USD) - 2025/01/26 21:38:43 WET [2025/01/26 16:38:43 ET]
Table 'Mensa V' 6-max Seat #2 is the button
Seat 1: nikalas22 ($100 in chips) 
Seat 2: worker0k ($122.99 in chips) 
Seat 3: vadjkeee ($103 in chips) 
Seat 4: XneferX ($100 in chips) 
Seat 5: franco232315 ($169.26 in chips) 
Seat 6: Mehdi.Vdp03 ($70.30 in chips) 
vadjkeee: posts small blind $0.50
XneferX: posts big blind $1
*** HOLE CARDS ***
franco232315: folds 
Mehdi.Vdp03: folds 
nikalas22: raises $1.50 to $2.50
worker0k: folds 
vadjkeee: folds 
XneferX: raises $10.50 to $13
nikalas22: folds 
Uncalled bet ($10.50) returned to XneferX
XneferX collected $5.50 from pot
XneferX: doesn't show hand 
*** SUMMARY ***
Total pot $5.50 | Rake $0 
Seat 1: nikalas22 folded before Flop
Seat 2: worker0k (button) folded before Flop (didn't bet)
Seat 3: vadjkeee (small blind) folded before Flop
Seat 4: XneferX (big blind) collected ($5.50)
Seat 5: franco232315 folded before Flop (didn't bet)
Seat 6: Mehdi.Vdp03 folded before Flop (didn't bet)



PokerStars Hand #254570032133:  Hold'em No Limit ($0.50/$1.00 USD) - 2025/01/26 21:39:19 WET [2025/01/26 16:39:19 ET]
Table 'Mensa V' 6-max Seat #3 is the button
Seat 1: nikalas22 ($100 in chips) 
Seat 2: worker0k ($122.99 in chips) 
Seat 3: vadjkeee ($102.50 in chips) 
Seat 4: XneferX ($103 in chips) 
Seat 5: franco232315 ($169.26 in chips) 
Seat 6: Mehdi.Vdp03 ($70.30 in chips) 
XneferX: posts small blind $0.50
franco232315: posts big blind $1
*** HOLE CARDS ***
Mehdi.Vdp03: folds 
nikalas22: folds 
worker0k: raises $1.30 to $2.30
vadjkeee: folds 
XneferX: folds 
franco232315: folds 
Uncalled bet ($1.30) returned to worker0k
worker0k collected $2.50 from pot
*** SUMMARY ***
Total pot $2.50 | Rake $0 
Seat 1: nikalas22 folded before Flop (didn't bet)
Seat 2: worker0k collected ($2.50)
Seat 3: vadjkeee (button) folded before Flop (didn't bet)
Seat 4: XneferX (small blind) folded before Flop
Seat 5: franco232315 (big blind) folded before Flop
Seat 6: Mehdi.Vdp03 folded before Flop (didn't bet)



PokerStars Hand #254570040004:  Hold'em No Limit ($0.50/$1.00 USD) - 2025/01/26 21:39:41 WET [2025/01/26 16:39:41 ET]
Table 'Mensa V' 6-max Seat #4 is the button
Seat 1: nikalas22 ($100 in chips) 
Seat 2: worker0k ($124.49 in chips) 
Seat 3: vadjkeee ($102.50 in chips) 
Seat 4: XneferX ($102.50 in chips) 
Seat 5: franco232315 ($168.26 in chips) 
Seat 6: Mehdi.Vdp03 ($70.30 in chips) 
franco232315: posts small blind $0.50
Mehdi.Vdp03: posts big blind $1
*** HOLE CARDS ***
nikalas22: folds 
worker0k: folds 
vadjkeee: raises $2 to $3
XneferX: folds 
franco232315: folds 
Mehdi.Vdp03: folds 
Uncalled bet ($2) returned to vadjkeee
vadjkeee collected $2.50 from pot
vadjkeee: doesn't show hand 
*** SUMMARY ***
Total pot $2.50 | Rake $0 
Seat 1: nikalas22 folded before Flop (didn't bet)
Seat 2: worker0k folded before Flop (didn't bet)
Seat 3: vadjkeee collected ($2.50)
Seat 4: XneferX (button) folded before Flop (didn't bet)
Seat 5: franco232315 (small blind) folded before Flop
Seat 6: Mehdi.Vdp03 (big blind) folded before Flop



PokerStars Hand #254570047459:  Hold'em No Limit ($0.50/$1.00 USD) - 2025/01/26 21:40:02 WET [2025/01/26 16:40:02 ET]
Table 'Mensa V' 6-max Seat #5 is the button
Seat 1: nikalas22 ($100 in chips) 
Seat 2: worker0k ($124.49 in chips) 
Seat 3: vadjkeee ($104 in chips) 
Seat 4: XneferX ($102.50 in chips) 
Seat 5: franco232315 ($167.76 in chips) 
Seat 6: Mehdi.Vdp03 ($69.30 in chips) 
Mehdi.Vdp03: posts small blind $0.50
nikalas22: posts big blind $1
*** HOLE CARDS ***
worker0k: folds 
vadjkeee: raises $2 to $3
XneferX: folds 
franco232315: folds 
Mehdi.Vdp03: folds 
nikalas22: folds 
Uncalled bet ($2) returned to vadjkeee
vadjkeee collected $2.50 from pot
vadjkeee: doesn't show hand 
*** SUMMARY ***
Total pot $2.50 | Rake $0 
Seat 1: nikalas22 (big blind) folded before Flop
Seat 2: worker0k folded before Flop (didn't bet)
Seat 3: vadjkeee collected ($2.50)
Seat 4: XneferX folded before Flop (didn't bet)
Seat 5: franco232315 (button) folded before Flop (didn't bet)
Seat 6: Mehdi.Vdp03 (small blind) folded before Flop



PokerStars Hand #254570055696:  Hold'em No Limit ($0.50/$1.00 USD) - 2025/01/26 21:40:25 WET [2025/01/26 16:40:25 ET]
Table 'Mensa V' 6-max Seat #6 is the button
Seat 2: worker0k ($124.49 in chips) is sitting out
Seat 1: nikalas22 ($100 in chips) 
Seat 3: vadjkeee ($105.50 in chips) 
Seat 4: XneferX ($102.50 in chips) 
Seat 5: franco232315 ($167.76 in chips) 
Seat 6: Mehdi.Vdp03 ($68.80 in chips) 
nikalas22: posts small blind $0.50
worker0k: is sitting out 
vadjkeee: posts big blind $1
*** HOLE CARDS ***
XneferX: folds 
franco232315: folds 
Mehdi.Vdp03: folds 
nikalas22: raises $2 to $3
vadjkeee: calls $2
*** FLOP *** [9c 2d 5s]
nikalas22: bets $4.28
vadjkeee: calls $4.28
*** TURN *** [9c 2d 5s] [Ac]
worker0k leaves the table
nikalas22: bets $10.37
xxxZeka joins the table at seat #2 
vadjkeee: calls $10.37
*** RIVER *** [9c 2d 5s Ac] [7d]
nikalas22: checks 
vadjkeee: bets $11.07
nikalas22: folds 
Uncalled bet ($11.07) returned to vadjkeee
vadjkeee collected $33.54 from pot
vadjkeee: doesn't show hand 
*** SUMMARY ***
Total pot $35.30 | Rake $1.76 
Board [9c 2d 5s Ac 7d]
Seat 2: worker0k
Seat 1: nikalas22 (small blind) folded on the River
Seat 3: vadjkeee (big blind) collected ($33.54)
Seat 4: XneferX folded before Flop (didn't bet)
Seat 5: franco232315 folded before Flop (didn't bet)
Seat 6: Mehdi.Vdp03 (button) folded before Flop (didn't bet)



PokerStars Hand #254570078734:  Hold'em No Limit ($0.50/$1.00 USD) - 2025/01/26 21:41:30 WET [2025/01/26 16:41:30 ET]
Table 'Mensa V' 6-max Seat #1 is the button
Seat 2: xxxZeka ($100 in chips) is sitting out
Seat 1: nikalas22 ($100 in chips) 
Seat 3: vadjkeee ($121.39 in chips) 
Seat 4: XneferX ($102.50 in chips) 
Seat 5: franco232315 ($167.76 in chips) 
Seat 6: Mehdi.Vdp03 ($68.80 in chips) 
vadjkeee: posts small blind $0.50
XneferX: posts big blind $1
*** HOLE CARDS ***
franco232315: folds 
Mehdi.Vdp03: calls $1
nikalas22: folds 
vadjkeee: folds 
XneferX: checks 
*** FLOP *** [5c 2c Ad]
XneferX: checks 
Mehdi.Vdp03: checks 
*** TURN *** [5c 2c Ad] [3d]
XneferX: bets $1.20
Mehdi.Vdp03: calls $1.20
*** RIVER *** [5c 2c Ad 3d] [Td]
XneferX: bets $3.59
Mehdi.Vdp03: calls $3.59
*** SHOW DOWN ***
XneferX: shows [4h 7c] (a straight, Ace to Five)
Mehdi.Vdp03: shows [6d 5d] (a flush, Ace high)
Mehdi.Vdp03 collected $11.48 from pot
*** SUMMARY ***
Total pot $12.08 | Rake $0.60 
Board [5c 2c Ad 3d Td]
Seat 2: xxxZeka
Seat 1: nikalas22 (button) folded before Flop (didn't bet)
Seat 3: vadjkeee (small blind) folded before Flop
Seat 4: XneferX (big blind) showed [4h 7c] and lost with a straight, Ace to Five
Seat 5: franco232315 folded before Flop (didn't bet)
Seat 6: Mehdi.Vdp03 showed [6d 5d] and won ($11.48) with a flush, Ace high



PokerStars Hand #254570101556:  Hold'em No Limit ($0.50/$1.00 USD) - 2025/01/26 21:42:34 WET [2025/01/26 16:42:34 ET]
Table 'Mensa V' 6-max Seat #3 is the button
Seat 2: xxxZeka ($100 in chips) is sitting out
Seat 1: nikalas22 ($100 in chips) 
Seat 3: vadjkeee ($120.89 in chips) 
Seat 4: XneferX ($100 in chips) 
Seat 5: franco232315 ($167.76 in chips) 
Seat 6: Mehdi.Vdp03 ($74.49 in chips) 
XneferX: posts small blind $0.50
franco232315: posts big blind $1
*** HOLE CARDS ***
Mehdi.Vdp03: folds 
nikalas22: raises $1.50 to $2.50
Mehdi.Vdp03 leaves the table
vadjkeee: folds 
XneferX: folds 
franco232315: folds 
Uncalled bet ($1.50) returned to nikalas22
nikalas22 collected $2.50 from pot
nikalas22: doesn't show hand 
*** SUMMARY ***
Total pot $2.50 | Rake $0 
Seat 2: xxxZeka
Seat 1: nikalas22 collected ($2.50)
Seat 3: vadjkeee (button) folded before Flop (didn't bet)
Seat 4: XneferX (small blind) folded before Flop
Seat 5: franco232315 (big blind) folded before Flop
Seat 6: Mehdi.Vdp03 folded before Flop (didn't bet)



PokerStars Hand #254570112364:  Hold'em No Limit ($0.50/$1.00 USD) - 2025/01/26 21:43:05 WET [2025/01/26 16:43:05 ET]
Table 'Mensa V' 6-max Seat #4 is the button
Seat 2: xxxZeka ($100 in chips) is sitting out
Seat 1: nikalas22 ($101.50 in chips) 
Seat 3: vadjkeee ($120.89 in chips) 
Seat 4: XneferX ($100 in chips) 
Seat 5: franco232315 ($166.76 in chips) 
franco232315: posts small blind $0.50
nikalas22: posts big blind $1
*** HOLE CARDS ***
vadjkeee: raises $1.50 to $2.50
XneferX: raises $5 to $7.50
franco232315: folds 
nikalas22: folds 
vadjkeee: folds 
Uncalled bet ($5) returned to XneferX
XneferX collected $6.50 from pot
XneferX: doesn't show hand 
*** SUMMARY ***
Total pot $6.50 | Rake $0 
Seat 2: xxxZeka
Seat 1: nikalas22 (big blind) folded before Flop
Seat 3: vadjkeee folded before Flop
Seat 4: XneferX (button) collected ($6.50)
Seat 5: franco232315 (small blind) folded before Flop



