PokerStars Hand #254570822153:  Hold'em No Limit ($0.50/$1.00 USD) - 2025/01/26 22:19:44 WET [2025/01/26 17:19:44 ET]
Table 'Sarema IV' 6-max Seat #2 is the button
Seat 1: nikalas22 ($100.50 in chips) 
Seat 2: Granit34 ($81.34 in chips) 
Seat 6: B19 5L1CK ($19 in chips) 
B19 5L1CK: posts small blind $0.50
nikalas22: posts big blind $1
*** HOLE CARDS ***
Granit34: folds 
B19 5L1CK: calls $0.50
nikalas22: raises $4 to $5
B19 5L1CK: folds 
Uncalled bet ($4) returned to nikalas22
nikalas22 collected $2 from pot
nikalas22: doesn't show hand 
*** SUMMARY ***
Total pot $2 | Rake $0 
Seat 1: nikalas22 (big blind) collected ($2)
Seat 2: Granit34 (button) folded before Flop (didn't bet)
Seat 6: B19 5L1CK (small blind) folded before Flop



PokerStars Hand #254570827844:  Hold'em No Limit ($0.50/$1.00 USD) - 2025/01/26 22:20:02 WET [2025/01/26 17:20:02 ET]
Table 'Sarema IV' 6-max Seat #6 is the button
Seat 1: nikalas22 ($101.50 in chips) 
Seat 2: Granit34 ($81.34 in chips) 
Seat 6: B19 5L1CK ($18 in chips) 
nikalas22: posts small blind $0.50
Granit34: posts big blind $1
*** HOLE CARDS ***
B19 5L1CK: folds 
XneferX joins the table at seat #5 
nikalas22: folds 
Uncalled bet ($0.50) returned to Granit34
Granit34 collected $1 from pot
*** SUMMARY ***
Total pot $1 | Rake $0 
Seat 1: nikalas22 (small blind) folded before Flop
Seat 2: Granit34 (big blind) collected ($1)
Seat 6: B19 5L1CK (button) folded before Flop (didn't bet)



PokerStars Hand #254570831304:  Hold'em No Limit ($0.50/$1.00 USD) - 2025/01/26 22:20:12 WET [2025/01/26 17:20:12 ET]
Table 'Sarema IV' 6-max Seat #1 is the button
Seat 1: nikalas22 ($101 in chips) 
Seat 2: Granit34 ($81.84 in chips) 
Seat 5: XneferX ($100 in chips) 
Seat 6: B19 5L1CK ($18 in chips) 
Granit34: posts small blind $0.50
XneferX: posts big blind $1
*** HOLE CARDS ***
B19 5L1CK: folds 
nikalas22: raises $1.50 to $2.50
Granit34: calls $2
XneferX: folds 
*** FLOP *** [Jc 6c 4c]
Granit34: checks 
nikalas22: checks 
*** TURN *** [Jc 6c 4c] [9c]
Granit34: bets $3
nikalas22: folds 
Uncalled bet ($3) returned to Granit34
Granit34 collected $5.62 from pot
Granit34: shows [Ts 8d] (high card Jack)
*** SUMMARY ***
Total pot $6 | Rake $0.38 
Board [Jc 6c 4c 9c]
Seat 1: nikalas22 (button) folded on the Turn
Seat 2: Granit34 (small blind) collected ($5.62)
Seat 5: XneferX (big blind) folded before Flop
Seat 6: B19 5L1CK folded before Flop (didn't bet)



PokerStars Hand #254570841546:  Hold'em No Limit ($0.50/$1.00 USD) - 2025/01/26 22:20:43 WET [2025/01/26 17:20:43 ET]
Table 'Sarema IV' 6-max Seat #2 is the button
Seat 1: nikalas22 ($100 in chips) 
Seat 2: Granit34 ($84.96 in chips) 
Seat 5: XneferX ($100 in chips) 
Seat 6: B19 5L1CK ($18 in chips) 
Silence1925 joins the table at seat #3 
Silence1925 is disconnected 
XneferX: posts small blind $0.50
B19 5L1CK: posts big blind $1
*** HOLE CARDS ***
IREQO joins the table at seat #4 
nikalas22: folds 
Granit34: folds 
XneferX: folds 
Uncalled bet ($0.50) returned to B19 5L1CK
B19 5L1CK collected $1 from pot
B19 5L1CK: doesn't show hand 
*** SUMMARY ***
Total pot $1 | Rake $0 
Seat 1: nikalas22 folded before Flop (didn't bet)
Seat 2: Granit34 (button) folded before Flop (didn't bet)
Seat 5: XneferX (small blind) folded before Flop
Seat 6: B19 5L1CK (big blind) collected ($1)



PokerStars Hand #254570845996:  Hold'em No Limit ($0.50/$1.00 USD) - 2025/01/26 22:20:57 WET [2025/01/26 17:20:57 ET]
Table 'Sarema IV' 6-max Seat #5 is the button
Seat 4: IREQO ($100 in chips) is sitting out
Seat 1: nikalas22 ($100 in chips) 
Seat 2: Granit34 ($84.96 in chips) 
Seat 3: Silence1925 ($56.62 in chips) 
Seat 5: XneferX ($100 in chips) 
Seat 6: B19 5L1CK ($18.50 in chips) 
B19 5L1CK: posts small blind $0.50
nikalas22: posts big blind $1
Silence1925: posts big blind $1
IREQO: sits out 
*** HOLE CARDS ***
Granit34: folds 
Silence1925: checks 
XneferX: folds 
B19 5L1CK: calls $0.50
nikalas22: checks 
*** FLOP *** [4h As Kc]
B19 5L1CK: checks 
nikalas22: checks 
Silence1925: checks 
*** TURN *** [4h As Kc] [3c]
B19 5L1CK: checks 
nikalas22: checks 
Silence1925: checks 
*** RIVER *** [4h As Kc 3c] [Kd]
B19 5L1CK: checks 
nikalas22: checks 
Silence1925: bets $1.43
B19 5L1CK: calls $1.43
nikalas22: folds 
*** SHOW DOWN ***
Silence1925: shows [Td Ks] (three of a kind, Kings)
B19 5L1CK: mucks hand 
Silence1925 collected $5.57 from pot
*** SUMMARY ***
Total pot $5.86 | Rake $0.29 
Board [4h As Kc 3c Kd]
Seat 4: IREQO
Seat 1: nikalas22 (big blind) folded on the River
Seat 2: Granit34 folded before Flop (didn't bet)
Seat 3: Silence1925 showed [Td Ks] and won ($5.57) with three of a kind, Kings
Seat 5: XneferX (button) folded before Flop (didn't bet)
Seat 6: B19 5L1CK (small blind) mucked



PokerStars Hand #254570870023:  Hold'em No Limit ($0.50/$1.00 USD) - 2025/01/26 22:22:10 WET [2025/01/26 17:22:10 ET]
Table 'Sarema IV' 6-max Seat #6 is the button
Seat 4: IREQO ($100 in chips) is sitting out
Seat 1: nikalas22 ($100 in chips) 
Seat 2: Granit34 ($84.96 in chips) 
Seat 3: Silence1925 ($59.76 in chips) 
Seat 5: XneferX ($100 in chips) 
Seat 6: B19 5L1CK ($16.07 in chips) 
nikalas22: posts small blind $0.50
Granit34: posts big blind $1
IREQO: sits out 
*** HOLE CARDS ***
Silence1925: folds 
XneferX: folds 
B19 5L1CK: folds 
nikalas22: folds 
Uncalled bet ($0.50) returned to Granit34
Granit34 collected $1 from pot
*** SUMMARY ***
Total pot $1 | Rake $0 
Seat 4: IREQO
Seat 1: nikalas22 (small blind) folded before Flop
Seat 2: Granit34 (big blind) collected ($1)
Seat 3: Silence1925 folded before Flop (didn't bet)
Seat 5: XneferX folded before Flop (didn't bet)
Seat 6: B19 5L1CK (button) folded before Flop (didn't bet)



PokerStars Hand #254570874177:  Hold'em No Limit ($0.50/$1.00 USD) - 2025/01/26 22:22:23 WET [2025/01/26 17:22:23 ET]
Table 'Sarema IV' 6-max Seat #1 is the button
Seat 4: IREQO ($100 in chips) is sitting out
Seat 1: nikalas22 ($100 in chips) 
Seat 2: Granit34 ($85.46 in chips) 
Seat 3: Silence1925 ($59.76 in chips) 
Seat 5: XneferX ($100 in chips) 
Seat 6: B19 5L1CK ($16.07 in chips) 
Granit34: posts small blind $0.50
Silence1925: posts big blind $1
IREQO: sits out 
*** HOLE CARDS ***
XneferX: folds 
B19 5L1CK: folds 
nikalas22: raises $1.50 to $2.50
Granit34: folds 
Silence1925: calls $1.50
*** FLOP *** [2c 6h 3d]
Silence1925: checks 
nikalas22: checks 
*** TURN *** [2c 6h 3d] [As]
Silence1925: bets $2.61
nikalas22: raises $7.83 to $10.44
Silence1925: folds 
Uncalled bet ($7.83) returned to nikalas22
nikalas22 collected $10.18 from pot
nikalas22: doesn't show hand 
*** SUMMARY ***
Total pot $10.72 | Rake $0.54 
Board [2c 6h 3d As]
Seat 4: IREQO
Seat 1: nikalas22 (button) collected ($10.18)
Seat 2: Granit34 (small blind) folded before Flop
Seat 3: Silence1925 (big blind) folded on the Turn
Seat 5: XneferX folded before Flop (didn't bet)
Seat 6: B19 5L1CK folded before Flop (didn't bet)



PokerStars Hand #254570886771:  Hold'em No Limit ($0.50/$1.00 USD) - 2025/01/26 22:23:02 WET [2025/01/26 17:23:02 ET]
Table 'Sarema IV' 6-max Seat #2 is the button
Seat 1: nikalas22 ($105.07 in chips) 
Seat 2: Granit34 ($84.96 in chips) 
Seat 3: Silence1925 ($54.65 in chips) 
Seat 4: IREQO ($100 in chips) 
Seat 5: XneferX ($100 in chips) 
Seat 6: B19 5L1CK ($16.07 in chips) 
Silence1925: posts small blind $0.50
IREQO: posts big blind $1
*** HOLE CARDS ***
XneferX: raises $1.10 to $2.10
B19 5L1CK: raises $13.97 to $16.07 and is all-in
nikalas22: folds 
Granit34: folds 
Silence1925: raises $38.58 to $54.65 and is all-in
IREQO: folds 
XneferX: folds 
Uncalled bet ($38.58) returned to Silence1925
*** FLOP *** [Qh 4s Ts]
*** TURN *** [Qh 4s Ts] [As]
*** RIVER *** [Qh 4s Ts As] [Qc]
*** SHOW DOWN ***
Silence1925: shows [Ad Qs] (a full house, Queens full of Aces)
B19 5L1CK: shows [Ah Kh] (two pair, Aces and Queens)
Silence1925 collected $33.48 from pot
*** SUMMARY ***
Total pot $35.24 | Rake $1.76 
Board [Qh 4s Ts As Qc]
Seat 1: nikalas22 folded before Flop (didn't bet)
Seat 2: Granit34 (button) folded before Flop (didn't bet)
Seat 3: Silence1925 (small blind) showed [Ad Qs] and won ($33.48) with a full house, Queens full of Aces
Seat 4: IREQO (big blind) folded before Flop
Seat 5: XneferX folded before Flop
Seat 6: B19 5L1CK showed [Ah Kh] and lost with two pair, Aces and Queens



PokerStars Hand #254570900480:  Hold'em No Limit ($0.50/$1.00 USD) - 2025/01/26 22:23:43 WET [2025/01/26 17:23:43 ET]
Table 'Sarema IV' 6-max Seat #3 is the button
Seat 5: XneferX ($100 in chips) is sitting out
Seat 6: B19 5L1CK ($0 in chips) is sitting out
Seat 1: nikalas22 ($105.07 in chips) 
Seat 2: Granit34 ($84.96 in chips) 
Seat 3: Silence1925 ($72.06 in chips) 
Seat 4: IREQO ($100 in chips) 
IREQO: posts small blind $0.50
nikalas22: posts big blind $1
*** HOLE CARDS ***
Granit34: calls $1
Silence1925: folds 
IREQO: folds 
nikalas22: checks 
*** FLOP *** [5s 6d 5h]
nikalas22: checks 
Granit34: bets $1
nikalas22: folds 
Uncalled bet ($1) returned to Granit34
Granit34 collected $2.35 from pot
*** SUMMARY ***
Total pot $2.50 | Rake $0.15 
Board [5s 6d 5h]
Seat 5: XneferX
Seat 6: B19 5L1CK
Seat 1: nikalas22 (big blind) folded on the Flop
Seat 2: Granit34 collected ($2.35)
Seat 3: Silence1925 (button) folded before Flop (didn't bet)
Seat 4: IREQO (small blind) folded before Flop



PokerStars Hand #254570908625:  Hold'em No Limit ($0.50/$1.00 USD) - 2025/01/26 22:24:09 WET [2025/01/26 17:24:09 ET]
Table 'Sarema IV' 6-max Seat #4 is the button
Seat 5: XneferX ($100 in chips) is sitting out
Seat 6: B19 5L1CK ($10 in chips) is sitting out
Seat 1: nikalas22 ($104.07 in chips) 
Seat 2: Granit34 ($86.31 in chips) 
Seat 3: Silence1925 ($72.06 in chips) 
Seat 4: IREQO ($100 in chips) 
nikalas22: posts small blind $0.50
Granit34: posts big blind $1
*** HOLE CARDS ***
Silence1925: raises $2 to $3
IREQO: folds 
nikalas22: folds 
Granit34: folds 
Uncalled bet ($2) returned to Silence1925
Silence1925 collected $2.50 from pot
Silence1925: doesn't show hand 
*** SUMMARY ***
Total pot $2.50 | Rake $0 
Seat 5: XneferX
Seat 6: B19 5L1CK
Seat 1: nikalas22 (small blind) folded before Flop
Seat 2: Granit34 (big blind) folded before Flop
Seat 3: Silence1925 collected ($2.50)
Seat 4: IREQO (button) folded before Flop (didn't bet)



PokerStars Hand #254570913242:  Hold'em No Limit ($0.50/$1.00 USD) - 2025/01/26 22:24:23 WET [2025/01/26 17:24:23 ET]
Table 'Sarema IV' 6-max Seat #1 is the button
Seat 5: XneferX ($100 in chips) is sitting out
Seat 1: nikalas22 ($103.57 in chips) 
Seat 2: Granit34 ($85.31 in chips) 
Seat 3: Silence1925 ($73.56 in chips) 
Seat 4: IREQO ($100 in chips) 
Seat 6: B19 5L1CK ($10 in chips) 
Granit34: posts small blind $0.50
Silence1925: posts big blind $1
B19 5L1CK: posts small & big blinds $1.50
*** HOLE CARDS ***
IREQO: folds 
B19 5L1CK: raises $8.50 to $9.50 and is all-in
nikalas22: folds 
Granit34: folds 
Silence1925: folds 
Uncalled bet ($8.50) returned to B19 5L1CK
B19 5L1CK collected $3 from pot
B19 5L1CK: doesn't show hand 
*** SUMMARY ***
Total pot $3 | Rake $0 
Seat 5: XneferX
Seat 1: nikalas22 (button) folded before Flop (didn't bet)
Seat 2: Granit34 (small blind) folded before Flop
Seat 3: Silence1925 (big blind) folded before Flop
Seat 4: IREQO folded before Flop (didn't bet)
Seat 6: B19 5L1CK collected ($3)



PokerStars Hand #254570920604:  Hold'em No Limit ($0.50/$1.00 USD) - 2025/01/26 22:24:46 WET [2025/01/26 17:24:46 ET]
Table 'Sarema IV' 6-max Seat #2 is the button
Seat 5: XneferX ($100 in chips) is sitting out
Seat 1: nikalas22 ($103.57 in chips) 
Seat 2: Granit34 ($84.81 in chips) 
Seat 3: Silence1925 ($72.56 in chips) 
Seat 4: IREQO ($100 in chips) 
Seat 6: B19 5L1CK ($11.50 in chips) 
Silence1925: posts small blind $0.50
IREQO: posts big blind $1
*** HOLE CARDS ***
B19 5L1CK: folds 
nikalas22: raises $1.50 to $2.50
Granit34: folds 
Silence1925: calls $2
IREQO: folds 
*** FLOP *** [Ac 9s 9h]
Silence1925: checks 
nikalas22: bets $1.71
Silence1925: folds 
Uncalled bet ($1.71) returned to nikalas22
nikalas22 collected $5.70 from pot
nikalas22: doesn't show hand 
*** SUMMARY ***
Total pot $6 | Rake $0.30 
Board [Ac 9s 9h]
Seat 5: XneferX
Seat 1: nikalas22 collected ($5.70)
Seat 2: Granit34 (button) folded before Flop (didn't bet)
Seat 3: Silence1925 (small blind) folded on the Flop
Seat 4: IREQO (big blind) folded before Flop
Seat 6: B19 5L1CK folded before Flop (didn't bet)



PokerStars Hand #254570928325:  Hold'em No Limit ($0.50/$1.00 USD) - 2025/01/26 22:25:10 WET [2025/01/26 17:25:10 ET]
Table 'Sarema IV' 6-max Seat #3 is the button
Seat 5: XneferX ($100 in chips) is sitting out
Seat 1: nikalas22 ($106.77 in chips) 
Seat 2: Granit34 ($84.81 in chips) 
Seat 3: Silence1925 ($70.06 in chips) 
Seat 4: IREQO ($100 in chips) 
Seat 6: B19 5L1CK ($11.50 in chips) 
IREQO: posts small blind $0.50
B19 5L1CK: posts big blind $1
*** HOLE CARDS ***
nikalas22: folds 
Granit34: raises $2 to $3
Silence1925: folds 
IREQO: folds 
B19 5L1CK: raises $8.50 to $11.50 and is all-in
Granit34: calls $8.50
*** FLOP *** [3d 5d 5s]
*** TURN *** [3d 5d 5s] [Td]
*** RIVER *** [3d 5d 5s Td] [5h]
*** SHOW DOWN ***
B19 5L1CK: shows [7s Ad] (three of a kind, Fives)
Granit34: shows [Js Ts] (a full house, Fives full of Tens)
Granit34 collected $22.02 from pot
*** SUMMARY ***
Total pot $23.50 | Rake $1.48 
Board [3d 5d 5s Td 5h]
Seat 5: XneferX
Seat 1: nikalas22 folded before Flop (didn't bet)
Seat 2: Granit34 showed [Js Ts] and won ($22.02) with a full house, Fives full of Tens
Seat 3: Silence1925 (button) folded before Flop (didn't bet)
Seat 4: IREQO (small blind) folded before Flop
Seat 6: B19 5L1CK (big blind) showed [7s Ad] and lost with three of a kind, Fives



PokerStars Hand #254570935882:  Hold'em No Limit ($0.50/$1.00 USD) - 2025/01/26 22:25:33 WET [2025/01/26 17:25:33 ET]
Table 'Sarema IV' 6-max Seat #4 is the button
Seat 5: XneferX ($100 in chips) is sitting out
Seat 6: B19 5L1CK ($0 in chips) is sitting out
Seat 1: nikalas22 ($106.77 in chips) 
Seat 2: Granit34 ($95.33 in chips) 
Seat 3: Silence1925 ($70.06 in chips) 
Seat 4: IREQO ($100 in chips) 
nikalas22: posts small blind $0.50
Granit34: posts big blind $1
*** HOLE CARDS ***
Silence1925: folds 
IREQO: folds 
nikalas22: raises $2 to $3
Granit34: folds 
Uncalled bet ($2) returned to nikalas22
nikalas22 collected $2 from pot
nikalas22: doesn't show hand 
*** SUMMARY ***
Total pot $2 | Rake $0 
Seat 5: XneferX
Seat 6: B19 5L1CK
Seat 1: nikalas22 (small blind) collected ($2)
Seat 2: Granit34 (big blind) folded before Flop
Seat 3: Silence1925 folded before Flop (didn't bet)
Seat 4: IREQO (button) folded before Flop (didn't bet)



PokerStars Hand #254570940711:  Hold'em No Limit ($0.50/$1.00 USD) - 2025/01/26 22:25:48 WET [2025/01/26 17:25:48 ET]
Table 'Sarema IV' 6-max Seat #1 is the button
Seat 5: XneferX ($100 in chips) is sitting out
Seat 6: B19 5L1CK ($10 in chips) is sitting out
Seat 1: nikalas22 ($107.77 in chips) 
Seat 2: Granit34 ($94.33 in chips) 
Seat 3: Silence1925 ($70.06 in chips) 
Seat 4: IREQO ($100 in chips) 
Granit34: posts small blind $0.50
Silence1925: posts big blind $1
*** HOLE CARDS ***
IREQO: folds 
nikalas22: raises $1.50 to $2.50
Granit34: folds 
Silence1925: calls $1.50
*** FLOP *** [5d 2h 4c]
Silence1925: checks 
nikalas22: checks 
*** TURN *** [5d 2h 4c] [Ad]
Silence1925: checks 
nikalas22: bets $1.57
Silence1925: calls $1.57
*** RIVER *** [5d 2h 4c Ad] [Js]
Silence1925: checks 
nikalas22: bets $12.32
Silence1925: calls $12.32
*** SHOW DOWN ***
nikalas22: shows [6s 8s] (high card Ace)
Silence1925: shows [7c Ah] (a pair of Aces)
Silence1925 collected $32.28 from pot
*** SUMMARY ***
Total pot $33.28 | Rake $1 
Board [5d 2h 4c Ad Js]
Seat 5: XneferX
Seat 6: B19 5L1CK
Seat 1: nikalas22 (button) showed [6s 8s] and lost with high card Ace
Seat 2: Granit34 (small blind) folded before Flop
Seat 3: Silence1925 (big blind) showed [7c Ah] and won ($32.28) with a pair of Aces
Seat 4: IREQO folded before Flop (didn't bet)



PokerStars Hand #254570950517:  Hold'em No Limit ($0.50/$1.00 USD) - 2025/01/26 22:26:18 WET [2025/01/26 17:26:18 ET]
Table 'Sarema IV' 6-max Seat #2 is the button
Seat 5: XneferX ($100 in chips) is sitting out
Seat 6: B19 5L1CK ($10 in chips) is sitting out
Seat 1: nikalas22 ($100 in chips) 
Seat 2: Granit34 ($93.83 in chips) 
Seat 3: Silence1925 ($85.95 in chips) 
Seat 4: IREQO ($100 in chips) 
Silence1925: posts small blind $0.50
IREQO: posts big blind $1
*** HOLE CARDS ***
nikalas22: folds 
Granit34: folds 
Silence1925: calls $0.50
IREQO: checks 
*** FLOP *** [Ks 3d 6h]
Silence1925: checks 
IREQO: bets $1
Silence1925: calls $1
*** TURN *** [Ks 3d 6h] [6c]
Silence1925: checks 
IREQO: checks 
*** RIVER *** [Ks 3d 6h 6c] [Jh]
Silence1925: checks 
IREQO: checks 
*** SHOW DOWN ***
Silence1925: shows [5d Kd] (two pair, Kings and Sixes)
IREQO: mucks hand 
Silence1925 collected $3.80 from pot
*** SUMMARY ***
Total pot $4 | Rake $0.20 
Board [Ks 3d 6h 6c Jh]
Seat 5: XneferX
Seat 6: B19 5L1CK
Seat 1: nikalas22 folded before Flop (didn't bet)
Seat 2: Granit34 (button) folded before Flop (didn't bet)
Seat 3: Silence1925 (small blind) showed [5d Kd] and won ($3.80) with two pair, Kings and Sixes
Seat 4: IREQO (big blind) mucked



PokerStars Hand #254570963038:  Hold'em No Limit ($0.50/$1.00 USD) - 2025/01/26 22:26:57 WET [2025/01/26 17:26:57 ET]
Table 'Sarema IV' 6-max Seat #3 is the button
Seat 5: XneferX ($100 in chips) is sitting out
Seat 6: B19 5L1CK ($10 in chips) is sitting out
Seat 1: nikalas22 ($100 in chips) 
Seat 2: Granit34 ($93.83 in chips) 
Seat 3: Silence1925 ($87.75 in chips) 
Seat 4: IREQO ($100 in chips) 
IREQO: posts small blind $0.50
nikalas22: posts big blind $1
*** HOLE CARDS ***
Granit34: calls $1
Silence1925: folds 
IREQO: folds 
nikalas22: checks 
*** FLOP *** [6d 8h 9c]
nikalas22: checks 
Granit34: bets $1
nikalas22: raises $6 to $7
Granit34: folds 
Uncalled bet ($6) returned to nikalas22
nikalas22 collected $4.28 from pot
nikalas22: doesn't show hand 
*** SUMMARY ***
Total pot $4.50 | Rake $0.22 
Board [6d 8h 9c]
Seat 5: XneferX
Seat 6: B19 5L1CK
Seat 1: nikalas22 (big blind) collected ($4.28)
Seat 2: Granit34 folded on the Flop
Seat 3: Silence1925 (button) folded before Flop (didn't bet)
Seat 4: IREQO (small blind) folded before Flop



PokerStars Hand #254570971051:  Hold'em No Limit ($0.50/$1.00 USD) - 2025/01/26 22:27:22 WET [2025/01/26 17:27:22 ET]
Table 'Sarema IV' 6-max Seat #4 is the button
Seat 5: XneferX ($100 in chips) is sitting out
Seat 6: B19 5L1CK ($10 in chips) is sitting out
Seat 1: nikalas22 ($102.28 in chips) 
Seat 2: Granit34 ($91.83 in chips) 
Seat 3: Silence1925 ($87.75 in chips) 
Seat 4: IREQO ($100 in chips) 
nikalas22: posts small blind $0.50
Granit34: posts big blind $1
*** HOLE CARDS ***
Silence1925: folds 
IREQO: raises $1.50 to $2.50
nikalas22: folds 
Granit34: folds 
Uncalled bet ($1.50) returned to IREQO
IREQO collected $2.50 from pot
IREQO: doesn't show hand 
*** SUMMARY ***
Total pot $2.50 | Rake $0 
Seat 5: XneferX
Seat 6: B19 5L1CK
Seat 1: nikalas22 (small blind) folded before Flop
Seat 2: Granit34 (big blind) folded before Flop
Seat 3: Silence1925 folded before Flop (didn't bet)
Seat 4: IREQO (button) collected ($2.50)



PokerStars Hand #254570976947:  Hold'em No Limit ($0.50/$1.00 USD) - 2025/01/26 22:27:41 WET [2025/01/26 17:27:41 ET]
Table 'Sarema IV' 6-max Seat #1 is the button
Seat 5: XneferX ($100 in chips) is sitting out
Seat 6: B19 5L1CK ($10 in chips) is sitting out
Seat 1: nikalas22 ($101.78 in chips) 
Seat 2: Granit34 ($90.83 in chips) 
Seat 3: Silence1925 ($87.75 in chips) 
Seat 4: IREQO ($101.50 in chips) 
Granit34: posts small blind $0.50
Silence1925: posts big blind $1
XneferX: sits out 
B19 5L1CK: sits out 
*** HOLE CARDS ***
IREQO: folds 
nikalas22: folds 
Granit34: folds 
Uncalled bet ($0.50) returned to Silence1925
Silence1925 collected $1 from pot
Silence1925: doesn't show hand 
*** SUMMARY ***
Total pot $1 | Rake $0 
Seat 5: XneferX
Seat 6: B19 5L1CK
Seat 1: nikalas22 (button) folded before Flop (didn't bet)
Seat 2: Granit34 (small blind) folded before Flop
Seat 3: Silence1925 (big blind) collected ($1)
Seat 4: IREQO folded before Flop (didn't bet)



PokerStars Hand #254570980940:  Hold'em No Limit ($0.50/$1.00 USD) - 2025/01/26 22:27:53 WET [2025/01/26 17:27:53 ET]
Table 'Sarema IV' 6-max Seat #2 is the button
Seat 5: XneferX ($100 in chips) is sitting out
Seat 6: B19 5L1CK ($10 in chips) is sitting out
Seat 1: nikalas22 ($101.78 in chips) 
Seat 2: Granit34 ($90.33 in chips) 
Seat 3: Silence1925 ($88.25 in chips) 
Seat 4: IREQO ($101.50 in chips) 
Silence1925: posts small blind $0.50
IREQO: posts big blind $1
XneferX: sits out 
B19 5L1CK: sits out 
*** HOLE CARDS ***
nikalas22: folds 
Granit34: folds 
Silence1925: raises $2 to $3
IREQO: folds 
Uncalled bet ($2) returned to Silence1925
Silence1925 collected $2 from pot
Silence1925: doesn't show hand 
*** SUMMARY ***
Total pot $2 | Rake $0 
Seat 5: XneferX
Seat 6: B19 5L1CK
Seat 1: nikalas22 folded before Flop (didn't bet)
Seat 2: Granit34 (button) folded before Flop (didn't bet)
Seat 3: Silence1925 (small blind) collected ($2)
Seat 4: IREQO (big blind) folded before Flop



PokerStars Hand #254570987434:  Hold'em No Limit ($0.50/$1.00 USD) - 2025/01/26 22:28:13 WET [2025/01/26 17:28:13 ET]
Table 'Sarema IV' 6-max Seat #3 is the button
Seat 6: B19 5L1CK ($10 in chips) is sitting out
Seat 1: nikalas22 ($101.78 in chips) 
Seat 2: Granit34 ($90.33 in chips) 
Seat 3: Silence1925 ($89.25 in chips) 
Seat 4: IREQO ($100.50 in chips) 
Seat 5: XneferX ($100 in chips) 
IREQO: posts small blind $0.50
XneferX: posts big blind $1
B19 5L1CK: sits out 
*** HOLE CARDS ***
nikalas22: folds 
Granit34: folds 
Silence1925: folds 
IREQO: raises $1.50 to $2.50
XneferX: calls $1.50
*** FLOP *** [Td Ac Ah]
IREQO: bets $1.19
XneferX: folds 
Uncalled bet ($1.19) returned to IREQO
IREQO collected $4.75 from pot
IREQO: doesn't show hand 
*** SUMMARY ***
Total pot $5 | Rake $0.25 
Board [Td Ac Ah]
Seat 6: B19 5L1CK
Seat 1: nikalas22 folded before Flop (didn't bet)
Seat 2: Granit34 folded before Flop (didn't bet)
Seat 3: Silence1925 (button) folded before Flop (didn't bet)
Seat 4: IREQO (small blind) collected ($4.75)
Seat 5: XneferX (big blind) folded on the Flop



PokerStars Hand #254571002098:  Hold'em No Limit ($0.50/$1.00 USD) - 2025/01/26 22:29:00 WET [2025/01/26 17:29:00 ET]
Table 'Sarema IV' 6-max Seat #4 is the button
Seat 1: nikalas22 ($101.78 in chips) 
Seat 2: Granit34 ($90.33 in chips) 
Seat 3: Silence1925 ($89.25 in chips) 
Seat 4: IREQO ($102.75 in chips) 
Seat 5: XneferX ($100 in chips) 
Seat 6: B19 5L1CK ($10 in chips) 
XneferX: posts small blind $0.50
B19 5L1CK: posts big blind $1
*** HOLE CARDS ***
nikalas22: folds 
Granit34: folds 
Silence1925: folds 
IREQO: folds 
XneferX: raises $2 to $3
B19 5L1CK: raises $7 to $10 and is all-in
XneferX: calls $7
*** FLOP *** [Qh 9d 8s]
*** TURN *** [Qh 9d 8s] [Ac]
*** RIVER *** [Qh 9d 8s Ac] [3s]
*** SHOW DOWN ***
XneferX: shows [6d As] (a pair of Aces)
B19 5L1CK: shows [Ah Qs] (two pair, Aces and Queens)
B19 5L1CK collected $19 from pot
XneferX cashed out the hand for $5.05 | Cash Out Fee $0.10
*** SUMMARY ***
Total pot $20 | Rake $1 
Board [Qh 9d 8s Ac 3s]
Seat 1: nikalas22 folded before Flop (didn't bet)
Seat 2: Granit34 folded before Flop (didn't bet)
Seat 3: Silence1925 folded before Flop (didn't bet)
Seat 4: IREQO (button) folded before Flop (didn't bet)
Seat 5: XneferX (small blind) showed [6d As] and lost with a pair of Aces (cashed out).
Seat 6: B19 5L1CK (big blind) showed [Ah Qs] and won ($19) with two pair, Aces and Queens



PokerStars Hand #254571015946:  Hold'em No Limit ($0.50/$1.00 USD) - 2025/01/26 22:29:43 WET [2025/01/26 17:29:43 ET]
Table 'Sarema IV' 6-max Seat #5 is the button
Seat 1: nikalas22 ($101.78 in chips) 
Seat 2: Granit34 ($90.33 in chips) 
Seat 3: Silence1925 ($89.25 in chips) 
Seat 4: IREQO ($102.75 in chips) 
Seat 5: XneferX ($100 in chips) 
Seat 6: B19 5L1CK ($19 in chips) 
B19 5L1CK: posts small blind $0.50
nikalas22: posts big blind $1
*** HOLE CARDS ***
Granit34: folds 
Silence1925: raises $2 to $3
IREQO: folds 
XneferX: folds 
B19 5L1CK: folds 
nikalas22: calls $2
*** FLOP *** [7c Qs Jd]
nikalas22: checks 
Silence1925: checks 
*** TURN *** [7c Qs Jd] [4h]
nikalas22: checks 
Silence1925: checks 
*** RIVER *** [7c Qs Jd 4h] [5h]
nikalas22: bets $4.64
Silence1925: folds 
Uncalled bet ($4.64) returned to nikalas22
nikalas22 collected $6.18 from pot
nikalas22: doesn't show hand 
*** SUMMARY ***
Total pot $6.50 | Rake $0.32 
Board [7c Qs Jd 4h 5h]
Seat 1: nikalas22 (big blind) collected ($6.18)
Seat 2: Granit34 folded before Flop (didn't bet)
Seat 3: Silence1925 folded on the River
Seat 4: IREQO folded before Flop (didn't bet)
Seat 5: XneferX (button) folded before Flop (didn't bet)
Seat 6: B19 5L1CK (small blind) folded before Flop



PokerStars Hand #254571025644:  Hold'em No Limit ($0.50/$1.00 USD) - 2025/01/26 22:30:14 WET [2025/01/26 17:30:14 ET]
Table 'Sarema IV' 6-max Seat #6 is the button
Seat 1: nikalas22 ($104.96 in chips) 
Seat 2: Granit34 ($90.33 in chips) 
Seat 3: Silence1925 ($86.25 in chips) 
Seat 4: IREQO ($102.75 in chips) 
Seat 5: XneferX ($100 in chips) 
Seat 6: B19 5L1CK ($18.50 in chips) 
nikalas22: posts small blind $0.50
Granit34: posts big blind $1
*** HOLE CARDS ***
Silence1925: raises $2.50 to $3.50
IREQO: folds 
XneferX: folds 
B19 5L1CK: folds 
nikalas22: folds 
Granit34: folds 
Uncalled bet ($2.50) returned to Silence1925
Silence1925 collected $2.50 from pot
Silence1925: doesn't show hand 
*** SUMMARY ***
Total pot $2.50 | Rake $0 
Seat 1: nikalas22 (small blind) folded before Flop
Seat 2: Granit34 (big blind) folded before Flop
Seat 3: Silence1925 collected ($2.50)
Seat 4: IREQO folded before Flop (didn't bet)
Seat 5: XneferX folded before Flop (didn't bet)
Seat 6: B19 5L1CK (button) folded before Flop (didn't bet)



PokerStars Hand #254571178099:  Hold'em No Limit ($0.50/$1.00 USD) - 2025/01/26 22:38:22 WET [2025/01/26 17:38:22 ET]
Table 'Sarema IV' 6-max Seat #6 is the button
Seat 1: nikalas22 ($100 in chips) 
Seat 2: Granit34 ($59.76 in chips) 
Seat 3: Silence1925 ($94.75 in chips) 
Seat 4: IREQO ($127.46 in chips) 
Seat 5: XneferX ($100 in chips) 
Seat 6: B19 5L1CK ($40.03 in chips) 
nikalas22: posts small blind $0.50
Granit34: posts big blind $1
*** HOLE CARDS ***
Silence1925: folds 
IREQO: raises $1.50 to $2.50
XneferX: folds 
B19 5L1CK: folds 
nikalas22: folds 
Granit34: raises $1.50 to $4
IREQO: folds 
Uncalled bet ($1.50) returned to Granit34
Granit34 collected $5.50 from pot
*** SUMMARY ***
Total pot $5.50 | Rake $0 
Seat 1: nikalas22 (small blind) folded before Flop
Seat 2: Granit34 (big blind) collected ($5.50)
Seat 3: Silence1925 folded before Flop (didn't bet)
Seat 4: IREQO folded before Flop
Seat 5: XneferX folded before Flop (didn't bet)
Seat 6: B19 5L1CK (button) folded before Flop (didn't bet)



PokerStars Hand #254571189059:  Hold'em No Limit ($0.50/$1.00 USD) - 2025/01/26 22:38:58 WET [2025/01/26 17:38:58 ET]
Table 'Sarema IV' 6-max Seat #1 is the button
Seat 1: nikalas22 ($100 in chips) 
Seat 2: Granit34 ($62.76 in chips) 
Seat 3: Silence1925 ($94.75 in chips) 
Seat 4: IREQO ($124.96 in chips) 
Seat 5: XneferX ($100 in chips) 
Seat 6: B19 5L1CK ($40.03 in chips) 
Granit34: posts small blind $0.50
Silence1925: posts big blind $1
*** HOLE CARDS ***
IREQO: folds 
XneferX: folds 
B19 5L1CK: folds 
nikalas22: raises $1.50 to $2.50
Granit34: folds 
Silence1925: calls $1.50
*** FLOP *** [2h 4d Jh]
Silence1925: checks 
nikalas22: bets $1.57
Silence1925: calls $1.57
*** TURN *** [2h 4d Jh] [Kc]
Silence1925: checks 
nikalas22: bets $12.32
Silence1925: calls $12.32
*** RIVER *** [2h 4d Jh Kc] [Ts]
Silence1925: checks 
nikalas22: bets $47.43
Silence1925: raises $30.93 to $78.36 and is all-in
nikalas22: folds 
Uncalled bet ($30.93) returned to Silence1925
Silence1925 collected $125.64 from pot
Silence1925: doesn't show hand 
*** SUMMARY ***
Total pot $128.14 | Rake $2.50 
Board [2h 4d Jh Kc Ts]
Seat 1: nikalas22 (button) folded on the River
Seat 2: Granit34 (small blind) folded before Flop
Seat 3: Silence1925 (big blind) collected ($125.64)
Seat 4: IREQO folded before Flop (didn't bet)
Seat 5: XneferX folded before Flop (didn't bet)
Seat 6: B19 5L1CK folded before Flop (didn't bet)



PokerStars Hand #254571207361:  Hold'em No Limit ($0.50/$1.00 USD) - 2025/01/26 22:39:59 WET [2025/01/26 17:39:59 ET]
Table 'Sarema IV' 6-max Seat #2 is the button
Seat 1: nikalas22 ($100 in chips) 
Seat 2: Granit34 ($62.26 in chips) 
Seat 3: Silence1925 ($156.57 in chips) 
Seat 4: IREQO ($124.96 in chips) 
Seat 5: XneferX ($100 in chips) 
Seat 6: B19 5L1CK ($40.03 in chips) 
Silence1925: posts small blind $0.50
IREQO: posts big blind $1
*** HOLE CARDS ***
XneferX: folds 
B19 5L1CK: folds 
nikalas22: folds 
Granit34: folds 
Silence1925: calls $0.50
IREQO: checks 
*** FLOP *** [2s 8d 7h]
Silence1925: checks 
IREQO: checks 
*** TURN *** [2s 8d 7h] [6d]
Silence1925: bets $1.90
IREQO: folds 
Uncalled bet ($1.90) returned to Silence1925
Silence1925 collected $1.90 from pot
Silence1925: doesn't show hand 
*** SUMMARY ***
Total pot $2 | Rake $0.10 
Board [2s 8d 7h 6d]
Seat 1: nikalas22 folded before Flop (didn't bet)
Seat 2: Granit34 (button) folded before Flop (didn't bet)
Seat 3: Silence1925 (small blind) collected ($1.90)
Seat 4: IREQO (big blind) folded on the Turn
Seat 5: XneferX folded before Flop (didn't bet)
Seat 6: B19 5L1CK folded before Flop (didn't bet)



PokerStars Hand #254571216504:  Hold'em No Limit ($0.50/$1.00 USD) - 2025/01/26 22:40:30 WET [2025/01/26 17:40:30 ET]
Table 'Sarema IV' 6-max Seat #3 is the button
Seat 1: nikalas22 ($100 in chips) 
Seat 2: Granit34 ($62.26 in chips) 
Seat 3: Silence1925 ($157.47 in chips) 
Seat 4: IREQO ($123.96 in chips) 
Seat 5: XneferX ($100 in chips) 
Seat 6: B19 5L1CK ($40.03 in chips) 
IREQO: posts small blind $0.50
XneferX: posts big blind $1
*** HOLE CARDS ***
B19 5L1CK: folds 
nikalas22: folds 
Granit34: calls $1
B19 5L1CK leaves the table
Silence1925: calls $1
IREQO: folds 
XneferX: checks 
*** FLOP *** [9h Ad 7d]
XneferX: checks 
Granit34: checks 
Silence1925: checks 
*** TURN *** [9h Ad 7d] [2s]
XneferX: checks 
Granit34: checks 
Silence1925: checks 
*** RIVER *** [9h Ad 7d 2s] [Qd]
XneferX: checks 
Granit34: checks 
Silence1925: checks 
*** SHOW DOWN ***
XneferX: shows [6c 9d] (a pair of Nines)
Granit34: mucks hand 
Silence1925: mucks hand 
XneferX collected $3.32 from pot
*** SUMMARY ***
Total pot $3.50 | Rake $0.18 
Board [9h Ad 7d 2s Qd]
Seat 1: nikalas22 folded before Flop (didn't bet)
Seat 2: Granit34 mucked
Seat 3: Silence1925 (button) mucked
Seat 4: IREQO (small blind) folded before Flop
Seat 5: XneferX (big blind) showed [6c 9d] and won ($3.32) with a pair of Nines
Seat 6: B19 5L1CK folded before Flop (didn't bet)



PokerStars Hand #254571226857:  Hold'em No Limit ($0.50/$1.00 USD) - 2025/01/26 22:41:04 WET [2025/01/26 17:41:04 ET]
Table 'Sarema IV' 6-max Seat #4 is the button
Seat 1: nikalas22 ($100 in chips) 
Seat 2: Granit34 ($61.26 in chips) 
Seat 3: Silence1925 ($156.47 in chips) 
Seat 4: IREQO ($123.46 in chips) 
Seat 5: XneferX ($102.32 in chips) 
XneferX: posts small blind $0.50
nikalas22: posts big blind $1
*** HOLE CARDS ***
Granit34: folds 
Silence1925: folds 
IREQO: raises $1.50 to $2.50
XneferX: folds 
nikalas22: calls $1.50
*** FLOP *** [Jd Th Ks]
nikalas22: checks 
IREQO: bets $3
nikalas22: folds 
Uncalled bet ($3) returned to IREQO
IREQO collected $5.22 from pot
IREQO: doesn't show hand 
*** SUMMARY ***
Total pot $5.50 | Rake $0.28 
Board [Jd Th Ks]
Seat 1: nikalas22 (big blind) folded on the Flop
Seat 2: Granit34 folded before Flop (didn't bet)
Seat 3: Silence1925 folded before Flop (didn't bet)
Seat 4: IREQO (button) collected ($5.22)
Seat 5: XneferX (small blind) folded before Flop



PokerStars Hand #254571239953:  Hold'em No Limit ($0.50/$1.00 USD) - 2025/01/26 22:41:48 WET [2025/01/26 17:41:48 ET]
Table 'Sarema IV' 6-max Seat #5 is the button
Seat 1: nikalas22 ($100 in chips) 
Seat 2: Granit34 ($61.26 in chips) 
Seat 3: Silence1925 ($156.47 in chips) 
Seat 4: IREQO ($126.18 in chips) 
Seat 5: XneferX ($101.82 in chips) 
nikalas22: posts small blind $0.50
Granit34: posts big blind $1
*** HOLE CARDS ***
Silence1925: folds 
IREQO: folds 
XneferX: folds 
nikalas22: folds 
Uncalled bet ($0.50) returned to Granit34
Granit34 collected $1 from pot
*** SUMMARY ***
Total pot $1 | Rake $0 
Seat 1: nikalas22 (small blind) folded before Flop
Seat 2: Granit34 (big blind) collected ($1)
Seat 3: Silence1925 folded before Flop (didn't bet)
Seat 4: IREQO folded before Flop (didn't bet)
Seat 5: XneferX (button) folded before Flop (didn't bet)



PokerStars Hand #254571244242:  Hold'em No Limit ($0.50/$1.00 USD) - 2025/01/26 22:42:03 WET [2025/01/26 17:42:03 ET]
Table 'Sarema IV' 6-max Seat #1 is the button
Seat 3: Silence1925 ($156.47 in chips) is sitting out
Seat 1: nikalas22 ($100 in chips) 
Seat 2: Granit34 ($61.76 in chips) 
Seat 4: IREQO ($126.18 in chips) 
Seat 5: XneferX ($101.82 in chips) 
Granit34: posts small blind $0.50
Silence1925 has timed out
Silence1925: is sitting out 
IREQO: posts big blind $1
*** HOLE CARDS ***
XneferX: raises $1.30 to $2.30
nikalas22: folds 
Granit34: folds 
IREQO: folds 
Uncalled bet ($1.30) returned to XneferX
XneferX collected $2.50 from pot
XneferX: doesn't show hand 
*** SUMMARY ***
Total pot $2.50 | Rake $0 
Seat 3: Silence1925
Seat 1: nikalas22 (button) folded before Flop (didn't bet)
Seat 2: Granit34 (small blind) folded before Flop
Seat 4: IREQO (big blind) folded before Flop
Seat 5: XneferX collected ($2.50)



PokerStars Hand #254571252482:  Hold'em No Limit ($0.50/$1.00 USD) - 2025/01/26 22:42:30 WET [2025/01/26 17:42:30 ET]
Table 'Sarema IV' 6-max Seat #2 is the button
Seat 3: Silence1925 ($156.47 in chips) is sitting out
Seat 1: nikalas22 ($100 in chips) 
Seat 2: Granit34 ($61.26 in chips) 
Seat 4: IREQO ($125.18 in chips) 
Seat 5: XneferX ($103.32 in chips) 
IREQO: posts small blind $0.50
XneferX: posts big blind $1
*** HOLE CARDS ***
nikalas22: raises $1.50 to $2.50
Granit34: folds 
IREQO: folds 
XneferX: calls $1.50
*** FLOP *** [Qd 7c Ac]
XneferX: checks 
nikalas22: checks 
*** TURN *** [Qd 7c Ac] [9s]
XneferX: bets $1.77
nikalas22: raises $6.57 to $8.34
XneferX: folds 
Uncalled bet ($6.57) returned to nikalas22
nikalas22 collected $8.59 from pot
nikalas22: doesn't show hand 
*** SUMMARY ***
Total pot $9.04 | Rake $0.45 
Board [Qd 7c Ac 9s]
Seat 3: Silence1925
Seat 1: nikalas22 collected ($8.59)
Seat 2: Granit34 (button) folded before Flop (didn't bet)
Seat 4: IREQO (small blind) folded before Flop
Seat 5: XneferX (big blind) folded on the Turn



PokerStars Hand #254571262746:  Hold'em No Limit ($0.50/$1.00 USD) - 2025/01/26 22:43:05 WET [2025/01/26 17:43:05 ET]
Table 'Sarema IV' 6-max Seat #4 is the button
Seat 1: nikalas22 ($104.32 in chips) 
Seat 2: Granit34 ($61.26 in chips) 
Seat 3: Silence1925 ($156.47 in chips) 
Seat 4: IREQO ($124.68 in chips) 
Seat 5: XneferX ($100 in chips) 
XneferX: posts small blind $0.50
nikalas22: posts big blind $1
Silence1925: posts small & big blinds $1.50
*** HOLE CARDS ***
Granit34: calls $1
Silence1925: checks 
Karl3234 joins the table at seat #6 
IREQO: raises $4 to $5
XneferX: folds 
nikalas22: folds 
Granit34: calls $4
Silence1925: folds 
*** FLOP *** [3d Jc Qh]
Granit34: checks 
IREQO: bets $7
Granit34: folds 
Uncalled bet ($7) returned to IREQO
IREQO collected $12.35 from pot
IREQO: doesn't show hand 
*** SUMMARY ***
Total pot $13 | Rake $0.65 
Board [3d Jc Qh]
Seat 1: nikalas22 (big blind) folded before Flop
Seat 2: Granit34 folded on the Flop
Seat 3: Silence1925 folded before Flop (didn't bet)
Seat 4: IREQO (button) collected ($12.35)
Seat 5: XneferX (small blind) folded before Flop



PokerStars Hand #254571278995:  Hold'em No Limit ($0.50/$1.00 USD) - 2025/01/26 22:44:00 WET [2025/01/26 17:44:00 ET]
Table 'Sarema IV' 6-max Seat #5 is the button
Seat 6: Karl3234 ($65.42 in chips) is sitting out
Seat 1: nikalas22 ($103.32 in chips) 
Seat 2: Granit34 ($56.26 in chips) 
Seat 3: Silence1925 ($154.97 in chips) 
Seat 4: IREQO ($132.03 in chips) 
Seat 5: XneferX ($100 in chips) 
nikalas22: posts small blind $0.50
Granit34: posts big blind $1
*** HOLE CARDS ***
Silence1925: raises $2 to $3
IREQO: folds 
XneferX: folds 
nikalas22: folds 
Granit34: calls $2
*** FLOP *** [9c 3c Qc]
Granit34: checks 
Silence1925: bets $3.09
Granit34: calls $3.09
*** TURN *** [9c 3c Qc] [2c]
Granit34: checks 
Silence1925: bets $6.03
Granit34: calls $6.03
*** RIVER *** [9c 3c Qc 2c] [7d]
Granit34: bets $10.75
Silence1925: raises $132.10 to $142.85 and is all-in
Granit34: calls $33.39 and is all-in
Uncalled bet ($98.71) returned to Silence1925
*** SHOW DOWN ***
Silence1925: shows [Th Ac] (a flush, Ace high)
Granit34: shows [Kh Jc] (a flush, Queen high)
Silence1925 collected $110.52 from pot
*** SUMMARY ***
Total pot $113.02 | Rake $2.50 
Board [9c 3c Qc 2c 7d]
Seat 6: Karl3234
Seat 1: nikalas22 (small blind) folded before Flop
Seat 2: Granit34 (big blind) showed [Kh Jc] and lost with a flush, Queen high
Seat 3: Silence1925 showed [Th Ac] and won ($110.52) with a flush, Ace high
Seat 4: IREQO folded before Flop (didn't bet)
Seat 5: XneferX (button) folded before Flop (didn't bet)



PokerStars Hand #254571295221:  Hold'em No Limit ($0.50/$1.00 USD) - 2025/01/26 22:44:54 WET [2025/01/26 17:44:54 ET]
Table 'Sarema IV' 6-max Seat #1 is the button
Seat 6: Karl3234 ($65.42 in chips) is sitting out
Seat 1: nikalas22 ($102.82 in chips) 
Seat 3: Silence1925 ($209.23 in chips) 
Seat 4: IREQO ($132.03 in chips) 
Seat 5: XneferX ($100 in chips) 
Granit34 leaves the table
Silence1925: posts small blind $0.50
IREQO: posts big blind $1
Karl3234: sits out 
*** HOLE CARDS ***
XneferX: folds 
nikalas22: folds 
Silence1925: folds 
Uncalled bet ($0.50) returned to IREQO
IREQO collected $1 from pot
IREQO: doesn't show hand 
*** SUMMARY ***
Total pot $1 | Rake $0 
Seat 6: Karl3234
Seat 1: nikalas22 (button) folded before Flop (didn't bet)
Seat 3: Silence1925 (small blind) folded before Flop
Seat 4: IREQO (big blind) collected ($1)
Seat 5: XneferX folded before Flop (didn't bet)



PokerStars Hand #254571297439:  Hold'em No Limit ($0.50/$1.00 USD) - 2025/01/26 22:45:02 WET [2025/01/26 17:45:02 ET]
Table 'Sarema IV' 6-max Seat #3 is the button
Seat 6: Karl3234 ($65.42 in chips) is sitting out
Seat 1: nikalas22 ($102.82 in chips) 
Seat 3: Silence1925 ($208.73 in chips) 
Seat 4: IREQO ($132.53 in chips) 
Seat 5: XneferX ($100 in chips) 
IREQO: posts small blind $0.50
XneferX: posts big blind $1
Karl3234: sits out 
*** HOLE CARDS ***
rrrro joins the table at seat #2 
nikalas22: folds 
Silence1925: calls $1
IREQO: folds 
XneferX: checks 
*** FLOP *** [Qc 5d 6c]
XneferX: checks 
Silence1925: checks 
*** TURN *** [Qc 5d 6c] [8c]
XneferX: checks 
Silence1925: checks 
*** RIVER *** [Qc 5d 6c 8c] [8h]
XneferX: checks 
Silence1925: checks 
*** SHOW DOWN ***
XneferX: shows [Kh 9h] (a pair of Eights)
Silence1925: shows [9c 9s] (two pair, Nines and Eights)
Silence1925 collected $2.38 from pot
*** SUMMARY ***
Total pot $2.50 | Rake $0.12 
Board [Qc 5d 6c 8c 8h]
Seat 6: Karl3234
Seat 1: nikalas22 folded before Flop (didn't bet)
Seat 3: Silence1925 (button) showed [9c 9s] and won ($2.38) with two pair, Nines and Eights
Seat 4: IREQO (small blind) folded before Flop
Seat 5: XneferX (big blind) showed [Kh 9h] and lost with a pair of Eights



PokerStars Hand #254571314067:  Hold'em No Limit ($0.50/$1.00 USD) - 2025/01/26 22:45:58 WET [2025/01/26 17:45:58 ET]
Table 'Sarema IV' 6-max Seat #4 is the button
Seat 2: rrrro ($100 in chips) is sitting out
Seat 1: nikalas22 ($102.82 in chips) 
Seat 3: Silence1925 ($210.11 in chips) 
Seat 4: IREQO ($132.03 in chips) 
Seat 5: XneferX ($100 in chips) 
Seat 6: Karl3234 ($65.42 in chips) 
XneferX: posts small blind $0.50
Karl3234: posts big blind $1
rrrro: sits out 
*** HOLE CARDS ***
nikalas22: folds 
Silence1925: folds 
IREQO: raises $1.50 to $2.50
XneferX: raises $9.50 to $12
Karl3234: folds 
IREQO: folds 
Uncalled bet ($9.50) returned to XneferX
XneferX collected $6 from pot
XneferX: doesn't show hand 
*** SUMMARY ***
Total pot $6 | Rake $0 
Seat 2: rrrro
Seat 1: nikalas22 folded before Flop (didn't bet)
Seat 3: Silence1925 folded before Flop (didn't bet)
Seat 4: IREQO (button) folded before Flop
Seat 5: XneferX (small blind) collected ($6)
Seat 6: Karl3234 (big blind) folded before Flop



PokerStars Hand #254571324646:  Hold'em No Limit ($0.50/$1.00 USD) - 2025/01/26 22:46:34 WET [2025/01/26 17:46:34 ET]
Table 'Sarema IV' 6-max Seat #5 is the button
Seat 2: rrrro ($100 in chips) is sitting out
Seat 1: nikalas22 ($102.82 in chips) 
Seat 3: Silence1925 ($210.11 in chips) 
Seat 4: IREQO ($129.53 in chips) 
Seat 5: XneferX ($103.50 in chips) 
Seat 6: Karl3234 ($64.42 in chips) 
Karl3234: posts small blind $0.50
nikalas22: posts big blind $1
rrrro is disconnected 
rrrro has timed out while disconnected
rrrro: is sitting out 
*** HOLE CARDS ***
Silence1925: raises $1 to $2
IREQO: folds 
XneferX: folds 
Karl3234: folds 
nikalas22: folds 
Uncalled bet ($1) returned to Silence1925
Silence1925 collected $2.50 from pot
Silence1925: doesn't show hand 
*** SUMMARY ***
Total pot $2.50 | Rake $0 
Seat 2: rrrro
Seat 1: nikalas22 (big blind) folded before Flop
Seat 3: Silence1925 collected ($2.50)
Seat 4: IREQO folded before Flop (didn't bet)
Seat 5: XneferX (button) folded before Flop (didn't bet)
Seat 6: Karl3234 (small blind) folded before Flop



PokerStars Hand #254571331848:  Hold'em No Limit ($0.50/$1.00 USD) - 2025/01/26 22:46:58 WET [2025/01/26 17:46:58 ET]
Table 'Sarema IV' 6-max Seat #6 is the button
Seat 1: nikalas22 ($101.82 in chips) 
Seat 2: rrrro ($100 in chips) 
Seat 3: Silence1925 ($211.61 in chips) 
Seat 4: IREQO ($129.53 in chips) 
Seat 5: XneferX ($103.50 in chips) 
Seat 6: Karl3234 ($63.92 in chips) 
nikalas22: posts small blind $0.50
rrrro: posts big blind $1
*** HOLE CARDS ***
Silence1925: folds 
IREQO: raises $1.50 to $2.50
XneferX: folds 
Karl3234: folds 
nikalas22: raises $9.50 to $12
rrrro: folds 
IREQO: folds 
Uncalled bet ($9.50) returned to nikalas22
nikalas22 collected $6 from pot
nikalas22: doesn't show hand 
*** SUMMARY ***
Total pot $6 | Rake $0 
Seat 1: nikalas22 (small blind) collected ($6)
Seat 2: rrrro (big blind) folded before Flop
Seat 3: Silence1925 folded before Flop (didn't bet)
Seat 4: IREQO folded before Flop
Seat 5: XneferX folded before Flop (didn't bet)
Seat 6: Karl3234 (button) folded before Flop (didn't bet)



PokerStars Hand #254571340839:  Hold'em No Limit ($0.50/$1.00 USD) - 2025/01/26 22:47:29 WET [2025/01/26 17:47:29 ET]
Table 'Sarema IV' 6-max Seat #1 is the button
Seat 1: nikalas22 ($105.32 in chips) 
Seat 2: rrrro ($100 in chips) 
Seat 3: Silence1925 ($211.61 in chips) 
Seat 4: IREQO ($127.03 in chips) 
Seat 5: XneferX ($103.50 in chips) 
Seat 6: Karl3234 ($63.92 in chips) 
rrrro: posts small blind $0.50
Silence1925: posts big blind $1
*** HOLE CARDS ***
IREQO: folds 
XneferX: folds 
Karl3234: raises $1.50 to $2.50
nikalas22: raises $5.50 to $8
rrrro: folds 
Silence1925: folds 
Karl3234: folds 
Uncalled bet ($5.50) returned to nikalas22
nikalas22 collected $6.50 from pot
nikalas22: doesn't show hand 
*** SUMMARY ***
Total pot $6.50 | Rake $0 
Seat 1: nikalas22 (button) collected ($6.50)
Seat 2: rrrro (small blind) folded before Flop
Seat 3: Silence1925 (big blind) folded before Flop
Seat 4: IREQO folded before Flop (didn't bet)
Seat 5: XneferX folded before Flop (didn't bet)
Seat 6: Karl3234 folded before Flop



PokerStars Hand #254571345806:  Hold'em No Limit ($0.50/$1.00 USD) - 2025/01/26 22:47:46 WET [2025/01/26 17:47:46 ET]
Table 'Sarema IV' 6-max Seat #2 is the button
Seat 1: nikalas22 ($109.32 in chips) 
Seat 2: rrrro ($100 in chips) 
Seat 3: Silence1925 ($210.61 in chips) 
Seat 4: IREQO ($127.03 in chips) 
Seat 5: XneferX ($103.50 in chips) 
Seat 6: Karl3234 ($61.42 in chips) 
Silence1925: posts small blind $0.50
IREQO: posts big blind $1
*** HOLE CARDS ***
XneferX: raises $1.10 to $2.10
Karl3234: folds 
nikalas22: folds 
rrrro: folds 
Silence1925: calls $1.60
IREQO: folds 
*** FLOP *** [8h Kc Th]
Silence1925: checks 
XneferX: bets $1.68
Silence1925: calls $1.68
*** TURN *** [8h Kc Th] [6h]
Silence1925: checks 
XneferX: bets $8.05
Silence1925: folds 
Uncalled bet ($8.05) returned to XneferX
XneferX collected $8.13 from pot
XneferX: doesn't show hand 
*** SUMMARY ***
Total pot $8.56 | Rake $0.43 
Board [8h Kc Th 6h]
Seat 1: nikalas22 folded before Flop (didn't bet)
Seat 2: rrrro (button) folded before Flop (didn't bet)
Seat 3: Silence1925 (small blind) folded on the Turn
Seat 4: IREQO (big blind) folded before Flop
Seat 5: XneferX collected ($8.13)
Seat 6: Karl3234 folded before Flop (didn't bet)



PokerStars Hand #254571358116:  Hold'em No Limit ($0.50/$1.00 USD) - 2025/01/26 22:48:28 WET [2025/01/26 17:48:28 ET]
Table 'Sarema IV' 6-max Seat #3 is the button
Seat 1: nikalas22 ($109.32 in chips) 
Seat 2: rrrro ($100 in chips) 
Seat 3: Silence1925 ($206.83 in chips) 
Seat 4: IREQO ($126.03 in chips) 
Seat 5: XneferX ($107.85 in chips) 
Seat 6: Karl3234 ($61.42 in chips) 
IREQO: posts small blind $0.50
XneferX: posts big blind $1
*** HOLE CARDS ***
Karl3234: folds 
nikalas22: folds 
rrrro: folds 
Silence1925: folds 
Silence1925 leaves the table
IREQO: folds 
Uncalled bet ($0.50) returned to XneferX
XneferX collected $1 from pot
XneferX: doesn't show hand 
*** SUMMARY ***
Total pot $1 | Rake $0 
Seat 1: nikalas22 folded before Flop (didn't bet)
Seat 2: rrrro folded before Flop (didn't bet)
Seat 3: Silence1925 (button) folded before Flop (didn't bet)
Seat 4: IREQO (small blind) folded before Flop
Seat 5: XneferX (big blind) collected ($1)
Seat 6: Karl3234 folded before Flop (didn't bet)



PokerStars Hand #254571368696:  Hold'em No Limit ($0.50/$1.00 USD) - 2025/01/26 22:49:04 WET [2025/01/26 17:49:04 ET]
Table 'Sarema IV' 6-max Seat #4 is the button
Seat 1: nikalas22 ($109.32 in chips) 
Seat 2: rrrro ($100 in chips) 
Seat 4: IREQO ($125.53 in chips) 
Seat 5: XneferX ($108.35 in chips) 
Seat 6: Karl3234 ($61.42 in chips) 
XneferX: posts small blind $0.50
Karl3234: posts big blind $1
*** HOLE CARDS ***
nikalas22: folds 
rrrro: folds 
IREQO: folds 
XneferX: folds 
Uncalled bet ($0.50) returned to Karl3234
Karl3234 collected $1 from pot
Karl3234: doesn't show hand 
*** SUMMARY ***
Total pot $1 | Rake $0 
Seat 1: nikalas22 folded before Flop (didn't bet)
Seat 2: rrrro folded before Flop (didn't bet)
Seat 4: IREQO (button) folded before Flop (didn't bet)
Seat 5: XneferX (small blind) folded before Flop
Seat 6: Karl3234 (big blind) collected ($1)



PokerStars Hand #254571372793:  Hold'em No Limit ($0.50/$1.00 USD) - 2025/01/26 22:49:18 WET [2025/01/26 17:49:18 ET]
Table 'Sarema IV' 6-max Seat #5 is the button
Seat 1: nikalas22 ($109.32 in chips) 
Seat 2: rrrro ($100 in chips) 
Seat 4: IREQO ($125.53 in chips) 
Seat 5: XneferX ($107.85 in chips) 
Seat 6: Karl3234 ($61.92 in chips) 
Karl3234: posts small blind $0.50
nikalas22: posts big blind $1
*** HOLE CARDS ***
rrrro: folds 
IREQO: folds 
XneferX: raises $1.77 to $2.77
Karl3234: folds 
nikalas22: folds 
Uncalled bet ($1.77) returned to XneferX
XneferX collected $2.50 from pot
XneferX: doesn't show hand 
*** SUMMARY ***
Total pot $2.50 | Rake $0 
Seat 1: nikalas22 (big blind) folded before Flop
Seat 2: rrrro folded before Flop (didn't bet)
Seat 4: IREQO folded before Flop (didn't bet)
Seat 5: XneferX (button) collected ($2.50)
Seat 6: Karl3234 (small blind) folded before Flop



PokerStars Hand #254571379540:  Hold'em No Limit ($0.50/$1.00 USD) - 2025/01/26 22:49:40 WET [2025/01/26 17:49:40 ET]
Table 'Sarema IV' 6-max Seat #6 is the button
Seat 1: nikalas22 ($108.32 in chips) 
Seat 2: rrrro ($100 in chips) 
Seat 4: IREQO ($125.53 in chips) 
Seat 5: XneferX ($109.35 in chips) 
Seat 6: Karl3234 ($61.42 in chips) 
nikalas22: posts small blind $0.50
rrrro: posts big blind $1
*** HOLE CARDS ***
IREQO: folds 
XneferX: raises $1.30 to $2.30
Karl3234: folds 
nikalas22: raises $8.70 to $11
rrrro: folds 
XneferX: folds 
Uncalled bet ($8.70) returned to nikalas22
nikalas22 collected $5.60 from pot
nikalas22: doesn't show hand 
*** SUMMARY ***
Total pot $5.60 | Rake $0 
Seat 1: nikalas22 (small blind) collected ($5.60)
Seat 2: rrrro (big blind) folded before Flop
Seat 4: IREQO folded before Flop (didn't bet)
Seat 5: XneferX folded before Flop
Seat 6: Karl3234 (button) folded before Flop (didn't bet)



PokerStars Hand #254571387840:  Hold'em No Limit ($0.50/$1.00 USD) - 2025/01/26 22:50:09 WET [2025/01/26 17:50:09 ET]
Table 'Sarema IV' 6-max Seat #1 is the button
Seat 4: IREQO ($125.53 in chips) is sitting out
Seat 5: XneferX ($107.05 in chips) is sitting out
Seat 1: nikalas22 ($111.62 in chips) 
Seat 2: rrrro ($100 in chips) 
Seat 6: Karl3234 ($61.42 in chips) 
rrrro: posts small blind $0.50
IREQO: is sitting out 
XneferX: is sitting out 
Karl3234: posts big blind $1
*** HOLE CARDS ***
nikalas22: folds 
nikalas22 leaves the table
reiyser joins the table at seat #1 
rrrro: folds 
Uncalled bet ($0.50) returned to Karl3234
Karl3234 collected $1 from pot
Karl3234: doesn't show hand 
*** SUMMARY ***
Total pot $1 | Rake $0 
Seat 4: IREQO
Seat 5: XneferX
Seat 1: nikalas22 (button) folded before Flop (didn't bet)
Seat 2: rrrro (small blind) folded before Flop
Seat 6: Karl3234 (big blind) collected ($1)



PokerStars Hand #254571393236:  Hold'em No Limit ($0.50/$1.00 USD) - 2025/01/26 22:50:27 WET [2025/01/26 17:50:27 ET]
Table 'Sarema IV' 6-max Seat #2 is the button
Seat 4: IREQO ($125.53 in chips) is sitting out
Seat 5: XneferX ($107.05 in chips) is sitting out
Seat 1: reiyser ($100 in chips) 
Seat 2: rrrro ($100 in chips) 
Seat 6: Karl3234 ($61.92 in chips) 
Karl3234: posts small blind $0.50
reiyser: posts big blind $1
*** HOLE CARDS ***
XneferX leaves the table
rrrro: folds 
Karl3234: raises $2 to $3
reiyser: folds 
Uncalled bet ($2) returned to Karl3234
Karl3234 collected $2 from pot
Karl3234: doesn't show hand 
*** SUMMARY ***
Total pot $2 | Rake $0 
Seat 4: IREQO
Seat 5: XneferX
Seat 1: reiyser (big blind) folded before Flop
Seat 2: rrrro (button) folded before Flop (didn't bet)
Seat 6: Karl3234 (small blind) collected ($2)



PokerStars Hand #254571395863:  Hold'em No Limit ($0.50/$1.00 USD) - 2025/01/26 22:50:36 WET [2025/01/26 17:50:36 ET]
Table 'Sarema IV' 6-max Seat #6 is the button
Seat 4: IREQO ($125.53 in chips) is sitting out
Seat 1: reiyser ($100 in chips) 
Seat 2: rrrro ($100 in chips) 
Seat 6: Karl3234 ($62.92 in chips) 
reiyser: posts small blind $0.50
rrrro: posts big blind $1
*** HOLE CARDS ***
Karl3234: raises $2 to $3
reiyser: folds 
rrrro: folds 
Uncalled bet ($2) returned to Karl3234
Karl3234 collected $2.50 from pot
Karl3234: doesn't show hand 
*** SUMMARY ***
Total pot $2.50 | Rake $0 
Seat 4: IREQO
Seat 1: reiyser (small blind) folded before Flop
Seat 2: rrrro (big blind) folded before Flop
Seat 6: Karl3234 (button) collected ($2.50)



PokerStars Hand #254571400467:  Hold'em No Limit ($0.50/$1.00 USD) - 2025/01/26 22:50:52 WET [2025/01/26 17:50:52 ET]
Table 'Sarema IV' 6-max Seat #1 is the button
Seat 4: IREQO ($125.53 in chips) is sitting out
Seat 1: reiyser ($100 in chips) 
Seat 2: rrrro ($100 in chips) 
Seat 6: Karl3234 ($64.42 in chips) 
rrrro: posts small blind $0.50
Karl3234: posts big blind $1
*** HOLE CARDS ***
reiyser: folds 
canibal27 joins the table at seat #3 
Timonessb joins the table at seat #5 
rrrro: folds 
Uncalled bet ($0.50) returned to Karl3234
Karl3234 collected $1 from pot
Karl3234: doesn't show hand 
*** SUMMARY ***
Total pot $1 | Rake $0 
Seat 4: IREQO
Seat 1: reiyser (button) folded before Flop (didn't bet)
Seat 2: rrrro (small blind) folded before Flop
Seat 6: Karl3234 (big blind) collected ($1)



PokerStars Hand #254571403599:  Hold'em No Limit ($0.50/$1.00 USD) - 2025/01/26 22:51:03 WET [2025/01/26 17:51:03 ET]
Table 'Sarema IV' 6-max Seat #2 is the button
Seat 3: canibal27 ($100 in chips) is sitting out
Seat 4: IREQO ($125.53 in chips) is sitting out
Seat 5: Timonessb ($100 in chips) is sitting out
Seat 1: reiyser ($100 in chips) 
Seat 2: rrrro ($100 in chips) 
Seat 6: Karl3234 ($64.92 in chips) 
Karl3234: posts small blind $0.50
reiyser: posts big blind $1
*** HOLE CARDS ***
rrrro: raises $1.50 to $2.50
Karl3234: folds 
reiyser: calls $1.50
*** FLOP *** [2h Tc Qc]
reiyser: checks 
rrrro: bets $1.30
IREQO leaves the table
reiyser: calls $1.30
*** TURN *** [2h Tc Qc] [3s]
reiyser: checks 
rrrro: checks 
*** RIVER *** [2h Tc Qc 3s] [3c]
reiyser: bets $4
rrrro: calls $4
*** SHOW DOWN ***
reiyser: shows [Qd Ts] (two pair, Queens and Tens)
rrrro: mucks hand 
reiyser collected $15.30 from pot
*** SUMMARY ***
Total pot $16.10 | Rake $0.80 
Board [2h Tc Qc 3s 3c]
Seat 3: canibal27
Seat 4: IREQO
Seat 5: Timonessb
Seat 1: reiyser (big blind) showed [Qd Ts] and won ($15.30) with two pair, Queens and Tens
Seat 2: rrrro (button) mucked
Seat 6: Karl3234 (small blind) folded before Flop



PokerStars Hand #254571424962:  Hold'em No Limit ($0.50/$1.00 USD) - 2025/01/26 22:52:17 WET [2025/01/26 17:52:17 ET]
Table 'Sarema IV' 6-max Seat #6 is the button
Seat 3: canibal27 ($100 in chips) is sitting out
Seat 5: Timonessb ($100 in chips) is sitting out
Seat 1: reiyser ($107.50 in chips) 
Seat 2: rrrro ($100 in chips) 
Seat 6: Karl3234 ($64.42 in chips) 
reiyser: posts small blind $0.50
rrrro: posts big blind $1
canibal27: sits out 
Timonessb: sits out 
*** HOLE CARDS ***
Karl3234: folds 
reiyser: folds 
Uncalled bet ($0.50) returned to rrrro
rrrro collected $1 from pot
rrrro: doesn't show hand 
*** SUMMARY ***
Total pot $1 | Rake $0 
Seat 3: canibal27
Seat 5: Timonessb
Seat 1: reiyser (small blind) folded before Flop
Seat 2: rrrro (big blind) collected ($1)
Seat 6: Karl3234 (button) folded before Flop (didn't bet)



PokerStars Hand #254571426988:  Hold'em No Limit ($0.50/$1.00 USD) - 2025/01/26 22:52:24 WET [2025/01/26 17:52:24 ET]
Table 'Sarema IV' 6-max Seat #1 is the button
Seat 5: Timonessb ($100 in chips) is sitting out
Seat 1: reiyser ($107 in chips) 
Seat 2: rrrro ($100.50 in chips) 
Seat 3: canibal27 ($100 in chips) 
Seat 6: Karl3234 ($64.42 in chips) 
rrrro: posts small blind $0.50
canibal27: posts big blind $1
Timonessb: sits out 
*** HOLE CARDS ***
Karl3234: folds 
reiyser: folds 
rrrro: raises $2 to $3
canibal27: folds 
Uncalled bet ($2) returned to rrrro
rrrro collected $2 from pot
rrrro: doesn't show hand 
*** SUMMARY ***
Total pot $2 | Rake $0 
Seat 5: Timonessb
Seat 1: reiyser (button) folded before Flop (didn't bet)
Seat 2: rrrro (small blind) collected ($2)
Seat 3: canibal27 (big blind) folded before Flop
Seat 6: Karl3234 folded before Flop (didn't bet)



PokerStars Hand #254571432006:  Hold'em No Limit ($0.50/$1.00 USD) - 2025/01/26 22:52:41 WET [2025/01/26 17:52:41 ET]
Table 'Sarema IV' 6-max Seat #2 is the button
Seat 1: reiyser ($107 in chips) 
Seat 2: rrrro ($101.50 in chips) 
Seat 3: canibal27 ($100 in chips) 
Seat 5: Timonessb ($100 in chips) 
Seat 6: Karl3234 ($64.42 in chips) 
canibal27: posts small blind $0.50
Timonessb: posts big blind $1
*** HOLE CARDS ***
Karl3234: folds 
reiyser: folds 
rrrro: raises $1.50 to $2.50
canibal27: folds 
Timonessb: folds 
Uncalled bet ($1.50) returned to rrrro
rrrro collected $2.50 from pot
rrrro: doesn't show hand 
*** SUMMARY ***
Total pot $2.50 | Rake $0 
Seat 1: reiyser folded before Flop (didn't bet)
Seat 2: rrrro (button) collected ($2.50)
Seat 3: canibal27 (small blind) folded before Flop
Seat 5: Timonessb (big blind) folded before Flop
Seat 6: Karl3234 folded before Flop (didn't bet)



PokerStars Hand #254571437276:  Hold'em No Limit ($0.50/$1.00 USD) - 2025/01/26 22:53:00 WET [2025/01/26 17:53:00 ET]
Table 'Sarema IV' 6-max Seat #3 is the button
Seat 1: reiyser ($107 in chips) 
Seat 2: rrrro ($103 in chips) 
Seat 3: canibal27 ($100 in chips) 
Seat 5: Timonessb ($100 in chips) 
Seat 6: Karl3234 ($64.42 in chips) 
Timonessb: posts small blind $0.50
Karl3234: posts big blind $1
*** HOLE CARDS ***
reiyser: folds 
rrrro: raises $1.30 to $2.30
canibal27: raises $5.20 to $7.50
Timonessb: folds 
Karl3234: folds 
rrrro: raises $13.50 to $21
canibal27: folds 
Uncalled bet ($13.50) returned to rrrro
rrrro collected $16.50 from pot
rrrro: doesn't show hand 
*** SUMMARY ***
Total pot $16.50 | Rake $0 
Seat 1: reiyser folded before Flop (didn't bet)
Seat 2: rrrro collected ($16.50)
Seat 3: canibal27 (button) folded before Flop
Seat 5: Timonessb (small blind) folded before Flop
Seat 6: Karl3234 (big blind) folded before Flop



PokerStars Hand #254571451862:  Hold'em No Limit ($0.50/$1.00 USD) - 2025/01/26 22:53:51 WET [2025/01/26 17:53:51 ET]
Table 'Sarema IV' 6-max Seat #5 is the button
Seat 1: reiyser ($107 in chips) 
Seat 2: rrrro ($112 in chips) 
Seat 3: canibal27 ($100 in chips) 
Seat 5: Timonessb ($100 in chips) 
Seat 6: Karl3234 ($63.42 in chips) 
Karl3234: posts small blind $0.50
reiyser: posts big blind $1
*** HOLE CARDS ***
rrrro: raises $1 to $2
mariobeatz12 joins the table at seat #4 
mariobeatz12 is disconnected 
canibal27: folds 
Timonessb: folds 
Karl3234: folds 
reiyser: folds 
Uncalled bet ($1) returned to rrrro
rrrro collected $2.50 from pot
rrrro: doesn't show hand 
*** SUMMARY ***
Total pot $2.50 | Rake $0 
Seat 1: reiyser (big blind) folded before Flop
Seat 2: rrrro collected ($2.50)
Seat 3: canibal27 folded before Flop (didn't bet)
Seat 5: Timonessb (button) folded before Flop (didn't bet)
Seat 6: Karl3234 (small blind) folded before Flop



PokerStars Hand #254571467290:  Hold'em No Limit ($0.50/$1.00 USD) - 2025/01/26 22:54:44 WET [2025/01/26 17:54:44 ET]
Table 'Sarema IV' 6-max Seat #1 is the button
Seat 1: reiyser ($105.50 in chips) 
Seat 2: rrrro ($112.50 in chips) 
Seat 3: canibal27 ($100 in chips) 
Seat 4: mariobeatz12 ($9.02 in chips) 
Seat 5: Timonessb ($110.42 in chips) 
Seat 6: Karl3234 ($62.92 in chips) 
rrrro: posts small blind $0.50
canibal27: posts big blind $1
*** HOLE CARDS ***
mariobeatz12: raises $7 to $8
Timonessb: folds 
Karl3234: raises $17.50 to $25.50
reiyser: folds 
rrrro: folds 
canibal27: folds 
mariobeatz12: calls $1.02 and is all-in
Uncalled bet ($16.48) returned to Karl3234
*** FLOP *** [4c Ts 4h]
*** TURN *** [4c Ts 4h] [Ac]
*** RIVER *** [4c Ts 4h Ac] [7d]
*** SHOW DOWN ***
mariobeatz12: shows [Ks Kd] (two pair, Kings and Fours)
Karl3234: shows [Qc Qd] (two pair, Queens and Fours)
mariobeatz12 cashed out the hand for $14.91 | Cash Out Fee $0.30
*** SUMMARY ***
Total pot $19.54 | Rake $0.98 
Board [4c Ts 4h Ac 7d]
Seat 1: reiyser (button) folded before Flop (didn't bet)
Seat 2: rrrro (small blind) folded before Flop
Seat 3: canibal27 (big blind) folded before Flop
Seat 4: mariobeatz12 showed [Ks Kd] and won ($18.56) with two pair, Kings and Fours (pot not awarded as player cashed out)
Seat 5: Timonessb folded before Flop (didn't bet)
Seat 6: Karl3234 showed [Qc Qd] and lost with two pair, Queens and Fours



PokerStars Hand #254571477254:  Hold'em No Limit ($0.50/$1.00 USD) - 2025/01/26 22:55:25 WET [2025/01/26 17:55:25 ET]
Table 'Sarema IV' 6-max Seat #2 is the button
Seat 1: reiyser ($105.50 in chips) 
Seat 2: rrrro ($112 in chips) 
Seat 3: canibal27 ($100 in chips) 
Seat 4: mariobeatz12 ($14.91 in chips) 
Seat 5: Timonessb ($110.42 in chips) 
Seat 6: Karl3234 ($53.90 in chips) 
canibal27: posts small blind $0.50
mariobeatz12: posts big blind $1
*** HOLE CARDS ***
Timonessb: raises $1.30 to $2.30
Karl3234: folds 
reiyser: folds 
rrrro: folds 
canibal27: folds 
mariobeatz12: raises $1.30 to $3.60
Timonessb: raises $10.90 to $14.50
mariobeatz12: raises $0.41 to $14.91 and is all-in
Timonessb: calls $0.41
*** FLOP *** [Ks 8c Td]
*** TURN *** [Ks 8c Td] [Th]
*** RIVER *** [Ks 8c Td Th] [Qh]
*** SHOW DOWN ***
mariobeatz12: shows [6h 4h] (a pair of Tens)
Timonessb: shows [Qd Qs] (a full house, Queens full of Tens)
Timonessb collected $28.80 from pot
mariobeatz12 cashed out the hand for $6.06 | Cash Out Fee $0.12
*** SUMMARY ***
Total pot $30.32 | Rake $1.52 
Board [Ks 8c Td Th Qh]
Seat 1: reiyser folded before Flop (didn't bet)
Seat 2: rrrro (button) folded before Flop (didn't bet)
Seat 3: canibal27 (small blind) folded before Flop
Seat 4: mariobeatz12 (big blind) showed [6h 4h] and lost with a pair of Tens (cashed out).
Seat 5: Timonessb showed [Qd Qs] and won ($28.80) with a full house, Queens full of Tens
Seat 6: Karl3234 folded before Flop (didn't bet)



PokerStars Hand #254571485627:  Hold'em No Limit ($0.50/$1.00 USD) - 2025/01/26 22:56:10 WET [2025/01/26 17:56:10 ET]
Table 'Sarema IV' 6-max Seat #3 is the button
Seat 5: Timonessb ($124.31 in chips) is sitting out
Seat 1: reiyser ($105.50 in chips) 
Seat 2: rrrro ($112 in chips) 
Seat 3: canibal27 ($100 in chips) 
Seat 4: mariobeatz12 ($6.06 in chips) 
Seat 6: Karl3234 ($53.90 in chips) 
mariobeatz12: posts small blind $0.50
Timonessb: is sitting out 
Karl3234: posts big blind $1
*** HOLE CARDS ***
reiyser: folds 
rrrro: raises $1.30 to $2.30
canibal27: folds 
mariobeatz12: folds 
Karl3234: folds 
Uncalled bet ($1.30) returned to rrrro
rrrro collected $2.50 from pot
rrrro: doesn't show hand 
*** SUMMARY ***
Total pot $2.50 | Rake $0 
Seat 5: Timonessb
Seat 1: reiyser folded before Flop (didn't bet)
Seat 2: rrrro collected ($2.50)
Seat 3: canibal27 (button) folded before Flop (didn't bet)
Seat 4: mariobeatz12 (small blind) folded before Flop
Seat 6: Karl3234 (big blind) folded before Flop



PokerStars Hand #254571489209:  Hold'em No Limit ($0.50/$1.00 USD) - 2025/01/26 22:56:29 WET [2025/01/26 17:56:29 ET]
Table 'Sarema IV' 6-max Seat #4 is the button
Seat 5: Timonessb ($124.31 in chips) is sitting out
Seat 1: reiyser ($105.50 in chips) 
Seat 2: rrrro ($113.50 in chips) 
Seat 3: canibal27 ($100 in chips) 
Seat 4: mariobeatz12 ($5.56 in chips) 
Seat 6: Karl3234 ($52.90 in chips) 
Karl3234: posts small blind $0.50
reiyser: posts big blind $1
*** HOLE CARDS ***
rrrro: folds 
canibal27: folds 
mariobeatz12: folds 
Karl3234: folds 
Uncalled bet ($0.50) returned to reiyser
reiyser collected $1 from pot
reiyser: doesn't show hand 
*** SUMMARY ***
Total pot $1 | Rake $0 
Seat 5: Timonessb
Seat 1: reiyser (big blind) collected ($1)
Seat 2: rrrro folded before Flop (didn't bet)
Seat 3: canibal27 folded before Flop (didn't bet)
Seat 4: mariobeatz12 (button) folded before Flop (didn't bet)
Seat 6: Karl3234 (small blind) folded before Flop



PokerStars Hand #254571491292:  Hold'em No Limit ($0.50/$1.00 USD) - 2025/01/26 22:56:41 WET [2025/01/26 17:56:41 ET]
Table 'Sarema IV' 6-max Seat #6 is the button
Seat 5: Timonessb ($124.31 in chips) is sitting out
Seat 1: reiyser ($106 in chips) 
Seat 2: rrrro ($113.50 in chips) 
Seat 3: canibal27 ($100 in chips) 
Seat 4: mariobeatz12 ($5.56 in chips) 
Seat 6: Karl3234 ($52.40 in chips) 
reiyser: posts small blind $0.50
rrrro: posts big blind $1
*** HOLE CARDS ***
canibal27: folds 
mariobeatz12: folds 
Karl3234: folds 
reiyser: folds 
Uncalled bet ($0.50) returned to rrrro
rrrro collected $1 from pot
rrrro: doesn't show hand 
*** SUMMARY ***
Total pot $1 | Rake $0 
Seat 5: Timonessb
Seat 1: reiyser (small blind) folded before Flop
Seat 2: rrrro (big blind) collected ($1)
Seat 3: canibal27 folded before Flop (didn't bet)
Seat 4: mariobeatz12 folded before Flop (didn't bet)
Seat 6: Karl3234 (button) folded before Flop (didn't bet)



PokerStars Hand #254571493247:  Hold'em No Limit ($0.50/$1.00 USD) - 2025/01/26 22:56:51 WET [2025/01/26 17:56:51 ET]
Table 'Sarema IV' 6-max Seat #1 is the button
Seat 5: Timonessb ($124.31 in chips) is sitting out
Seat 1: reiyser ($105.50 in chips) 
Seat 2: rrrro ($114 in chips) 
Seat 3: canibal27 ($100 in chips) 
Seat 4: mariobeatz12 ($5.56 in chips) 
Seat 6: Karl3234 ($52.40 in chips) 
rrrro: posts small blind $0.50
canibal27: posts big blind $1
*** HOLE CARDS ***
mariobeatz12: folds 
Karl3234: folds 
reiyser: folds 
rrrro: raises $2 to $3
canibal27: calls $2
*** FLOP *** [Qs 7s 3s]
rrrro: checks 
canibal27: bets $1.88
rrrro: calls $1.88
*** TURN *** [Qs 7s 3s] [Ts]
rrrro: checks 
canibal27: checks 
*** RIVER *** [Qs 7s 3s Ts] [5h]
rrrro: checks 
canibal27: bets $6.21
rrrro: raises $10.85 to $17.06
canibal27: folds 
Uncalled bet ($10.85) returned to rrrro
rrrro collected $21.07 from pot
rrrro: doesn't show hand 
*** SUMMARY ***
Total pot $22.18 | Rake $1.11 
Board [Qs 7s 3s Ts 5h]
Seat 5: Timonessb
Seat 1: reiyser (button) folded before Flop (didn't bet)
Seat 2: rrrro (small blind) collected ($21.07)
Seat 3: canibal27 (big blind) folded on the River
Seat 4: mariobeatz12 folded before Flop (didn't bet)
Seat 6: Karl3234 folded before Flop (didn't bet)



PokerStars Hand #254571512812:  Hold'em No Limit ($0.50/$1.00 USD) - 2025/01/26 22:58:34 WET [2025/01/26 17:58:34 ET]
Table 'Sarema IV' 6-max Seat #2 is the button
Seat 5: Timonessb ($124.31 in chips) is sitting out
Seat 1: reiyser ($105.50 in chips) 
Seat 2: rrrro ($123.98 in chips) 
Seat 3: canibal27 ($100 in chips) 
Seat 4: mariobeatz12 ($5.56 in chips) 
Seat 6: Karl3234 ($52.40 in chips) 
canibal27: posts small blind $0.50
mariobeatz12: posts big blind $1
*** HOLE CARDS ***
Karl3234: folds 
reiyser: raises $1.23 to $2.23
rrrro: folds 
canibal27: folds 
mariobeatz12: raises $3.33 to $5.56 and is all-in
reiyser: calls $3.33
*** FLOP *** [5d 8s 2c]
*** TURN *** [5d 8s 2c] [3d]
*** RIVER *** [5d 8s 2c 3d] [7d]
*** SHOW DOWN ***
mariobeatz12: shows [Ah 6d] (high card Ace)
reiyser: shows [4c 4s] (a pair of Fours)
reiyser collected $11.04 from pot
mariobeatz12 cashed out the hand for $4.79 | Cash Out Fee $0.10
*** SUMMARY ***
Total pot $11.62 | Rake $0.58 
Board [5d 8s 2c 3d 7d]
Seat 5: Timonessb
Seat 1: reiyser showed [4c 4s] and won ($11.04) with a pair of Fours
Seat 2: rrrro (button) folded before Flop (didn't bet)
Seat 3: canibal27 (small blind) folded before Flop
Seat 4: mariobeatz12 (big blind) showed [Ah 6d] and lost with high card Ace (cashed out).
Seat 6: Karl3234 folded before Flop (didn't bet)



PokerStars Hand #254571520050:  Hold'em No Limit ($0.50/$1.00 USD) - 2025/01/26 22:59:13 WET [2025/01/26 17:59:13 ET]
Table 'Sarema IV' 6-max Seat #3 is the button
Seat 5: Timonessb ($124.31 in chips) is sitting out
Seat 1: reiyser ($110.98 in chips) 
Seat 2: rrrro ($123.98 in chips) 
Seat 3: canibal27 ($100 in chips) 
Seat 4: mariobeatz12 ($4.79 in chips) 
Seat 6: Karl3234 ($52.40 in chips) 
mariobeatz12: posts small blind $0.50
Karl3234: posts big blind $1
*** HOLE CARDS ***
reiyser: raises $1.23 to $2.23
rrrro: folds 
canibal27: folds 
mariobeatz12: raises $2.56 to $4.79 and is all-in
Karl3234: calls $3.79
reiyser: calls $2.56
*** FLOP *** [8c 8d 4h]
Karl3234: checks 
reiyser: checks 
*** TURN *** [8c 8d 4h] [Th]
Karl3234: bets $3.55
reiyser: calls $3.55
*** RIVER *** [8c 8d 4h Th] [4c]
Karl3234: bets $5.30
reiyser: folds 
Uncalled bet ($5.30) returned to Karl3234
*** SHOW DOWN ***
Karl3234: shows [Js Ts] (two pair, Tens and Eights)
Karl3234 collected $6.75 from side pot
mariobeatz12: shows [5d Qc] (two pair, Eights and Fours)
Karl3234 collected $13.65 from main pot
*** SUMMARY ***
Total pot $21.47 Main pot $13.65. Side pot $6.75. | Rake $1.07 
Board [8c 8d 4h Th 4c]
Seat 5: Timonessb
Seat 1: reiyser folded on the River
Seat 2: rrrro folded before Flop (didn't bet)
Seat 3: canibal27 (button) folded before Flop (didn't bet)
Seat 4: mariobeatz12 (small blind) showed [5d Qc] and lost with two pair, Eights and Fours
Seat 6: Karl3234 (big blind) showed [Js Ts] and won ($20.40) with two pair, Tens and Eights



PokerStars Hand #254571655470:  Hold'em No Limit ($0.50/$1.00 USD) - 2025/01/26 23:07:49 WET [2025/01/26 18:07:49 ET]
Table 'Sarema IV' 6-max Seat #6 is the button
Seat 2: rrrro ($122.47 in chips) 
Seat 3: canibal27 ($131.20 in chips) 
Seat 4: sutata ($101.50 in chips) 
Seat 5: Timonessb ($113.31 in chips) 
Seat 6: Karl3234 ($52.84 in chips) 
rrrro: posts small blind $0.50
canibal27: posts big blind $1
*** HOLE CARDS ***
sutata: folds 
Timonessb: folds 
Karl3234: folds 
rrrro: folds 
Uncalled bet ($0.50) returned to canibal27
canibal27 collected $1 from pot
canibal27: doesn't show hand 
*** SUMMARY ***
Total pot $1 | Rake $0 
Seat 2: rrrro (small blind) folded before Flop
Seat 3: canibal27 (big blind) collected ($1)
Seat 4: sutata folded before Flop (didn't bet)
Seat 5: Timonessb folded before Flop (didn't bet)
Seat 6: Karl3234 (button) folded before Flop (didn't bet)



PokerStars Hand #254571660844:  Hold'em No Limit ($0.50/$1.00 USD) - 2025/01/26 23:08:09 WET [2025/01/26 18:08:09 ET]
Table 'Sarema IV' 6-max Seat #2 is the button
Seat 2: rrrro ($121.97 in chips) 
Seat 3: canibal27 ($131.70 in chips) 
Seat 4: sutata ($101.50 in chips) 
Seat 5: Timonessb ($113.31 in chips) 
Seat 6: Karl3234 ($52.84 in chips) 
canibal27: posts small blind $0.50
sutata: posts big blind $1
*** HOLE CARDS ***
Timonessb: folds 
Karl3234: folds 
rrrro: folds 
canibal27: folds 
Uncalled bet ($0.50) returned to sutata
henri789 joins the table at seat #1 
sutata collected $1 from pot
sutata: doesn't show hand 
*** SUMMARY ***
Total pot $1 | Rake $0 
Seat 2: rrrro (button) folded before Flop (didn't bet)
Seat 3: canibal27 (small blind) folded before Flop
Seat 4: sutata (big blind) collected ($1)
Seat 5: Timonessb folded before Flop (didn't bet)
Seat 6: Karl3234 folded before Flop (didn't bet)



PokerStars Hand #254571666178:  Hold'em No Limit ($0.50/$1.00 USD) - 2025/01/26 23:08:27 WET [2025/01/26 18:08:27 ET]
Table 'Sarema IV' 6-max Seat #3 is the button
Seat 1: henri789 ($100 in chips) is sitting out
Seat 2: rrrro ($121.97 in chips) 
Seat 3: canibal27 ($131.20 in chips) 
Seat 4: sutata ($102 in chips) 
Seat 5: Timonessb ($113.31 in chips) 
Seat 6: Karl3234 ($52.84 in chips) 
sutata: posts small blind $0.50
Timonessb: posts big blind $1
henri789: sits out 
*** HOLE CARDS ***
Karl3234: folds 
rrrro: folds 
canibal27: folds 
sutata: folds 
Uncalled bet ($0.50) returned to Timonessb
Timonessb collected $1 from pot
*** SUMMARY ***
Total pot $1 | Rake $0 
Seat 1: henri789
Seat 2: rrrro folded before Flop (didn't bet)
Seat 3: canibal27 (button) folded before Flop (didn't bet)
Seat 4: sutata (small blind) folded before Flop
Seat 5: Timonessb (big blind) collected ($1)
Seat 6: Karl3234 folded before Flop (didn't bet)



PokerStars Hand #254571669454:  Hold'em No Limit ($0.50/$1.00 USD) - 2025/01/26 23:08:39 WET [2025/01/26 18:08:39 ET]
Table 'Sarema IV' 6-max Seat #4 is the button
Seat 1: henri789 ($100 in chips) is sitting out
Seat 2: rrrro ($121.97 in chips) 
Seat 3: canibal27 ($131.20 in chips) 
Seat 4: sutata ($101.50 in chips) 
Seat 5: Timonessb ($113.81 in chips) 
Seat 6: Karl3234 ($52.84 in chips) 
Timonessb: posts small blind $0.50
Karl3234: posts big blind $1
henri789: sits out 
*** HOLE CARDS ***
rrrro: folds 
canibal27: folds 
sutata: raises $2 to $3
Timonessb: folds 
Karl3234: folds 
Uncalled bet ($2) returned to sutata
sutata collected $2.50 from pot
sutata: doesn't show hand 
*** SUMMARY ***
Total pot $2.50 | Rake $0 
Seat 1: henri789
Seat 2: rrrro folded before Flop (didn't bet)
Seat 3: canibal27 folded before Flop (didn't bet)
Seat 4: sutata (button) collected ($2.50)
Seat 5: Timonessb (small blind) folded before Flop
Seat 6: Karl3234 (big blind) folded before Flop



PokerStars Hand #254571674679:  Hold'em No Limit ($0.50/$1.00 USD) - 2025/01/26 23:08:58 WET [2025/01/26 18:08:58 ET]
Table 'Sarema IV' 6-max Seat #5 is the button
Seat 1: henri789 ($100 in chips) 
Seat 2: rrrro ($121.97 in chips) 
Seat 3: canibal27 ($131.20 in chips) 
Seat 4: sutata ($103 in chips) 
Seat 5: Timonessb ($113.31 in chips) 
Seat 6: Karl3234 ($51.84 in chips) 
Karl3234: posts small blind $0.50
henri789: posts big blind $1
*** HOLE CARDS ***
rrrro: folds 
canibal27: folds 
sutata: folds 
Timonessb: folds 
Karl3234: folds 
Uncalled bet ($0.50) returned to henri789
henri789 collected $1 from pot
henri789: doesn't show hand 
*** SUMMARY ***
Total pot $1 | Rake $0 
Seat 1: henri789 (big blind) collected ($1)
Seat 2: rrrro folded before Flop (didn't bet)
Seat 3: canibal27 folded before Flop (didn't bet)
Seat 4: sutata folded before Flop (didn't bet)
Seat 5: Timonessb (button) folded before Flop (didn't bet)
Seat 6: Karl3234 (small blind) folded before Flop



PokerStars Hand #254571678268:  Hold'em No Limit ($0.50/$1.00 USD) - 2025/01/26 23:09:10 WET [2025/01/26 18:09:10 ET]
Table 'Sarema IV' 6-max Seat #6 is the button
Seat 1: henri789 ($100.50 in chips) 
Seat 2: rrrro ($121.97 in chips) 
Seat 3: canibal27 ($131.20 in chips) 
Seat 4: sutata ($103 in chips) 
Seat 5: Timonessb ($113.31 in chips) 
Seat 6: Karl3234 ($51.34 in chips) 
henri789: posts small blind $0.50
rrrro: posts big blind $1
*** HOLE CARDS ***
canibal27: folds 
sutata: folds 
Timonessb: folds 
Karl3234: folds 
henri789: folds 
Uncalled bet ($0.50) returned to rrrro
rrrro collected $1 from pot
rrrro: doesn't show hand 
*** SUMMARY ***
Total pot $1 | Rake $0 
Seat 1: henri789 (small blind) folded before Flop
Seat 2: rrrro (big blind) collected ($1)
Seat 3: canibal27 folded before Flop (didn't bet)
Seat 4: sutata folded before Flop (didn't bet)
Seat 5: Timonessb folded before Flop (didn't bet)
Seat 6: Karl3234 (button) folded before Flop (didn't bet)



PokerStars Hand #254571685155:  Hold'em No Limit ($0.50/$1.00 USD) - 2025/01/26 23:09:35 WET [2025/01/26 18:09:35 ET]
Table 'Sarema IV' 6-max Seat #1 is the button
Seat 1: henri789 ($100 in chips) 
Seat 2: rrrro ($122.47 in chips) 
Seat 3: canibal27 ($131.20 in chips) 
Seat 4: sutata ($103 in chips) 
Seat 5: Timonessb ($113.31 in chips) 
Seat 6: Karl3234 ($51.34 in chips) 
rrrro: posts small blind $0.50
canibal27: posts big blind $1
*** HOLE CARDS ***
sutata: folds 
Timonessb: folds 
Karl3234: raises $1 to $2
henri789: folds 
rrrro: folds 
canibal27: folds 
Uncalled bet ($1) returned to Karl3234
Karl3234 collected $2.50 from pot
Karl3234: doesn't show hand 
*** SUMMARY ***
Total pot $2.50 | Rake $0 
Seat 1: henri789 (button) folded before Flop (didn't bet)
Seat 2: rrrro (small blind) folded before Flop
Seat 3: canibal27 (big blind) folded before Flop
Seat 4: sutata folded before Flop (didn't bet)
Seat 5: Timonessb folded before Flop (didn't bet)
Seat 6: Karl3234 collected ($2.50)



PokerStars Hand #254571689132:  Hold'em No Limit ($0.50/$1.00 USD) - 2025/01/26 23:09:49 WET [2025/01/26 18:09:49 ET]
Table 'Sarema IV' 6-max Seat #2 is the button
Seat 1: henri789 ($100 in chips) 
Seat 2: rrrro ($121.97 in chips) 
Seat 3: canibal27 ($130.20 in chips) 
Seat 4: sutata ($103 in chips) 
Seat 5: Timonessb ($113.31 in chips) 
Seat 6: Karl3234 ($52.84 in chips) 
canibal27: posts small blind $0.50
sutata: posts big blind $1
*** HOLE CARDS ***
Timonessb: folds 
Karl3234: folds 
henri789: folds 
rrrro: folds 
canibal27: folds 
Uncalled bet ($0.50) returned to sutata
sutata collected $1 from pot
sutata: doesn't show hand 
*** SUMMARY ***
Total pot $1 | Rake $0 
Seat 1: henri789 folded before Flop (didn't bet)
Seat 2: rrrro (button) folded before Flop (didn't bet)
Seat 3: canibal27 (small blind) folded before Flop
Seat 4: sutata (big blind) collected ($1)
Seat 5: Timonessb folded before Flop (didn't bet)
Seat 6: Karl3234 folded before Flop (didn't bet)



PokerStars Hand #254571692159:  Hold'em No Limit ($0.50/$1.00 USD) - 2025/01/26 23:09:59 WET [2025/01/26 18:09:59 ET]
Table 'Sarema IV' 6-max Seat #3 is the button
Seat 1: henri789 ($100 in chips) 
Seat 2: rrrro ($121.97 in chips) 
Seat 3: canibal27 ($129.70 in chips) 
Seat 4: sutata ($103.50 in chips) 
Seat 5: Timonessb ($113.31 in chips) 
Seat 6: Karl3234 ($52.84 in chips) 
sutata: posts small blind $0.50
Timonessb: posts big blind $1
*** HOLE CARDS ***
Karl3234: folds 
henri789: folds 
rrrro: folds 
canibal27: raises $1.50 to $2.50
sutata: folds 
Timonessb: folds 
Uncalled bet ($1.50) returned to canibal27
canibal27 collected $2.50 from pot
canibal27: doesn't show hand 
*** SUMMARY ***
Total pot $2.50 | Rake $0 
Seat 1: henri789 folded before Flop (didn't bet)
Seat 2: rrrro folded before Flop (didn't bet)
Seat 3: canibal27 (button) collected ($2.50)
Seat 4: sutata (small blind) folded before Flop
Seat 5: Timonessb (big blind) folded before Flop
Seat 6: Karl3234 folded before Flop (didn't bet)



PokerStars Hand #254571696542:  Hold'em No Limit ($0.50/$1.00 USD) - 2025/01/26 23:10:15 WET [2025/01/26 18:10:15 ET]
Table 'Sarema IV' 6-max Seat #4 is the button
Seat 1: henri789 ($100 in chips) 
Seat 2: rrrro ($121.97 in chips) 
Seat 3: canibal27 ($131.20 in chips) 
Seat 4: sutata ($103 in chips) 
Seat 5: Timonessb ($112.31 in chips) 
Seat 6: Karl3234 ($52.84 in chips) 
Timonessb: posts small blind $0.50
Karl3234: posts big blind $1
*** HOLE CARDS ***
henri789: folds 
rrrro: folds 
canibal27: folds 
sutata: raises $2 to $3
Timonessb: folds 
Karl3234: raises $6 to $9
sutata: raises $15.30 to $24.30
rrrro leaves the table
Karl3234: raises $28.54 to $52.84 and is all-in
sutata: calls $28.54
*** FLOP *** [Qs 9c 6s]
*** TURN *** [Qs 9c 6s] [Ts]
*** RIVER *** [Qs 9c 6s Ts] [2d]
*** SHOW DOWN ***
Karl3234: shows [Ah Kd] (high card Ace)
sutata: shows [Ad Ks] (high card Ace)
Karl3234 collected $51.84 from pot
sutata collected $51.84 from pot
*** SUMMARY ***
Total pot $106.18 | Rake $2.50 
Board [Qs 9c 6s Ts 2d]
Seat 1: henri789 folded before Flop (didn't bet)
Seat 2: rrrro folded before Flop (didn't bet)
Seat 3: canibal27 folded before Flop (didn't bet)
Seat 4: sutata (button) showed [Ad Ks] and won ($51.84) with high card Ace
Seat 5: Timonessb (small blind) folded before Flop
Seat 6: Karl3234 (big blind) showed [Ah Kd] and won ($51.84) with high card Ace



PokerStars Hand #254571706452:  Hold'em No Limit ($0.50/$1.00 USD) - 2025/01/26 23:10:50 WET [2025/01/26 18:10:50 ET]
Table 'Sarema IV' 6-max Seat #5 is the button
Seat 1: henri789 ($100 in chips) 
Seat 3: canibal27 ($131.20 in chips) 
Seat 4: sutata ($102 in chips) 
Seat 5: Timonessb ($111.81 in chips) 
Seat 6: Karl3234 ($51.84 in chips) 
Karl3234: posts small blind $0.50
henri789: posts big blind $1
*** HOLE CARDS ***
canibal27: raises $1 to $2
sutata: folds 
sutata leaves the table
Timonessb: folds 
Karl3234: calls $1.50
henri789: calls $1
*** FLOP *** [Ah Jh Tc]
Karl3234: checks 
henri789: checks 
canibal27: bets $1.88
Karl3234: calls $1.88
Meyer14 joins the table at seat #2 
henri789: calls $1.88
*** TURN *** [Ah Jh Tc] [6d]
Karl3234: checks 
henri789: checks 
canibal27: bets $8.32
Karl3234: folds 
henri789: folds 
Uncalled bet ($8.32) returned to canibal27
canibal27 collected $11.06 from pot
canibal27: doesn't show hand 
*** SUMMARY ***
Total pot $11.64 | Rake $0.58 
Board [Ah Jh Tc 6d]
Seat 1: henri789 (big blind) folded on the Turn
Seat 3: canibal27 collected ($11.06)
Seat 4: sutata folded before Flop (didn't bet)
Seat 5: Timonessb (button) folded before Flop (didn't bet)
Seat 6: Karl3234 (small blind) folded on the Turn



PokerStars Hand #254571723134:  Hold'em No Limit ($0.50/$1.00 USD) - 2025/01/26 23:11:50 WET [2025/01/26 18:11:50 ET]
Table 'Sarema IV' 6-max Seat #6 is the button
Seat 1: henri789 ($100 in chips) 
Seat 2: Meyer14 ($100 in chips) 
Seat 3: canibal27 ($138.38 in chips) 
Seat 5: Timonessb ($111.81 in chips) 
Seat 6: Karl3234 ($47.96 in chips) 
henri789: posts small blind $0.50
Meyer14: posts big blind $1
*** HOLE CARDS ***
canibal27: folds 
Timonessb: folds 
Karl3234: folds 
henri789: folds 
Uncalled bet ($0.50) returned to Meyer14
Meyer14 collected $1 from pot
Meyer14: doesn't show hand 
*** SUMMARY ***
Total pot $1 | Rake $0 
Seat 1: henri789 (small blind) folded before Flop
Seat 2: Meyer14 (big blind) collected ($1)
Seat 3: canibal27 folded before Flop (didn't bet)
Seat 5: Timonessb folded before Flop (didn't bet)
Seat 6: Karl3234 (button) folded before Flop (didn't bet)



PokerStars Hand #254571726553:  Hold'em No Limit ($0.50/$1.00 USD) - 2025/01/26 23:12:02 WET [2025/01/26 18:12:02 ET]
Table 'Sarema IV' 6-max Seat #1 is the button
Seat 1: henri789 ($100 in chips) 
Seat 2: Meyer14 ($100.50 in chips) 
Seat 3: canibal27 ($138.38 in chips) 
Seat 5: Timonessb ($111.81 in chips) 
Seat 6: Karl3234 ($47.96 in chips) 
Meyer14: posts small blind $0.50
canibal27: posts big blind $1
*** HOLE CARDS ***
Timonessb: folds 
Karl3234: folds 
henri789: folds 
Meyer14: folds 
Uncalled bet ($0.50) returned to canibal27
canibal27 collected $1 from pot
canibal27: doesn't show hand 
*** SUMMARY ***
Total pot $1 | Rake $0 
Seat 1: henri789 (button) folded before Flop (didn't bet)
Seat 2: Meyer14 (small blind) folded before Flop
Seat 3: canibal27 (big blind) collected ($1)
Seat 5: Timonessb folded before Flop (didn't bet)
Seat 6: Karl3234 folded before Flop (didn't bet)



PokerStars Hand #254571732866:  Hold'em No Limit ($0.50/$1.00 USD) - 2025/01/26 23:12:24 WET [2025/01/26 18:12:24 ET]
Table 'Sarema IV' 6-max Seat #2 is the button
Seat 1: henri789 ($100 in chips) 
Seat 2: Meyer14 ($100 in chips) 
Seat 3: canibal27 ($138.88 in chips) 
Seat 5: Timonessb ($111.81 in chips) 
Seat 6: Karl3234 ($47.96 in chips) 
canibal27: posts small blind $0.50
Timonessb: posts big blind $1
*** HOLE CARDS ***
Karl3234: raises $1 to $2
henri789: folds 
Meyer14: folds 
canibal27: folds 
Timonessb: raises $8.50 to $10.50
Karl3234: folds 
Uncalled bet ($8.50) returned to Timonessb
Timonessb collected $4.50 from pot
*** SUMMARY ***
Total pot $4.50 | Rake $0 
Seat 1: henri789 folded before Flop (didn't bet)
Seat 2: Meyer14 (button) folded before Flop (didn't bet)
Seat 3: canibal27 (small blind) folded before Flop
Seat 5: Timonessb (big blind) collected ($4.50)
Seat 6: Karl3234 folded before Flop



PokerStars Hand #254571738467:  Hold'em No Limit ($0.50/$1.00 USD) - 2025/01/26 23:12:45 WET [2025/01/26 18:12:45 ET]
Table 'Sarema IV' 6-max Seat #3 is the button
Seat 1: henri789 ($100 in chips) 
Seat 2: Meyer14 ($100 in chips) 
Seat 3: canibal27 ($138.38 in chips) 
Seat 5: Timonessb ($114.31 in chips) 
Seat 6: Karl3234 ($45.96 in chips) 
Timonessb: posts small blind $0.50
Karl3234: posts big blind $1
*** HOLE CARDS ***
henri789: folds 
Meyer14: folds 
henri789 leaves the table
canibal27: folds 
Timonessb: raises $2 to $3
Karl3234: folds 
Uncalled bet ($2) returned to Timonessb
Timonessb collected $2 from pot
*** SUMMARY ***
Total pot $2 | Rake $0 
Seat 1: henri789 folded before Flop (didn't bet)
Seat 2: Meyer14 folded before Flop (didn't bet)
Seat 3: canibal27 (button) folded before Flop (didn't bet)
Seat 5: Timonessb (small blind) collected ($2)
Seat 6: Karl3234 (big blind) folded before Flop



PokerStars Hand #254571742317:  Hold'em No Limit ($0.50/$1.00 USD) - 2025/01/26 23:12:59 WET [2025/01/26 18:12:59 ET]
Table 'Sarema IV' 6-max Seat #5 is the button
Seat 2: Meyer14 ($100 in chips) 
Seat 3: canibal27 ($138.38 in chips) 
Seat 5: Timonessb ($115.31 in chips) 
Seat 6: Karl3234 ($44.96 in chips) 
Karl3234: posts small blind $0.50
Meyer14: posts big blind $1
*** HOLE CARDS ***
Espada Fish joins the table at seat #1 
canibal27: folds 
Timonessb: raises $1.50 to $2.50
Karl3234: folds 
Meyer14: folds 
Uncalled bet ($1.50) returned to Timonessb
Timonessb collected $2.50 from pot
*** SUMMARY ***
Total pot $2.50 | Rake $0 
Seat 2: Meyer14 (big blind) folded before Flop
Seat 3: canibal27 folded before Flop (didn't bet)
Seat 5: Timonessb (button) collected ($2.50)
Seat 6: Karl3234 (small blind) folded before Flop



PokerStars Hand #254571746392:  Hold'em No Limit ($0.50/$1.00 USD) - 2025/01/26 23:13:13 WET [2025/01/26 18:13:13 ET]
Table 'Sarema IV' 6-max Seat #6 is the button
Seat 1: Espada Fish ($100 in chips) is sitting out
Seat 2: Meyer14 ($100 in chips) 
Seat 3: canibal27 ($138.38 in chips) 
Seat 5: Timonessb ($116.81 in chips) 
Seat 6: Karl3234 ($44.46 in chips) 
Meyer14: posts small blind $0.50
canibal27: posts big blind $1
*** HOLE CARDS ***
Timonessb: folds 
Karl3234: folds 
Meyer14: folds 
Uncalled bet ($0.50) returned to canibal27
canibal27 collected $1 from pot
canibal27: doesn't show hand 
*** SUMMARY ***
Total pot $1 | Rake $0 
Seat 1: Espada Fish
Seat 2: Meyer14 (small blind) folded before Flop
Seat 3: canibal27 (big blind) collected ($1)
Seat 5: Timonessb folded before Flop (didn't bet)
Seat 6: Karl3234 (button) folded before Flop (didn't bet)



PokerStars Hand #254571748641:  Hold'em No Limit ($0.50/$1.00 USD) - 2025/01/26 23:13:21 WET [2025/01/26 18:13:21 ET]
Table 'Sarema IV' 6-max Seat #2 is the button
Seat 1: Espada Fish ($100 in chips) is sitting out
Seat 2: Meyer14 ($100 in chips) 
Seat 3: canibal27 ($138.88 in chips) 
Seat 5: Timonessb ($116.81 in chips) 
Seat 6: Karl3234 ($44.46 in chips) 
canibal27: posts small blind $0.50
Timonessb: posts big blind $1
Espada Fish: sits out 
*** HOLE CARDS ***
Karl3234: folds 
Meyer14: folds 
canibal27: folds 
Uncalled bet ($0.50) returned to Timonessb
Timonessb collected $1 from pot
*** SUMMARY ***
Total pot $1 | Rake $0 
Seat 1: Espada Fish
Seat 2: Meyer14 (button) folded before Flop (didn't bet)
Seat 3: canibal27 (small blind) folded before Flop
Seat 5: Timonessb (big blind) collected ($1)
Seat 6: Karl3234 folded before Flop (didn't bet)



PokerStars Hand #254571750764:  Hold'em No Limit ($0.50/$1.00 USD) - 2025/01/26 23:13:29 WET [2025/01/26 18:13:29 ET]
Table 'Sarema IV' 6-max Seat #3 is the button
Seat 1: Espada Fish ($100 in chips) is sitting out
Seat 2: Meyer14 ($100 in chips) 
Seat 3: canibal27 ($138.38 in chips) 
Seat 5: Timonessb ($117.31 in chips) 
Seat 6: Karl3234 ($44.46 in chips) 
Timonessb: posts small blind $0.50
Karl3234: posts big blind $1
Espada Fish: sits out 
*** HOLE CARDS ***
Meyer14: folds 
canibal27: folds 
Timonessb: raises $2 to $3
Karl3234: folds 
Uncalled bet ($2) returned to Timonessb
Timonessb collected $2 from pot
*** SUMMARY ***
Total pot $2 | Rake $0 
Seat 1: Espada Fish
Seat 2: Meyer14 folded before Flop (didn't bet)
Seat 3: canibal27 (button) folded before Flop (didn't bet)
Seat 5: Timonessb (small blind) collected ($2)
Seat 6: Karl3234 (big blind) folded before Flop



PokerStars Hand #254571754220:  Hold'em No Limit ($0.50/$1.00 USD) - 2025/01/26 23:13:42 WET [2025/01/26 18:13:42 ET]
Table 'Sarema IV' 6-max Seat #5 is the button
Seat 1: Espada Fish ($100 in chips) 
Seat 2: Meyer14 ($100 in chips) 
Seat 3: canibal27 ($138.38 in chips) 
Seat 5: Timonessb ($118.31 in chips) 
Seat 6: Karl3234 ($43.46 in chips) 
Karl3234: posts small blind $0.50
Espada Fish: posts big blind $1
*** HOLE CARDS ***
Meyer14: raises $1.50 to $2.50
canibal27: folds 
Timonessb: folds 
Karl3234: calls $2
Espada Fish: folds 
*** FLOP *** [5c 5h 4d]
Karl3234: checks 
Meyer14: checks 
*** TURN *** [5c 5h 4d] [7s]
Karl3234: bets $1.48
Meyer14: folds 
Uncalled bet ($1.48) returned to Karl3234
Karl3234 collected $5.70 from pot
Karl3234: doesn't show hand 
*** SUMMARY ***
Total pot $6 | Rake $0.30 
Board [5c 5h 4d 7s]
Seat 1: Espada Fish (big blind) folded before Flop
Seat 2: Meyer14 folded on the Turn
Seat 3: canibal27 folded before Flop (didn't bet)
Seat 5: Timonessb (button) folded before Flop (didn't bet)
Seat 6: Karl3234 (small blind) collected ($5.70)



PokerStars Hand #254571761812:  Hold'em No Limit ($0.50/$1.00 USD) - 2025/01/26 23:14:10 WET [2025/01/26 18:14:10 ET]
Table 'Sarema IV' 6-max Seat #6 is the button
Seat 2: Meyer14 ($100 in chips) is sitting out
Seat 1: Espada Fish ($100 in chips) 
Seat 3: canibal27 ($138.38 in chips) 
Seat 5: Timonessb ($118.31 in chips) 
Seat 6: Karl3234 ($46.66 in chips) 
Espada Fish: posts small blind $0.50
Meyer14: is sitting out 
canibal27: posts big blind $1
*** HOLE CARDS ***
Timonessb: folds 
Karl3234: folds 
Meyer14 leaves the table
Espada Fish: folds 
Uncalled bet ($0.50) returned to canibal27
canibal27 collected $1 from pot
canibal27: doesn't show hand 
*** SUMMARY ***
Total pot $1 | Rake $0 
Seat 2: Meyer14
Seat 1: Espada Fish (small blind) folded before Flop
Seat 3: canibal27 (big blind) collected ($1)
Seat 5: Timonessb folded before Flop (didn't bet)
Seat 6: Karl3234 (button) folded before Flop (didn't bet)



PokerStars Hand #254571764810:  Hold'em No Limit ($0.50/$1.00 USD) - 2025/01/26 23:14:21 WET [2025/01/26 18:14:21 ET]
Table 'Sarema IV' 6-max Seat #1 is the button
Seat 1: Espada Fish ($100 in chips) 
Seat 3: canibal27 ($138.88 in chips) 
Seat 5: Timonessb ($118.31 in chips) 
Seat 6: Karl3234 ($46.66 in chips) 
canibal27: posts small blind $0.50
Timonessb: posts big blind $1
*** HOLE CARDS ***
Karl3234: folds 
Espada Fish: folds 
canibal27: folds 
Uncalled bet ($0.50) returned to Timonessb
Timonessb collected $1 from pot
*** SUMMARY ***
Total pot $1 | Rake $0 
Seat 1: Espada Fish (button) folded before Flop (didn't bet)
Seat 3: canibal27 (small blind) folded before Flop
Seat 5: Timonessb (big blind) collected ($1)
Seat 6: Karl3234 folded before Flop (didn't bet)



PokerStars Hand #254571768733:  Hold'em No Limit ($0.50/$1.00 USD) - 2025/01/26 23:14:36 WET [2025/01/26 18:14:36 ET]
Table 'Sarema IV' 6-max Seat #3 is the button
Seat 1: Espada Fish ($100 in chips) 
Seat 3: canibal27 ($138.38 in chips) 
Seat 5: Timonessb ($118.81 in chips) 
Seat 6: Karl3234 ($46.66 in chips) 
Timonessb: posts small blind $0.50
Karl3234: posts big blind $1
*** HOLE CARDS ***
Espada Fish: folds 
Espada Fish leaves the table
ru_ruu_ru joins the table at seat #1 
canibal27: raises $1.50 to $2.50
Timonessb: folds 
Karl3234: folds 
Uncalled bet ($1.50) returned to canibal27
canibal27 collected $2.50 from pot
canibal27: doesn't show hand 
*** SUMMARY ***
Total pot $2.50 | Rake $0 
Seat 1: Espada Fish folded before Flop (didn't bet)
Seat 3: canibal27 (button) collected ($2.50)
Seat 5: Timonessb (small blind) folded before Flop
Seat 6: Karl3234 (big blind) folded before Flop



PokerStars Hand #254571773677:  Hold'em No Limit ($0.50/$1.00 USD) - 2025/01/26 23:14:54 WET [2025/01/26 18:14:54 ET]
Table 'Sarema IV' 6-max Seat #5 is the button
Seat 1: ru_ruu_ru ($100 in chips) 
Seat 3: canibal27 ($139.88 in chips) 
Seat 5: Timonessb ($118.31 in chips) 
Seat 6: Karl3234 ($45.66 in chips) 
Karl3234: posts small blind $0.50
ru_ruu_ru: posts big blind $1
*** HOLE CARDS ***
canibal27: folds 
Timonessb: raises $1.50 to $2.50
Karl3234: folds 
ru_ruu_ru: calls $1.50
*** FLOP *** [Ts Ad Jh]
ru_ruu_ru: checks 
Timonessb: bets $4
ru_ruu_ru: calls $4
*** TURN *** [Ts Ad Jh] [Th]
ru_ruu_ru: checks 
Timonessb: checks 
*** RIVER *** [Ts Ad Jh Th] [9d]
ru_ruu_ru: checks 
Timonessb: checks 
*** SHOW DOWN ***
ru_ruu_ru: shows [Qd 9c] (two pair, Tens and Nines)
Timonessb: mucks hand 
ru_ruu_ru collected $12.82 from pot
BrandonKelly99 joins the table at seat #2 
BrandonKelly99 is disconnected 
*** SUMMARY ***
Total pot $13.50 | Rake $0.68 
Board [Ts Ad Jh Th 9d]
Seat 1: ru_ruu_ru (big blind) showed [Qd 9c] and won ($12.82) with two pair, Tens and Nines
Seat 3: canibal27 folded before Flop (didn't bet)
Seat 5: Timonessb (button) mucked
Seat 6: Karl3234 (small blind) folded before Flop



PokerStars Hand #254571784929:  Hold'em No Limit ($0.50/$1.00 USD) - 2025/01/26 23:15:36 WET [2025/01/26 18:15:36 ET]
Table 'Sarema IV' 6-max Seat #6 is the button
Seat 1: ru_ruu_ru ($106.32 in chips) 
Seat 2: BrandonKelly99 ($15.26 in chips) 
Seat 3: canibal27 ($139.88 in chips) 
Seat 5: Timonessb ($111.81 in chips) 
Seat 6: Karl3234 ($45.16 in chips) 
Espada Fish joins the table at seat #4 
ru_ruu_ru: posts small blind $0.50
BrandonKelly99: posts big blind $1
*** HOLE CARDS ***
canibal27: folds 
Timonessb: folds 
Karl3234: raises $1.50 to $2.50
ru_ruu_ru: folds 
BrandonKelly99: folds 
Uncalled bet ($1.50) returned to Karl3234
Karl3234 collected $2.50 from pot
Karl3234: doesn't show hand 
*** SUMMARY ***
Total pot $2.50 | Rake $0 
Seat 1: ru_ruu_ru (small blind) folded before Flop
Seat 2: BrandonKelly99 (big blind) folded before Flop
Seat 3: canibal27 folded before Flop (didn't bet)
Seat 5: Timonessb folded before Flop (didn't bet)
Seat 6: Karl3234 (button) collected ($2.50)



PokerStars Hand #254571789845:  Hold'em No Limit ($0.50/$1.00 USD) - 2025/01/26 23:15:54 WET [2025/01/26 18:15:54 ET]
Table 'Sarema IV' 6-max Seat #1 is the button
Seat 4: Espada Fish ($100 in chips) is sitting out
Seat 1: ru_ruu_ru ($105.82 in chips) 
Seat 2: BrandonKelly99 ($14.26 in chips) 
Seat 3: canibal27 ($139.88 in chips) 
Seat 5: Timonessb ($111.81 in chips) 
Seat 6: Karl3234 ($46.66 in chips) 
BrandonKelly99: posts small blind $0.50
canibal27: posts big blind $1
Espada Fish: sits out 
*** HOLE CARDS ***
Timonessb: raises $1.30 to $2.30
Karl3234: calls $2.30
ru_ruu_ru: folds 
BrandonKelly99: calls $1.80
canibal27: folds 
*** FLOP *** [Jc 7s 8h]
BrandonKelly99: checks 
Timonessb: bets $3.83
Karl3234: calls $3.83
BrandonKelly99: folds 
*** TURN *** [Jc 7s 8h] [6s]
Timonessb: checks 
Karl3234: bets $7.39
Timonessb: calls $7.39
*** RIVER *** [Jc 7s 8h 6s] [Kh]
Timonessb: checks 
Karl3234: bets $19.89
Timonessb: calls $19.89
*** SHOW DOWN ***
Karl3234: shows [Qc Kc] (a pair of Kings)
Timonessb: mucks hand 
Karl3234 collected $67.62 from pot
*** SUMMARY ***
Total pot $70.12 | Rake $2.50 
Board [Jc 7s 8h 6s Kh]
Seat 4: Espada Fish
Seat 1: ru_ruu_ru (button) folded before Flop (didn't bet)
Seat 2: BrandonKelly99 (small blind) folded on the Flop
Seat 3: canibal27 (big blind) folded before Flop
Seat 5: Timonessb mucked
Seat 6: Karl3234 showed [Qc Kc] and won ($67.62) with a pair of Kings



PokerStars Hand #254571805141:  Hold'em No Limit ($0.50/$1.00 USD) - 2025/01/26 23:16:51 WET [2025/01/26 18:16:51 ET]
Table 'Sarema IV' 6-max Seat #2 is the button
Seat 1: ru_ruu_ru ($105.82 in chips) 
Seat 2: BrandonKelly99 ($11.96 in chips) 
Seat 3: canibal27 ($138.88 in chips) 
Seat 4: Espada Fish ($100 in chips) 
Seat 5: Timonessb ($100 in chips) 
Seat 6: Karl3234 ($80.87 in chips) 
canibal27: posts small blind $0.50
Espada Fish: posts big blind $1
*** HOLE CARDS ***
Timonessb: folds 
Karl3234: folds 
ru_ruu_ru: folds 
BrandonKelly99: folds 
canibal27: folds 
Uncalled bet ($0.50) returned to Espada Fish
Espada Fish collected $1 from pot
Espada Fish: doesn't show hand 
*** SUMMARY ***
Total pot $1 | Rake $0 
Seat 1: ru_ruu_ru folded before Flop (didn't bet)
Seat 2: BrandonKelly99 (button) folded before Flop (didn't bet)
Seat 3: canibal27 (small blind) folded before Flop
Seat 4: Espada Fish (big blind) collected ($1)
Seat 5: Timonessb folded before Flop (didn't bet)
Seat 6: Karl3234 folded before Flop (didn't bet)



PokerStars Hand #254571809251:  Hold'em No Limit ($0.50/$1.00 USD) - 2025/01/26 23:17:06 WET [2025/01/26 18:17:06 ET]
Table 'Sarema IV' 6-max Seat #3 is the button
Seat 1: ru_ruu_ru ($105.82 in chips) 
Seat 2: BrandonKelly99 ($11.96 in chips) 
Seat 3: canibal27 ($138.38 in chips) 
Seat 4: Espada Fish ($100.50 in chips) 
Seat 5: Timonessb ($100 in chips) 
Seat 6: Karl3234 ($80.87 in chips) 
Espada Fish: posts small blind $0.50
Timonessb: posts big blind $1
*** HOLE CARDS ***
Karl3234: folds 
ru_ruu_ru: raises $2 to $3
BrandonKelly99: folds 
canibal27: folds 
Espada Fish: folds 
Timonessb: folds 
Uncalled bet ($2) returned to ru_ruu_ru
ru_ruu_ru collected $2.50 from pot
ru_ruu_ru: doesn't show hand 
*** SUMMARY ***
Total pot $2.50 | Rake $0 
Seat 1: ru_ruu_ru collected ($2.50)
Seat 2: BrandonKelly99 folded before Flop (didn't bet)
Seat 3: canibal27 (button) folded before Flop (didn't bet)
Seat 4: Espada Fish (small blind) folded before Flop
Seat 5: Timonessb (big blind) folded before Flop
Seat 6: Karl3234 folded before Flop (didn't bet)



PokerStars Hand #254571814202:  Hold'em No Limit ($0.50/$1.00 USD) - 2025/01/26 23:17:24 WET [2025/01/26 18:17:24 ET]
Table 'Sarema IV' 6-max Seat #4 is the button
Seat 1: ru_ruu_ru ($107.32 in chips) 
Seat 2: BrandonKelly99 ($11.96 in chips) 
Seat 3: canibal27 ($138.38 in chips) 
Seat 4: Espada Fish ($100 in chips) 
Seat 5: Timonessb ($100 in chips) 
Seat 6: Karl3234 ($80.87 in chips) 
Timonessb: posts small blind $0.50
Karl3234: posts big blind $1
*** HOLE CARDS ***
ru_ruu_ru: raises $1.20 to $2.20
BrandonKelly99: folds 
canibal27: folds 
Espada Fish: folds 
Timonessb: folds 
Karl3234: calls $1.20
*** FLOP *** [Ah 2h Kd]
Karl3234: checks 
ru_ruu_ru: bets $1.54
Karl3234: calls $1.54
*** TURN *** [Ah 2h Kd] [8c]
Karl3234: checks 
ru_ruu_ru: checks 
*** RIVER *** [Ah 2h Kd 8c] [5c]
Karl3234: checks 
ru_ruu_ru: checks 
*** SHOW DOWN ***
Karl3234: shows [Jd 7d] (high card Ace)
ru_ruu_ru: shows [3s 3h] (a pair of Threes)
ru_ruu_ru collected $7.58 from pot
*** SUMMARY ***
Total pot $7.98 | Rake $0.40 
Board [Ah 2h Kd 8c 5c]
Seat 1: ru_ruu_ru showed [3s 3h] and won ($7.58) with a pair of Threes
Seat 2: BrandonKelly99 folded before Flop (didn't bet)
Seat 3: canibal27 folded before Flop (didn't bet)
Seat 4: Espada Fish (button) folded before Flop (didn't bet)
Seat 5: Timonessb (small blind) folded before Flop
Seat 6: Karl3234 (big blind) showed [Jd 7d] and lost with high card Ace



PokerStars Hand #254571825953:  Hold'em No Limit ($0.50/$1.00 USD) - 2025/01/26 23:18:08 WET [2025/01/26 18:18:08 ET]
Table 'Sarema IV' 6-max Seat #5 is the button
Seat 1: ru_ruu_ru ($111.16 in chips) 
Seat 2: BrandonKelly99 ($11.96 in chips) 
Seat 3: canibal27 ($138.38 in chips) 
Seat 4: Espada Fish ($100 in chips) 
Seat 5: Timonessb ($100 in chips) 
Seat 6: Karl3234 ($77.13 in chips) 
Karl3234: posts small blind $0.50
ru_ruu_ru: posts big blind $1
*** HOLE CARDS ***
BrandonKelly99: calls $1
canibal27: folds 
Espada Fish: folds 
Timonessb: folds 
Karl3234: folds 
ru_ruu_ru: checks 
*** FLOP *** [Ah 9d 4c]
ru_ruu_ru: checks 
BrandonKelly99: bets $1
ru_ruu_ru: folds 
Uncalled bet ($1) returned to BrandonKelly99
BrandonKelly99 collected $2.38 from pot
*** SUMMARY ***
Total pot $2.50 | Rake $0.12 
Board [Ah 9d 4c]
Seat 1: ru_ruu_ru (big blind) folded on the Flop
Seat 2: BrandonKelly99 collected ($2.38)
Seat 3: canibal27 folded before Flop (didn't bet)
Seat 4: Espada Fish folded before Flop (didn't bet)
Seat 5: Timonessb (button) folded before Flop (didn't bet)
Seat 6: Karl3234 (small blind) folded before Flop



PokerStars Hand #254571839533:  Hold'em No Limit ($0.50/$1.00 USD) - 2025/01/26 23:18:58 WET [2025/01/26 18:18:58 ET]
Table 'Sarema IV' 6-max Seat #6 is the button
Seat 4: Espada Fish ($100 in chips) is sitting out
Seat 1: ru_ruu_ru ($110.16 in chips) 
Seat 2: BrandonKelly99 ($13.34 in chips) 
Seat 3: canibal27 ($138.38 in chips) 
Seat 5: Timonessb ($100 in chips) 
Seat 6: Karl3234 ($76.63 in chips) 
ru_ruu_ru: posts small blind $0.50
BrandonKelly99: posts big blind $1
*** HOLE CARDS ***
canibal27: folds 
Timonessb: raises $1.30 to $2.30
Karl3234: raises $5.70 to $8
ru_ruu_ru: folds 
BrandonKelly99: folds 
Timonessb: calls $5.70
*** FLOP *** [6c 9d 2d]
Timonessb: checks 
Karl3234: bets $8.31
Timonessb: raises $83.69 to $92 and is all-in
Karl3234: folds 
Uncalled bet ($83.69) returned to Timonessb
Timonessb collected $32.41 from pot
*** SUMMARY ***
Total pot $34.12 | Rake $1.71 
Board [6c 9d 2d]
Seat 4: Espada Fish
Seat 1: ru_ruu_ru (small blind) folded before Flop
Seat 2: BrandonKelly99 (big blind) folded before Flop
Seat 3: canibal27 folded before Flop (didn't bet)
Seat 5: Timonessb collected ($32.41)
Seat 6: Karl3234 (button) folded on the Flop



PokerStars Hand #254571850685:  Hold'em No Limit ($0.50/$1.00 USD) - 2025/01/26 23:19:40 WET [2025/01/26 18:19:40 ET]
Table 'Sarema IV' 6-max Seat #1 is the button
Seat 4: Espada Fish ($100 in chips) is sitting out
Seat 1: ru_ruu_ru ($109.66 in chips) 
Seat 2: BrandonKelly99 ($12.34 in chips) 
Seat 3: canibal27 ($138.38 in chips) 
Seat 5: Timonessb ($116.10 in chips) 
Seat 6: Karl3234 ($60.32 in chips) 
BrandonKelly99: posts small blind $0.50
canibal27: posts big blind $1
*** HOLE CARDS ***
Timonessb: raises $1.30 to $2.30
Karl3234: folds 
ru_ruu_ru: folds 
BrandonKelly99: folds 
canibal27: folds 
Uncalled bet ($1.30) returned to Timonessb
Timonessb collected $2.50 from pot
*** SUMMARY ***
Total pot $2.50 | Rake $0 
Seat 4: Espada Fish
Seat 1: ru_ruu_ru (button) folded before Flop (didn't bet)
Seat 2: BrandonKelly99 (small blind) folded before Flop
Seat 3: canibal27 (big blind) folded before Flop
Seat 5: Timonessb collected ($2.50)
Seat 6: Karl3234 folded before Flop (didn't bet)



PokerStars Hand #254571853914:  Hold'em No Limit ($0.50/$1.00 USD) - 2025/01/26 23:19:52 WET [2025/01/26 18:19:52 ET]
Table 'Sarema IV' 6-max Seat #2 is the button
Seat 4: Espada Fish ($100 in chips) is sitting out
Seat 1: ru_ruu_ru ($109.66 in chips) 
Seat 2: BrandonKelly99 ($11.84 in chips) 
Seat 3: canibal27 ($137.38 in chips) 
Seat 5: Timonessb ($117.60 in chips) 
Seat 6: Karl3234 ($60.32 in chips) 
canibal27: posts small blind $0.50
Timonessb: posts big blind $1
*** HOLE CARDS ***
Karl3234: raises $1.50 to $2.50
ru_ruu_ru: folds 
BrandonKelly99: folds 
canibal27: folds 
Timonessb: calls $1.50
*** FLOP *** [Qh 5d Ah]
Timonessb: checks 
Karl3234: bets $2.61
Timonessb: calls $2.61
*** TURN *** [Qh 5d Ah] [5s]
Timonessb: checks 
Karl3234: bets $7.02
Timonessb: folds 
Uncalled bet ($7.02) returned to Karl3234
Karl3234 collected $10.18 from pot
Karl3234: doesn't show hand 
*** SUMMARY ***
Total pot $10.72 | Rake $0.54 
Board [Qh 5d Ah 5s]
Seat 4: Espada Fish
Seat 1: ru_ruu_ru folded before Flop (didn't bet)
Seat 2: BrandonKelly99 (button) folded before Flop (didn't bet)
Seat 3: canibal27 (small blind) folded before Flop
Seat 5: Timonessb (big blind) folded on the Turn
Seat 6: Karl3234 collected ($10.18)



PokerStars Hand #254571862823:  Hold'em No Limit ($0.50/$1.00 USD) - 2025/01/26 23:20:26 WET [2025/01/26 18:20:26 ET]
Table 'Sarema IV' 6-max Seat #3 is the button
Seat 4: Espada Fish ($100 in chips) is sitting out
Seat 1: ru_ruu_ru ($109.66 in chips) 
Seat 2: BrandonKelly99 ($11.84 in chips) 
Seat 3: canibal27 ($136.88 in chips) 
Seat 5: Timonessb ($112.49 in chips) 
Seat 6: Karl3234 ($65.39 in chips) 
Timonessb: posts small blind $0.50
Karl3234: posts big blind $1
*** HOLE CARDS ***
ru_ruu_ru: folds 
BrandonKelly99: raises $1 to $2
canibal27: folds 
Timonessb: folds 
Karl3234: folds 
Uncalled bet ($1) returned to BrandonKelly99
BrandonKelly99 collected $2.50 from pot
*** SUMMARY ***
Total pot $2.50 | Rake $0 
Seat 4: Espada Fish
Seat 1: ru_ruu_ru folded before Flop (didn't bet)
Seat 2: BrandonKelly99 collected ($2.50)
Seat 3: canibal27 (button) folded before Flop (didn't bet)
Seat 5: Timonessb (small blind) folded before Flop
Seat 6: Karl3234 (big blind) folded before Flop



PokerStars Hand #254571866566:  Hold'em No Limit ($0.50/$1.00 USD) - 2025/01/26 23:20:40 WET [2025/01/26 18:20:40 ET]
Table 'Sarema IV' 6-max Seat #5 is the button
Seat 4: Espada Fish ($100 in chips) is sitting out
Seat 1: ru_ruu_ru ($109.66 in chips) 
Seat 2: BrandonKelly99 ($13.34 in chips) 
Seat 3: canibal27 ($136.88 in chips) 
Seat 5: Timonessb ($111.99 in chips) 
Seat 6: Karl3234 ($64.39 in chips) 
Karl3234: posts small blind $0.50
ru_ruu_ru: posts big blind $1
*** HOLE CARDS ***
BrandonKelly99: calls $1
canibal27: folds 
Timonessb: folds 
Karl3234: raises $2 to $3
ru_ruu_ru: raises $17 to $20
BrandonKelly99: folds 
Karl3234: raises $44.39 to $64.39 and is all-in
ru_ruu_ru: calls $44.39
*** FLOP *** [6s 7d Kh]
*** TURN *** [6s 7d Kh] [5h]
*** RIVER *** [6s 7d Kh 5h] [2h]
*** SHOW DOWN ***
Karl3234: shows [Ad Ah] (a pair of Aces)
ru_ruu_ru: shows [Jd Ac] (high card Ace)
Karl3234 collected $127.28 from pot
*** SUMMARY ***
Total pot $129.78 | Rake $2.50 
Board [6s 7d Kh 5h 2h]
Seat 4: Espada Fish
Seat 1: ru_ruu_ru (big blind) showed [Jd Ac] and lost with high card Ace
Seat 2: BrandonKelly99 folded before Flop
Seat 3: canibal27 folded before Flop (didn't bet)
Seat 5: Timonessb (button) folded before Flop (didn't bet)
Seat 6: Karl3234 (small blind) showed [Ad Ah] and won ($127.28) with a pair of Aces



PokerStars Hand #254571879097:  Hold'em No Limit ($0.50/$1.00 USD) - 2025/01/26 23:21:27 WET [2025/01/26 18:21:27 ET]
Table 'Sarema IV' 6-max Seat #6 is the button
Seat 4: Espada Fish ($100 in chips) is sitting out
Seat 1: ru_ruu_ru ($100 in chips) 
Seat 2: BrandonKelly99 ($12.34 in chips) 
Seat 3: canibal27 ($136.88 in chips) 
Seat 5: Timonessb ($111.99 in chips) 
Seat 6: Karl3234 ($127.28 in chips) 
ru_ruu_ru: posts small blind $0.50
BrandonKelly99: posts big blind $1
*** HOLE CARDS ***
canibal27: folds 
Timonessb: folds 
Karl3234: folds 
ru_ruu_ru: folds 
Uncalled bet ($0.50) returned to BrandonKelly99
BrandonKelly99 collected $1 from pot
*** SUMMARY ***
Total pot $1 | Rake $0 
Seat 4: Espada Fish
Seat 1: ru_ruu_ru (small blind) folded before Flop
Seat 2: BrandonKelly99 (big blind) collected ($1)
Seat 3: canibal27 folded before Flop (didn't bet)
Seat 5: Timonessb folded before Flop (didn't bet)
Seat 6: Karl3234 (button) folded before Flop (didn't bet)



PokerStars Hand #254571882112:  Hold'em No Limit ($0.50/$1.00 USD) - 2025/01/26 23:21:38 WET [2025/01/26 18:21:38 ET]
Table 'Sarema IV' 6-max Seat #1 is the button
Seat 4: Espada Fish ($100 in chips) is sitting out
Seat 1: ru_ruu_ru ($100 in chips) 
Seat 2: BrandonKelly99 ($12.84 in chips) 
Seat 3: canibal27 ($136.88 in chips) 
Seat 5: Timonessb ($111.99 in chips) 
Seat 6: Karl3234 ($127.28 in chips) 
BrandonKelly99: posts small blind $0.50
canibal27: posts big blind $1
*** HOLE CARDS ***
Timonessb: folds 
Karl3234: folds 
ru_ruu_ru: raises $1.50 to $2.50
BrandonKelly99: folds 
canibal27: raises $9.50 to $12
ru_ruu_ru: raises $12 to $24
canibal27: raises $112.88 to $136.88 and is all-in
ru_ruu_ru: calls $76 and is all-in
Uncalled bet ($36.88) returned to canibal27
*** FLOP *** [9s Ts Jh]
*** TURN *** [9s Ts Jh] [8d]
*** RIVER *** [9s Ts Jh 8d] [2c]
*** SHOW DOWN ***
canibal27: shows [Kc Kd] (a pair of Kings)
ru_ruu_ru: shows [Ks Ad] (high card Ace)
canibal27 collected $198 from pot
*** SUMMARY ***
Total pot $200.50 | Rake $2.50 
Board [9s Ts Jh 8d 2c]
Seat 4: Espada Fish
Seat 1: ru_ruu_ru (button) showed [Ks Ad] and lost with high card Ace
Seat 2: BrandonKelly99 (small blind) folded before Flop
Seat 3: canibal27 (big blind) showed [Kc Kd] and won ($198) with a pair of Kings
Seat 5: Timonessb folded before Flop (didn't bet)
Seat 6: Karl3234 folded before Flop (didn't bet)



PokerStars Hand #254571893194:  Hold'em No Limit ($0.50/$1.00 USD) - 2025/01/26 23:22:20 WET [2025/01/26 18:22:20 ET]
Table 'Sarema IV' 6-max Seat #2 is the button
Seat 4: Espada Fish ($100 in chips) is sitting out
Seat 1: ru_ruu_ru ($100 in chips) 
Seat 2: BrandonKelly99 ($12.34 in chips) 
Seat 3: canibal27 ($234.88 in chips) 
Seat 5: Timonessb ($111.99 in chips) 
Seat 6: Karl3234 ($127.28 in chips) 
canibal27: posts small blind $0.50
Timonessb: posts big blind $1
*** HOLE CARDS ***
Karl3234: folds 
ru_ruu_ru: folds 
BrandonKelly99: raises $1 to $2
canibal27: folds 
Timonessb: folds 
Uncalled bet ($1) returned to BrandonKelly99
BrandonKelly99 collected $2.50 from pot
*** SUMMARY ***
Total pot $2.50 | Rake $0 
Seat 4: Espada Fish
Seat 1: ru_ruu_ru folded before Flop (didn't bet)
Seat 2: BrandonKelly99 (button) collected ($2.50)
Seat 3: canibal27 (small blind) folded before Flop
Seat 5: Timonessb (big blind) folded before Flop
Seat 6: Karl3234 folded before Flop (didn't bet)



PokerStars Hand #254571897196:  Hold'em No Limit ($0.50/$1.00 USD) - 2025/01/26 23:22:35 WET [2025/01/26 18:22:35 ET]
Table 'Sarema IV' 6-max Seat #3 is the button
Seat 4: Espada Fish ($100 in chips) is sitting out
Seat 1: ru_ruu_ru ($100 in chips) 
Seat 2: BrandonKelly99 ($13.84 in chips) 
Seat 3: canibal27 ($234.38 in chips) 
Seat 5: Timonessb ($110.99 in chips) 
Seat 6: Karl3234 ($127.28 in chips) 
Timonessb: posts small blind $0.50
Karl3234: posts big blind $1
*** HOLE CARDS ***
ru_ruu_ru: raises $1.50 to $2.50
BrandonKelly99: calls $2.50
canibal27: calls $2.50
Timonessb: folds 
Karl3234: folds 
*** FLOP *** [6h 8c Qs]
ru_ruu_ru: bets $2.82
BrandonKelly99: raises $8.52 to $11.34 and is all-in
canibal27: folds 
ru_ruu_ru: folds 
Uncalled bet ($8.52) returned to BrandonKelly99
BrandonKelly99 collected $13.91 from pot
*** SUMMARY ***
Total pot $14.64 | Rake $0.73 
Board [6h 8c Qs]
Seat 4: Espada Fish
Seat 1: ru_ruu_ru folded on the Flop
Seat 2: BrandonKelly99 collected ($13.91)
Seat 3: canibal27 (button) folded on the Flop
Seat 5: Timonessb (small blind) folded before Flop
Seat 6: Karl3234 (big blind) folded before Flop



PokerStars Hand #254571903978:  Hold'em No Limit ($0.50/$1.00 USD) - 2025/01/26 23:23:00 WET [2025/01/26 18:23:00 ET]
Table 'Sarema IV' 6-max Seat #5 is the button
Seat 4: Espada Fish ($100 in chips) is sitting out
Seat 1: ru_ruu_ru ($100 in chips) 
Seat 2: BrandonKelly99 ($22.43 in chips) 
Seat 3: canibal27 ($231.88 in chips) 
Seat 5: Timonessb ($110.49 in chips) 
Seat 6: Karl3234 ($126.28 in chips) 
Karl3234: posts small blind $0.50
ru_ruu_ru: posts big blind $1
*** HOLE CARDS ***
BrandonKelly99: folds 
canibal27: folds 
Timonessb: raises $1.50 to $2.50
Karl3234: calls $2
ru_ruu_ru: calls $1.50
*** FLOP *** [Qc 4s 4h]
Karl3234: checks 
ru_ruu_ru: checks 
Timonessb: checks 
*** TURN *** [Qc 4s 4h] [7c]
Karl3234: checks 
ru_ruu_ru: bets $3.56
Timonessb: raises $10.54 to $14.10
Karl3234: folds 
ru_ruu_ru: calls $10.54
*** RIVER *** [Qc 4s 4h 7c] [4d]
ru_ruu_ru: checks 
Timonessb: checks 
*** SHOW DOWN ***
ru_ruu_ru: shows [Ts Qd] (a full house, Fours full of Queens)
Timonessb: mucks hand 
ru_ruu_ru collected $33.92 from pot
*** SUMMARY ***
Total pot $35.70 | Rake $1.78 
Board [Qc 4s 4h 7c 4d]
Seat 4: Espada Fish
Seat 1: ru_ruu_ru (big blind) showed [Ts Qd] and won ($33.92) with a full house, Fours full of Queens
Seat 2: BrandonKelly99 folded before Flop (didn't bet)
Seat 3: canibal27 folded before Flop (didn't bet)
Seat 5: Timonessb (button) mucked
Seat 6: Karl3234 (small blind) folded on the Turn



PokerStars Hand #254571920947:  Hold'em No Limit ($0.50/$1.00 USD) - 2025/01/26 23:24:04 WET [2025/01/26 18:24:04 ET]
Table 'Sarema IV' 6-max Seat #6 is the button
Seat 4: Espada Fish ($100 in chips) is sitting out
Seat 1: ru_ruu_ru ($117.32 in chips) 
Seat 2: BrandonKelly99 ($22.43 in chips) 
Seat 3: canibal27 ($231.88 in chips) 
Seat 5: Timonessb ($100 in chips) 
Seat 6: Karl3234 ($123.78 in chips) 
ru_ruu_ru: posts small blind $0.50
BrandonKelly99: posts big blind $1
*** HOLE CARDS ***
canibal27: folds 
Timonessb: folds 
Karl3234: raises $1.50 to $2.50
ru_ruu_ru: folds 
BrandonKelly99: folds 
Uncalled bet ($1.50) returned to Karl3234
Karl3234 collected $2.50 from pot
Karl3234: doesn't show hand 
*** SUMMARY ***
Total pot $2.50 | Rake $0 
Seat 4: Espada Fish
Seat 1: ru_ruu_ru (small blind) folded before Flop
Seat 2: BrandonKelly99 (big blind) folded before Flop
Seat 3: canibal27 folded before Flop (didn't bet)
Seat 5: Timonessb folded before Flop (didn't bet)
Seat 6: Karl3234 (button) collected ($2.50)



PokerStars Hand #254571925347:  Hold'em No Limit ($0.50/$1.00 USD) - 2025/01/26 23:24:20 WET [2025/01/26 18:24:20 ET]
Table 'Sarema IV' 6-max Seat #1 is the button
Seat 4: Espada Fish ($100 in chips) is sitting out
Seat 1: ru_ruu_ru ($116.82 in chips) 
Seat 2: BrandonKelly99 ($21.43 in chips) 
Seat 3: canibal27 ($231.88 in chips) 
Seat 5: Timonessb ($100 in chips) 
Seat 6: Karl3234 ($125.28 in chips) 
BrandonKelly99: posts small blind $0.50
canibal27: posts big blind $1
*** HOLE CARDS ***
Timonessb: folds 
Karl3234: folds 
ru_ruu_ru: folds 
BrandonKelly99: folds 
Uncalled bet ($0.50) returned to canibal27
canibal27 collected $1 from pot
canibal27: doesn't show hand 
*** SUMMARY ***
Total pot $1 | Rake $0 
Seat 4: Espada Fish
Seat 1: ru_ruu_ru (button) folded before Flop (didn't bet)
Seat 2: BrandonKelly99 (small blind) folded before Flop
Seat 3: canibal27 (big blind) collected ($1)
Seat 5: Timonessb folded before Flop (didn't bet)
Seat 6: Karl3234 folded before Flop (didn't bet)



PokerStars Hand #254571928068:  Hold'em No Limit ($0.50/$1.00 USD) - 2025/01/26 23:24:31 WET [2025/01/26 18:24:31 ET]
Table 'Sarema IV' 6-max Seat #2 is the button
Seat 4: Espada Fish ($100 in chips) is sitting out
Seat 1: ru_ruu_ru ($116.82 in chips) 
Seat 2: BrandonKelly99 ($20.93 in chips) 
Seat 3: canibal27 ($232.38 in chips) 
Seat 5: Timonessb ($100 in chips) 
Seat 6: Karl3234 ($125.28 in chips) 
canibal27: posts small blind $0.50
Timonessb: posts big blind $1
*** HOLE CARDS ***
Karl3234: folds 
ru_ruu_ru: raises $1.50 to $2.50
BrandonKelly99: folds 
canibal27: folds 
Timonessb: folds 
Uncalled bet ($1.50) returned to ru_ruu_ru
ru_ruu_ru collected $2.50 from pot
ru_ruu_ru: doesn't show hand 
*** SUMMARY ***
Total pot $2.50 | Rake $0 
Seat 4: Espada Fish
Seat 1: ru_ruu_ru collected ($2.50)
Seat 2: BrandonKelly99 (button) folded before Flop (didn't bet)
Seat 3: canibal27 (small blind) folded before Flop
Seat 5: Timonessb (big blind) folded before Flop
Seat 6: Karl3234 folded before Flop (didn't bet)



PokerStars Hand #254571932434:  Hold'em No Limit ($0.50/$1.00 USD) - 2025/01/26 23:24:47 WET [2025/01/26 18:24:47 ET]
Table 'Sarema IV' 6-max Seat #3 is the button
Seat 4: Espada Fish ($100 in chips) is sitting out
Seat 1: ru_ruu_ru ($118.32 in chips) 
Seat 2: BrandonKelly99 ($20.93 in chips) 
Seat 3: canibal27 ($231.88 in chips) 
Seat 5: Timonessb ($100 in chips) 
Seat 6: Karl3234 ($125.28 in chips) 
Timonessb: posts small blind $0.50
Karl3234: posts big blind $1
*** HOLE CARDS ***
ru_ruu_ru: raises $1.20 to $2.20
BrandonKelly99: folds 
canibal27: folds 
Timonessb: folds 
Karl3234: folds 
Uncalled bet ($1.20) returned to ru_ruu_ru
ru_ruu_ru collected $2.50 from pot
ru_ruu_ru: doesn't show hand 
*** SUMMARY ***
Total pot $2.50 | Rake $0 
Seat 4: Espada Fish
Seat 1: ru_ruu_ru collected ($2.50)
Seat 2: BrandonKelly99 folded before Flop (didn't bet)
Seat 3: canibal27 (button) folded before Flop (didn't bet)
Seat 5: Timonessb (small blind) folded before Flop
Seat 6: Karl3234 (big blind) folded before Flop



PokerStars Hand #254571936346:  Hold'em No Limit ($0.50/$1.00 USD) - 2025/01/26 23:25:02 WET [2025/01/26 18:25:02 ET]
Table 'Sarema IV' 6-max Seat #5 is the button
Seat 4: Espada Fish ($100 in chips) is sitting out
Seat 1: ru_ruu_ru ($119.82 in chips) 
Seat 2: BrandonKelly99 ($20.93 in chips) 
Seat 3: canibal27 ($231.88 in chips) 
Seat 5: Timonessb ($100 in chips) 
Seat 6: Karl3234 ($124.28 in chips) 
Karl3234: posts small blind $0.50
ru_ruu_ru: posts big blind $1
*** HOLE CARDS ***
BrandonKelly99: folds 
canibal27: raises $1.30 to $2.30
Timonessb: raises $5.20 to $7.50
Karl3234: folds 
ru_ruu_ru: folds 
canibal27: folds 
Uncalled bet ($5.20) returned to Timonessb
Timonessb collected $6.10 from pot
*** SUMMARY ***
Total pot $6.10 | Rake $0 
Seat 4: Espada Fish
Seat 1: ru_ruu_ru (big blind) folded before Flop
Seat 2: BrandonKelly99 folded before Flop (didn't bet)
Seat 3: canibal27 folded before Flop
Seat 5: Timonessb (button) collected ($6.10)
Seat 6: Karl3234 (small blind) folded before Flop



PokerStars Hand #254571942001:  Hold'em No Limit ($0.50/$1.00 USD) - 2025/01/26 23:25:23 WET [2025/01/26 18:25:23 ET]
Table 'Sarema IV' 6-max Seat #6 is the button
Seat 4: Espada Fish ($100 in chips) is sitting out
Seat 1: ru_ruu_ru ($118.82 in chips) 
Seat 2: BrandonKelly99 ($20.93 in chips) 
Seat 3: canibal27 ($229.58 in chips) 
Seat 5: Timonessb ($103.80 in chips) 
Seat 6: Karl3234 ($123.78 in chips) 
ru_ruu_ru: posts small blind $0.50
BrandonKelly99: posts big blind $1
Espada Fish: sits out 
*** HOLE CARDS ***
canibal27: folds 
Timonessb: raises $1.30 to $2.30
Karl3234: folds 
ru_ruu_ru: folds 
BrandonKelly99: folds 
Uncalled bet ($1.30) returned to Timonessb
Timonessb collected $2.50 from pot
*** SUMMARY ***
Total pot $2.50 | Rake $0 
Seat 4: Espada Fish
Seat 1: ru_ruu_ru (small blind) folded before Flop
Seat 2: BrandonKelly99 (big blind) folded before Flop
Seat 3: canibal27 folded before Flop (didn't bet)
Seat 5: Timonessb collected ($2.50)
Seat 6: Karl3234 (button) folded before Flop (didn't bet)



PokerStars Hand #254571947973:  Hold'em No Limit ($0.50/$1.00 USD) - 2025/01/26 23:25:46 WET [2025/01/26 18:25:46 ET]
Table 'Sarema IV' 6-max Seat #1 is the button
Seat 4: Espada Fish ($100 in chips) is sitting out
Seat 1: ru_ruu_ru ($118.32 in chips) 
Seat 2: BrandonKelly99 ($19.93 in chips) 
Seat 3: canibal27 ($229.58 in chips) 
Seat 5: Timonessb ($105.30 in chips) 
Seat 6: Karl3234 ($123.78 in chips) 
BrandonKelly99: posts small blind $0.50
canibal27: posts big blind $1
Espada Fish: sits out 
*** HOLE CARDS ***
Timonessb: folds 
Karl3234: folds 
ru_ruu_ru: folds 
BrandonKelly99: folds 
Uncalled bet ($0.50) returned to canibal27
canibal27 collected $1 from pot
canibal27: doesn't show hand 
*** SUMMARY ***
Total pot $1 | Rake $0 
Seat 4: Espada Fish
Seat 1: ru_ruu_ru (button) folded before Flop (didn't bet)
Seat 2: BrandonKelly99 (small blind) folded before Flop
Seat 3: canibal27 (big blind) collected ($1)
Seat 5: Timonessb folded before Flop (didn't bet)
Seat 6: Karl3234 folded before Flop (didn't bet)



PokerStars Hand #254571950916:  Hold'em No Limit ($0.50/$1.00 USD) - 2025/01/26 23:25:57 WET [2025/01/26 18:25:57 ET]
Table 'Sarema IV' 6-max Seat #2 is the button
Seat 1: ru_ruu_ru ($118.32 in chips) 
Seat 2: BrandonKelly99 ($19.43 in chips) 
Seat 3: canibal27 ($230.08 in chips) 
Seat 4: Espada Fish ($100 in chips) 
Seat 5: Timonessb ($105.30 in chips) 
Seat 6: Karl3234 ($123.78 in chips) 
canibal27: posts small blind $0.50
Espada Fish: posts big blind $1
*** HOLE CARDS ***
Timonessb: raises $1.30 to $2.30
Karl3234: calls $2.30
ru_ruu_ru: folds 
BrandonKelly99: folds 
canibal27: folds 
Espada Fish: folds 
*** FLOP *** [Jd 9d 4h]
Timonessb: bets $3.89
Karl3234: calls $3.89
*** TURN *** [Jd 9d 4h] [Qs]
Timonessb: bets $9.84
Karl3234: calls $9.84
*** RIVER *** [Jd 9d 4h Qs] [4d]
Timonessb: bets $31
Karl3234: folds 
Uncalled bet ($31) returned to Timonessb
Timonessb collected $31.88 from pot
*** SUMMARY ***
Total pot $33.56 | Rake $1.68 
Board [Jd 9d 4h Qs 4d]
Seat 1: ru_ruu_ru folded before Flop (didn't bet)
Seat 2: BrandonKelly99 (button) folded before Flop (didn't bet)
Seat 3: canibal27 (small blind) folded before Flop
Seat 4: Espada Fish (big blind) folded before Flop
Seat 5: Timonessb collected ($31.88)
Seat 6: Karl3234 folded on the River



PokerStars Hand #254571969826:  Hold'em No Limit ($0.50/$1.00 USD) - 2025/01/26 23:27:08 WET [2025/01/26 18:27:08 ET]
Table 'Sarema IV' 6-max Seat #3 is the button
Seat 1: ru_ruu_ru ($118.32 in chips) 
Seat 2: BrandonKelly99 ($19.43 in chips) 
Seat 3: canibal27 ($229.58 in chips) 
Seat 4: Espada Fish ($100 in chips) 
Seat 5: Timonessb ($121.15 in chips) 
Seat 6: Karl3234 ($107.75 in chips) 
Espada Fish: posts small blind $0.50
Timonessb: posts big blind $1
*** HOLE CARDS ***
Karl3234: folds 
ru_ruu_ru: folds 
BrandonKelly99: folds 
canibal27: folds 
Espada Fish: folds 
Uncalled bet ($0.50) returned to Timonessb
Timonessb collected $1 from pot
*** SUMMARY ***
Total pot $1 | Rake $0 
Seat 1: ru_ruu_ru folded before Flop (didn't bet)
Seat 2: BrandonKelly99 folded before Flop (didn't bet)
Seat 3: canibal27 (button) folded before Flop (didn't bet)
Seat 4: Espada Fish (small blind) folded before Flop
Seat 5: Timonessb (big blind) collected ($1)
Seat 6: Karl3234 folded before Flop (didn't bet)



PokerStars Hand #254571974077:  Hold'em No Limit ($0.50/$1.00 USD) - 2025/01/26 23:27:24 WET [2025/01/26 18:27:24 ET]
Table 'Sarema IV' 6-max Seat #4 is the button
Seat 1: ru_ruu_ru ($118.32 in chips) 
Seat 2: BrandonKelly99 ($19.43 in chips) 
Seat 3: canibal27 ($229.58 in chips) 
Seat 4: Espada Fish ($100 in chips) 
Seat 5: Timonessb ($121.65 in chips) 
Seat 6: Karl3234 ($107.75 in chips) 
Timonessb: posts small blind $0.50
Karl3234: posts big blind $1
*** HOLE CARDS ***
ru_ruu_ru: folds 
BrandonKelly99: folds 
canibal27: folds 
Espada Fish: raises $1.50 to $2.50
Timonessb: folds 
Karl3234: folds 
Uncalled bet ($1.50) returned to Espada Fish
Espada Fish collected $2.50 from pot
Espada Fish: doesn't show hand 
*** SUMMARY ***
Total pot $2.50 | Rake $0 
Seat 1: ru_ruu_ru folded before Flop (didn't bet)
Seat 2: BrandonKelly99 folded before Flop (didn't bet)
Seat 3: canibal27 folded before Flop (didn't bet)
Seat 4: Espada Fish (button) collected ($2.50)
Seat 5: Timonessb (small blind) folded before Flop
Seat 6: Karl3234 (big blind) folded before Flop



PokerStars Hand #254571980337:  Hold'em No Limit ($0.50/$1.00 USD) - 2025/01/26 23:27:47 WET [2025/01/26 18:27:47 ET]
Table 'Sarema IV' 6-max Seat #5 is the button
Seat 1: ru_ruu_ru ($118.32 in chips) 
Seat 2: BrandonKelly99 ($19.43 in chips) 
Seat 3: canibal27 ($229.58 in chips) 
Seat 4: Espada Fish ($101.50 in chips) 
Seat 5: Timonessb ($121.15 in chips) 
Seat 6: Karl3234 ($106.75 in chips) 
Karl3234: posts small blind $0.50
ru_ruu_ru: posts big blind $1
*** HOLE CARDS ***
BrandonKelly99: raises $1 to $2
canibal27: folds 
Espada Fish: raises $4 to $6
Timonessb: folds 
Karl3234: folds 
ru_ruu_ru: folds 
BrandonKelly99: calls $4
*** FLOP *** [Ks As 6c]
BrandonKelly99: checks 
Espada Fish: bets $2.50
BrandonKelly99: folds 
Uncalled bet ($2.50) returned to Espada Fish
Espada Fish collected $12.82 from pot
Espada Fish: doesn't show hand 
*** SUMMARY ***
Total pot $13.50 | Rake $0.68 
Board [Ks As 6c]
Seat 1: ru_ruu_ru (big blind) folded before Flop
Seat 2: BrandonKelly99 folded on the Flop
Seat 3: canibal27 folded before Flop (didn't bet)
Seat 4: Espada Fish collected ($12.82)
Seat 5: Timonessb (button) folded before Flop (didn't bet)
Seat 6: Karl3234 (small blind) folded before Flop



PokerStars Hand #254571989577:  Hold'em No Limit ($0.50/$1.00 USD) - 2025/01/26 23:28:23 WET [2025/01/26 18:28:23 ET]
Table 'Sarema IV' 6-max Seat #6 is the button
Seat 1: ru_ruu_ru ($117.32 in chips) 
Seat 2: BrandonKelly99 ($13.43 in chips) 
Seat 3: canibal27 ($229.58 in chips) 
Seat 4: Espada Fish ($108.32 in chips) 
Seat 5: Timonessb ($121.15 in chips) 
Seat 6: Karl3234 ($106.25 in chips) 
ru_ruu_ru: posts small blind $0.50
BrandonKelly99: posts big blind $1
*** HOLE CARDS ***
canibal27: folds 
Espada Fish: folds 
Timonessb: raises $1.30 to $2.30
Karl3234: folds 
ru_ruu_ru: folds 
BrandonKelly99: calls $1.30
*** FLOP *** [4s 4d Qc]
BrandonKelly99: bets $11.13 and is all-in
Timonessb: folds 
Uncalled bet ($11.13) returned to BrandonKelly99
BrandonKelly99 collected $4.84 from pot
*** SUMMARY ***
Total pot $5.10 | Rake $0.26 
Board [4s 4d Qc]
Seat 1: ru_ruu_ru (small blind) folded before Flop
Seat 2: BrandonKelly99 (big blind) collected ($4.84)
Seat 3: canibal27 folded before Flop (didn't bet)
Seat 4: Espada Fish folded before Flop (didn't bet)
Seat 5: Timonessb folded on the Flop
Seat 6: Karl3234 (button) folded before Flop (didn't bet)



PokerStars Hand #254571996556:  Hold'em No Limit ($0.50/$1.00 USD) - 2025/01/26 23:28:49 WET [2025/01/26 18:28:49 ET]
Table 'Sarema IV' 6-max Seat #1 is the button
Seat 1: ru_ruu_ru ($116.82 in chips) 
Seat 2: BrandonKelly99 ($15.97 in chips) 
Seat 3: canibal27 ($229.58 in chips) 
Seat 4: Espada Fish ($108.32 in chips) 
Seat 5: Timonessb ($118.85 in chips) 
Seat 6: Karl3234 ($106.25 in chips) 
BrandonKelly99: posts small blind $0.50
canibal27: posts big blind $1
*** HOLE CARDS ***
Espada Fish: raises $1.20 to $2.20
Timonessb: folds 
Karl3234: calls $2.20
ru_ruu_ru: folds 
BrandonKelly99: calls $1.70
canibal27: folds 
*** FLOP *** [Jh 9c Jc]
BrandonKelly99: checks 
Espada Fish: checks 
Karl3234: checks 
*** TURN *** [Jh 9c Jc] [6s]
BrandonKelly99: checks 
Espada Fish: checks 
Karl3234: checks 
*** RIVER *** [Jh 9c Jc 6s] [Ks]
BrandonKelly99: checks 
Espada Fish: checks 
Karl3234: bets $3.61
BrandonKelly99: raises $3.61 to $7.22
Espada Fish: folds 
Karl3234: calls $3.61
*** SHOW DOWN ***
BrandonKelly99: shows [Ac Js] (three of a kind, Jacks)
Karl3234: mucks hand 
BrandonKelly99 collected $20.94 from pot
*** SUMMARY ***
Total pot $22.04 | Rake $1.10 
Board [Jh 9c Jc 6s Ks]
Seat 1: ru_ruu_ru (button) folded before Flop (didn't bet)
Seat 2: BrandonKelly99 (small blind) showed [Ac Js] and won ($20.94) with three of a kind, Jacks
Seat 3: canibal27 (big blind) folded before Flop
Seat 4: Espada Fish folded on the River
Seat 5: Timonessb folded before Flop (didn't bet)
Seat 6: Karl3234 mucked



PokerStars Hand #254572012964:  Hold'em No Limit ($0.50/$1.00 USD) - 2025/01/26 23:29:51 WET [2025/01/26 18:29:51 ET]
Table 'Sarema IV' 6-max Seat #2 is the button
Seat 1: ru_ruu_ru ($116.82 in chips) 
Seat 2: BrandonKelly99 ($27.49 in chips) 
Seat 3: canibal27 ($228.58 in chips) 
Seat 4: Espada Fish ($106.12 in chips) 
Seat 5: Timonessb ($118.85 in chips) 
Seat 6: Karl3234 ($96.83 in chips) 
canibal27: posts small blind $0.50
Espada Fish: posts big blind $1
*** HOLE CARDS ***
Timonessb: folds 
Karl3234: folds 
ru_ruu_ru: folds 
BrandonKelly99: calls $1
canibal27: calls $0.50
Espada Fish: checks 
*** FLOP *** [Qh 7h Qs]
canibal27: checks 
Espada Fish: checks 
BrandonKelly99: checks 
*** TURN *** [Qh 7h Qs] [9s]
canibal27: checks 
Espada Fish: bets $2.14
BrandonKelly99: folds 
canibal27: folds 
Uncalled bet ($2.14) returned to Espada Fish
Espada Fish collected $2.85 from pot
Espada Fish: doesn't show hand 
*** SUMMARY ***
Total pot $3 | Rake $0.15 
Board [Qh 7h Qs 9s]
Seat 1: ru_ruu_ru folded before Flop (didn't bet)
Seat 2: BrandonKelly99 (button) folded on the Turn
Seat 3: canibal27 (small blind) folded on the Turn
Seat 4: Espada Fish (big blind) collected ($2.85)
Seat 5: Timonessb folded before Flop (didn't bet)
Seat 6: Karl3234 folded before Flop (didn't bet)



PokerStars Hand #254572026456:  Hold'em No Limit ($0.50/$1.00 USD) - 2025/01/26 23:30:41 WET [2025/01/26 18:30:41 ET]
Table 'Sarema IV' 6-max Seat #3 is the button
Seat 1: ru_ruu_ru ($116.82 in chips) 
Seat 2: BrandonKelly99 ($26.49 in chips) 
Seat 3: canibal27 ($227.58 in chips) 
Seat 4: Espada Fish ($107.97 in chips) 
Seat 5: Timonessb ($118.85 in chips) 
Seat 6: Karl3234 ($96.83 in chips) 
Espada Fish: posts small blind $0.50
Timonessb: posts big blind $1
*** HOLE CARDS ***
Karl3234: folds 
ru_ruu_ru: folds 
BrandonKelly99: calls $1
canibal27: folds 
Espada Fish: folds 
Timonessb: checks 
*** FLOP *** [Ac Jc 5d]
Timonessb: checks 
BrandonKelly99: checks 
*** TURN *** [Ac Jc 5d] [Qd]
Timonessb: checks 
BrandonKelly99: checks 
*** RIVER *** [Ac Jc 5d Qd] [8d]
Timonessb: checks 
BrandonKelly99: checks 
*** SHOW DOWN ***
Timonessb: shows [Tc 2d] (high card Ace)
BrandonKelly99: mucks hand 
Timonessb collected $2.38 from pot
*** SUMMARY ***
Total pot $2.50 | Rake $0.12 
Board [Ac Jc 5d Qd 8d]
Seat 1: ru_ruu_ru folded before Flop (didn't bet)
Seat 2: BrandonKelly99 mucked
Seat 3: canibal27 (button) folded before Flop (didn't bet)
Seat 4: Espada Fish (small blind) folded before Flop
Seat 5: Timonessb (big blind) showed [Tc 2d] and won ($2.38) with high card Ace
Seat 6: Karl3234 folded before Flop (didn't bet)



PokerStars Hand #254572036718:  Hold'em No Limit ($0.50/$1.00 USD) - 2025/01/26 23:31:20 WET [2025/01/26 18:31:20 ET]
Table 'Sarema IV' 6-max Seat #4 is the button
Seat 1: ru_ruu_ru ($116.82 in chips) 
Seat 2: BrandonKelly99 ($25.49 in chips) 
Seat 3: canibal27 ($227.58 in chips) 
Seat 4: Espada Fish ($107.47 in chips) 
Seat 5: Timonessb ($120.23 in chips) 
Seat 6: Karl3234 ($96.83 in chips) 
Timonessb: posts small blind $0.50
Karl3234: posts big blind $1
*** HOLE CARDS ***
ru_ruu_ru: folds 
BrandonKelly99: raises $1 to $2
canibal27: folds 
Espada Fish: raises $4 to $6
Timonessb: folds 
Karl3234: folds 
BrandonKelly99: calls $4
*** FLOP *** [Kh Qs 2h]
BrandonKelly99: bets $19.49 and is all-in
Espada Fish: folds 
Uncalled bet ($19.49) returned to BrandonKelly99
BrandonKelly99 collected $12.82 from pot
*** SUMMARY ***
Total pot $13.50 | Rake $0.68 
Board [Kh Qs 2h]
Seat 1: ru_ruu_ru folded before Flop (didn't bet)
Seat 2: BrandonKelly99 collected ($12.82)
Seat 3: canibal27 folded before Flop (didn't bet)
Seat 4: Espada Fish (button) folded on the Flop
Seat 5: Timonessb (small blind) folded before Flop
Seat 6: Karl3234 (big blind) folded before Flop



PokerStars Hand #254572048446:  Hold'em No Limit ($0.50/$1.00 USD) - 2025/01/26 23:32:05 WET [2025/01/26 18:32:05 ET]
Table 'Sarema IV' 6-max Seat #5 is the button
Seat 1: ru_ruu_ru ($116.82 in chips) 
Seat 2: BrandonKelly99 ($32.31 in chips) 
Seat 3: canibal27 ($227.58 in chips) 
Seat 4: Espada Fish ($101.47 in chips) 
Seat 5: Timonessb ($119.73 in chips) 
Seat 6: Karl3234 ($95.83 in chips) 
Karl3234: posts small blind $0.50
ru_ruu_ru: posts big blind $1
*** HOLE CARDS ***
BrandonKelly99: calls $1
canibal27: folds 
Espada Fish: raises $2.50 to $3.50
Timonessb: folds 
Karl3234: folds 
ru_ruu_ru: folds 
BrandonKelly99: calls $2.50
*** FLOP *** [2d Td 9s]
BrandonKelly99: checks 
Espada Fish: bets $4.85
BrandonKelly99: folds 
Uncalled bet ($4.85) returned to Espada Fish
Espada Fish collected $8.08 from pot
Espada Fish: doesn't show hand 
*** SUMMARY ***
Total pot $8.50 | Rake $0.42 
Board [2d Td 9s]
Seat 1: ru_ruu_ru (big blind) folded before Flop
Seat 2: BrandonKelly99 folded on the Flop
Seat 3: canibal27 folded before Flop (didn't bet)
Seat 4: Espada Fish collected ($8.08)
Seat 5: Timonessb (button) folded before Flop (didn't bet)
Seat 6: Karl3234 (small blind) folded before Flop



PokerStars Hand #254572057490:  Hold'em No Limit ($0.50/$1.00 USD) - 2025/01/26 23:32:40 WET [2025/01/26 18:32:40 ET]
Table 'Sarema IV' 6-max Seat #6 is the button
Seat 1: ru_ruu_ru ($115.82 in chips) 
Seat 2: BrandonKelly99 ($28.81 in chips) 
Seat 3: canibal27 ($227.58 in chips) 
Seat 4: Espada Fish ($106.05 in chips) 
Seat 5: Timonessb ($119.73 in chips) 
Seat 6: Karl3234 ($95.33 in chips) 
ru_ruu_ru: posts small blind $0.50
BrandonKelly99: posts big blind $1
*** HOLE CARDS ***
canibal27: raises $1 to $2
Espada Fish: folds 
Timonessb: folds 
Karl3234: raises $4 to $6
ru_ruu_ru: folds 
BrandonKelly99: folds 
canibal27: calls $4
*** FLOP *** [5c Kh Kc]
canibal27: checks 
Karl3234: bets $6.41
canibal27: folds 
Uncalled bet ($6.41) returned to Karl3234
Karl3234 collected $12.82 from pot
Karl3234: doesn't show hand 
*** SUMMARY ***
Total pot $13.50 | Rake $0.68 
Board [5c Kh Kc]
Seat 1: ru_ruu_ru (small blind) folded before Flop
Seat 2: BrandonKelly99 (big blind) folded before Flop
Seat 3: canibal27 folded on the Flop
Seat 4: Espada Fish folded before Flop (didn't bet)
Seat 5: Timonessb folded before Flop (didn't bet)
Seat 6: Karl3234 (button) collected ($12.82)



PokerStars Hand #254572065931:  Hold'em No Limit ($0.50/$1.00 USD) - 2025/01/26 23:33:12 WET [2025/01/26 18:33:12 ET]
Table 'Sarema IV' 6-max Seat #1 is the button
Seat 1: ru_ruu_ru ($115.32 in chips) 
Seat 2: BrandonKelly99 ($27.81 in chips) 
Seat 3: canibal27 ($221.58 in chips) 
Seat 4: Espada Fish ($106.05 in chips) 
Seat 5: Timonessb ($119.73 in chips) 
Seat 6: Karl3234 ($102.15 in chips) 
BrandonKelly99: posts small blind $0.50
canibal27: posts big blind $1
*** HOLE CARDS ***
Espada Fish: folds 
Timonessb: raises $1.30 to $2.30
Karl3234: folds 
ru_ruu_ru: folds 
BrandonKelly99: folds 
canibal27: folds 
Uncalled bet ($1.30) returned to Timonessb
Timonessb collected $2.50 from pot
*** SUMMARY ***
Total pot $2.50 | Rake $0 
Seat 1: ru_ruu_ru (button) folded before Flop (didn't bet)
Seat 2: BrandonKelly99 (small blind) folded before Flop
Seat 3: canibal27 (big blind) folded before Flop
Seat 4: Espada Fish folded before Flop (didn't bet)
Seat 5: Timonessb collected ($2.50)
Seat 6: Karl3234 folded before Flop (didn't bet)



PokerStars Hand #254572072754:  Hold'em No Limit ($0.50/$1.00 USD) - 2025/01/26 23:33:38 WET [2025/01/26 18:33:38 ET]
Table 'Sarema IV' 6-max Seat #2 is the button
Seat 1: ru_ruu_ru ($115.32 in chips) 
Seat 2: BrandonKelly99 ($27.31 in chips) 
Seat 3: canibal27 ($220.58 in chips) 
Seat 4: Espada Fish ($106.05 in chips) 
Seat 5: Timonessb ($121.23 in chips) 
Seat 6: Karl3234 ($102.15 in chips) 
canibal27: posts small blind $0.50
Espada Fish: posts big blind $1
*** HOLE CARDS ***
Timonessb: folds 
Karl3234: folds 
ru_ruu_ru: folds 
BrandonKelly99: folds 
canibal27: folds 
Uncalled bet ($0.50) returned to Espada Fish
Espada Fish collected $1 from pot
Espada Fish: doesn't show hand 
*** SUMMARY ***
Total pot $1 | Rake $0 
Seat 1: ru_ruu_ru folded before Flop (didn't bet)
Seat 2: BrandonKelly99 (button) folded before Flop (didn't bet)
Seat 3: canibal27 (small blind) folded before Flop
Seat 4: Espada Fish (big blind) collected ($1)
Seat 5: Timonessb folded before Flop (didn't bet)
Seat 6: Karl3234 folded before Flop (didn't bet)



PokerStars Hand #254572077009:  Hold'em No Limit ($0.50/$1.00 USD) - 2025/01/26 23:33:55 WET [2025/01/26 18:33:55 ET]
Table 'Sarema IV' 6-max Seat #3 is the button
Seat 1: ru_ruu_ru ($115.32 in chips) 
Seat 2: BrandonKelly99 ($27.31 in chips) 
Seat 3: canibal27 ($220.08 in chips) 
Seat 4: Espada Fish ($106.55 in chips) 
Seat 5: Timonessb ($121.23 in chips) 
Seat 6: Karl3234 ($102.15 in chips) 
Espada Fish: posts small blind $0.50
Timonessb: posts big blind $1
*** HOLE CARDS ***
Karl3234: raises $1.50 to $2.50
ru_ruu_ru: folds 
BrandonKelly99: folds 
canibal27: folds 
Espada Fish: folds 
Timonessb: folds 
Uncalled bet ($1.50) returned to Karl3234
Karl3234 collected $2.50 from pot
Karl3234: doesn't show hand 
*** SUMMARY ***
Total pot $2.50 | Rake $0 
Seat 1: ru_ruu_ru folded before Flop (didn't bet)
Seat 2: BrandonKelly99 folded before Flop (didn't bet)
Seat 3: canibal27 (button) folded before Flop (didn't bet)
Seat 4: Espada Fish (small blind) folded before Flop
Seat 5: Timonessb (big blind) folded before Flop
Seat 6: Karl3234 collected ($2.50)



PokerStars Hand #254572081725:  Hold'em No Limit ($0.50/$1.00 USD) - 2025/01/26 23:34:13 WET [2025/01/26 18:34:13 ET]
Table 'Sarema IV' 6-max Seat #4 is the button
Seat 1: ru_ruu_ru ($115.32 in chips) 
Seat 2: BrandonKelly99 ($27.31 in chips) 
Seat 3: canibal27 ($220.08 in chips) 
Seat 4: Espada Fish ($106.05 in chips) 
Seat 5: Timonessb ($120.23 in chips) 
Seat 6: Karl3234 ($103.65 in chips) 
Timonessb: posts small blind $0.50
Karl3234: posts big blind $1
*** HOLE CARDS ***
ru_ruu_ru: raises $1.20 to $2.20
BrandonKelly99: calls $2.20
canibal27: folds 
Espada Fish: folds 
Timonessb: folds 
Karl3234: calls $1.20
*** FLOP *** [Kd 4c Qd]
Karl3234: checks 
ru_ruu_ru: checks 
BrandonKelly99: bets $6.74
Karl3234: folds 
ru_ruu_ru: calls $6.74
*** TURN *** [Kd 4c Qd] [9d]
ru_ruu_ru: checks 
BrandonKelly99: bets $9.78
ru_ruu_ru: folds 
Uncalled bet ($9.78) returned to BrandonKelly99
BrandonKelly99 collected $19.55 from pot
*** SUMMARY ***
Total pot $20.58 | Rake $1.03 
Board [Kd 4c Qd 9d]
Seat 1: ru_ruu_ru folded on the Turn
Seat 2: BrandonKelly99 collected ($19.55)
Seat 3: canibal27 folded before Flop (didn't bet)
Seat 4: Espada Fish (button) folded before Flop (didn't bet)
Seat 5: Timonessb (small blind) folded before Flop
Seat 6: Karl3234 (big blind) folded on the Flop



PokerStars Hand #254572101203:  Hold'em No Limit ($0.50/$1.00 USD) - 2025/01/26 23:35:29 WET [2025/01/26 18:35:29 ET]
Table 'Sarema IV' 6-max Seat #5 is the button
Seat 1: ru_ruu_ru ($106.38 in chips) 
Seat 2: BrandonKelly99 ($37.92 in chips) 
Seat 3: canibal27 ($220.08 in chips) 
Seat 4: Espada Fish ($106.05 in chips) 
Seat 5: Timonessb ($119.73 in chips) 
Seat 6: Karl3234 ($101.45 in chips) 
Karl3234: posts small blind $0.50
ru_ruu_ru: posts big blind $1
*** HOLE CARDS ***
BrandonKelly99: raises $36.92 to $37.92 and is all-in
canibal27: folds 
Espada Fish: folds 
Timonessb: folds 
Karl3234: folds 
ru_ruu_ru: folds 
Uncalled bet ($36.92) returned to BrandonKelly99
BrandonKelly99 collected $2.50 from pot
*** SUMMARY ***
Total pot $2.50 | Rake $0 
Seat 1: ru_ruu_ru (big blind) folded before Flop
Seat 2: BrandonKelly99 collected ($2.50)
Seat 3: canibal27 folded before Flop (didn't bet)
Seat 4: Espada Fish folded before Flop (didn't bet)
Seat 5: Timonessb (button) folded before Flop (didn't bet)
Seat 6: Karl3234 (small blind) folded before Flop



PokerStars Hand #254572104312:  Hold'em No Limit ($0.50/$1.00 USD) - 2025/01/26 23:35:41 WET [2025/01/26 18:35:41 ET]
Table 'Sarema IV' 6-max Seat #6 is the button
Seat 1: ru_ruu_ru ($105.38 in chips) 
Seat 2: BrandonKelly99 ($39.42 in chips) 
Seat 3: canibal27 ($220.08 in chips) 
Seat 4: Espada Fish ($106.05 in chips) 
Seat 5: Timonessb ($119.73 in chips) 
Seat 6: Karl3234 ($100.95 in chips) 
ru_ruu_ru: posts small blind $0.50
BrandonKelly99: posts big blind $1
*** HOLE CARDS ***
canibal27 has timed out
canibal27: folds 
Espada Fish: folds 
Timonessb: raises $1.30 to $2.30
Karl3234: calls $2.30
ru_ruu_ru: folds 
BrandonKelly99: folds 
*** FLOP *** [Ts 3s 4c]
Timonessb: bets $4.39
Karl3234: calls $4.39
*** TURN *** [Ts 3s 4c] [3c]
BrandonKelly99 is disconnected 
Timonessb: checks 
Karl3234: checks 
*** RIVER *** [Ts 3s 4c 3c] [Qc]
Timonessb: bets $9.97
Karl3234: folds 
Uncalled bet ($9.97) returned to Timonessb
Timonessb collected $14.14 from pot
*** SUMMARY ***
Total pot $14.88 | Rake $0.74 
Board [Ts 3s 4c 3c Qc]
Seat 1: ru_ruu_ru (small blind) folded before Flop
Seat 2: BrandonKelly99 (big blind) folded before Flop
Seat 3: canibal27 folded before Flop (didn't bet)
Seat 4: Espada Fish folded before Flop (didn't bet)
Seat 5: Timonessb collected ($14.14)
Seat 6: Karl3234 (button) folded on the River



PokerStars Hand #254572116310:  Hold'em No Limit ($0.50/$1.00 USD) - 2025/01/26 23:36:28 WET [2025/01/26 18:36:28 ET]
Table 'Sarema IV' 6-max Seat #1 is the button
Seat 1: ru_ruu_ru ($104.88 in chips) 
Seat 2: BrandonKelly99 ($38.42 in chips) 
Seat 3: canibal27 ($220.08 in chips) 
Seat 4: Espada Fish ($106.05 in chips) 
Seat 5: Timonessb ($127.18 in chips) 
Seat 6: Karl3234 ($94.26 in chips) 
BrandonKelly99 is connected 
BrandonKelly99: posts small blind $0.50
canibal27: posts big blind $1
*** HOLE CARDS ***
Espada Fish: folds 
Timonessb: folds 
Karl3234: folds 
ru_ruu_ru: raises $1.50 to $2.50
BrandonKelly99: calls $2
canibal27: calls $1.50
*** FLOP *** [9d As Kh]
BrandonKelly99: checks 
canibal27: checks 
ru_ruu_ru: bets $2.35
BrandonKelly99: folds 
canibal27: calls $2.35
*** TURN *** [9d As Kh] [3d]
canibal27: checks 
ru_ruu_ru: checks 
*** RIVER *** [9d As Kh 3d] [8d]
canibal27: bets $3.83
ru_ruu_ru: calls $3.83
*** SHOW DOWN ***
canibal27: shows [7h Ah] (a pair of Aces)
ru_ruu_ru: shows [5h Ac] (a pair of Aces)
canibal27 collected $9.44 from pot
ru_ruu_ru collected $9.43 from pot
*** SUMMARY ***
Total pot $19.86 | Rake $0.99 
Board [9d As Kh 3d 8d]
Seat 1: ru_ruu_ru (button) showed [5h Ac] and won ($9.43) with a pair of Aces
Seat 2: BrandonKelly99 (small blind) folded on the Flop
Seat 3: canibal27 (big blind) showed [7h Ah] and won ($9.44) with a pair of Aces
Seat 4: Espada Fish folded before Flop (didn't bet)
Seat 5: Timonessb folded before Flop (didn't bet)
Seat 6: Karl3234 folded before Flop (didn't bet)



PokerStars Hand #254572128175:  Hold'em No Limit ($0.50/$1.00 USD) - 2025/01/26 23:37:14 WET [2025/01/26 18:37:14 ET]
Table 'Sarema IV' 6-max Seat #2 is the button
Seat 1: ru_ruu_ru ($105.63 in chips) 
Seat 2: BrandonKelly99 ($35.92 in chips) 
Seat 3: canibal27 ($220.84 in chips) 
Seat 4: Espada Fish ($106.05 in chips) 
Seat 5: Timonessb ($127.18 in chips) 
Seat 6: Karl3234 ($94.26 in chips) 
canibal27: posts small blind $0.50
Espada Fish: posts big blind $1
*** HOLE CARDS ***
Timonessb: folds 
Karl3234: folds 
ru_ruu_ru: folds 
BrandonKelly99: calls $1
canibal27: folds 
Espada Fish: checks 
*** FLOP *** [7h 7d Jd]
Espada Fish: checks 
BrandonKelly99: checks 
*** TURN *** [7h 7d Jd] [As]
Espada Fish: checks 
BrandonKelly99: checks 
*** RIVER *** [7h 7d Jd As] [2h]
Espada Fish: bets $1.79
BrandonKelly99: raises $3.79 to $5.58
Espada Fish: folds 
Uncalled bet ($3.79) returned to BrandonKelly99
BrandonKelly99 collected $5.78 from pot
*** SUMMARY ***
Total pot $6.08 | Rake $0.30 
Board [7h 7d Jd As 2h]
Seat 1: ru_ruu_ru folded before Flop (didn't bet)
Seat 2: BrandonKelly99 (button) collected ($5.78)
Seat 3: canibal27 (small blind) folded before Flop
Seat 4: Espada Fish (big blind) folded on the River
Seat 5: Timonessb folded before Flop (didn't bet)
Seat 6: Karl3234 folded before Flop (didn't bet)



PokerStars Hand #254572145119:  Hold'em No Limit ($0.50/$1.00 USD) - 2025/01/26 23:38:22 WET [2025/01/26 18:38:22 ET]
Table 'Sarema IV' 6-max Seat #3 is the button
Seat 1: ru_ruu_ru ($105.63 in chips) 
Seat 2: BrandonKelly99 ($38.91 in chips) 
Seat 3: canibal27 ($220.34 in chips) 
Seat 4: Espada Fish ($103.26 in chips) 
Seat 5: Timonessb ($127.18 in chips) 
Seat 6: Karl3234 ($94.26 in chips) 
Espada Fish: posts small blind $0.50
Timonessb: posts big blind $1
*** HOLE CARDS ***
Karl3234: folds 
ru_ruu_ru: folds 
BrandonKelly99: folds 
canibal27: raises $1.50 to $2.50
Espada Fish: folds 
Timonessb: calls $1.50
*** FLOP *** [Th Jd 4d]
Timonessb: checks 
canibal27: checks 
*** TURN *** [Th Jd 4d] [Tc]
Timonessb: bets $2.66
canibal27: folds 
Uncalled bet ($2.66) returned to Timonessb
Timonessb collected $5.22 from pot
*** SUMMARY ***
Total pot $5.50 | Rake $0.28 
Board [Th Jd 4d Tc]
Seat 1: ru_ruu_ru folded before Flop (didn't bet)
Seat 2: BrandonKelly99 folded before Flop (didn't bet)
Seat 3: canibal27 (button) folded on the Turn
Seat 4: Espada Fish (small blind) folded before Flop
Seat 5: Timonessb (big blind) collected ($5.22)
Seat 6: Karl3234 folded before Flop (didn't bet)



PokerStars Hand #254572157187:  Hold'em No Limit ($0.50/$1.00 USD) - 2025/01/26 23:39:10 WET [2025/01/26 18:39:10 ET]
Table 'Sarema IV' 6-max Seat #4 is the button
Seat 6: Karl3234 ($94.26 in chips) is sitting out
Seat 1: ru_ruu_ru ($105.63 in chips) 
Seat 2: BrandonKelly99 ($38.91 in chips) 
Seat 3: canibal27 ($217.84 in chips) 
Seat 4: Espada Fish ($102.76 in chips) 
Seat 5: Timonessb ($129.90 in chips) 
Timonessb: posts small blind $0.50
Karl3234: is sitting out 
ru_ruu_ru: posts big blind $1
*** HOLE CARDS ***
BrandonKelly99: calls $1
canibal27: raises $2 to $3
Espada Fish: folds 
Timonessb: folds 
ru_ruu_ru: folds 
BrandonKelly99: calls $2
*** FLOP *** [Kh 9s 8h]
BrandonKelly99: checks 
canibal27: checks 
*** TURN *** [Kh 9s 8h] [Ks]
BrandonKelly99: checks 
canibal27: bets $3.56
BrandonKelly99: folds 
Uncalled bet ($3.56) returned to canibal27
canibal27 collected $7.12 from pot
canibal27: doesn't show hand 
*** SUMMARY ***
Total pot $7.50 | Rake $0.38 
Board [Kh 9s 8h Ks]
Seat 6: Karl3234
Seat 1: ru_ruu_ru (big blind) folded before Flop
Seat 2: BrandonKelly99 folded on the Turn
Seat 3: canibal27 collected ($7.12)
Seat 4: Espada Fish (button) folded before Flop (didn't bet)
Seat 5: Timonessb (small blind) folded before Flop



PokerStars Hand #254572170588:  Hold'em No Limit ($0.50/$1.00 USD) - 2025/01/26 23:40:04 WET [2025/01/26 18:40:04 ET]
Table 'Sarema IV' 6-max Seat #5 is the button
Seat 6: Karl3234 ($94.26 in chips) is sitting out
Seat 1: ru_ruu_ru ($104.63 in chips) 
Seat 2: BrandonKelly99 ($35.91 in chips) 
Seat 3: canibal27 ($221.96 in chips) 
Seat 4: Espada Fish ($102.76 in chips) 
Seat 5: Timonessb ($129.40 in chips) 
ru_ruu_ru: posts small blind $0.50
BrandonKelly99: posts big blind $1
*** HOLE CARDS ***
canibal27: folds 
Espada Fish: folds 
Timonessb: raises $1.50 to $2.50
ru_ruu_ru: folds 
BrandonKelly99: raises $1.50 to $4
Timonessb: calls $1.50
*** FLOP *** [7c Jd 7h]
BrandonKelly99: bets $4.04
Timonessb: calls $4.04
*** TURN *** [7c Jd 7h] [Qd]
BrandonKelly99: bets $27.87 and is all-in
Timonessb: calls $27.87
*** RIVER *** [7c Jd 7h Qd] [Kd]
*** SHOW DOWN ***
BrandonKelly99: shows [9s 9h] (two pair, Nines and Sevens)
Timonessb: shows [7d 9d] (a flush, King high)
Timonessb collected $69.82 from pot
BrandonKelly99 is disconnected 
*** SUMMARY ***
Total pot $72.32 | Rake $2.50 
Board [7c Jd 7h Qd Kd]
Seat 6: Karl3234
Seat 1: ru_ruu_ru (small blind) folded before Flop
Seat 2: BrandonKelly99 (big blind) showed [9s 9h] and lost with two pair, Nines and Sevens
Seat 3: canibal27 folded before Flop (didn't bet)
Seat 4: Espada Fish folded before Flop (didn't bet)
Seat 5: Timonessb (button) showed [7d 9d] and won ($69.82) with a flush, King high



PokerStars Hand #254572181704:  Hold'em No Limit ($0.50/$1.00 USD) - 2025/01/26 23:40:50 WET [2025/01/26 18:40:50 ET]
Table 'Sarema IV' 6-max Seat #1 is the button
Seat 2: BrandonKelly99 ($0 in chips) is sitting out
Seat 6: Karl3234 ($94.26 in chips) is sitting out
Seat 1: ru_ruu_ru ($104.13 in chips) 
Seat 3: canibal27 ($221.96 in chips) 
Seat 4: Espada Fish ($102.76 in chips) 
Seat 5: Timonessb ($163.31 in chips) 
canibal27: posts small blind $0.50
Espada Fish: posts big blind $1
Karl3234: sits out 
*** HOLE CARDS ***
Timonessb: raises $1.30 to $2.30
ru_ruu_ru: folds 
canibal27: folds 
Espada Fish: folds 
Uncalled bet ($1.30) returned to Timonessb
Timonessb collected $2.50 from pot
*** SUMMARY ***
Total pot $2.50 | Rake $0 
Seat 2: BrandonKelly99
Seat 6: Karl3234
Seat 1: ru_ruu_ru (button) folded before Flop (didn't bet)
Seat 3: canibal27 (small blind) folded before Flop
Seat 4: Espada Fish (big blind) folded before Flop
Seat 5: Timonessb collected ($2.50)



PokerStars Hand #254572188849:  Hold'em No Limit ($0.50/$1.00 USD) - 2025/01/26 23:41:19 WET [2025/01/26 18:41:19 ET]
Table 'Sarema IV' 6-max Seat #3 is the button
Seat 2: BrandonKelly99 ($0 in chips) is sitting out
Seat 5: Timonessb ($164.81 in chips) is sitting out
Seat 1: ru_ruu_ru ($104.13 in chips) 
Seat 3: canibal27 ($221.46 in chips) 
Seat 4: Espada Fish ($101.76 in chips) 
Seat 6: Karl3234 ($94.26 in chips) 
Espada Fish: posts small blind $0.50
Timonessb: is sitting out 
Karl3234: posts big blind $1
*** HOLE CARDS ***
ru_ruu_ru: folds 
Timonessb leaves the table
canibal27: raises $1.50 to $2.50
Espada Fish: raises $8.50 to $11
Karl3234: folds 
canibal27: folds 
Uncalled bet ($8.50) returned to Espada Fish
Espada Fish collected $6 from pot
Espada Fish: doesn't show hand 
sutata joins the table at seat #5 
*** SUMMARY ***
Total pot $6 | Rake $0 
Seat 2: BrandonKelly99
Seat 5: Timonessb
Seat 1: ru_ruu_ru folded before Flop (didn't bet)
Seat 3: canibal27 (button) folded before Flop
Seat 4: Espada Fish (small blind) collected ($6)
Seat 6: Karl3234 (big blind) folded before Flop



PokerStars Hand #254572195795:  Hold'em No Limit ($0.50/$1.00 USD) - 2025/01/26 23:41:47 WET [2025/01/26 18:41:47 ET]
Table 'Sarema IV' 6-max Seat #4 is the button
Seat 2: BrandonKelly99 ($0 in chips) is sitting out
Seat 5: sutata ($102 in chips) is sitting out
Seat 1: ru_ruu_ru ($104.13 in chips) 
Seat 3: canibal27 ($218.96 in chips) 
Seat 4: Espada Fish ($105.26 in chips) 
Seat 6: Karl3234 ($93.26 in chips) 
Karl3234: posts small blind $0.50
ru_ruu_ru: posts big blind $1
*** HOLE CARDS ***
canibal27: folds 
Espada Fish: raises $1.50 to $2.50
Karl3234: folds 
ru_ruu_ru: folds 
Uncalled bet ($1.50) returned to Espada Fish
Espada Fish collected $2.50 from pot
Espada Fish: doesn't show hand 
*** SUMMARY ***
Total pot $2.50 | Rake $0 
Seat 2: BrandonKelly99
Seat 5: sutata
Seat 1: ru_ruu_ru (big blind) folded before Flop
Seat 3: canibal27 folded before Flop (didn't bet)
Seat 4: Espada Fish (button) collected ($2.50)
Seat 6: Karl3234 (small blind) folded before Flop



PokerStars Hand #254572199943:  Hold'em No Limit ($0.50/$1.00 USD) - 2025/01/26 23:42:04 WET [2025/01/26 18:42:04 ET]
Table 'Sarema IV' 6-max Seat #6 is the button
Seat 2: BrandonKelly99 ($0 in chips) is sitting out
Seat 5: sutata ($102 in chips) is sitting out
Seat 1: ru_ruu_ru ($103.13 in chips) 
Seat 3: canibal27 ($218.96 in chips) 
Seat 4: Espada Fish ($106.76 in chips) 
Seat 6: Karl3234 ($92.76 in chips) 
ru_ruu_ru: posts small blind $0.50
canibal27: posts big blind $1
sutata: sits out 
*** HOLE CARDS ***
Espada Fish: folds 
Karl3234: raises $1.50 to $2.50
ru_ruu_ru: folds 
canibal27: folds 
Uncalled bet ($1.50) returned to Karl3234
Karl3234 collected $2.50 from pot
Karl3234: doesn't show hand 
*** SUMMARY ***
Total pot $2.50 | Rake $0 
Seat 2: BrandonKelly99
Seat 5: sutata
Seat 1: ru_ruu_ru (small blind) folded before Flop
Seat 3: canibal27 (big blind) folded before Flop
Seat 4: Espada Fish folded before Flop (didn't bet)
Seat 6: Karl3234 (button) collected ($2.50)



PokerStars Hand #254572204300:  Hold'em No Limit ($0.50/$1.00 USD) - 2025/01/26 23:42:22 WET [2025/01/26 18:42:22 ET]
Table 'Sarema IV' 6-max Seat #1 is the button
Seat 2: BrandonKelly99 ($0 in chips) is sitting out
Seat 5: sutata ($102 in chips) is sitting out
Seat 1: ru_ruu_ru ($102.63 in chips) 
Seat 3: canibal27 ($217.96 in chips) 
Seat 4: Espada Fish ($106.76 in chips) 
Seat 6: Karl3234 ($94.26 in chips) 
canibal27: posts small blind $0.50
Espada Fish: posts big blind $1
sutata: sits out 
*** HOLE CARDS ***
Karl3234: folds 
ru_ruu_ru: folds 
canibal27: folds 
Uncalled bet ($0.50) returned to Espada Fish
Espada Fish collected $1 from pot
Espada Fish: doesn't show hand 
*** SUMMARY ***
Total pot $1 | Rake $0 
Seat 2: BrandonKelly99
Seat 5: sutata
Seat 1: ru_ruu_ru (button) folded before Flop (didn't bet)
Seat 3: canibal27 (small blind) folded before Flop
Seat 4: Espada Fish (big blind) collected ($1)
Seat 6: Karl3234 folded before Flop (didn't bet)



PokerStars Hand #254572207728:  Hold'em No Limit ($0.50/$1.00 USD) - 2025/01/26 23:42:36 WET [2025/01/26 18:42:36 ET]
Table 'Sarema IV' 6-max Seat #3 is the button
Seat 2: BrandonKelly99 ($0 in chips) is sitting out
Seat 1: ru_ruu_ru ($102.63 in chips) 
Seat 3: canibal27 ($217.46 in chips) 
Seat 4: Espada Fish ($107.26 in chips) 
Seat 5: sutata ($102 in chips) 
Seat 6: Karl3234 ($94.26 in chips) 
Espada Fish: posts small blind $0.50
sutata: posts big blind $1
*** HOLE CARDS ***
Karl3234: calls $1
ru_ruu_ru: folds 
canibal27: raises $2 to $3
Espada Fish: folds 
sutata: calls $2
Karl3234: calls $2
*** FLOP *** [8d 3s 9s]
sutata: checks 
Karl3234: checks 
canibal27: checks 
*** TURN *** [8d 3s 9s] [2c]
sutata: bets $3.01
Karl3234: folds 
canibal27: calls $3.01
*** RIVER *** [8d 3s 9s 2c] [4h]
sutata: bets $21.96
canibal27: folds 
Uncalled bet ($21.96) returned to sutata
sutata collected $14.74 from pot
sutata: doesn't show hand 
*** SUMMARY ***
Total pot $15.52 | Rake $0.78 
Board [8d 3s 9s 2c 4h]
Seat 2: BrandonKelly99
Seat 1: ru_ruu_ru folded before Flop (didn't bet)
Seat 3: canibal27 (button) folded on the River
Seat 4: Espada Fish (small blind) folded before Flop
Seat 5: sutata (big blind) collected ($14.74)
Seat 6: Karl3234 folded on the Turn



PokerStars Hand #254572227602:  Hold'em No Limit ($0.50/$1.00 USD) - 2025/01/26 23:43:57 WET [2025/01/26 18:43:57 ET]
Table 'Sarema IV' 6-max Seat #4 is the button
Seat 2: BrandonKelly99 ($0 in chips) is sitting out
Seat 1: ru_ruu_ru ($102.63 in chips) 
Seat 3: canibal27 ($211.45 in chips) 
Seat 4: Espada Fish ($106.76 in chips) 
Seat 5: sutata ($110.73 in chips) 
Seat 6: Karl3234 ($91.26 in chips) 
sutata: posts small blind $0.50
Karl3234: posts big blind $1
*** HOLE CARDS ***
ru_ruu_ru: folds 
canibal27: folds 
Espada Fish: raises $1.50 to $2.50
sutata: folds 
Karl3234: calls $1.50
*** FLOP *** [5c 3c Jd]
Karl3234: checks 
Espada Fish: checks 
*** TURN *** [5c 3c Jd] [9d]
Karl3234: checks 
Espada Fish: checks 
*** RIVER *** [5c 3c Jd 9d] [9h]
Karl3234: checks 
Espada Fish: bets $2.61
Karl3234: calls $2.61
*** SHOW DOWN ***
Espada Fish: shows [5h Ad] (two pair, Nines and Fives)
Karl3234: mucks hand 
Espada Fish collected $10.18 from pot
*** SUMMARY ***
Total pot $10.72 | Rake $0.54 
Board [5c 3c Jd 9d 9h]
Seat 2: BrandonKelly99
Seat 1: ru_ruu_ru folded before Flop (didn't bet)
Seat 3: canibal27 folded before Flop (didn't bet)
Seat 4: Espada Fish (button) showed [5h Ad] and won ($10.18) with two pair, Nines and Fives
Seat 5: sutata (small blind) folded before Flop
Seat 6: Karl3234 (big blind) mucked



PokerStars Hand #254572246996:  Hold'em No Limit ($0.50/$1.00 USD) - 2025/01/26 23:45:16 WET [2025/01/26 18:45:16 ET]
Table 'Sarema IV' 6-max Seat #5 is the button
Seat 1: ru_ruu_ru ($102.63 in chips) is sitting out
Seat 2: BrandonKelly99 ($0 in chips) is sitting out
Seat 3: canibal27 ($211.45 in chips) 
Seat 4: Espada Fish ($111.83 in chips) 
Seat 5: sutata ($110.23 in chips) 
Seat 6: Karl3234 ($86.15 in chips) 
Karl3234: posts small blind $0.50
ru_ruu_ru: is sitting out 
canibal27: posts big blind $1
*** HOLE CARDS ***
ru_ruu_ru leaves the table
Espada Fish: folds 
sutata: raises $2 to $3
Karl3234: calls $2.50
canibal27: folds 
*** FLOP *** [6c 6s 7d]
Karl3234: checks 
sutata: bets $3.33
Karl3234: calls $3.33
*** TURN *** [6c 6s 7d] [Ah]
Karl3234: checks 
sutata: checks 
*** RIVER *** [6c 6s 7d Ah] [3h]
Karl3234: bets $6.49
sutata: calls $6.49
*** SHOW DOWN ***
Karl3234: shows [Td Jc] (a pair of Sixes)
sutata: shows [Kd Kh] (two pair, Kings and Sixes)
sutata collected $25.64 from pot
*** SUMMARY ***
Total pot $26.64 | Rake $1 
Board [6c 6s 7d Ah 3h]
Seat 1: ru_ruu_ru
Seat 2: BrandonKelly99
Seat 3: canibal27 (big blind) folded before Flop
Seat 4: Espada Fish folded before Flop (didn't bet)
Seat 5: sutata (button) showed [Kd Kh] and won ($25.64) with two pair, Kings and Sixes
Seat 6: Karl3234 (small blind) showed [Td Jc] and lost with a pair of Sixes



PokerStars Hand #254572255543:  Hold'em No Limit ($0.50/$1.00 USD) - 2025/01/26 23:45:52 WET [2025/01/26 18:45:52 ET]
Table 'Sarema IV' 6-max Seat #6 is the button
Seat 2: BrandonKelly99 ($0 in chips) is sitting out
Seat 4: Espada Fish ($111.83 in chips) is sitting out
Seat 3: canibal27 ($210.45 in chips) 
Seat 5: sutata ($123.05 in chips) 
Seat 6: Karl3234 ($73.33 in chips) 
canibal27: posts small blind $0.50
Espada Fish: is sitting out 
sutata: posts big blind $1
*** HOLE CARDS ***
Karl3234: folds 
Karl3234 leaves the table
canibal27: raises $2 to $3
Espada Fish leaves the table
sutata: folds 
Uncalled bet ($2) returned to canibal27
canibal27 collected $2 from pot
canibal27: doesn't show hand 
*** SUMMARY ***
Total pot $2 | Rake $0 
Seat 2: BrandonKelly99
Seat 4: Espada Fish
Seat 3: canibal27 (small blind) collected ($2)
Seat 5: sutata (big blind) folded before Flop
Seat 6: Karl3234 (button) folded before Flop (didn't bet)



PokerStars Hand #254572258950:  Hold'em No Limit ($0.50/$1.00 USD) - 2025/01/26 23:46:06 WET [2025/01/26 18:46:06 ET]
Table 'Sarema IV' 6-max Seat #5 is the button
Seat 2: BrandonKelly99 ($0 in chips) is sitting out
Seat 3: canibal27 ($211.45 in chips) 
Seat 5: sutata ($122.05 in chips) 
sutata: posts small blind $0.50
canibal27: posts big blind $1
*** HOLE CARDS ***
sutata: raises $2 to $3
canibal27: raises $9 to $12
sutata: folds 
Uncalled bet ($9) returned to canibal27
canibal27 collected $6 from pot
BrandonKelly99 leaves the table
canibal27: doesn't show hand 
*** SUMMARY ***
Total pot $6 | Rake $0 
Seat 2: BrandonKelly99
Seat 3: canibal27 (big blind) collected ($6)
Seat 5: sutata (button) (small blind) folded before Flop



