PokerStars Hand #254569362899:  Hold'em No Limit ($0.50/$1.00 USD) - 2025/01/26 21:09:22 WET [2025/01/26 16:09:22 ET]
Table 'Monachia IV' 6-max Seat #5 is the button
Seat 1: Nicedaymybro ($100 in chips) 
Seat 2: GibbexV2 ($75.50 in chips) 
Seat 3: CashfishT ($108.20 in chips) 
Seat 4: Ace2Bace ($6.08 in chips) 
Seat 5: worker0k ($118.26 in chips) 
Seat 6: Poker9803 ($119.87 in chips) 
Poker9803: posts small blind $0.50
Nicedaymybro: posts big blind $1
*** HOLE CARDS ***
GibbexV2: raises $2 to $3
CashfishT: folds 
Ace2Bace: raises $3.08 to $6.08 and is all-in
worker0k: folds 
Poker9803: folds 
Nicedaymybro: folds 
GibbexV2: calls $3.08
*** FLOP *** [6c 8d Qd]
*** TURN *** [6c 8d Qd] [2c]
*** RIVER *** [6c 8d Qd 2c] [Kc]
*** SHOW DOWN ***
GibbexV2: shows [5s 7s] (high card King)
Ace2Bace: shows [As 3h] (high card Ace)
Ace2Bace collected $12.98 from pot
*** SUMMARY ***
Total pot $13.66 | Rake $0.68 
Board [6c 8d Qd 2c Kc]
Seat 1: Nicedaymybro (big blind) folded before Flop
Seat 2: GibbexV2 showed [5s 7s] and lost with high card King
Seat 3: CashfishT folded before Flop (didn't bet)
Seat 4: Ace2Bace showed [As 3h] and won ($12.98) with high card Ace
Seat 5: worker0k (button) folded before Flop (didn't bet)
Seat 6: Poker9803 (small blind) folded before Flop



PokerStars Hand #254569373802:  Hold'em No Limit ($0.50/$1.00 USD) - 2025/01/26 21:09:51 WET [2025/01/26 16:09:51 ET]
Table 'Monachia IV' 6-max Seat #6 is the button
Seat 1: Nicedaymybro ($100 in chips) 
Seat 2: GibbexV2 ($69.42 in chips) 
Seat 3: CashfishT ($108.20 in chips) 
Seat 4: Ace2Bace ($12.98 in chips) 
Seat 5: worker0k ($118.26 in chips) 
Seat 6: Poker9803 ($119.37 in chips) 
Nicedaymybro: posts small blind $0.50
GibbexV2: posts big blind $1
*** HOLE CARDS ***
CashfishT: folds 
Ace2Bace: folds 
worker0k: folds 
Poker9803: folds 
Nicedaymybro: folds 
Uncalled bet ($0.50) returned to GibbexV2
GibbexV2 collected $1 from pot
GibbexV2: doesn't show hand 
*** SUMMARY ***
Total pot $1 | Rake $0 
Seat 1: Nicedaymybro (small blind) folded before Flop
Seat 2: GibbexV2 (big blind) collected ($1)
Seat 3: CashfishT folded before Flop (didn't bet)
Seat 4: Ace2Bace folded before Flop (didn't bet)
Seat 5: worker0k folded before Flop (didn't bet)
Seat 6: Poker9803 (button) folded before Flop (didn't bet)



PokerStars Hand #254569378045:  Hold'em No Limit ($0.50/$1.00 USD) - 2025/01/26 21:10:03 WET [2025/01/26 16:10:03 ET]
Table 'Monachia IV' 6-max Seat #1 is the button
Seat 1: Nicedaymybro ($100 in chips) 
Seat 2: GibbexV2 ($69.92 in chips) 
Seat 3: CashfishT ($108.20 in chips) 
Seat 4: Ace2Bace ($12.98 in chips) 
Seat 5: worker0k ($118.26 in chips) 
Seat 6: Poker9803 ($119.37 in chips) 
GibbexV2: posts small blind $0.50
CashfishT: posts big blind $1
*** HOLE CARDS ***
Ace2Bace: raises $2.50 to $3.50
worker0k: folds 
Poker9803: folds 
Nicedaymybro: folds 
GibbexV2: folds 
CashfishT: calls $2.50
*** FLOP *** [6c Qh Jd]
CashfishT: checks 
Ace2Bace: checks 
*** TURN *** [6c Qh Jd] [Ac]
CashfishT: checks 
Ace2Bace: bets $3.56
CashfishT: folds 
Uncalled bet ($3.56) returned to Ace2Bace
Ace2Bace collected $7.12 from pot
*** SUMMARY ***
Total pot $7.50 | Rake $0.38 
Board [6c Qh Jd Ac]
Seat 1: Nicedaymybro (button) folded before Flop (didn't bet)
Seat 2: GibbexV2 (small blind) folded before Flop
Seat 3: CashfishT (big blind) folded on the Turn
Seat 4: Ace2Bace collected ($7.12)
Seat 5: worker0k folded before Flop (didn't bet)
Seat 6: Poker9803 folded before Flop (didn't bet)



PokerStars Hand #254569395078:  Hold'em No Limit ($0.50/$1.00 USD) - 2025/01/26 21:10:47 WET [2025/01/26 16:10:47 ET]
Table 'Monachia IV' 6-max Seat #2 is the button
Seat 1: Nicedaymybro ($100 in chips) 
Seat 2: GibbexV2 ($69.42 in chips) 
Seat 3: CashfishT ($104.70 in chips) 
Seat 4: Ace2Bace ($16.60 in chips) 
Seat 5: worker0k ($118.26 in chips) 
Seat 6: Poker9803 ($119.37 in chips) 
CashfishT: posts small blind $0.50
Ace2Bace: posts big blind $1
*** HOLE CARDS ***
worker0k: folds 
Poker9803: folds 
Nicedaymybro: folds 
GibbexV2: raises $2 to $3
CashfishT: folds 
Ace2Bace: raises $13.60 to $16.60 and is all-in
GibbexV2: folds 
Uncalled bet ($13.60) returned to Ace2Bace
Ace2Bace collected $6.50 from pot
*** SUMMARY ***
Total pot $6.50 | Rake $0 
Seat 1: Nicedaymybro folded before Flop (didn't bet)
Seat 2: GibbexV2 (button) folded before Flop
Seat 3: CashfishT (small blind) folded before Flop
Seat 4: Ace2Bace (big blind) collected ($6.50)
Seat 5: worker0k folded before Flop (didn't bet)
Seat 6: Poker9803 folded before Flop (didn't bet)



PokerStars Hand #254569401738:  Hold'em No Limit ($0.50/$1.00 USD) - 2025/01/26 21:11:04 WET [2025/01/26 16:11:04 ET]
Table 'Monachia IV' 6-max Seat #3 is the button
Seat 1: Nicedaymybro ($100 in chips) 
Seat 2: GibbexV2 ($66.42 in chips) 
Seat 3: CashfishT ($104.20 in chips) 
Seat 4: Ace2Bace ($20.10 in chips) 
Seat 5: worker0k ($118.26 in chips) 
Seat 6: Poker9803 ($119.37 in chips) 
Ace2Bace: posts small blind $0.50
worker0k: posts big blind $1
*** HOLE CARDS ***
Poker9803: raises $1 to $2
Nicedaymybro: folds 
GibbexV2: folds 
CashfishT: folds 
Ace2Bace: folds 
worker0k: folds 
Uncalled bet ($1) returned to Poker9803
Poker9803 collected $2.50 from pot
Poker9803: doesn't show hand 
*** SUMMARY ***
Total pot $2.50 | Rake $0 
Seat 1: Nicedaymybro folded before Flop (didn't bet)
Seat 2: GibbexV2 folded before Flop (didn't bet)
Seat 3: CashfishT (button) folded before Flop (didn't bet)
Seat 4: Ace2Bace (small blind) folded before Flop
Seat 5: worker0k (big blind) folded before Flop
Seat 6: Poker9803 collected ($2.50)



PokerStars Hand #254569407724:  Hold'em No Limit ($0.50/$1.00 USD) - 2025/01/26 21:11:20 WET [2025/01/26 16:11:20 ET]
Table 'Monachia IV' 6-max Seat #4 is the button
Seat 1: Nicedaymybro ($100 in chips) 
Seat 2: GibbexV2 ($66.42 in chips) 
Seat 3: CashfishT ($104.20 in chips) 
Seat 4: Ace2Bace ($19.60 in chips) 
Seat 5: worker0k ($117.26 in chips) 
Seat 6: Poker9803 ($120.87 in chips) 
worker0k: posts small blind $0.50
Poker9803: posts big blind $1
*** HOLE CARDS ***
Nicedaymybro: folds 
GibbexV2: folds 
CashfishT: folds 
Ace2Bace: raises $2 to $3
worker0k: folds 
Poker9803: folds 
Uncalled bet ($2) returned to Ace2Bace
Ace2Bace collected $2.50 from pot
*** SUMMARY ***
Total pot $2.50 | Rake $0 
Seat 1: Nicedaymybro folded before Flop (didn't bet)
Seat 2: GibbexV2 folded before Flop (didn't bet)
Seat 3: CashfishT folded before Flop (didn't bet)
Seat 4: Ace2Bace (button) collected ($2.50)
Seat 5: worker0k (small blind) folded before Flop
Seat 6: Poker9803 (big blind) folded before Flop



PokerStars Hand #254569413107:  Hold'em No Limit ($0.50/$1.00 USD) - 2025/01/26 21:11:34 WET [2025/01/26 16:11:34 ET]
Table 'Monachia IV' 6-max Seat #5 is the button
Seat 1: Nicedaymybro ($100 in chips) 
Seat 2: GibbexV2 ($66.42 in chips) 
Seat 3: CashfishT ($104.20 in chips) 
Seat 4: Ace2Bace ($21.10 in chips) 
Seat 5: worker0k ($116.76 in chips) 
Seat 6: Poker9803 ($119.87 in chips) 
Poker9803: posts small blind $0.50
Nicedaymybro: posts big blind $1
*** HOLE CARDS ***
GibbexV2: folds 
CashfishT: folds 
Ace2Bace: folds 
worker0k: folds 
Poker9803: raises $2 to $3
Nicedaymybro: folds 
Uncalled bet ($2) returned to Poker9803
Poker9803 collected $2 from pot
Poker9803: doesn't show hand 
*** SUMMARY ***
Total pot $2 | Rake $0 
Seat 1: Nicedaymybro (big blind) folded before Flop
Seat 2: GibbexV2 folded before Flop (didn't bet)
Seat 3: CashfishT folded before Flop (didn't bet)
Seat 4: Ace2Bace folded before Flop (didn't bet)
Seat 5: worker0k (button) folded before Flop (didn't bet)
Seat 6: Poker9803 (small blind) collected ($2)



PokerStars Hand #254569420089:  Hold'em No Limit ($0.50/$1.00 USD) - 2025/01/26 21:11:52 WET [2025/01/26 16:11:52 ET]
Table 'Monachia IV' 6-max Seat #6 is the button
Seat 2: GibbexV2 ($66.42 in chips) is sitting out
Seat 1: Nicedaymybro ($100 in chips) 
Seat 3: CashfishT ($104.20 in chips) 
Seat 4: Ace2Bace ($21.10 in chips) 
Seat 5: worker0k ($116.76 in chips) 
Seat 6: Poker9803 ($120.87 in chips) 
Nicedaymybro: posts small blind $0.50
GibbexV2: is sitting out 
CashfishT: posts big blind $1
*** HOLE CARDS ***
Ace2Bace: folds 
worker0k: folds 
Poker9803: folds 
GibbexV2 leaves the table
worker0k leaves the table
Nicedaymybro: folds 
Uncalled bet ($0.50) returned to CashfishT
CashfishT collected $1 from pot
CashfishT: doesn't show hand 
*** SUMMARY ***
Total pot $1 | Rake $0 
Seat 2: GibbexV2
Seat 1: Nicedaymybro (small blind) folded before Flop
Seat 3: CashfishT (big blind) collected ($1)
Seat 4: Ace2Bace folded before Flop (didn't bet)
Seat 5: worker0k folded before Flop (didn't bet)
Seat 6: Poker9803 (button) folded before Flop (didn't bet)



PokerStars Hand #254569425516:  Hold'em No Limit ($0.50/$1.00 USD) - 2025/01/26 21:12:07 WET [2025/01/26 16:12:07 ET]
Table 'Monachia IV' 6-max Seat #1 is the button
Seat 1: Nicedaymybro ($100 in chips) 
Seat 3: CashfishT ($104.70 in chips) 
Seat 4: Ace2Bace ($21.10 in chips) 
Seat 6: Poker9803 ($120.87 in chips) 
CashfishT: posts small blind $0.50
Ace2Bace: posts big blind $1
*** HOLE CARDS ***
Poker9803: folds 
Nicedaymybro: folds 
CashfishT: folds 
Uncalled bet ($0.50) returned to Ace2Bace
Ace2Bace collected $1 from pot
*** SUMMARY ***
Total pot $1 | Rake $0 
Seat 1: Nicedaymybro (button) folded before Flop (didn't bet)
Seat 3: CashfishT (small blind) folded before Flop
Seat 4: Ace2Bace (big blind) collected ($1)
Seat 6: Poker9803 folded before Flop (didn't bet)



PokerStars Hand #254569428749:  Hold'em No Limit ($0.50/$1.00 USD) - 2025/01/26 21:12:15 WET [2025/01/26 16:12:15 ET]
Table 'Monachia IV' 6-max Seat #3 is the button
Seat 1: Nicedaymybro ($100 in chips) 
Seat 3: CashfishT ($104.20 in chips) 
Seat 4: Ace2Bace ($21.60 in chips) 
Seat 6: Poker9803 ($120.87 in chips) 
Ace2Bace: posts small blind $0.50
Poker9803: posts big blind $1
*** HOLE CARDS ***
Nicedaymybro: folds 
CashfishT: raises $1.20 to $2.20
Ace2Bace: calls $1.70
Poker9803: folds 
*** FLOP *** [Ac 5d 5h]
lukatoni08 joins the table at seat #5 
Ace2Bace: checks 
CashfishT: bets $3.85
Ace2Bace: folds 
Uncalled bet ($3.85) returned to CashfishT
CashfishT collected $5.13 from pot
CashfishT: doesn't show hand 
AndreaBsAs joins the table at seat #2 
*** SUMMARY ***
Total pot $5.40 | Rake $0.27 
Board [Ac 5d 5h]
Seat 1: Nicedaymybro folded before Flop (didn't bet)
Seat 3: CashfishT (button) collected ($5.13)
Seat 4: Ace2Bace (small blind) folded on the Flop
Seat 6: Poker9803 (big blind) folded before Flop



PokerStars Hand #254569439972:  Hold'em No Limit ($0.50/$1.00 USD) - 2025/01/26 21:12:44 WET [2025/01/26 16:12:44 ET]
Table 'Monachia IV' 6-max Seat #4 is the button
Seat 5: lukatoni08 ($100 in chips) is sitting out
Seat 1: Nicedaymybro ($100 in chips) 
Seat 2: AndreaBsAs ($100 in chips) 
Seat 3: CashfishT ($107.13 in chips) 
Seat 4: Ace2Bace ($19.40 in chips) 
Seat 6: Poker9803 ($119.87 in chips) 
Poker9803: posts small blind $0.50
Nicedaymybro: posts big blind $1
AndreaBsAs is connected 
AndreaBsAs: posts big blind $1
*** HOLE CARDS ***
AndreaBsAs: raises $1.20 to $2.20
CashfishT: folds 
Ace2Bace: folds 
Poker9803: folds 
Nicedaymybro: folds 
Uncalled bet ($1.20) returned to AndreaBsAs
AndreaBsAs collected $2.50 from pot
*** SUMMARY ***
Total pot $2.50 | Rake $0 
Seat 5: lukatoni08
Seat 1: Nicedaymybro (big blind) folded before Flop
Seat 2: AndreaBsAs collected ($2.50)
Seat 3: CashfishT folded before Flop (didn't bet)
Seat 4: Ace2Bace (button) folded before Flop (didn't bet)
Seat 6: Poker9803 (small blind) folded before Flop



PokerStars Hand #254569448786:  Hold'em No Limit ($0.50/$1.00 USD) - 2025/01/26 21:13:08 WET [2025/01/26 16:13:08 ET]
Table 'Monachia IV' 6-max Seat #6 is the button
Seat 5: lukatoni08 ($100 in chips) is sitting out
Seat 1: Nicedaymybro ($100 in chips) 
Seat 2: AndreaBsAs ($101.50 in chips) 
Seat 3: CashfishT ($107.13 in chips) 
Seat 4: Ace2Bace ($19.40 in chips) 
Seat 6: Poker9803 ($119.37 in chips) 
Nicedaymybro: posts small blind $0.50
AndreaBsAs: posts big blind $1
lukatoni08: sits out 
*** HOLE CARDS ***
CashfishT: raises $1.20 to $2.20
Ace2Bace: calls $2.20
Poker9803: folds 
Nicedaymybro: folds 
AndreaBsAs: folds 
*** FLOP *** [5h As 7s]
CashfishT: checks 
Ace2Bace: checks 
*** TURN *** [5h As 7s] [8c]
CashfishT: checks 
Ace2Bace: bets $2.80
CashfishT: calls $2.80
*** RIVER *** [5h As 7s 8c] [5c]
CashfishT: checks 
Ace2Bace: checks 
*** SHOW DOWN ***
CashfishT: shows [Qd 9d] (a pair of Fives)
Ace2Bace: shows [6d 7d] (two pair, Sevens and Fives)
Ace2Bace collected $10.92 from pot
*** SUMMARY ***
Total pot $11.50 | Rake $0.58 
Board [5h As 7s 8c 5c]
Seat 5: lukatoni08
Seat 1: Nicedaymybro (small blind) folded before Flop
Seat 2: AndreaBsAs (big blind) folded before Flop
Seat 3: CashfishT showed [Qd 9d] and lost with a pair of Fives
Seat 4: Ace2Bace showed [6d 7d] and won ($10.92) with two pair, Sevens and Fives
Seat 6: Poker9803 (button) folded before Flop (didn't bet)



PokerStars Hand #254569463406:  Hold'em No Limit ($0.50/$1.00 USD) - 2025/01/26 21:13:46 WET [2025/01/26 16:13:46 ET]
Table 'Monachia IV' 6-max Seat #1 is the button
Seat 5: lukatoni08 ($100 in chips) is sitting out
Seat 1: Nicedaymybro ($100 in chips) 
Seat 2: AndreaBsAs ($100.50 in chips) 
Seat 3: CashfishT ($102.13 in chips) 
Seat 4: Ace2Bace ($25.32 in chips) 
Seat 6: Poker9803 ($119.37 in chips) 
AndreaBsAs: posts small blind $0.50
CashfishT: posts big blind $1
lukatoni08: sits out 
*** HOLE CARDS ***
Ace2Bace: folds 
Poker9803: folds 
Nicedaymybro: raises $1.50 to $2.50
AndreaBsAs: folds 
CashfishT: folds 
Uncalled bet ($1.50) returned to Nicedaymybro
Nicedaymybro collected $2.50 from pot
Nicedaymybro: doesn't show hand 
*** SUMMARY ***
Total pot $2.50 | Rake $0 
Seat 5: lukatoni08
Seat 1: Nicedaymybro (button) collected ($2.50)
Seat 2: AndreaBsAs (small blind) folded before Flop
Seat 3: CashfishT (big blind) folded before Flop
Seat 4: Ace2Bace folded before Flop (didn't bet)
Seat 6: Poker9803 folded before Flop (didn't bet)



PokerStars Hand #254569469895:  Hold'em No Limit ($0.50/$1.00 USD) - 2025/01/26 21:14:03 WET [2025/01/26 16:14:03 ET]
Table 'Monachia IV' 6-max Seat #2 is the button
Seat 5: lukatoni08 ($100 in chips) is sitting out
Seat 1: Nicedaymybro ($101.50 in chips) 
Seat 2: AndreaBsAs ($100 in chips) 
Seat 3: CashfishT ($101.13 in chips) 
Seat 4: Ace2Bace ($25.32 in chips) 
Seat 6: Poker9803 ($119.37 in chips) 
CashfishT: posts small blind $0.50
Ace2Bace: posts big blind $1
lukatoni08: sits out 
*** HOLE CARDS ***
Poker9803: folds 
Nicedaymybro: raises $1.50 to $2.50
AndreaBsAs: raises $5 to $7.50
CashfishT: folds 
Ace2Bace: folds 
Nicedaymybro: folds 
Uncalled bet ($5) returned to AndreaBsAs
AndreaBsAs collected $6.50 from pot
*** SUMMARY ***
Total pot $6.50 | Rake $0 
Seat 5: lukatoni08
Seat 1: Nicedaymybro folded before Flop
Seat 2: AndreaBsAs (button) collected ($6.50)
Seat 3: CashfishT (small blind) folded before Flop
Seat 4: Ace2Bace (big blind) folded before Flop
Seat 6: Poker9803 folded before Flop (didn't bet)



PokerStars Hand #254569477752:  Hold'em No Limit ($0.50/$1.00 USD) - 2025/01/26 21:14:23 WET [2025/01/26 16:14:23 ET]
Table 'Monachia IV' 6-max Seat #3 is the button
Seat 1: Nicedaymybro ($100 in chips) 
Seat 2: AndreaBsAs ($104 in chips) 
Seat 3: CashfishT ($100.63 in chips) 
Seat 4: Ace2Bace ($24.32 in chips) 
Seat 5: lukatoni08 ($100 in chips) 
Seat 6: Poker9803 ($119.37 in chips) 
Ace2Bace: posts small blind $0.50
lukatoni08: posts big blind $1
*** HOLE CARDS ***
Poker9803: raises $1 to $2
Nicedaymybro: folds 
AndreaBsAs: folds 
CashfishT: folds 
Ace2Bace: calls $1.50
lukatoni08: calls $1
*** FLOP *** [Kd Js 2s]
Ace2Bace: checks 
lukatoni08: checks 
Poker9803: bets $1.88
Ace2Bace: folds 
lukatoni08: calls $1.88
*** TURN *** [Kd Js 2s] [Jc]
lukatoni08: checks 
Poker9803: checks 
*** RIVER *** [Kd Js 2s Jc] [5c]
lukatoni08: bets $9.27
Poker9803: folds 
Uncalled bet ($9.27) returned to lukatoni08
lukatoni08 collected $9.27 from pot
lukatoni08: doesn't show hand 
*** SUMMARY ***
Total pot $9.76 | Rake $0.49 
Board [Kd Js 2s Jc 5c]
Seat 1: Nicedaymybro folded before Flop (didn't bet)
Seat 2: AndreaBsAs folded before Flop (didn't bet)
Seat 3: CashfishT (button) folded before Flop (didn't bet)
Seat 4: Ace2Bace (small blind) folded on the Flop
Seat 5: lukatoni08 (big blind) collected ($9.27)
Seat 6: Poker9803 folded on the River



PokerStars Hand #254569501517:  Hold'em No Limit ($0.50/$1.00 USD) - 2025/01/26 21:15:25 WET [2025/01/26 16:15:25 ET]
Table 'Monachia IV' 6-max Seat #4 is the button
Seat 1: Nicedaymybro ($100 in chips) 
Seat 2: AndreaBsAs ($104 in chips) 
Seat 3: CashfishT ($100.63 in chips) 
Seat 4: Ace2Bace ($22.32 in chips) 
Seat 5: lukatoni08 ($105.39 in chips) 
Seat 6: Poker9803 ($115.49 in chips) 
lukatoni08: posts small blind $0.50
Poker9803: posts big blind $1
*** HOLE CARDS ***
Nicedaymybro: folds 
AndreaBsAs: folds 
CashfishT: folds 
Ace2Bace: raises $2.50 to $3.50
lukatoni08: folds 
Poker9803: calls $2.50
*** FLOP *** [4h Ac Th]
Poker9803: checks 
Ace2Bace: bets $2
Poker9803: folds 
Uncalled bet ($2) returned to Ace2Bace
Ace2Bace collected $7.12 from pot
*** SUMMARY ***
Total pot $7.50 | Rake $0.38 
Board [4h Ac Th]
Seat 1: Nicedaymybro folded before Flop (didn't bet)
Seat 2: AndreaBsAs folded before Flop (didn't bet)
Seat 3: CashfishT folded before Flop (didn't bet)
Seat 4: Ace2Bace (button) collected ($7.12)
Seat 5: lukatoni08 (small blind) folded before Flop
Seat 6: Poker9803 (big blind) folded on the Flop



PokerStars Hand #254569517882:  Hold'em No Limit ($0.50/$1.00 USD) - 2025/01/26 21:16:08 WET [2025/01/26 16:16:08 ET]
Table 'Monachia IV' 6-max Seat #5 is the button
Seat 1: Nicedaymybro ($100 in chips) 
Seat 2: AndreaBsAs ($104 in chips) 
Seat 3: CashfishT ($100.63 in chips) 
Seat 4: Ace2Bace ($25.94 in chips) 
Seat 5: lukatoni08 ($104.89 in chips) 
Seat 6: Poker9803 ($111.99 in chips) 
Poker9803: posts small blind $0.50
Nicedaymybro: posts big blind $1
*** HOLE CARDS ***
AndreaBsAs: raises $1.20 to $2.20
CashfishT: folds 
Ace2Bace: calls $2.20
lukatoni08: folds 
Poker9803: folds 
Nicedaymybro: folds 
*** FLOP *** [Qs Ts 5c]
AndreaBsAs: checks 
Ace2Bace: bets $2.80
AndreaBsAs: calls $2.80
*** TURN *** [Qs Ts 5c] [8c]
AndreaBsAs: checks 
Ace2Bace: checks 
*** RIVER *** [Qs Ts 5c 8c] [Ks]
AndreaBsAs: checks 
Ace2Bace: bets $5.46
AndreaBsAs: calls $5.46
*** SHOW DOWN ***
Ace2Bace: shows [7s 7d] (a pair of Sevens)
AndreaBsAs: shows [Kd Td] (two pair, Kings and Tens)
AndreaBsAs collected $21.30 from pot
*** SUMMARY ***
Total pot $22.42 | Rake $1.12 
Board [Qs Ts 5c 8c Ks]
Seat 1: Nicedaymybro (big blind) folded before Flop
Seat 2: AndreaBsAs showed [Kd Td] and won ($21.30) with two pair, Kings and Tens
Seat 3: CashfishT folded before Flop (didn't bet)
Seat 4: Ace2Bace showed [7s 7d] and lost with a pair of Sevens
Seat 5: lukatoni08 (button) folded before Flop (didn't bet)
Seat 6: Poker9803 (small blind) folded before Flop



PokerStars Hand #254569532499:  Hold'em No Limit ($0.50/$1.00 USD) - 2025/01/26 21:16:46 WET [2025/01/26 16:16:46 ET]
Table 'Monachia IV' 6-max Seat #6 is the button
Seat 1: Nicedaymybro ($100 in chips) 
Seat 2: AndreaBsAs ($114.84 in chips) 
Seat 3: CashfishT ($100.63 in chips) 
Seat 4: Ace2Bace ($15.48 in chips) 
Seat 5: lukatoni08 ($104.89 in chips) 
Seat 6: Poker9803 ($111.49 in chips) 
Nicedaymybro: posts small blind $0.50
AndreaBsAs: posts big blind $1
*** HOLE CARDS ***
CashfishT: folds 
Ace2Bace: calls $1
lukatoni08: folds 
Poker9803: folds 
Nicedaymybro: calls $0.50
AndreaBsAs: checks 
*** FLOP *** [Qh Jh 8d]
Nicedaymybro: checks 
AndreaBsAs: checks 
Ace2Bace: checks 
*** TURN *** [Qh Jh 8d] [Qc]
Nicedaymybro: bets $2.14
AndreaBsAs: folds 
Ace2Bace: folds 
Uncalled bet ($2.14) returned to Nicedaymybro
Nicedaymybro collected $2.85 from pot
Nicedaymybro: doesn't show hand 
*** SUMMARY ***
Total pot $3 | Rake $0.15 
Board [Qh Jh 8d Qc]
Seat 1: Nicedaymybro (small blind) collected ($2.85)
Seat 2: AndreaBsAs (big blind) folded on the Turn
Seat 3: CashfishT folded before Flop (didn't bet)
Seat 4: Ace2Bace folded on the Turn
Seat 5: lukatoni08 folded before Flop (didn't bet)
Seat 6: Poker9803 (button) folded before Flop (didn't bet)



PokerStars Hand #254569548057:  Hold'em No Limit ($0.50/$1.00 USD) - 2025/01/26 21:17:27 WET [2025/01/26 16:17:27 ET]
Table 'Monachia IV' 6-max Seat #1 is the button
Seat 1: Nicedaymybro ($101.85 in chips) 
Seat 2: AndreaBsAs ($113.84 in chips) 
Seat 3: CashfishT ($100.63 in chips) 
Seat 4: Ace2Bace ($14.48 in chips) 
Seat 5: lukatoni08 ($104.89 in chips) 
Seat 6: Poker9803 ($111.49 in chips) 
AndreaBsAs: posts small blind $0.50
CashfishT: posts big blind $1
*** HOLE CARDS ***
Ace2Bace: calls $1
lukatoni08: raises $4 to $5
Poker9803: folds 
Nicedaymybro: folds 
AndreaBsAs: folds 
CashfishT: folds 
Ace2Bace: calls $4
*** FLOP *** [3s Qs 9c]
Ace2Bace: bets $9.48 and is all-in
lukatoni08: calls $9.48
*** TURN *** [3s Qs 9c] [Qh]
*** RIVER *** [3s Qs 9c Qh] [Ks]
*** SHOW DOWN ***
Ace2Bace: shows [9d 8d] (two pair, Queens and Nines)
lukatoni08: shows [Ah Ac] (two pair, Aces and Queens)
lukatoni08 cashed out the hand for $22.69 | Cash Out Fee $0.46
*** SUMMARY ***
Total pot $30.46 | Rake $1.52 
Board [3s Qs 9c Qh Ks]
Seat 1: Nicedaymybro (button) folded before Flop (didn't bet)
Seat 2: AndreaBsAs (small blind) folded before Flop
Seat 3: CashfishT (big blind) folded before Flop
Seat 4: Ace2Bace showed [9d 8d] and lost with two pair, Queens and Nines
Seat 5: lukatoni08 showed [Ah Ac] and won ($28.94) with two pair, Aces and Queens (pot not awarded as player cashed out)
Seat 6: Poker9803 folded before Flop (didn't bet)



PokerStars Hand #254569560505:  Hold'em No Limit ($0.50/$1.00 USD) - 2025/01/26 21:18:00 WET [2025/01/26 16:18:00 ET]
Table 'Monachia IV' 6-max Seat #2 is the button
Seat 4: Ace2Bace ($0 in chips) is sitting out
Seat 1: Nicedaymybro ($101.85 in chips) 
Seat 2: AndreaBsAs ($113.34 in chips) 
Seat 3: CashfishT ($100 in chips) 
Seat 5: lukatoni08 ($113.10 in chips) 
Seat 6: Poker9803 ($111.49 in chips) 
CashfishT: posts small blind $0.50
lukatoni08: posts big blind $1
*** HOLE CARDS ***
Poker9803: folds 
Nicedaymybro: folds 
AndreaBsAs: folds 
Ace2Bace leaves the table
CashfishT: folds 
Uncalled bet ($0.50) returned to lukatoni08
lukatoni08 collected $1 from pot
lukatoni08: doesn't show hand 
xxxZeka joins the table at seat #4 
*** SUMMARY ***
Total pot $1 | Rake $0 
Seat 4: Ace2Bace
Seat 1: Nicedaymybro folded before Flop (didn't bet)
Seat 2: AndreaBsAs (button) folded before Flop (didn't bet)
Seat 3: CashfishT (small blind) folded before Flop
Seat 5: lukatoni08 (big blind) collected ($1)
Seat 6: Poker9803 folded before Flop (didn't bet)



PokerStars Hand #254569565230:  Hold'em No Limit ($0.50/$1.00 USD) - 2025/01/26 21:18:12 WET [2025/01/26 16:18:12 ET]
Table 'Monachia IV' 6-max Seat #3 is the button
Seat 4: xxxZeka ($100 in chips) is sitting out
Seat 6: Poker9803 ($111.49 in chips) is sitting out
Seat 1: Nicedaymybro ($101.85 in chips) 
Seat 2: AndreaBsAs ($113.34 in chips) 
Seat 3: CashfishT ($100 in chips) 
Seat 5: lukatoni08 ($113.60 in chips) 
lukatoni08: posts small blind $0.50
Poker9803: is sitting out 
Nicedaymybro: posts big blind $1
*** HOLE CARDS ***
AndreaBsAs: folds 
Poker9803 leaves the table
xxxZeka leaves the table
CashfishT: raises $1.20 to $2.20
lukatoni08: calls $1.70
Nicedaymybro: raises $10.80 to $13
CashfishT: folds 
lukatoni08: folds 
Uncalled bet ($10.80) returned to Nicedaymybro
Nicedaymybro collected $6.60 from pot
Nicedaymybro: doesn't show hand 
*** SUMMARY ***
Total pot $6.60 | Rake $0 
Seat 4: xxxZeka
Seat 6: Poker9803
Seat 1: Nicedaymybro (big blind) collected ($6.60)
Seat 2: AndreaBsAs folded before Flop (didn't bet)
Seat 3: CashfishT (button) folded before Flop
Seat 5: lukatoni08 (small blind) folded before Flop



PokerStars Hand #254569575678:  Hold'em No Limit ($0.50/$1.00 USD) - 2025/01/26 21:18:40 WET [2025/01/26 16:18:40 ET]
Table 'Monachia IV' 6-max Seat #5 is the button
Seat 1: Nicedaymybro ($106.25 in chips) 
Seat 2: AndreaBsAs ($113.34 in chips) 
Seat 3: CashfishT ($100 in chips) 
Seat 5: lukatoni08 ($111.40 in chips) 
Nicedaymybro: posts small blind $0.50
AndreaBsAs: posts big blind $1
*** HOLE CARDS ***
Mu.Rothbard joins the table at seat #6 
CashfishT: folds 
lukatoni08: folds 
Nicedaymybro: raises $2 to $3
AndreaBsAs: raises $6 to $9
Nicedaymybro: folds 
Uncalled bet ($6) returned to AndreaBsAs
AndreaBsAs collected $6 from pot
palitopalega joins the table at seat #4 
*** SUMMARY ***
Total pot $6 | Rake $0 
Seat 1: Nicedaymybro (small blind) folded before Flop
Seat 2: AndreaBsAs (big blind) collected ($6)
Seat 3: CashfishT folded before Flop (didn't bet)
Seat 5: lukatoni08 (button) folded before Flop (didn't bet)



PokerStars Hand #254569584241:  Hold'em No Limit ($0.50/$1.00 USD) - 2025/01/26 21:19:03 WET [2025/01/26 16:19:03 ET]
Table 'Monachia IV' 6-max Seat #1 is the button
Seat 4: palitopalega ($80 in chips) is sitting out
Seat 6: Mu.Rothbard ($100 in chips) is sitting out
Seat 1: Nicedaymybro ($103.25 in chips) 
Seat 2: AndreaBsAs ($116.34 in chips) 
Seat 3: CashfishT ($100 in chips) 
Seat 5: lukatoni08 ($111.40 in chips) 
AndreaBsAs: posts small blind $0.50
CashfishT: posts big blind $1
palitopalega is connected 
palitopalega: sits out 
Mu.Rothbard: sits out 
*** HOLE CARDS ***
lukatoni08: folds 
Nicedaymybro: folds 
AndreaBsAs: raises $2 to $3
CashfishT: calls $2
*** FLOP *** [3s 5s 8d]
AndreaBsAs: checks 
CashfishT: checks 
*** TURN *** [3s 5s 8d] [Jd]
AndreaBsAs: bets $7.58
CashfishT: folds 
Uncalled bet ($7.58) returned to AndreaBsAs
AndreaBsAs collected $5.70 from pot
*** SUMMARY ***
Total pot $6 | Rake $0.30 
Board [3s 5s 8d Jd]
Seat 4: palitopalega
Seat 6: Mu.Rothbard
Seat 1: Nicedaymybro (button) folded before Flop (didn't bet)
Seat 2: AndreaBsAs (small blind) collected ($5.70)
Seat 3: CashfishT (big blind) folded on the Turn
Seat 5: lukatoni08 folded before Flop (didn't bet)



PokerStars Hand #254569602849:  Hold'em No Limit ($0.50/$1.00 USD) - 2025/01/26 21:19:53 WET [2025/01/26 16:19:53 ET]
Table 'Monachia IV' 6-max Seat #2 is the button
Seat 6: Mu.Rothbard ($100 in chips) is sitting out
Seat 1: Nicedaymybro ($103.25 in chips) 
Seat 2: AndreaBsAs ($119.04 in chips) 
Seat 3: CashfishT ($100 in chips) 
Seat 4: palitopalega ($80 in chips) 
Seat 5: lukatoni08 ($111.40 in chips) 
CashfishT: posts small blind $0.50
palitopalega: posts big blind $1
Mu.Rothbard: sits out 
*** HOLE CARDS ***
lukatoni08: folds 
Nicedaymybro: folds 
AndreaBsAs: raises $1.50 to $2.50
CashfishT: folds 
palitopalega: folds 
Uncalled bet ($1.50) returned to AndreaBsAs
AndreaBsAs collected $2.50 from pot
*** SUMMARY ***
Total pot $2.50 | Rake $0 
Seat 6: Mu.Rothbard
Seat 1: Nicedaymybro folded before Flop (didn't bet)
Seat 2: AndreaBsAs (button) collected ($2.50)
Seat 3: CashfishT (small blind) folded before Flop
Seat 4: palitopalega (big blind) folded before Flop
Seat 5: lukatoni08 folded before Flop (didn't bet)



PokerStars Hand #254569611602:  Hold'em No Limit ($0.50/$1.00 USD) - 2025/01/26 21:20:16 WET [2025/01/26 16:20:16 ET]
Table 'Monachia IV' 6-max Seat #3 is the button
Seat 6: Mu.Rothbard ($100 in chips) is sitting out
Seat 1: Nicedaymybro ($103.25 in chips) 
Seat 2: AndreaBsAs ($120.54 in chips) 
Seat 3: CashfishT ($100 in chips) 
Seat 4: palitopalega ($79 in chips) 
Seat 5: lukatoni08 ($111.40 in chips) 
palitopalega: posts small blind $0.50
lukatoni08: posts big blind $1
Mu.Rothbard: sits out 
*** HOLE CARDS ***
Nicedaymybro: folds 
AndreaBsAs: folds 
CashfishT: folds 
palitopalega: folds 
Uncalled bet ($0.50) returned to lukatoni08
lukatoni08 collected $1 from pot
lukatoni08: doesn't show hand 
*** SUMMARY ***
Total pot $1 | Rake $0 
Seat 6: Mu.Rothbard
Seat 1: Nicedaymybro folded before Flop (didn't bet)
Seat 2: AndreaBsAs folded before Flop (didn't bet)
Seat 3: CashfishT (button) folded before Flop (didn't bet)
Seat 4: palitopalega (small blind) folded before Flop
Seat 5: lukatoni08 (big blind) collected ($1)



PokerStars Hand #254569616885:  Hold'em No Limit ($0.50/$1.00 USD) - 2025/01/26 21:20:30 WET [2025/01/26 16:20:30 ET]
Table 'Monachia IV' 6-max Seat #4 is the button
Seat 1: Nicedaymybro ($103.25 in chips) 
Seat 2: AndreaBsAs ($120.54 in chips) 
Seat 3: CashfishT ($100 in chips) 
Seat 4: palitopalega ($78.50 in chips) 
Seat 5: lukatoni08 ($111.90 in chips) 
Seat 6: Mu.Rothbard ($100 in chips) 
lukatoni08: posts small blind $0.50
Mu.Rothbard: posts big blind $1
*** HOLE CARDS ***
Nicedaymybro: folds 
AndreaBsAs: folds 
CashfishT: raises $1.20 to $2.20
palitopalega: folds 
lukatoni08: calls $1.70
Mu.Rothbard: raises $9.80 to $12
CashfishT: raises $14 to $26
lukatoni08: folds 
Mu.Rothbard: folds 
Uncalled bet ($14) returned to CashfishT
CashfishT collected $26.20 from pot
CashfishT: doesn't show hand 
*** SUMMARY ***
Total pot $26.20 | Rake $0 
Seat 1: Nicedaymybro folded before Flop (didn't bet)
Seat 2: AndreaBsAs folded before Flop (didn't bet)
Seat 3: CashfishT collected ($26.20)
Seat 4: palitopalega (button) folded before Flop (didn't bet)
Seat 5: lukatoni08 (small blind) folded before Flop
Seat 6: Mu.Rothbard (big blind) folded before Flop



PokerStars Hand #254569634481:  Hold'em No Limit ($0.50/$1.00 USD) - 2025/01/26 21:21:18 WET [2025/01/26 16:21:18 ET]
Table 'Monachia IV' 6-max Seat #5 is the button
Seat 1: Nicedaymybro ($103.25 in chips) 
Seat 2: AndreaBsAs ($120.54 in chips) 
Seat 3: CashfishT ($114.20 in chips) 
Seat 4: palitopalega ($78.50 in chips) 
Seat 5: lukatoni08 ($109.70 in chips) 
Seat 6: Mu.Rothbard ($100 in chips) 
Mu.Rothbard: posts small blind $0.50
Nicedaymybro: posts big blind $1
*** HOLE CARDS ***
AndreaBsAs: raises $1.20 to $2.20
CashfishT: folds 
palitopalega: calls $2.20
lukatoni08: folds 
Mu.Rothbard: folds 
Nicedaymybro: folds 
*** FLOP *** [Tc 8s 9h]
AndreaBsAs: bets $1.85
palitopalega: calls $1.85
*** TURN *** [Tc 8s 9h] [Kd]
AndreaBsAs: bets $4.56
palitopalega: raises $4.56 to $9.12
AndreaBsAs: calls $4.56
*** RIVER *** [Tc 8s 9h Kd] [5c]
AndreaBsAs: checks 
palitopalega: bets $13.23
AndreaBsAs: folds 
Uncalled bet ($13.23) returned to palitopalega
palitopalega collected $26.45 from pot
palitopalega: doesn't show hand 
*** SUMMARY ***
Total pot $27.84 | Rake $1.39 
Board [Tc 8s 9h Kd 5c]
Seat 1: Nicedaymybro (big blind) folded before Flop
Seat 2: AndreaBsAs folded on the River
Seat 3: CashfishT folded before Flop (didn't bet)
Seat 4: palitopalega collected ($26.45)
Seat 5: lukatoni08 (button) folded before Flop (didn't bet)
Seat 6: Mu.Rothbard (small blind) folded before Flop



PokerStars Hand #254569658411:  Hold'em No Limit ($0.50/$1.00 USD) - 2025/01/26 21:22:22 WET [2025/01/26 16:22:22 ET]
Table 'Monachia IV' 6-max Seat #6 is the button
Seat 1: Nicedaymybro ($102.25 in chips) 
Seat 2: AndreaBsAs ($107.37 in chips) 
Seat 3: CashfishT ($114.20 in chips) 
Seat 4: palitopalega ($91.78 in chips) 
Seat 5: lukatoni08 ($109.70 in chips) 
Seat 6: Mu.Rothbard ($100 in chips) 
Nicedaymybro: posts small blind $0.50
AndreaBsAs: posts big blind $1
*** HOLE CARDS ***
CashfishT: folds 
palitopalega: folds 
lukatoni08: folds 
Mu.Rothbard: folds 
Nicedaymybro: raises $2 to $3
AndreaBsAs: calls $2
*** FLOP *** [Kd 5c Qc]
Nicedaymybro: bets $1.88
AndreaBsAs: folds 
Uncalled bet ($1.88) returned to Nicedaymybro
Nicedaymybro collected $5.70 from pot
Nicedaymybro: doesn't show hand 
*** SUMMARY ***
Total pot $6 | Rake $0.30 
Board [Kd 5c Qc]
Seat 1: Nicedaymybro (small blind) collected ($5.70)
Seat 2: AndreaBsAs (big blind) folded on the Flop
Seat 3: CashfishT folded before Flop (didn't bet)
Seat 4: palitopalega folded before Flop (didn't bet)
Seat 5: lukatoni08 folded before Flop (didn't bet)
Seat 6: Mu.Rothbard (button) folded before Flop (didn't bet)



PokerStars Hand #254569671760:  Hold'em No Limit ($0.50/$1.00 USD) - 2025/01/26 21:22:58 WET [2025/01/26 16:22:58 ET]
Table 'Monachia IV' 6-max Seat #1 is the button
Seat 1: Nicedaymybro ($104.95 in chips) 
Seat 2: AndreaBsAs ($104.37 in chips) 
Seat 3: CashfishT ($114.20 in chips) 
Seat 4: palitopalega ($91.78 in chips) 
Seat 5: lukatoni08 ($109.70 in chips) 
Seat 6: Mu.Rothbard ($100 in chips) 
AndreaBsAs: posts small blind $0.50
CashfishT: posts big blind $1
*** HOLE CARDS ***
palitopalega: raises $1 to $2
lukatoni08: folds 
Mu.Rothbard: folds 
Nicedaymybro: calls $2
AndreaBsAs: folds 
CashfishT: folds 
*** FLOP *** [Kd 2s Ac]
palitopalega: checks 
Nicedaymybro: bets $7.31
palitopalega: folds 
Uncalled bet ($7.31) returned to Nicedaymybro
Nicedaymybro collected $5.22 from pot
Nicedaymybro: doesn't show hand 
*** SUMMARY ***
Total pot $5.50 | Rake $0.28 
Board [Kd 2s Ac]
Seat 1: Nicedaymybro (button) collected ($5.22)
Seat 2: AndreaBsAs (small blind) folded before Flop
Seat 3: CashfishT (big blind) folded before Flop
Seat 4: palitopalega folded on the Flop
Seat 5: lukatoni08 folded before Flop (didn't bet)
Seat 6: Mu.Rothbard folded before Flop (didn't bet)



PokerStars Hand #254569683196:  Hold'em No Limit ($0.50/$1.00 USD) - 2025/01/26 21:23:28 WET [2025/01/26 16:23:28 ET]
Table 'Monachia IV' 6-max Seat #2 is the button
Seat 1: Nicedaymybro ($108.17 in chips) 
Seat 2: AndreaBsAs ($103.87 in chips) 
Seat 3: CashfishT ($113.20 in chips) 
Seat 4: palitopalega ($89.78 in chips) 
Seat 5: lukatoni08 ($109.70 in chips) 
Seat 6: Mu.Rothbard ($100 in chips) 
CashfishT: posts small blind $0.50
palitopalega: posts big blind $1
*** HOLE CARDS ***
lukatoni08: folds 
Mu.Rothbard: raises $1.30 to $2.30
Nicedaymybro: folds 
AndreaBsAs: folds 
CashfishT: folds 
palitopalega: folds 
Uncalled bet ($1.30) returned to Mu.Rothbard
Mu.Rothbard collected $2.50 from pot
Mu.Rothbard: doesn't show hand 
*** SUMMARY ***
Total pot $2.50 | Rake $0 
Seat 1: Nicedaymybro folded before Flop (didn't bet)
Seat 2: AndreaBsAs (button) folded before Flop (didn't bet)
Seat 3: CashfishT (small blind) folded before Flop
Seat 4: palitopalega (big blind) folded before Flop
Seat 5: lukatoni08 folded before Flop (didn't bet)
Seat 6: Mu.Rothbard collected ($2.50)



PokerStars Hand #254569690174:  Hold'em No Limit ($0.50/$1.00 USD) - 2025/01/26 21:23:47 WET [2025/01/26 16:23:47 ET]
Table 'Monachia IV' 6-max Seat #3 is the button
Seat 1: Nicedaymybro ($108.17 in chips) 
Seat 2: AndreaBsAs ($103.87 in chips) 
Seat 3: CashfishT ($112.70 in chips) 
Seat 4: palitopalega ($88.78 in chips) 
Seat 5: lukatoni08 ($109.70 in chips) 
Seat 6: Mu.Rothbard ($101.50 in chips) 
palitopalega: posts small blind $0.50
lukatoni08: posts big blind $1
*** HOLE CARDS ***
Mu.Rothbard: folds 
Nicedaymybro: folds 
AndreaBsAs: folds 
CashfishT: raises $1.20 to $2.20
palitopalega: folds 
lukatoni08: calls $1.20
*** FLOP *** [Kc Ts 3s]
lukatoni08: checks 
CashfishT: bets $1.54
lukatoni08: calls $1.54
*** TURN *** [Kc Ts 3s] [9h]
lukatoni08: checks 
CashfishT: checks 
*** RIVER *** [Kc Ts 3s 9h] [Th]
lukatoni08: bets $5
CashfishT: folds 
Uncalled bet ($5) returned to lukatoni08
lukatoni08 collected $7.58 from pot
lukatoni08: doesn't show hand 
*** SUMMARY ***
Total pot $7.98 | Rake $0.40 
Board [Kc Ts 3s 9h Th]
Seat 1: Nicedaymybro folded before Flop (didn't bet)
Seat 2: AndreaBsAs folded before Flop (didn't bet)
Seat 3: CashfishT (button) folded on the River
Seat 4: palitopalega (small blind) folded before Flop
Seat 5: lukatoni08 (big blind) collected ($7.58)
Seat 6: Mu.Rothbard folded before Flop (didn't bet)



PokerStars Hand #254569716054:  Hold'em No Limit ($0.50/$1.00 USD) - 2025/01/26 21:24:56 WET [2025/01/26 16:24:56 ET]
Table 'Monachia IV' 6-max Seat #4 is the button
Seat 1: Nicedaymybro ($108.17 in chips) 
Seat 2: AndreaBsAs ($103.87 in chips) 
Seat 3: CashfishT ($108.96 in chips) 
Seat 4: palitopalega ($88.28 in chips) 
Seat 5: lukatoni08 ($113.54 in chips) 
Seat 6: Mu.Rothbard ($101.50 in chips) 
lukatoni08: posts small blind $0.50
Mu.Rothbard: posts big blind $1
*** HOLE CARDS ***
Nicedaymybro: raises $1.50 to $2.50
AndreaBsAs: folds 
CashfishT: folds 
palitopalega: folds 
lukatoni08: folds 
Mu.Rothbard: calls $1.50
*** FLOP *** [8d 5s Td]
Mu.Rothbard: checks 
Nicedaymybro: checks 
*** TURN *** [8d 5s Td] [8c]
Mu.Rothbard: bets $7.05
Nicedaymybro: folds 
Uncalled bet ($7.05) returned to Mu.Rothbard
Mu.Rothbard collected $5.22 from pot
Mu.Rothbard: doesn't show hand 
*** SUMMARY ***
Total pot $5.50 | Rake $0.28 
Board [8d 5s Td 8c]
Seat 1: Nicedaymybro folded on the Turn
Seat 2: AndreaBsAs folded before Flop (didn't bet)
Seat 3: CashfishT folded before Flop (didn't bet)
Seat 4: palitopalega (button) folded before Flop (didn't bet)
Seat 5: lukatoni08 (small blind) folded before Flop
Seat 6: Mu.Rothbard (big blind) collected ($5.22)



PokerStars Hand #254569730008:  Hold'em No Limit ($0.50/$1.00 USD) - 2025/01/26 21:25:33 WET [2025/01/26 16:25:33 ET]
Table 'Monachia IV' 6-max Seat #5 is the button
Seat 1: Nicedaymybro ($105.67 in chips) 
Seat 2: AndreaBsAs ($103.87 in chips) 
Seat 3: CashfishT ($108.96 in chips) 
Seat 4: palitopalega ($88.28 in chips) 
Seat 5: lukatoni08 ($113.04 in chips) 
Seat 6: Mu.Rothbard ($104.22 in chips) 
Mu.Rothbard: posts small blind $0.50
Nicedaymybro: posts big blind $1
*** HOLE CARDS ***
AndreaBsAs: folds 
CashfishT: folds 
palitopalega: calls $1
lukatoni08: folds 
Mu.Rothbard: folds 
Nicedaymybro: checks 
*** FLOP *** [Jd Td 5h]
Nicedaymybro: checks 
palitopalega: checks 
*** TURN *** [Jd Td 5h] [8c]
Nicedaymybro: checks 
palitopalega: bets $1
Nicedaymybro: folds 
Uncalled bet ($1) returned to palitopalega
palitopalega collected $2.38 from pot
palitopalega: doesn't show hand 
*** SUMMARY ***
Total pot $2.50 | Rake $0.12 
Board [Jd Td 5h 8c]
Seat 1: Nicedaymybro (big blind) folded on the Turn
Seat 2: AndreaBsAs folded before Flop (didn't bet)
Seat 3: CashfishT folded before Flop (didn't bet)
Seat 4: palitopalega collected ($2.38)
Seat 5: lukatoni08 (button) folded before Flop (didn't bet)
Seat 6: Mu.Rothbard (small blind) folded before Flop



PokerStars Hand #254569744934:  Hold'em No Limit ($0.50/$1.00 USD) - 2025/01/26 21:26:14 WET [2025/01/26 16:26:14 ET]
Table 'Monachia IV' 6-max Seat #6 is the button
Seat 1: Nicedaymybro ($104.67 in chips) 
Seat 2: AndreaBsAs ($103.87 in chips) 
Seat 3: CashfishT ($108.96 in chips) 
Seat 4: palitopalega ($89.66 in chips) 
Seat 5: lukatoni08 ($113.04 in chips) 
Seat 6: Mu.Rothbard ($103.72 in chips) 
Nicedaymybro: posts small blind $0.50
AndreaBsAs: posts big blind $1
*** HOLE CARDS ***
CashfishT: raises $1.20 to $2.20
palitopalega: folds 
lukatoni08: folds 
Mu.Rothbard: folds 
Nicedaymybro: folds 
AndreaBsAs: folds 
Uncalled bet ($1.20) returned to CashfishT
CashfishT collected $2.50 from pot
CashfishT: doesn't show hand 
*** SUMMARY ***
Total pot $2.50 | Rake $0 
Seat 1: Nicedaymybro (small blind) folded before Flop
Seat 2: AndreaBsAs (big blind) folded before Flop
Seat 3: CashfishT collected ($2.50)
Seat 4: palitopalega folded before Flop (didn't bet)
Seat 5: lukatoni08 folded before Flop (didn't bet)
Seat 6: Mu.Rothbard (button) folded before Flop (didn't bet)



PokerStars Hand #254569751052:  Hold'em No Limit ($0.50/$1.00 USD) - 2025/01/26 21:26:30 WET [2025/01/26 16:26:30 ET]
Table 'Monachia IV' 6-max Seat #1 is the button
Seat 1: Nicedaymybro ($104.17 in chips) 
Seat 2: AndreaBsAs ($102.87 in chips) 
Seat 3: CashfishT ($110.46 in chips) 
Seat 4: palitopalega ($89.66 in chips) 
Seat 5: lukatoni08 ($113.04 in chips) 
Seat 6: Mu.Rothbard ($103.72 in chips) 
AndreaBsAs: posts small blind $0.50
CashfishT: posts big blind $1
*** HOLE CARDS ***
palitopalega: folds 
lukatoni08: folds 
Mu.Rothbard: folds 
Nicedaymybro: raises $1.50 to $2.50
AndreaBsAs: folds 
CashfishT: raises $10.50 to $13
Nicedaymybro: folds 
Uncalled bet ($10.50) returned to CashfishT
CashfishT collected $5.50 from pot
CashfishT: doesn't show hand 
*** SUMMARY ***
Total pot $5.50 | Rake $0 
Seat 1: Nicedaymybro (button) folded before Flop
Seat 2: AndreaBsAs (small blind) folded before Flop
Seat 3: CashfishT (big blind) collected ($5.50)
Seat 4: palitopalega folded before Flop (didn't bet)
Seat 5: lukatoni08 folded before Flop (didn't bet)
Seat 6: Mu.Rothbard folded before Flop (didn't bet)



PokerStars Hand #254569758633:  Hold'em No Limit ($0.50/$1.00 USD) - 2025/01/26 21:26:51 WET [2025/01/26 16:26:51 ET]
Table 'Monachia IV' 6-max Seat #2 is the button
Seat 1: Nicedaymybro ($101.67 in chips) 
Seat 2: AndreaBsAs ($102.37 in chips) 
Seat 3: CashfishT ($113.46 in chips) 
Seat 4: palitopalega ($89.66 in chips) 
Seat 5: lukatoni08 ($113.04 in chips) 
Seat 6: Mu.Rothbard ($103.72 in chips) 
CashfishT: posts small blind $0.50
palitopalega: posts big blind $1
*** HOLE CARDS ***
lukatoni08: calls $1
Mu.Rothbard: folds 
Nicedaymybro: folds 
AndreaBsAs: raises $3 to $4
CashfishT: folds 
palitopalega: folds 
lukatoni08: calls $3
*** FLOP *** [9h 9c Td]
lukatoni08: checks 
AndreaBsAs: bets $2.98
lukatoni08: raises $2.98 to $5.96
AndreaBsAs: folds 
Uncalled bet ($2.98) returned to lukatoni08
lukatoni08 collected $14.69 from pot
lukatoni08: doesn't show hand 
*** SUMMARY ***
Total pot $15.46 | Rake $0.77 
Board [9h 9c Td]
Seat 1: Nicedaymybro folded before Flop (didn't bet)
Seat 2: AndreaBsAs (button) folded on the Flop
Seat 3: CashfishT (small blind) folded before Flop
Seat 4: palitopalega (big blind) folded before Flop
Seat 5: lukatoni08 collected ($14.69)
Seat 6: Mu.Rothbard folded before Flop (didn't bet)



PokerStars Hand #254569776121:  Hold'em No Limit ($0.50/$1.00 USD) - 2025/01/26 21:27:38 WET [2025/01/26 16:27:38 ET]
Table 'Monachia IV' 6-max Seat #3 is the button
Seat 1: Nicedaymybro ($101.67 in chips) 
Seat 2: AndreaBsAs ($100 in chips) 
Seat 3: CashfishT ($112.96 in chips) 
Seat 4: palitopalega ($88.66 in chips) 
Seat 5: lukatoni08 ($120.75 in chips) 
Seat 6: Mu.Rothbard ($103.72 in chips) 
palitopalega: posts small blind $0.50
lukatoni08: posts big blind $1
*** HOLE CARDS ***
Mu.Rothbard: folds 
Nicedaymybro: folds 
AndreaBsAs: raises $1.50 to $2.50
CashfishT: folds 
palitopalega: folds 
lukatoni08: calls $1.50
*** FLOP *** [7h Ts 4s]
lukatoni08: checks 
AndreaBsAs: bets $1.72
lukatoni08: calls $1.72
*** TURN *** [7h Ts 4s] [Ah]
lukatoni08: checks 
AndreaBsAs: bets $11.29
lukatoni08: folds 
Uncalled bet ($11.29) returned to AndreaBsAs
AndreaBsAs collected $8.49 from pot
*** SUMMARY ***
Total pot $8.94 | Rake $0.45 
Board [7h Ts 4s Ah]
Seat 1: Nicedaymybro folded before Flop (didn't bet)
Seat 2: AndreaBsAs collected ($8.49)
Seat 3: CashfishT (button) folded before Flop (didn't bet)
Seat 4: palitopalega (small blind) folded before Flop
Seat 5: lukatoni08 (big blind) folded on the Turn
Seat 6: Mu.Rothbard folded before Flop (didn't bet)



PokerStars Hand #254569790007:  Hold'em No Limit ($0.50/$1.00 USD) - 2025/01/26 21:28:16 WET [2025/01/26 16:28:16 ET]
Table 'Monachia IV' 6-max Seat #4 is the button
Seat 1: Nicedaymybro ($101.67 in chips) 
Seat 2: AndreaBsAs ($104.27 in chips) 
Seat 3: CashfishT ($112.96 in chips) 
Seat 4: palitopalega ($88.16 in chips) 
Seat 5: lukatoni08 ($116.53 in chips) 
Seat 6: Mu.Rothbard ($103.72 in chips) 
lukatoni08: posts small blind $0.50
Mu.Rothbard: posts big blind $1
*** HOLE CARDS ***
Nicedaymybro: folds 
AndreaBsAs: folds 
CashfishT: raises $1.20 to $2.20
palitopalega: folds 
lukatoni08: calls $1.70
Mu.Rothbard: calls $1.20
*** FLOP *** [9c Jc Jd]
lukatoni08: checks 
Mu.Rothbard: checks 
CashfishT: bets $2.07
lukatoni08: folds 
Mu.Rothbard: raises $7.29 to $9.36
CashfishT: folds 
Uncalled bet ($7.29) returned to Mu.Rothbard
Mu.Rothbard collected $10.20 from pot
Mu.Rothbard: doesn't show hand 
*** SUMMARY ***
Total pot $10.74 | Rake $0.54 
Board [9c Jc Jd]
Seat 1: Nicedaymybro folded before Flop (didn't bet)
Seat 2: AndreaBsAs folded before Flop (didn't bet)
Seat 3: CashfishT folded on the Flop
Seat 4: palitopalega (button) folded before Flop (didn't bet)
Seat 5: lukatoni08 (small blind) folded on the Flop
Seat 6: Mu.Rothbard (big blind) collected ($10.20)



PokerStars Hand #254569822834:  Hold'em No Limit ($0.50/$1.00 USD) - 2025/01/26 21:29:46 WET [2025/01/26 16:29:46 ET]
Table 'Monachia IV' 6-max Seat #5 is the button
Seat 1: Nicedaymybro ($101.67 in chips) 
Seat 2: AndreaBsAs ($104.27 in chips) 
Seat 3: CashfishT ($108.69 in chips) 
Seat 4: palitopalega ($88.16 in chips) 
Seat 5: lukatoni08 ($114.33 in chips) 
Seat 6: Mu.Rothbard ($109.65 in chips) 
Mu.Rothbard: posts small blind $0.50
Nicedaymybro: posts big blind $1
*** HOLE CARDS ***
AndreaBsAs: folds 
CashfishT: folds 
palitopalega: folds 
lukatoni08: raises $1 to $2
Mu.Rothbard: folds 
Nicedaymybro: raises $9 to $11
lukatoni08: calls $9
*** FLOP *** [8s 6d 6h]
Nicedaymybro: checks 
lukatoni08: checks 
*** TURN *** [8s 6d 6h] [Jh]
Nicedaymybro: bets $10.70
lukatoni08: folds 
Uncalled bet ($10.70) returned to Nicedaymybro
Nicedaymybro collected $21.38 from pot
Nicedaymybro: doesn't show hand 
*** SUMMARY ***
Total pot $22.50 | Rake $1.12 
Board [8s 6d 6h Jh]
Seat 1: Nicedaymybro (big blind) collected ($21.38)
Seat 2: AndreaBsAs folded before Flop (didn't bet)
Seat 3: CashfishT folded before Flop (didn't bet)
Seat 4: palitopalega folded before Flop (didn't bet)
Seat 5: lukatoni08 (button) folded on the Turn
Seat 6: Mu.Rothbard (small blind) folded before Flop



PokerStars Hand #254570016484:  Hold'em No Limit ($0.50/$1.00 USD) - 2025/01/26 21:38:36 WET [2025/01/26 16:38:36 ET]
Table 'Monachia IV' 6-max Seat #1 is the button
Seat 2: AndreaBsAs ($100 in chips) is sitting out
Seat 1: Nicedaymybro ($108.55 in chips) 
Seat 3: CashfishT ($106.02 in chips) 
Seat 4: kel3vr4_23 ($40 in chips) 
Seat 5: lukatoni08 ($87.82 in chips) 
Seat 6: Mu.Rothbard ($132.62 in chips) 
CashfishT: posts small blind $0.50
kel3vr4_23: posts big blind $1
*** HOLE CARDS ***
lukatoni08: folds 
Mu.Rothbard: folds 
Nicedaymybro: folds 
CashfishT: raises $2 to $3
kel3vr4_23: folds 
Uncalled bet ($2) returned to CashfishT
CashfishT collected $2 from pot
CashfishT: doesn't show hand 
*** SUMMARY ***
Total pot $2 | Rake $0 
Seat 2: AndreaBsAs
Seat 1: Nicedaymybro (button) folded before Flop (didn't bet)
Seat 3: CashfishT (small blind) collected ($2)
Seat 4: kel3vr4_23 (big blind) folded before Flop
Seat 5: lukatoni08 folded before Flop (didn't bet)
Seat 6: Mu.Rothbard folded before Flop (didn't bet)



PokerStars Hand #254570022018:  Hold'em No Limit ($0.50/$1.00 USD) - 2025/01/26 21:38:51 WET [2025/01/26 16:38:51 ET]
Table 'Monachia IV' 6-max Seat #3 is the button
Seat 2: AndreaBsAs ($100 in chips) is sitting out
Seat 1: Nicedaymybro ($108.55 in chips) 
Seat 3: CashfishT ($107.02 in chips) 
Seat 4: kel3vr4_23 ($39 in chips) 
Seat 5: lukatoni08 ($87.82 in chips) 
Seat 6: Mu.Rothbard ($132.62 in chips) 
kel3vr4_23: posts small blind $0.50
lukatoni08: posts big blind $1
*** HOLE CARDS ***
Mu.Rothbard: folds 
Nicedaymybro: raises $1.50 to $2.50
CashfishT: folds 
kel3vr4_23: folds 
lukatoni08: calls $1.50
*** FLOP *** [Qs 2s 2d]
lukatoni08: checks 
Nicedaymybro: bets $2.09
lukatoni08: calls $2.09
*** TURN *** [Qs 2s 2d] [Td]
lukatoni08: checks 
Nicedaymybro: checks 
*** RIVER *** [Qs 2s 2d Td] [3d]
lukatoni08: checks 
Nicedaymybro: bets $9.20
lukatoni08: calls $9.20
*** SHOW DOWN ***
Nicedaymybro: shows [Jd Qc] (two pair, Queens and Deuces)
lukatoni08: mucks hand 
Nicedaymybro collected $26.68 from pot
*** SUMMARY ***
Total pot $28.08 | Rake $1.40 
Board [Qs 2s 2d Td 3d]
Seat 2: AndreaBsAs
Seat 1: Nicedaymybro showed [Jd Qc] and won ($26.68) with two pair, Queens and Deuces
Seat 3: CashfishT (button) folded before Flop (didn't bet)
Seat 4: kel3vr4_23 (small blind) folded before Flop
Seat 5: lukatoni08 (big blind) mucked
Seat 6: Mu.Rothbard folded before Flop (didn't bet)



PokerStars Hand #254570043711:  Hold'em No Limit ($0.50/$1.00 USD) - 2025/01/26 21:39:52 WET [2025/01/26 16:39:52 ET]
Table 'Monachia IV' 6-max Seat #4 is the button
Seat 2: AndreaBsAs ($100 in chips) is sitting out
Seat 1: Nicedaymybro ($121.44 in chips) 
Seat 3: CashfishT ($107.02 in chips) 
Seat 4: kel3vr4_23 ($38.50 in chips) 
Seat 5: lukatoni08 ($74.03 in chips) 
Seat 6: Mu.Rothbard ($132.62 in chips) 
lukatoni08: posts small blind $0.50
Mu.Rothbard: posts big blind $1
*** HOLE CARDS ***
Nicedaymybro: raises $1.50 to $2.50
CashfishT: folds 
kel3vr4_23: folds 
lukatoni08: folds 
Mu.Rothbard: folds 
Uncalled bet ($1.50) returned to Nicedaymybro
Nicedaymybro collected $2.50 from pot
Nicedaymybro: doesn't show hand 
*** SUMMARY ***
Total pot $2.50 | Rake $0 
Seat 2: AndreaBsAs
Seat 1: Nicedaymybro collected ($2.50)
Seat 3: CashfishT folded before Flop (didn't bet)
Seat 4: kel3vr4_23 (button) folded before Flop (didn't bet)
Seat 5: lukatoni08 (small blind) folded before Flop
Seat 6: Mu.Rothbard (big blind) folded before Flop



PokerStars Hand #254570049264:  Hold'em No Limit ($0.50/$1.00 USD) - 2025/01/26 21:40:07 WET [2025/01/26 16:40:07 ET]
Table 'Monachia IV' 6-max Seat #5 is the button
Seat 2: AndreaBsAs ($100 in chips) is sitting out
Seat 1: Nicedaymybro ($122.94 in chips) 
Seat 3: CashfishT ($107.02 in chips) 
Seat 4: kel3vr4_23 ($38.50 in chips) 
Seat 5: lukatoni08 ($100 in chips) 
Seat 6: Mu.Rothbard ($131.62 in chips) 
Mu.Rothbard: posts small blind $0.50
Nicedaymybro: posts big blind $1
*** HOLE CARDS ***
CashfishT: folds 
kel3vr4_23: folds 
lukatoni08: folds 
Mu.Rothbard: folds 
Uncalled bet ($0.50) returned to Nicedaymybro
Nicedaymybro collected $1 from pot
Nicedaymybro: doesn't show hand 
*** SUMMARY ***
Total pot $1 | Rake $0 
Seat 2: AndreaBsAs
Seat 1: Nicedaymybro (big blind) collected ($1)
Seat 3: CashfishT folded before Flop (didn't bet)
Seat 4: kel3vr4_23 folded before Flop (didn't bet)
Seat 5: lukatoni08 (button) folded before Flop (didn't bet)
Seat 6: Mu.Rothbard (small blind) folded before Flop



PokerStars Hand #254570055816:  Hold'em No Limit ($0.50/$1.00 USD) - 2025/01/26 21:40:26 WET [2025/01/26 16:40:26 ET]
Table 'Monachia IV' 6-max Seat #6 is the button
Seat 2: AndreaBsAs ($100 in chips) is sitting out
Seat 1: Nicedaymybro ($123.44 in chips) 
Seat 3: CashfishT ($107.02 in chips) 
Seat 4: kel3vr4_23 ($38.50 in chips) 
Seat 5: lukatoni08 ($100 in chips) 
Seat 6: Mu.Rothbard ($131.12 in chips) 
Nicedaymybro: posts small blind $0.50
CashfishT: posts big blind $1
*** HOLE CARDS ***
kel3vr4_23: raises $1.50 to $2.50
lukatoni08: calls $2.50
Mu.Rothbard: calls $2.50
Nicedaymybro: folds 
CashfishT: folds 
*** FLOP *** [Ah 9d 7h]
kel3vr4_23: checks 
lukatoni08: checks 
Mu.Rothbard: checks 
*** TURN *** [Ah 9d 7h] [Kc]
kel3vr4_23: checks 
lukatoni08: bets $4.28
Mu.Rothbard: folds 
kel3vr4_23: calls $4.28
*** RIVER *** [Ah 9d 7h Kc] [Td]
kel3vr4_23: checks 
lukatoni08: checks 
*** SHOW DOWN ***
kel3vr4_23: shows [Jc Tc] (a pair of Tens)
lukatoni08: shows [Ac 8c] (a pair of Aces)
lukatoni08 collected $16.68 from pot
AndreaBsAs leaves the table
*** SUMMARY ***
Total pot $17.56 | Rake $0.88 
Board [Ah 9d 7h Kc Td]
Seat 2: AndreaBsAs
Seat 1: Nicedaymybro (small blind) folded before Flop
Seat 3: CashfishT (big blind) folded before Flop
Seat 4: kel3vr4_23 showed [Jc Tc] and lost with a pair of Tens
Seat 5: lukatoni08 showed [Ac 8c] and won ($16.68) with a pair of Aces
Seat 6: Mu.Rothbard (button) folded on the Turn



PokerStars Hand #254570078112:  Hold'em No Limit ($0.50/$1.00 USD) - 2025/01/26 21:41:28 WET [2025/01/26 16:41:28 ET]
Table 'Monachia IV' 6-max Seat #1 is the button
Seat 1: Nicedaymybro ($122.94 in chips) 
Seat 3: CashfishT ($106.02 in chips) 
Seat 4: kel3vr4_23 ($31.72 in chips) 
Seat 5: lukatoni08 ($109.90 in chips) 
Seat 6: Mu.Rothbard ($128.62 in chips) 
CashfishT: posts small blind $0.50
kel3vr4_23: posts big blind $1
*** HOLE CARDS ***
lukatoni08: folds 
Mu.Rothbard: raises $1.30 to $2.30
Nicedaymybro: folds 
CashfishT: folds 
kel3vr4_23: calls $1.30
*** FLOP *** [4h 4c Td]
kel3vr4_23: checks 
Mu.Rothbard: bets $1.55
kel3vr4_23: calls $1.55
*** TURN *** [4h 4c Td] [6s]
kel3vr4_23: checks 
Mu.Rothbard: bets $5.45
kel3vr4_23: folds 
Uncalled bet ($5.45) returned to Mu.Rothbard
Mu.Rothbard collected $7.79 from pot
Mu.Rothbard: doesn't show hand 
*** SUMMARY ***
Total pot $8.20 | Rake $0.41 
Board [4h 4c Td 6s]
Seat 1: Nicedaymybro (button) folded before Flop (didn't bet)
Seat 3: CashfishT (small blind) folded before Flop
Seat 4: kel3vr4_23 (big blind) folded on the Turn
Seat 5: lukatoni08 folded before Flop (didn't bet)
Seat 6: Mu.Rothbard collected ($7.79)



PokerStars Hand #254570092869:  Hold'em No Limit ($0.50/$1.00 USD) - 2025/01/26 21:42:10 WET [2025/01/26 16:42:10 ET]
Table 'Monachia IV' 6-max Seat #3 is the button
Seat 1: Nicedaymybro ($122.94 in chips) 
Seat 3: CashfishT ($105.52 in chips) 
Seat 4: kel3vr4_23 ($27.87 in chips) 
Seat 5: lukatoni08 ($109.90 in chips) 
Seat 6: Mu.Rothbard ($132.56 in chips) 
kel3vr4_23: posts small blind $0.50
lukatoni08: posts big blind $1
*** HOLE CARDS ***
Mu.Rothbard: folds 
Nicedaymybro: raises $1.50 to $2.50
CashfishT: folds 
kel3vr4_23: calls $2
lukatoni08: calls $1.50
*** FLOP *** [2d 2c Qs]
ImaPeppaPig joins the table at seat #2 
kel3vr4_23: checks 
lukatoni08: checks 
Nicedaymybro: bets $2.35
kel3vr4_23: calls $2.35
lukatoni08: folds 
*** TURN *** [2d 2c Qs] [Qd]
kel3vr4_23: checks 
Nicedaymybro: checks 
*** RIVER *** [2d 2c Qs Qd] [Kc]
kel3vr4_23: bets $4
Nicedaymybro: calls $4
*** SHOW DOWN ***
kel3vr4_23: shows [6h 6c] (two pair, Queens and Sixes)
Nicedaymybro: mucks hand 
kel3vr4_23 collected $19.19 from pot
*** SUMMARY ***
Total pot $20.20 | Rake $1.01 
Board [2d 2c Qs Qd Kc]
Seat 1: Nicedaymybro mucked
Seat 3: CashfishT (button) folded before Flop (didn't bet)
Seat 4: kel3vr4_23 (small blind) showed [6h 6c] and won ($19.19) with two pair, Queens and Sixes
Seat 5: lukatoni08 (big blind) folded on the Flop
Seat 6: Mu.Rothbard folded before Flop (didn't bet)



PokerStars Hand #254570112015:  Hold'em No Limit ($0.50/$1.00 USD) - 2025/01/26 21:43:04 WET [2025/01/26 16:43:04 ET]
Table 'Monachia IV' 6-max Seat #4 is the button
Seat 2: ImaPeppaPig ($100 in chips) is sitting out
Seat 1: Nicedaymybro ($114.09 in chips) 
Seat 3: CashfishT ($105.52 in chips) 
Seat 4: kel3vr4_23 ($38.21 in chips) 
Seat 5: lukatoni08 ($107.40 in chips) 
Seat 6: Mu.Rothbard ($132.56 in chips) 
lukatoni08: posts small blind $0.50
Mu.Rothbard: posts big blind $1
ImaPeppaPig: sits out 
*** HOLE CARDS ***
Nicedaymybro: folds 
CashfishT: folds 
kel3vr4_23: raises $1.50 to $2.50
lukatoni08: folds 
Mu.Rothbard: calls $1.50
*** FLOP *** [5d Kc 6c]
Mu.Rothbard: checks 
kel3vr4_23: bets $2
Mu.Rothbard: calls $2
*** TURN *** [5d Kc 6c] [8d]
Mu.Rothbard: checks 
kel3vr4_23: checks 
*** RIVER *** [5d Kc 6c 8d] [9d]
Mu.Rothbard: checks 
kel3vr4_23: bets $3
Mu.Rothbard: folds 
Uncalled bet ($3) returned to kel3vr4_23
kel3vr4_23 collected $9.02 from pot
kel3vr4_23: doesn't show hand 
*** SUMMARY ***
Total pot $9.50 | Rake $0.48 
Board [5d Kc 6c 8d 9d]
Seat 2: ImaPeppaPig
Seat 1: Nicedaymybro folded before Flop (didn't bet)
Seat 3: CashfishT folded before Flop (didn't bet)
Seat 4: kel3vr4_23 (button) collected ($9.02)
Seat 5: lukatoni08 (small blind) folded before Flop
Seat 6: Mu.Rothbard (big blind) folded on the River



PokerStars Hand #254570124795:  Hold'em No Limit ($0.50/$1.00 USD) - 2025/01/26 21:43:40 WET [2025/01/26 16:43:40 ET]
Table 'Monachia IV' 6-max Seat #5 is the button
Seat 2: ImaPeppaPig ($100 in chips) is sitting out
Seat 1: Nicedaymybro ($114.09 in chips) 
Seat 3: CashfishT ($105.52 in chips) 
Seat 4: kel3vr4_23 ($42.73 in chips) 
Seat 5: lukatoni08 ($106.90 in chips) 
Seat 6: Mu.Rothbard ($128.06 in chips) 
Mu.Rothbard: posts small blind $0.50
Nicedaymybro: posts big blind $1
ImaPeppaPig: sits out 
*** HOLE CARDS ***
CashfishT: raises $1.20 to $2.20
kel3vr4_23: folds 
lukatoni08: folds 
Mu.Rothbard: folds 
Nicedaymybro: folds 
Uncalled bet ($1.20) returned to CashfishT
CashfishT collected $2.50 from pot
CashfishT: doesn't show hand 
*** SUMMARY ***
Total pot $2.50 | Rake $0 
Seat 2: ImaPeppaPig
Seat 1: Nicedaymybro (big blind) folded before Flop
Seat 3: CashfishT collected ($2.50)
Seat 4: kel3vr4_23 folded before Flop (didn't bet)
Seat 5: lukatoni08 (button) folded before Flop (didn't bet)
Seat 6: Mu.Rothbard (small blind) folded before Flop



PokerStars Hand #254570129662:  Hold'em No Limit ($0.50/$1.00 USD) - 2025/01/26 21:43:54 WET [2025/01/26 16:43:54 ET]
Table 'Monachia IV' 6-max Seat #6 is the button
Seat 1: Nicedaymybro ($113.09 in chips) 
Seat 2: ImaPeppaPig ($100 in chips) 
Seat 3: CashfishT ($107.02 in chips) 
Seat 4: kel3vr4_23 ($42.73 in chips) 
Seat 5: lukatoni08 ($106.90 in chips) 
Seat 6: Mu.Rothbard ($127.56 in chips) 
Nicedaymybro: posts small blind $0.50
ImaPeppaPig: posts big blind $1
*** HOLE CARDS ***
CashfishT: folds 
kel3vr4_23: folds 
lukatoni08: folds 
Mu.Rothbard: folds 
Nicedaymybro: folds 
Uncalled bet ($0.50) returned to ImaPeppaPig
ImaPeppaPig collected $1 from pot
ImaPeppaPig: doesn't show hand 
*** SUMMARY ***
Total pot $1 | Rake $0 
Seat 1: Nicedaymybro (small blind) folded before Flop
Seat 2: ImaPeppaPig (big blind) collected ($1)
Seat 3: CashfishT folded before Flop (didn't bet)
Seat 4: kel3vr4_23 folded before Flop (didn't bet)
Seat 5: lukatoni08 folded before Flop (didn't bet)
Seat 6: Mu.Rothbard (button) folded before Flop (didn't bet)



PokerStars Hand #254570133406:  Hold'em No Limit ($0.50/$1.00 USD) - 2025/01/26 21:44:05 WET [2025/01/26 16:44:05 ET]
Table 'Monachia IV' 6-max Seat #1 is the button
Seat 1: Nicedaymybro ($112.59 in chips) 
Seat 2: ImaPeppaPig ($100.50 in chips) 
Seat 3: CashfishT ($107.02 in chips) 
Seat 4: kel3vr4_23 ($42.73 in chips) 
Seat 5: lukatoni08 ($106.90 in chips) 
Seat 6: Mu.Rothbard ($127.56 in chips) 
ImaPeppaPig: posts small blind $0.50
CashfishT: posts big blind $1
*** HOLE CARDS ***
kel3vr4_23: raises $1.50 to $2.50
lukatoni08: folds 
Mu.Rothbard: folds 
Nicedaymybro: folds 
ImaPeppaPig: folds 
CashfishT: folds 
Uncalled bet ($1.50) returned to kel3vr4_23
kel3vr4_23 collected $2.50 from pot
kel3vr4_23: doesn't show hand 
*** SUMMARY ***
Total pot $2.50 | Rake $0 
Seat 1: Nicedaymybro (button) folded before Flop (didn't bet)
Seat 2: ImaPeppaPig (small blind) folded before Flop
Seat 3: CashfishT (big blind) folded before Flop
Seat 4: kel3vr4_23 collected ($2.50)
Seat 5: lukatoni08 folded before Flop (didn't bet)
Seat 6: Mu.Rothbard folded before Flop (didn't bet)



PokerStars Hand #254570138631:  Hold'em No Limit ($0.50/$1.00 USD) - 2025/01/26 21:44:20 WET [2025/01/26 16:44:20 ET]
Table 'Monachia IV' 6-max Seat #2 is the button
Seat 1: Nicedaymybro ($112.59 in chips) 
Seat 2: ImaPeppaPig ($100 in chips) 
Seat 3: CashfishT ($106.02 in chips) 
Seat 4: kel3vr4_23 ($44.23 in chips) 
Seat 5: lukatoni08 ($106.90 in chips) 
Seat 6: Mu.Rothbard ($127.56 in chips) 
CashfishT: posts small blind $0.50
kel3vr4_23: posts big blind $1
*** HOLE CARDS ***
lukatoni08: folds 
Mu.Rothbard: raises $1.30 to $2.30
Nicedaymybro: folds 
ImaPeppaPig: raises $4.95 to $7.25
CashfishT: raises $10.75 to $18
kel3vr4_23: folds 
Mu.Rothbard: folds 
ImaPeppaPig: folds 
Uncalled bet ($10.75) returned to CashfishT
CashfishT collected $17.80 from pot
CashfishT: doesn't show hand 
*** SUMMARY ***
Total pot $17.80 | Rake $0 
Seat 1: Nicedaymybro folded before Flop (didn't bet)
Seat 2: ImaPeppaPig (button) folded before Flop
Seat 3: CashfishT (small blind) collected ($17.80)
Seat 4: kel3vr4_23 (big blind) folded before Flop
Seat 5: lukatoni08 folded before Flop (didn't bet)
Seat 6: Mu.Rothbard folded before Flop



PokerStars Hand #254570149512:  Hold'em No Limit ($0.50/$1.00 USD) - 2025/01/26 21:44:51 WET [2025/01/26 16:44:51 ET]
Table 'Monachia IV' 6-max Seat #3 is the button
Seat 1: Nicedaymybro ($112.59 in chips) 
Seat 2: ImaPeppaPig ($100 in chips) 
Seat 3: CashfishT ($116.57 in chips) 
Seat 4: kel3vr4_23 ($43.23 in chips) 
Seat 5: lukatoni08 ($106.90 in chips) 
Seat 6: Mu.Rothbard ($125.26 in chips) 
kel3vr4_23: posts small blind $0.50
lukatoni08: posts big blind $1
*** HOLE CARDS ***
Mu.Rothbard: folds 
Nicedaymybro: raises $1.50 to $2.50
ImaPeppaPig: folds 
CashfishT: raises $4.50 to $7
kel3vr4_23: folds 
lukatoni08: folds 
Nicedaymybro: folds 
Uncalled bet ($4.50) returned to CashfishT
CashfishT collected $6.50 from pot
CashfishT: doesn't show hand 
*** SUMMARY ***
Total pot $6.50 | Rake $0 
Seat 1: Nicedaymybro folded before Flop
Seat 2: ImaPeppaPig folded before Flop (didn't bet)
Seat 3: CashfishT (button) collected ($6.50)
Seat 4: kel3vr4_23 (small blind) folded before Flop
Seat 5: lukatoni08 (big blind) folded before Flop
Seat 6: Mu.Rothbard folded before Flop (didn't bet)



PokerStars Hand #254570159654:  Hold'em No Limit ($0.50/$1.00 USD) - 2025/01/26 21:45:19 WET [2025/01/26 16:45:19 ET]
Table 'Monachia IV' 6-max Seat #4 is the button
Seat 1: Nicedaymybro ($110.09 in chips) 
Seat 2: ImaPeppaPig ($100 in chips) 
Seat 3: CashfishT ($120.57 in chips) 
Seat 4: kel3vr4_23 ($42.73 in chips) 
Seat 5: lukatoni08 ($105.90 in chips) 
Seat 6: Mu.Rothbard ($125.26 in chips) 
lukatoni08: posts small blind $0.50
Mu.Rothbard: posts big blind $1
*** HOLE CARDS ***
Nicedaymybro: raises $1.50 to $2.50
ImaPeppaPig: folds 
CashfishT: folds 
kel3vr4_23: folds 
lukatoni08: folds 
Mu.Rothbard: folds 
Uncalled bet ($1.50) returned to Nicedaymybro
Nicedaymybro collected $2.50 from pot
Nicedaymybro: doesn't show hand 
*** SUMMARY ***
Total pot $2.50 | Rake $0 
Seat 1: Nicedaymybro collected ($2.50)
Seat 2: ImaPeppaPig folded before Flop (didn't bet)
Seat 3: CashfishT folded before Flop (didn't bet)
Seat 4: kel3vr4_23 (button) folded before Flop (didn't bet)
Seat 5: lukatoni08 (small blind) folded before Flop
Seat 6: Mu.Rothbard (big blind) folded before Flop



PokerStars Hand #254570166199:  Hold'em No Limit ($0.50/$1.00 USD) - 2025/01/26 21:45:38 WET [2025/01/26 16:45:38 ET]
Table 'Monachia IV' 6-max Seat #5 is the button
Seat 1: Nicedaymybro ($111.59 in chips) 
Seat 2: ImaPeppaPig ($100 in chips) 
Seat 3: CashfishT ($120.57 in chips) 
Seat 4: kel3vr4_23 ($42.73 in chips) 
Seat 5: lukatoni08 ($105.40 in chips) 
Seat 6: Mu.Rothbard ($124.26 in chips) 
Mu.Rothbard: posts small blind $0.50
Nicedaymybro: posts big blind $1
*** HOLE CARDS ***
ImaPeppaPig: folds 
CashfishT: raises $1.20 to $2.20
kel3vr4_23: folds 
lukatoni08: folds 
Mu.Rothbard: folds 
Nicedaymybro: folds 
Uncalled bet ($1.20) returned to CashfishT
CashfishT collected $2.50 from pot
CashfishT: doesn't show hand 
*** SUMMARY ***
Total pot $2.50 | Rake $0 
Seat 1: Nicedaymybro (big blind) folded before Flop
Seat 2: ImaPeppaPig folded before Flop (didn't bet)
Seat 3: CashfishT collected ($2.50)
Seat 4: kel3vr4_23 folded before Flop (didn't bet)
Seat 5: lukatoni08 (button) folded before Flop (didn't bet)
Seat 6: Mu.Rothbard (small blind) folded before Flop



PokerStars Hand #254570172692:  Hold'em No Limit ($0.50/$1.00 USD) - 2025/01/26 21:45:56 WET [2025/01/26 16:45:56 ET]
Table 'Monachia IV' 6-max Seat #6 is the button
Seat 1: Nicedaymybro ($110.59 in chips) 
Seat 2: ImaPeppaPig ($100 in chips) 
Seat 3: CashfishT ($122.07 in chips) 
Seat 4: kel3vr4_23 ($42.73 in chips) 
Seat 5: lukatoni08 ($105.40 in chips) 
Seat 6: Mu.Rothbard ($123.76 in chips) 
Nicedaymybro: posts small blind $0.50
ImaPeppaPig: posts big blind $1
*** HOLE CARDS ***
CashfishT: folds 
kel3vr4_23: raises $1.50 to $2.50
lukatoni08: folds 
Mu.Rothbard: raises $6.50 to $9
Nicedaymybro: folds 
ImaPeppaPig: folds 
kel3vr4_23: raises $33.73 to $42.73 and is all-in
Mu.Rothbard: calls $33.73
*** FLOP *** [Jd 3c 7s]
*** TURN *** [Jd 3c 7s] [Jh]
*** RIVER *** [Jd 3c 7s Jh] [9h]
*** SHOW DOWN ***
kel3vr4_23: shows [Kc Kd] (two pair, Kings and Jacks)
Mu.Rothbard: shows [Ah Ac] (two pair, Aces and Jacks)
Mu.Rothbard cashed out the hand for $67.83 | Cash Out Fee $1.38
*** SUMMARY ***
Total pot $86.96 | Rake $2.50 
Board [Jd 3c 7s Jh 9h]
Seat 1: Nicedaymybro (small blind) folded before Flop
Seat 2: ImaPeppaPig (big blind) folded before Flop
Seat 3: CashfishT folded before Flop (didn't bet)
Seat 4: kel3vr4_23 showed [Kc Kd] and lost with two pair, Kings and Jacks
Seat 5: lukatoni08 folded before Flop (didn't bet)
Seat 6: Mu.Rothbard (button) showed [Ah Ac] and won ($84.46) with two pair, Aces and Jacks (pot not awarded as player cashed out)



PokerStars Hand #254570186096:  Hold'em No Limit ($0.50/$1.00 USD) - 2025/01/26 21:46:33 WET [2025/01/26 16:46:33 ET]
Table 'Monachia IV' 6-max Seat #1 is the button
Seat 4: kel3vr4_23 ($0 in chips) is sitting out
Seat 1: Nicedaymybro ($110.09 in chips) 
Seat 2: ImaPeppaPig ($100 in chips) 
Seat 3: CashfishT ($122.07 in chips) 
Seat 5: lukatoni08 ($105.40 in chips) 
Seat 6: Mu.Rothbard ($148.86 in chips) 
ImaPeppaPig: posts small blind $0.50
CashfishT: posts big blind $1
*** HOLE CARDS ***
lukatoni08: folds 
Mu.Rothbard: folds 
Nicedaymybro: folds 
ImaPeppaPig: raises $2 to $3
CashfishT: calls $2
*** FLOP *** [Kh 7c 9h]
ImaPeppaPig: bets $4.33
CashfishT: calls $4.33
*** TURN *** [Kh 7c 9h] [Tc]
ImaPeppaPig: checks 
CashfishT: checks 
*** RIVER *** [Kh 7c 9h Tc] [Ah]
ImaPeppaPig: bets $10.59
CashfishT: folds 
Uncalled bet ($10.59) returned to ImaPeppaPig
ImaPeppaPig collected $13.93 from pot
ImaPeppaPig: doesn't show hand 
*** SUMMARY ***
Total pot $14.66 | Rake $0.73 
Board [Kh 7c 9h Tc Ah]
Seat 4: kel3vr4_23
Seat 1: Nicedaymybro (button) folded before Flop (didn't bet)
Seat 2: ImaPeppaPig (small blind) collected ($13.93)
Seat 3: CashfishT (big blind) folded on the River
Seat 5: lukatoni08 folded before Flop (didn't bet)
Seat 6: Mu.Rothbard folded before Flop (didn't bet)



PokerStars Hand #254570209005:  Hold'em No Limit ($0.50/$1.00 USD) - 2025/01/26 21:47:38 WET [2025/01/26 16:47:38 ET]
Table 'Monachia IV' 6-max Seat #2 is the button
Seat 1: Nicedaymybro ($110.09 in chips) 
Seat 2: ImaPeppaPig ($106.60 in chips) 
Seat 3: CashfishT ($114.74 in chips) 
Seat 4: kel3vr4_23 ($40 in chips) 
Seat 5: lukatoni08 ($105.40 in chips) 
Seat 6: Mu.Rothbard ($148.86 in chips) 
CashfishT: posts small blind $0.50
kel3vr4_23: posts big blind $1
*** HOLE CARDS ***
lukatoni08: folds 
Mu.Rothbard: folds 
Nicedaymybro: folds 
ImaPeppaPig: folds 
CashfishT: folds 
Uncalled bet ($0.50) returned to kel3vr4_23
kel3vr4_23 collected $1 from pot
kel3vr4_23: doesn't show hand 
*** SUMMARY ***
Total pot $1 | Rake $0 
Seat 1: Nicedaymybro folded before Flop (didn't bet)
Seat 2: ImaPeppaPig (button) folded before Flop (didn't bet)
Seat 3: CashfishT (small blind) folded before Flop
Seat 4: kel3vr4_23 (big blind) collected ($1)
Seat 5: lukatoni08 folded before Flop (didn't bet)
Seat 6: Mu.Rothbard folded before Flop (didn't bet)



PokerStars Hand #254570218719:  Hold'em No Limit ($0.50/$1.00 USD) - 2025/01/26 21:48:05 WET [2025/01/26 16:48:05 ET]
Table 'Monachia IV' 6-max Seat #3 is the button
Seat 1: Nicedaymybro ($110.09 in chips) 
Seat 2: ImaPeppaPig ($106.60 in chips) 
Seat 3: CashfishT ($114.24 in chips) 
Seat 4: kel3vr4_23 ($40.50 in chips) 
Seat 5: lukatoni08 ($105.40 in chips) 
Seat 6: Mu.Rothbard ($148.86 in chips) 
kel3vr4_23: posts small blind $0.50
lukatoni08: posts big blind $1
*** HOLE CARDS ***
Mu.Rothbard: raises $1.30 to $2.30
Nicedaymybro: folds 
ImaPeppaPig: folds 
CashfishT: folds 
kel3vr4_23: raises $3.70 to $6
lukatoni08: folds 
Mu.Rothbard: folds 
Uncalled bet ($3.70) returned to kel3vr4_23
kel3vr4_23 collected $5.60 from pot
kel3vr4_23: doesn't show hand 
*** SUMMARY ***
Total pot $5.60 | Rake $0 
Seat 1: Nicedaymybro folded before Flop (didn't bet)
Seat 2: ImaPeppaPig folded before Flop (didn't bet)
Seat 3: CashfishT (button) folded before Flop (didn't bet)
Seat 4: kel3vr4_23 (small blind) collected ($5.60)
Seat 5: lukatoni08 (big blind) folded before Flop
Seat 6: Mu.Rothbard folded before Flop



PokerStars Hand #254570224833:  Hold'em No Limit ($0.50/$1.00 USD) - 2025/01/26 21:48:22 WET [2025/01/26 16:48:22 ET]
Table 'Monachia IV' 6-max Seat #4 is the button
Seat 1: Nicedaymybro ($110.09 in chips) 
Seat 2: ImaPeppaPig ($106.60 in chips) 
Seat 3: CashfishT ($114.24 in chips) 
Seat 4: kel3vr4_23 ($43.80 in chips) 
Seat 5: lukatoni08 ($104.40 in chips) 
Seat 6: Mu.Rothbard ($146.56 in chips) 
lukatoni08: posts small blind $0.50
Mu.Rothbard: posts big blind $1
*** HOLE CARDS ***
Nicedaymybro: folds 
ImaPeppaPig: folds 
CashfishT: raises $1.20 to $2.20
Nicedaymybro leaves the table
kel3vr4_23: folds 
beshece11harf joins the table at seat #1 
lukatoni08: calls $1.70
Mu.Rothbard: calls $1.20
*** FLOP *** [Ts 3c Ad]
lukatoni08: checks 
Mu.Rothbard: checks 
CashfishT: bets $2.07
lukatoni08: folds 
Mu.Rothbard: raises $7.29 to $9.36
CashfishT: calls $7.29
*** TURN *** [Ts 3c Ad] [6h]
Mu.Rothbard: checks 
CashfishT: checks 
*** RIVER *** [Ts 3c Ad 6h] [Th]
Mu.Rothbard: bets $7.70
CashfishT: folds 
Uncalled bet ($7.70) returned to Mu.Rothbard
Mu.Rothbard collected $24.05 from pot
Mu.Rothbard: doesn't show hand 
*** SUMMARY ***
Total pot $25.32 | Rake $1.27 
Board [Ts 3c Ad 6h Th]
Seat 1: Nicedaymybro folded before Flop (didn't bet)
Seat 2: ImaPeppaPig folded before Flop (didn't bet)
Seat 3: CashfishT folded on the River
Seat 4: kel3vr4_23 (button) folded before Flop (didn't bet)
Seat 5: lukatoni08 (small blind) folded on the Flop
Seat 6: Mu.Rothbard (big blind) collected ($24.05)



PokerStars Hand #254570244289:  Hold'em No Limit ($0.50/$1.00 USD) - 2025/01/26 21:49:17 WET [2025/01/26 16:49:17 ET]
Table 'Monachia IV' 6-max Seat #5 is the button
Seat 1: beshece11harf ($100 in chips) 
Seat 2: ImaPeppaPig ($106.60 in chips) 
Seat 3: CashfishT ($102.68 in chips) 
Seat 4: kel3vr4_23 ($43.80 in chips) 
Seat 5: lukatoni08 ($102.20 in chips) 
Seat 6: Mu.Rothbard ($159.05 in chips) 
Mu.Rothbard: posts small blind $0.50
beshece11harf: posts big blind $1
*** HOLE CARDS ***
ImaPeppaPig: folds 
CashfishT: folds 
kel3vr4_23: raises $1.50 to $2.50
lukatoni08: calls $2.50
Mu.Rothbard: folds 
beshece11harf: calls $1.50
*** FLOP *** [7h Js 9c]
beshece11harf: checks 
kel3vr4_23: checks 
lukatoni08: checks 
*** TURN *** [7h Js 9c] [9d]
beshece11harf: checks 
kel3vr4_23: checks 
lukatoni08: bets $3.80
beshece11harf: calls $3.80
kel3vr4_23: folds 
*** RIVER *** [7h Js 9c 9d] [Jc]
beshece11harf: checks 
lukatoni08: checks 
*** SHOW DOWN ***
beshece11harf: shows [7c 6c] (two pair, Jacks and Nines)
lukatoni08: shows [Ah Tc] (two pair, Jacks and Nines - Ace kicker)
lukatoni08 collected $14.82 from pot
*** SUMMARY ***
Total pot $15.60 | Rake $0.78 
Board [7h Js 9c 9d Jc]
Seat 1: beshece11harf (big blind) showed [7c 6c] and lost with two pair, Jacks and Nines
Seat 2: ImaPeppaPig folded before Flop (didn't bet)
Seat 3: CashfishT folded before Flop (didn't bet)
Seat 4: kel3vr4_23 folded on the Turn
Seat 5: lukatoni08 (button) showed [Ah Tc] and won ($14.82) with two pair, Jacks and Nines
Seat 6: Mu.Rothbard (small blind) folded before Flop



PokerStars Hand #254570277554:  Hold'em No Limit ($0.50/$1.00 USD) - 2025/01/26 21:50:52 WET [2025/01/26 16:50:52 ET]
Table 'Monachia IV' 6-max Seat #6 is the button
Seat 1: beshece11harf ($100 in chips) 
Seat 2: ImaPeppaPig ($106.60 in chips) 
Seat 3: CashfishT ($102.68 in chips) 
Seat 4: kel3vr4_23 ($41.30 in chips) 
Seat 5: lukatoni08 ($110.72 in chips) 
Seat 6: Mu.Rothbard ($158.55 in chips) 
beshece11harf: posts small blind $0.50
ImaPeppaPig: posts big blind $1
*** HOLE CARDS ***
CashfishT: raises $1.20 to $2.20
kel3vr4_23: folds 
lukatoni08: calls $2.20
Mu.Rothbard: folds 
beshece11harf: folds 
ImaPeppaPig: folds 
*** FLOP *** [8c Ks 6s]
CashfishT: bets $1.85
lukatoni08: calls $1.85
*** TURN *** [8c Ks 6s] [9h]
CashfishT: checks 
lukatoni08: bets $5
CashfishT: folds 
Uncalled bet ($5) returned to lukatoni08
lukatoni08 collected $9.12 from pot
lukatoni08: doesn't show hand 
*** SUMMARY ***
Total pot $9.60 | Rake $0.48 
Board [8c Ks 6s 9h]
Seat 1: beshece11harf (small blind) folded before Flop
Seat 2: ImaPeppaPig (big blind) folded before Flop
Seat 3: CashfishT folded on the Turn
Seat 4: kel3vr4_23 folded before Flop (didn't bet)
Seat 5: lukatoni08 collected ($9.12)
Seat 6: Mu.Rothbard (button) folded before Flop (didn't bet)



PokerStars Hand #254570290681:  Hold'em No Limit ($0.50/$1.00 USD) - 2025/01/26 21:51:29 WET [2025/01/26 16:51:29 ET]
Table 'Monachia IV' 6-max Seat #1 is the button
Seat 1: beshece11harf ($100 in chips) 
Seat 2: ImaPeppaPig ($105.60 in chips) 
Seat 3: CashfishT ($100 in chips) 
Seat 4: kel3vr4_23 ($41.30 in chips) 
Seat 5: lukatoni08 ($115.79 in chips) 
Seat 6: Mu.Rothbard ($158.55 in chips) 
ImaPeppaPig: posts small blind $0.50
CashfishT: posts big blind $1
*** HOLE CARDS ***
kel3vr4_23: folds 
lukatoni08: folds 
Mu.Rothbard: folds 
beshece11harf: raises $1.50 to $2.50
ImaPeppaPig: folds 
CashfishT: raises $10.50 to $13
beshece11harf: raises $14 to $27
CashfishT: raises $73 to $100 and is all-in
beshece11harf: calls $73 and is all-in
*** FIRST FLOP *** [5s 3d Td]
*** FIRST TURN *** [5s 3d Td] [Kd]
*** FIRST RIVER *** [5s 3d Td Kd] [8d]
*** SECOND FLOP *** [9c 9h 6h]
*** SECOND TURN *** [9c 9h 6h] [9d]
*** SECOND RIVER *** [9c 9h 6h 9d] [Kc]
*** FIRST SHOW DOWN ***
CashfishT: shows [Jh Jd] (a flush, King high)
beshece11harf: shows [Kh Ks] (three of a kind, Kings)
CashfishT collected $99 from pot
*** SECOND SHOW DOWN ***
CashfishT: shows [Jh Jd] (a full house, Nines full of Jacks)
beshece11harf: shows [Kh Ks] (a full house, Kings full of Nines)
beshece11harf collected $99 from pot
*** SUMMARY ***
Total pot $200.50 | Rake $2.50 
Hand was run twice
FIRST Board [5s 3d Td Kd 8d]
SECOND Board [9c 9h 6h 9d Kc]
Seat 1: beshece11harf (button) showed [Kh Ks] and lost with three of a kind, Kings, and won ($99) with a full house, Kings full of Nines
Seat 2: ImaPeppaPig (small blind) folded before Flop
Seat 3: CashfishT (big blind) showed [Jh Jd] and won ($99) with a flush, King high, and lost with a full house, Nines full of Jacks
Seat 4: kel3vr4_23 folded before Flop (didn't bet)
Seat 5: lukatoni08 folded before Flop (didn't bet)
Seat 6: Mu.Rothbard folded before Flop (didn't bet)



PokerStars Hand #254570315347:  Hold'em No Limit ($0.50/$1.00 USD) - 2025/01/26 21:52:40 WET [2025/01/26 16:52:40 ET]
Table 'Monachia IV' 6-max Seat #2 is the button
Seat 1: beshece11harf ($100 in chips) 
Seat 2: ImaPeppaPig ($105.10 in chips) 
Seat 3: CashfishT ($100 in chips) 
Seat 4: kel3vr4_23 ($41.30 in chips) 
Seat 5: lukatoni08 ($115.79 in chips) 
Seat 6: Mu.Rothbard ($158.55 in chips) 
CashfishT: posts small blind $0.50
kel3vr4_23: posts big blind $1
*** HOLE CARDS ***
lukatoni08: folds 
Mu.Rothbard: folds 
beshece11harf: folds 
ImaPeppaPig: raises $1.50 to $2.50
CashfishT: folds 
kel3vr4_23: folds 
Uncalled bet ($1.50) returned to ImaPeppaPig
ImaPeppaPig collected $2.50 from pot
ImaPeppaPig: doesn't show hand 
*** SUMMARY ***
Total pot $2.50 | Rake $0 
Seat 1: beshece11harf folded before Flop (didn't bet)
Seat 2: ImaPeppaPig (button) collected ($2.50)
Seat 3: CashfishT (small blind) folded before Flop
Seat 4: kel3vr4_23 (big blind) folded before Flop
Seat 5: lukatoni08 folded before Flop (didn't bet)
Seat 6: Mu.Rothbard folded before Flop (didn't bet)



PokerStars Hand #254570321331:  Hold'em No Limit ($0.50/$1.00 USD) - 2025/01/26 21:52:57 WET [2025/01/26 16:52:57 ET]
Table 'Monachia IV' 6-max Seat #3 is the button
Seat 1: beshece11harf ($100 in chips) 
Seat 2: ImaPeppaPig ($106.60 in chips) 
Seat 3: CashfishT ($100 in chips) 
Seat 4: kel3vr4_23 ($40.30 in chips) 
Seat 5: lukatoni08 ($115.79 in chips) 
Seat 6: Mu.Rothbard ($158.55 in chips) 
kel3vr4_23: posts small blind $0.50
lukatoni08: posts big blind $1
*** HOLE CARDS ***
Mu.Rothbard: folds 
beshece11harf: folds 
ImaPeppaPig: folds 
CashfishT: raises $1.20 to $2.20
kel3vr4_23: folds 
lukatoni08: calls $1.20
*** FLOP *** [Jc Ad Kh]
lukatoni08: checks 
CashfishT: bets $1.54
lukatoni08: folds 
Uncalled bet ($1.54) returned to CashfishT
CashfishT collected $4.66 from pot
CashfishT: doesn't show hand 
*** SUMMARY ***
Total pot $4.90 | Rake $0.24 
Board [Jc Ad Kh]
Seat 1: beshece11harf folded before Flop (didn't bet)
Seat 2: ImaPeppaPig folded before Flop (didn't bet)
Seat 3: CashfishT (button) collected ($4.66)
Seat 4: kel3vr4_23 (small blind) folded before Flop
Seat 5: lukatoni08 (big blind) folded on the Flop
Seat 6: Mu.Rothbard folded before Flop (didn't bet)



PokerStars Hand #254570335084:  Hold'em No Limit ($0.50/$1.00 USD) - 2025/01/26 21:53:37 WET [2025/01/26 16:53:37 ET]
Table 'Monachia IV' 6-max Seat #4 is the button
Seat 1: beshece11harf ($100 in chips) 
Seat 2: ImaPeppaPig ($106.60 in chips) 
Seat 3: CashfishT ($102.46 in chips) 
Seat 4: kel3vr4_23 ($39.80 in chips) 
Seat 5: lukatoni08 ($113.59 in chips) 
Seat 6: Mu.Rothbard ($158.55 in chips) 
lukatoni08: posts small blind $0.50
Mu.Rothbard: posts big blind $1
*** HOLE CARDS ***
beshece11harf: folds 
ImaPeppaPig: raises $1.50 to $2.50
CashfishT: folds 
kel3vr4_23: folds 
lukatoni08: folds 
Mu.Rothbard: folds 
Uncalled bet ($1.50) returned to ImaPeppaPig
ImaPeppaPig collected $2.50 from pot
ImaPeppaPig: doesn't show hand 
*** SUMMARY ***
Total pot $2.50 | Rake $0 
Seat 1: beshece11harf folded before Flop (didn't bet)
Seat 2: ImaPeppaPig collected ($2.50)
Seat 3: CashfishT folded before Flop (didn't bet)
Seat 4: kel3vr4_23 (button) folded before Flop (didn't bet)
Seat 5: lukatoni08 (small blind) folded before Flop
Seat 6: Mu.Rothbard (big blind) folded before Flop



PokerStars Hand #254570339017:  Hold'em No Limit ($0.50/$1.00 USD) - 2025/01/26 21:53:48 WET [2025/01/26 16:53:48 ET]
Table 'Monachia IV' 6-max Seat #5 is the button
Seat 1: beshece11harf ($100 in chips) 
Seat 2: ImaPeppaPig ($108.10 in chips) 
Seat 3: CashfishT ($102.46 in chips) 
Seat 4: kel3vr4_23 ($39.80 in chips) 
Seat 5: lukatoni08 ($113.09 in chips) 
Seat 6: Mu.Rothbard ($157.55 in chips) 
Mu.Rothbard: posts small blind $0.50
beshece11harf: posts big blind $1
*** HOLE CARDS ***
ImaPeppaPig: folds 
CashfishT: folds 
kel3vr4_23: folds 
lukatoni08: raises $1 to $2
Mu.Rothbard: raises $1 to $3
beshece11harf: calls $2
lukatoni08: calls $1
*** FLOP *** [8c Qh 7s]
Mu.Rothbard: checks 
beshece11harf: checks 
lukatoni08: bets $4.28
Mu.Rothbard: folds 
beshece11harf: folds 
Uncalled bet ($4.28) returned to lukatoni08
lukatoni08 collected $8.55 from pot
lukatoni08: doesn't show hand 
*** SUMMARY ***
Total pot $9 | Rake $0.45 
Board [8c Qh 7s]
Seat 1: beshece11harf (big blind) folded on the Flop
Seat 2: ImaPeppaPig folded before Flop (didn't bet)
Seat 3: CashfishT folded before Flop (didn't bet)
Seat 4: kel3vr4_23 folded before Flop (didn't bet)
Seat 5: lukatoni08 (button) collected ($8.55)
Seat 6: Mu.Rothbard (small blind) folded on the Flop



PokerStars Hand #254570359177:  Hold'em No Limit ($0.50/$1.00 USD) - 2025/01/26 21:54:46 WET [2025/01/26 16:54:46 ET]
Table 'Monachia IV' 6-max Seat #6 is the button
Seat 1: beshece11harf ($100 in chips) 
Seat 2: ImaPeppaPig ($108.10 in chips) 
Seat 3: CashfishT ($102.46 in chips) 
Seat 4: kel3vr4_23 ($39.80 in chips) 
Seat 5: lukatoni08 ($118.64 in chips) 
Seat 6: Mu.Rothbard ($154.55 in chips) 
beshece11harf: posts small blind $0.50
ImaPeppaPig: posts big blind $1
*** HOLE CARDS ***
CashfishT: raises $1.20 to $2.20
kel3vr4_23: folds 
lukatoni08: calls $2.20
Mu.Rothbard: folds 
beshece11harf: folds 
ImaPeppaPig: raises $11.80 to $14
CashfishT: folds 
lukatoni08: calls $11.80
*** FLOP *** [Jd 8c 5c]
ImaPeppaPig: checks 
lukatoni08: bets $14.58
ImaPeppaPig: raises $79.52 to $94.10 and is all-in
lukatoni08: folds 
Uncalled bet ($79.52) returned to ImaPeppaPig
ImaPeppaPig collected $57.36 from pot
ImaPeppaPig: doesn't show hand 
*** SUMMARY ***
Total pot $59.86 | Rake $2.50 
Board [Jd 8c 5c]
Seat 1: beshece11harf (small blind) folded before Flop
Seat 2: ImaPeppaPig (big blind) collected ($57.36)
Seat 3: CashfishT folded before Flop
Seat 4: kel3vr4_23 folded before Flop (didn't bet)
Seat 5: lukatoni08 folded on the Flop
Seat 6: Mu.Rothbard (button) folded before Flop (didn't bet)



PokerStars Hand #254570381367:  Hold'em No Limit ($0.50/$1.00 USD) - 2025/01/26 21:56:18 WET [2025/01/26 16:56:18 ET]
Table 'Monachia IV' 6-max Seat #1 is the button
Seat 1: beshece11harf ($100 in chips) 
Seat 2: ImaPeppaPig ($136.88 in chips) 
Seat 3: CashfishT ($100.26 in chips) 
Seat 4: kel3vr4_23 ($39.80 in chips) 
Seat 5: lukatoni08 ($90.06 in chips) 
Seat 6: Mu.Rothbard ($154.55 in chips) 
ImaPeppaPig: posts small blind $0.50
CashfishT: posts big blind $1
*** HOLE CARDS ***
kel3vr4_23: raises $1.50 to $2.50
lukatoni08: folds 
Mu.Rothbard: folds 
beshece11harf: folds 
ImaPeppaPig: folds 
CashfishT: calls $1.50
*** FLOP *** [5s 8d Kc]
CashfishT: checks 
kel3vr4_23: bets $2
CashfishT: folds 
Uncalled bet ($2) returned to kel3vr4_23
kel3vr4_23 collected $5.22 from pot
kel3vr4_23: doesn't show hand 
*** SUMMARY ***
Total pot $5.50 | Rake $0.28 
Board [5s 8d Kc]
Seat 1: beshece11harf (button) folded before Flop (didn't bet)
Seat 2: ImaPeppaPig (small blind) folded before Flop
Seat 3: CashfishT (big blind) folded on the Flop
Seat 4: kel3vr4_23 collected ($5.22)
Seat 5: lukatoni08 folded before Flop (didn't bet)
Seat 6: Mu.Rothbard folded before Flop (didn't bet)



PokerStars Hand #254570385991:  Hold'em No Limit ($0.50/$1.00 USD) - 2025/01/26 21:56:40 WET [2025/01/26 16:56:40 ET]
Table 'Monachia IV' 6-max Seat #2 is the button
Seat 1: beshece11harf ($100 in chips) 
Seat 2: ImaPeppaPig ($136.38 in chips) 
Seat 3: CashfishT ($100 in chips) 
Seat 4: kel3vr4_23 ($42.52 in chips) 
Seat 5: lukatoni08 ($90.06 in chips) 
Seat 6: Mu.Rothbard ($154.55 in chips) 
CashfishT: posts small blind $0.50
kel3vr4_23: posts big blind $1
*** HOLE CARDS ***
lukatoni08: folds 
Mu.Rothbard: folds 
beshece11harf: folds 
ImaPeppaPig: folds 
CashfishT: folds 
Uncalled bet ($0.50) returned to kel3vr4_23
kel3vr4_23 collected $1 from pot
kel3vr4_23: doesn't show hand 
*** SUMMARY ***
Total pot $1 | Rake $0 
Seat 1: beshece11harf folded before Flop (didn't bet)
Seat 2: ImaPeppaPig (button) folded before Flop (didn't bet)
Seat 3: CashfishT (small blind) folded before Flop
Seat 4: kel3vr4_23 (big blind) collected ($1)
Seat 5: lukatoni08 folded before Flop (didn't bet)
Seat 6: Mu.Rothbard folded before Flop (didn't bet)



PokerStars Hand #254570388213:  Hold'em No Limit ($0.50/$1.00 USD) - 2025/01/26 21:56:51 WET [2025/01/26 16:56:51 ET]
Table 'Monachia IV' 6-max Seat #3 is the button
Seat 1: beshece11harf ($100 in chips) 
Seat 2: ImaPeppaPig ($136.38 in chips) 
Seat 3: CashfishT ($100 in chips) 
Seat 4: kel3vr4_23 ($43.02 in chips) 
Seat 5: lukatoni08 ($90.06 in chips) 
Seat 6: Mu.Rothbard ($154.55 in chips) 
kel3vr4_23: posts small blind $0.50
lukatoni08: posts big blind $1
*** HOLE CARDS ***
Mu.Rothbard: folds 
beshece11harf: folds 
ImaPeppaPig: folds 
CashfishT: raises $1.20 to $2.20
kel3vr4_23: calls $1.70
lukatoni08: calls $1.20
*** FLOP *** [Kc Td 7s]
kel3vr4_23: checks 
lukatoni08: checks 
CashfishT: checks 
*** TURN *** [Kc Td 7s] [Qs]
kel3vr4_23: checks 
lukatoni08: checks 
CashfishT: checks 
*** RIVER *** [Kc Td 7s Qs] [8s]
kel3vr4_23: checks 
lukatoni08: checks 
CashfishT: checks 
*** SHOW DOWN ***
kel3vr4_23: shows [4c 4s] (a pair of Fours)
lukatoni08: shows [Qd 4h] (a pair of Queens)
CashfishT: mucks hand 
lukatoni08 collected $6.27 from pot
*** SUMMARY ***
Total pot $6.60 | Rake $0.33 
Board [Kc Td 7s Qs 8s]
Seat 1: beshece11harf folded before Flop (didn't bet)
Seat 2: ImaPeppaPig folded before Flop (didn't bet)
Seat 3: CashfishT (button) mucked
Seat 4: kel3vr4_23 (small blind) showed [4c 4s] and lost with a pair of Fours
Seat 5: lukatoni08 (big blind) showed [Qd 4h] and won ($6.27) with a pair of Queens
Seat 6: Mu.Rothbard folded before Flop (didn't bet)



PokerStars Hand #254570402172:  Hold'em No Limit ($0.50/$1.00 USD) - 2025/01/26 21:57:56 WET [2025/01/26 16:57:56 ET]
Table 'Monachia IV' 6-max Seat #4 is the button
Seat 1: beshece11harf ($100 in chips) 
Seat 2: ImaPeppaPig ($136.38 in chips) 
Seat 3: CashfishT ($100 in chips) 
Seat 4: kel3vr4_23 ($40.82 in chips) 
Seat 5: lukatoni08 ($94.13 in chips) 
Seat 6: Mu.Rothbard ($154.55 in chips) 
lukatoni08: posts small blind $0.50
Mu.Rothbard: posts big blind $1
*** HOLE CARDS ***
beshece11harf: folds 
ImaPeppaPig: folds 
CashfishT: folds 
kel3vr4_23: folds 
lukatoni08: folds 
Uncalled bet ($0.50) returned to Mu.Rothbard
Mu.Rothbard collected $1 from pot
Mu.Rothbard: doesn't show hand 
*** SUMMARY ***
Total pot $1 | Rake $0 
Seat 1: beshece11harf folded before Flop (didn't bet)
Seat 2: ImaPeppaPig folded before Flop (didn't bet)
Seat 3: CashfishT folded before Flop (didn't bet)
Seat 4: kel3vr4_23 (button) folded before Flop (didn't bet)
Seat 5: lukatoni08 (small blind) folded before Flop
Seat 6: Mu.Rothbard (big blind) collected ($1)



PokerStars Hand #254570405945:  Hold'em No Limit ($0.50/$1.00 USD) - 2025/01/26 21:58:14 WET [2025/01/26 16:58:14 ET]
Table 'Monachia IV' 6-max Seat #5 is the button
Seat 1: beshece11harf ($100 in chips) 
Seat 2: ImaPeppaPig ($136.38 in chips) 
Seat 3: CashfishT ($100 in chips) 
Seat 4: kel3vr4_23 ($40.82 in chips) 
Seat 5: lukatoni08 ($93.63 in chips) 
Seat 6: Mu.Rothbard ($155.05 in chips) 
Mu.Rothbard: posts small blind $0.50
beshece11harf: posts big blind $1
*** HOLE CARDS ***
ImaPeppaPig: folds 
CashfishT: folds 
kel3vr4_23: folds 
lukatoni08: folds 
Mu.Rothbard: raises $2 to $3
beshece11harf: calls $2
*** FLOP *** [4d Qs Js]
Mu.Rothbard: bets $1.82
beshece11harf: calls $1.82
*** TURN *** [4d Qs Js] [Qh]
Mu.Rothbard: checks 
beshece11harf: bets $9
Mu.Rothbard: folds 
Uncalled bet ($9) returned to beshece11harf
beshece11harf collected $9.16 from pot
beshece11harf: doesn't show hand 
*** SUMMARY ***
Total pot $9.64 | Rake $0.48 
Board [4d Qs Js Qh]
Seat 1: beshece11harf (big blind) collected ($9.16)
Seat 2: ImaPeppaPig folded before Flop (didn't bet)
Seat 3: CashfishT folded before Flop (didn't bet)
Seat 4: kel3vr4_23 folded before Flop (didn't bet)
Seat 5: lukatoni08 (button) folded before Flop (didn't bet)
Seat 6: Mu.Rothbard (small blind) folded on the Turn



PokerStars Hand #254570417881:  Hold'em No Limit ($0.50/$1.00 USD) - 2025/01/26 21:59:10 WET [2025/01/26 16:59:10 ET]
Table 'Monachia IV' 6-max Seat #6 is the button
Seat 1: beshece11harf ($104.34 in chips) 
Seat 2: ImaPeppaPig ($136.38 in chips) 
Seat 3: CashfishT ($100 in chips) 
Seat 4: kel3vr4_23 ($40.82 in chips) 
Seat 5: lukatoni08 ($93.63 in chips) 
Seat 6: Mu.Rothbard ($150.23 in chips) 
beshece11harf: posts small blind $0.50
ImaPeppaPig: posts big blind $1
*** HOLE CARDS ***
CashfishT: folds 
kel3vr4_23: raises $1.50 to $2.50
lukatoni08: calls $2.50
Mu.Rothbard: folds 
beshece11harf: folds 
ImaPeppaPig: folds 
*** FLOP *** [3c Tc Qd]
kel3vr4_23: checks 
lukatoni08: bets $3.09
kel3vr4_23: folds 
Uncalled bet ($3.09) returned to lukatoni08
lukatoni08 collected $6.18 from pot
lukatoni08: doesn't show hand 
*** SUMMARY ***
Total pot $6.50 | Rake $0.32 
Board [3c Tc Qd]
Seat 1: beshece11harf (small blind) folded before Flop
Seat 2: ImaPeppaPig (big blind) folded before Flop
Seat 3: CashfishT folded before Flop (didn't bet)
Seat 4: kel3vr4_23 folded on the Flop
Seat 5: lukatoni08 collected ($6.18)
Seat 6: Mu.Rothbard (button) folded before Flop (didn't bet)



PokerStars Hand #254570424577:  Hold'em No Limit ($0.50/$1.00 USD) - 2025/01/26 21:59:41 WET [2025/01/26 16:59:41 ET]
Table 'Monachia IV' 6-max Seat #1 is the button
Seat 1: beshece11harf ($103.84 in chips) 
Seat 2: ImaPeppaPig ($135.38 in chips) 
Seat 3: CashfishT ($100 in chips) 
Seat 4: kel3vr4_23 ($38.32 in chips) 
Seat 5: lukatoni08 ($97.31 in chips) 
Seat 6: Mu.Rothbard ($150.23 in chips) 
ImaPeppaPig: posts small blind $0.50
CashfishT: posts big blind $1
*** HOLE CARDS ***
kel3vr4_23: folds 
lukatoni08: folds 
Mu.Rothbard: folds 
beshece11harf: folds 
ImaPeppaPig: folds 
Uncalled bet ($0.50) returned to CashfishT
CashfishT collected $1 from pot
CashfishT: doesn't show hand 
*** SUMMARY ***
Total pot $1 | Rake $0 
Seat 1: beshece11harf (button) folded before Flop (didn't bet)
Seat 2: ImaPeppaPig (small blind) folded before Flop
Seat 3: CashfishT (big blind) collected ($1)
Seat 4: kel3vr4_23 folded before Flop (didn't bet)
Seat 5: lukatoni08 folded before Flop (didn't bet)
Seat 6: Mu.Rothbard folded before Flop (didn't bet)



PokerStars Hand #254570427348:  Hold'em No Limit ($0.50/$1.00 USD) - 2025/01/26 21:59:53 WET [2025/01/26 16:59:53 ET]
Table 'Monachia IV' 6-max Seat #2 is the button
Seat 1: beshece11harf ($103.84 in chips) 
Seat 2: ImaPeppaPig ($134.88 in chips) 
Seat 3: CashfishT ($100.50 in chips) 
Seat 4: kel3vr4_23 ($38.32 in chips) 
Seat 5: lukatoni08 ($97.31 in chips) 
Seat 6: Mu.Rothbard ($150.23 in chips) 
CashfishT: posts small blind $0.50
kel3vr4_23: posts big blind $1
*** HOLE CARDS ***
lukatoni08: folds 
Mu.Rothbard: folds 
beshece11harf: folds 
ImaPeppaPig: raises $1.50 to $2.50
CashfishT: folds 
kel3vr4_23: folds 
Uncalled bet ($1.50) returned to ImaPeppaPig
ImaPeppaPig collected $2.50 from pot
ImaPeppaPig: doesn't show hand 
*** SUMMARY ***
Total pot $2.50 | Rake $0 
Seat 1: beshece11harf folded before Flop (didn't bet)
Seat 2: ImaPeppaPig (button) collected ($2.50)
Seat 3: CashfishT (small blind) folded before Flop
Seat 4: kel3vr4_23 (big blind) folded before Flop
Seat 5: lukatoni08 folded before Flop (didn't bet)
Seat 6: Mu.Rothbard folded before Flop (didn't bet)



PokerStars Hand #254570432519:  Hold'em No Limit ($0.50/$1.00 USD) - 2025/01/26 22:00:17 WET [2025/01/26 17:00:17 ET]
Table 'Monachia IV' 6-max Seat #3 is the button
Seat 1: beshece11harf ($103.84 in chips) 
Seat 2: ImaPeppaPig ($136.38 in chips) 
Seat 3: CashfishT ($100 in chips) 
Seat 4: kel3vr4_23 ($37.32 in chips) 
Seat 5: lukatoni08 ($97.31 in chips) 
Seat 6: Mu.Rothbard ($150.23 in chips) 
kel3vr4_23: posts small blind $0.50
lukatoni08: posts big blind $1
*** HOLE CARDS ***
Mu.Rothbard: folds 
beshece11harf: folds 
ImaPeppaPig: folds 
CashfishT: folds 
kel3vr4_23: folds 
Uncalled bet ($0.50) returned to lukatoni08
lukatoni08 collected $1 from pot
lukatoni08: doesn't show hand 
*** SUMMARY ***
Total pot $1 | Rake $0 
Seat 1: beshece11harf folded before Flop (didn't bet)
Seat 2: ImaPeppaPig folded before Flop (didn't bet)
Seat 3: CashfishT (button) folded before Flop (didn't bet)
Seat 4: kel3vr4_23 (small blind) folded before Flop
Seat 5: lukatoni08 (big blind) collected ($1)
Seat 6: Mu.Rothbard folded before Flop (didn't bet)



PokerStars Hand #254570436178:  Hold'em No Limit ($0.50/$1.00 USD) - 2025/01/26 22:00:33 WET [2025/01/26 17:00:33 ET]
Table 'Monachia IV' 6-max Seat #4 is the button
Seat 1: beshece11harf ($103.84 in chips) 
Seat 2: ImaPeppaPig ($136.38 in chips) 
Seat 3: CashfishT ($100 in chips) 
Seat 4: kel3vr4_23 ($36.82 in chips) 
Seat 5: lukatoni08 ($97.81 in chips) 
Seat 6: Mu.Rothbard ($150.23 in chips) 
lukatoni08: posts small blind $0.50
Mu.Rothbard: posts big blind $1
*** HOLE CARDS ***
beshece11harf: raises $1 to $2
ImaPeppaPig: raises $5 to $7
CashfishT: folds 
kel3vr4_23: folds 
lukatoni08: raises $14 to $21
Mu.Rothbard: folds 
beshece11harf: folds 
ImaPeppaPig: folds 
Uncalled bet ($14) returned to lukatoni08
lukatoni08 collected $17 from pot
lukatoni08: doesn't show hand 
*** SUMMARY ***
Total pot $17 | Rake $0 
Seat 1: beshece11harf folded before Flop
Seat 2: ImaPeppaPig folded before Flop
Seat 3: CashfishT folded before Flop (didn't bet)
Seat 4: kel3vr4_23 (button) folded before Flop (didn't bet)
Seat 5: lukatoni08 (small blind) collected ($17)
Seat 6: Mu.Rothbard (big blind) folded before Flop



PokerStars Hand #254570442261:  Hold'em No Limit ($0.50/$1.00 USD) - 2025/01/26 22:00:58 WET [2025/01/26 17:00:58 ET]
Table 'Monachia IV' 6-max Seat #5 is the button
Seat 1: beshece11harf ($101.84 in chips) 
Seat 2: ImaPeppaPig ($129.38 in chips) 
Seat 3: CashfishT ($100 in chips) 
Seat 4: kel3vr4_23 ($36.82 in chips) 
Seat 5: lukatoni08 ($107.81 in chips) 
Seat 6: Mu.Rothbard ($149.23 in chips) 
Mu.Rothbard: posts small blind $0.50
beshece11harf: posts big blind $1
*** HOLE CARDS ***
ImaPeppaPig: raises $1.50 to $2.50
CashfishT: folds 
kel3vr4_23: folds 
lukatoni08: folds 
Mu.Rothbard: raises $7.50 to $10
beshece11harf: folds 
ImaPeppaPig: calls $7.50
*** FLOP *** [8c 5c 2c]
Mu.Rothbard: bets $10.37
ImaPeppaPig: folds 
Uncalled bet ($10.37) returned to Mu.Rothbard
Mu.Rothbard collected $19.95 from pot
Mu.Rothbard: doesn't show hand 
*** SUMMARY ***
Total pot $21 | Rake $1.05 
Board [8c 5c 2c]
Seat 1: beshece11harf (big blind) folded before Flop
Seat 2: ImaPeppaPig folded on the Flop
Seat 3: CashfishT folded before Flop (didn't bet)
Seat 4: kel3vr4_23 folded before Flop (didn't bet)
Seat 5: lukatoni08 (button) folded before Flop (didn't bet)
Seat 6: Mu.Rothbard (small blind) collected ($19.95)



PokerStars Hand #254570449751:  Hold'em No Limit ($0.50/$1.00 USD) - 2025/01/26 22:01:25 WET [2025/01/26 17:01:25 ET]
Table 'Monachia IV' 6-max Seat #6 is the button
Seat 1: beshece11harf ($100.84 in chips) 
Seat 2: ImaPeppaPig ($119.38 in chips) 
Seat 3: CashfishT ($100 in chips) 
Seat 4: kel3vr4_23 ($36.82 in chips) 
Seat 5: lukatoni08 ($107.81 in chips) 
Seat 6: Mu.Rothbard ($159.18 in chips) 
beshece11harf: posts small blind $0.50
ImaPeppaPig: posts big blind $1
*** HOLE CARDS ***
CashfishT: raises $1.20 to $2.20
kel3vr4_23: calls $2.20
lukatoni08: folds 
Mu.Rothbard: calls $2.20
beshece11harf: folds 
ImaPeppaPig: folds 
*** FLOP *** [Qc 3h Jc]
CashfishT: checks 
kel3vr4_23: checks 
Mu.Rothbard: checks 
*** TURN *** [Qc 3h Jc] [9s]
CashfishT: bets $10
kel3vr4_23: folds 
Mu.Rothbard: folds 
Uncalled bet ($10) returned to CashfishT
CashfishT collected $7.70 from pot
CashfishT: doesn't show hand 
*** SUMMARY ***
Total pot $8.10 | Rake $0.40 
Board [Qc 3h Jc 9s]
Seat 1: beshece11harf (small blind) folded before Flop
Seat 2: ImaPeppaPig (big blind) folded before Flop
Seat 3: CashfishT collected ($7.70)
Seat 4: kel3vr4_23 folded on the Turn
Seat 5: lukatoni08 folded before Flop (didn't bet)
Seat 6: Mu.Rothbard (button) folded on the Turn



PokerStars Hand #254570460460:  Hold'em No Limit ($0.50/$1.00 USD) - 2025/01/26 22:02:00 WET [2025/01/26 17:02:00 ET]
Table 'Monachia IV' 6-max Seat #1 is the button
Seat 1: beshece11harf ($100.34 in chips) 
Seat 2: ImaPeppaPig ($118.38 in chips) 
Seat 3: CashfishT ($105.50 in chips) 
Seat 4: kel3vr4_23 ($34.62 in chips) 
Seat 5: lukatoni08 ($107.81 in chips) 
Seat 6: Mu.Rothbard ($156.98 in chips) 
ImaPeppaPig: posts small blind $0.50
CashfishT: posts big blind $1
*** HOLE CARDS ***
kel3vr4_23: folds 
lukatoni08: folds 
Mu.Rothbard: folds 
beshece11harf: raises $1.50 to $2.50
ImaPeppaPig: folds 
CashfishT: folds 
Uncalled bet ($1.50) returned to beshece11harf
beshece11harf collected $2.50 from pot
beshece11harf: doesn't show hand 
*** SUMMARY ***
Total pot $2.50 | Rake $0 
Seat 1: beshece11harf (button) collected ($2.50)
Seat 2: ImaPeppaPig (small blind) folded before Flop
Seat 3: CashfishT (big blind) folded before Flop
Seat 4: kel3vr4_23 folded before Flop (didn't bet)
Seat 5: lukatoni08 folded before Flop (didn't bet)
Seat 6: Mu.Rothbard folded before Flop (didn't bet)



PokerStars Hand #254570467516:  Hold'em No Limit ($0.50/$1.00 USD) - 2025/01/26 22:02:22 WET [2025/01/26 17:02:22 ET]
Table 'Monachia IV' 6-max Seat #2 is the button
Seat 1: beshece11harf ($101.84 in chips) 
Seat 2: ImaPeppaPig ($117.88 in chips) 
Seat 3: CashfishT ($104.50 in chips) 
Seat 4: kel3vr4_23 ($34.62 in chips) 
Seat 5: lukatoni08 ($107.81 in chips) 
Seat 6: Mu.Rothbard ($156.98 in chips) 
CashfishT: posts small blind $0.50
kel3vr4_23: posts big blind $1
*** HOLE CARDS ***
lukatoni08: calls $1
Mu.Rothbard: folds 
beshece11harf: raises $2.50 to $3.50
ImaPeppaPig: folds 
CashfishT: folds 
kel3vr4_23: calls $2.50
lukatoni08: calls $2.50
*** FLOP *** [Kh 9c 9s]
kel3vr4_23: checks 
lukatoni08: checks 
beshece11harf: bets $2.61
kel3vr4_23: raises $4.39 to $7
lukatoni08: folds 
beshece11harf: folds 
Uncalled bet ($4.39) returned to kel3vr4_23
kel3vr4_23 collected $15.41 from pot
kel3vr4_23: doesn't show hand 
*** SUMMARY ***
Total pot $16.22 | Rake $0.81 
Board [Kh 9c 9s]
Seat 1: beshece11harf folded on the Flop
Seat 2: ImaPeppaPig (button) folded before Flop (didn't bet)
Seat 3: CashfishT (small blind) folded before Flop
Seat 4: kel3vr4_23 (big blind) collected ($15.41)
Seat 5: lukatoni08 folded on the Flop
Seat 6: Mu.Rothbard folded before Flop (didn't bet)



PokerStars Hand #254570483038:  Hold'em No Limit ($0.50/$1.00 USD) - 2025/01/26 22:03:07 WET [2025/01/26 17:03:07 ET]
Table 'Monachia IV' 6-max Seat #3 is the button
Seat 1: beshece11harf ($100 in chips) 
Seat 2: ImaPeppaPig ($117.88 in chips) 
Seat 3: CashfishT ($104 in chips) 
Seat 4: kel3vr4_23 ($43.92 in chips) 
Seat 5: lukatoni08 ($104.31 in chips) 
Seat 6: Mu.Rothbard ($156.98 in chips) 
kel3vr4_23: posts small blind $0.50
lukatoni08: posts big blind $1
*** HOLE CARDS ***
Mu.Rothbard: folds 
beshece11harf: folds 
ImaPeppaPig: folds 
CashfishT: folds 
kel3vr4_23: folds 
Uncalled bet ($0.50) returned to lukatoni08
lukatoni08 collected $1 from pot
lukatoni08: doesn't show hand 
*** SUMMARY ***
Total pot $1 | Rake $0 
Seat 1: beshece11harf folded before Flop (didn't bet)
Seat 2: ImaPeppaPig folded before Flop (didn't bet)
Seat 3: CashfishT (button) folded before Flop (didn't bet)
Seat 4: kel3vr4_23 (small blind) folded before Flop
Seat 5: lukatoni08 (big blind) collected ($1)
Seat 6: Mu.Rothbard folded before Flop (didn't bet)



PokerStars Hand #254570488100:  Hold'em No Limit ($0.50/$1.00 USD) - 2025/01/26 22:03:22 WET [2025/01/26 17:03:22 ET]
Table 'Monachia IV' 6-max Seat #4 is the button
Seat 1: beshece11harf ($100 in chips) 
Seat 2: ImaPeppaPig ($117.88 in chips) 
Seat 3: CashfishT ($104 in chips) 
Seat 4: kel3vr4_23 ($43.42 in chips) 
Seat 5: lukatoni08 ($104.81 in chips) 
Seat 6: Mu.Rothbard ($156.98 in chips) 
lukatoni08: posts small blind $0.50
Mu.Rothbard: posts big blind $1
*** HOLE CARDS ***
beshece11harf: folds 
ImaPeppaPig: raises $1.50 to $2.50
CashfishT: calls $2.50
kel3vr4_23: folds 
lukatoni08: folds 
Mu.Rothbard: calls $1.50
*** FLOP *** [7s 2d 2h]
Mu.Rothbard: checks 
ImaPeppaPig: checks 
CashfishT: bets $2.51
Mu.Rothbard: calls $2.51
ImaPeppaPig: raises $7.87 to $10.38
CashfishT: folds 
Mu.Rothbard: calls $7.87
*** TURN *** [7s 2d 2h] [8c]
Mu.Rothbard: checks 
ImaPeppaPig: checks 
*** RIVER *** [7s 2d 2h 8c] [5c]
Mu.Rothbard: checks 
ImaPeppaPig: checks 
*** SHOW DOWN ***
Mu.Rothbard: shows [Jd 7d] (two pair, Sevens and Deuces)
ImaPeppaPig: mucks hand 
Mu.Rothbard collected $29.71 from pot
*** SUMMARY ***
Total pot $31.27 | Rake $1.56 
Board [7s 2d 2h 8c 5c]
Seat 1: beshece11harf folded before Flop (didn't bet)
Seat 2: ImaPeppaPig mucked
Seat 3: CashfishT folded on the Flop
Seat 4: kel3vr4_23 (button) folded before Flop (didn't bet)
Seat 5: lukatoni08 (small blind) folded before Flop
Seat 6: Mu.Rothbard (big blind) showed [Jd 7d] and won ($29.71) with two pair, Sevens and Deuces



PokerStars Hand #254570510549:  Hold'em No Limit ($0.50/$1.00 USD) - 2025/01/26 22:04:28 WET [2025/01/26 17:04:28 ET]
Table 'Monachia IV' 6-max Seat #5 is the button
Seat 1: beshece11harf ($100 in chips) 
Seat 2: ImaPeppaPig ($105 in chips) 
Seat 3: CashfishT ($100 in chips) 
Seat 4: kel3vr4_23 ($43.42 in chips) 
Seat 5: lukatoni08 ($104.31 in chips) 
Seat 6: Mu.Rothbard ($173.81 in chips) 
Mu.Rothbard: posts small blind $0.50
beshece11harf: posts big blind $1
*** HOLE CARDS ***
ImaPeppaPig: folds 
CashfishT: raises $1.20 to $2.20
kel3vr4_23: folds 
lukatoni08: calls $2.20
Mu.Rothbard: folds 
beshece11harf: folds 
*** FLOP *** [2d 7h 7c]
CashfishT: bets $4
lukatoni08: folds 
Uncalled bet ($4) returned to CashfishT
CashfishT collected $5.60 from pot
CashfishT: doesn't show hand 
*** SUMMARY ***
Total pot $5.90 | Rake $0.30 
Board [2d 7h 7c]
Seat 1: beshece11harf (big blind) folded before Flop
Seat 2: ImaPeppaPig folded before Flop (didn't bet)
Seat 3: CashfishT collected ($5.60)
Seat 4: kel3vr4_23 folded before Flop (didn't bet)
Seat 5: lukatoni08 (button) folded on the Flop
Seat 6: Mu.Rothbard (small blind) folded before Flop



PokerStars Hand #254570520209:  Hold'em No Limit ($0.50/$1.00 USD) - 2025/01/26 22:04:55 WET [2025/01/26 17:04:55 ET]
Table 'Monachia IV' 6-max Seat #6 is the button
Seat 1: beshece11harf ($100 in chips) 
Seat 2: ImaPeppaPig ($105 in chips) 
Seat 3: CashfishT ($103.40 in chips) 
Seat 4: kel3vr4_23 ($43.42 in chips) 
Seat 5: lukatoni08 ($102.11 in chips) 
Seat 6: Mu.Rothbard ($173.31 in chips) 
beshece11harf: posts small blind $0.50
ImaPeppaPig: posts big blind $1
*** HOLE CARDS ***
CashfishT: folds 
kel3vr4_23: folds 
lukatoni08: raises $2 to $3
Mu.Rothbard: calls $3
beshece11harf: folds 
ImaPeppaPig: calls $2
*** FLOP *** [Qc 6h 3h]
ImaPeppaPig: checks 
lukatoni08: bets $6
Mu.Rothbard: calls $6
ImaPeppaPig: folds 
*** TURN *** [Qc 6h 3h] [8c]
lukatoni08: checks 
Mu.Rothbard: bets $6.53
lukatoni08: raises $17.47 to $24
Mu.Rothbard: calls $17.47
*** RIVER *** [Qc 6h 3h 8c] [3c]
lukatoni08: bets $69.11 and is all-in
Mu.Rothbard: calls $69.11
*** SHOW DOWN ***
lukatoni08: shows [Kd Kc] (two pair, Kings and Threes)
Mu.Rothbard: shows [Ac Qh] (two pair, Queens and Threes)
lukatoni08 collected $205.22 from pot
*** SUMMARY ***
Total pot $207.72 | Rake $2.50 
Board [Qc 6h 3h 8c 3c]
Seat 1: beshece11harf (small blind) folded before Flop
Seat 2: ImaPeppaPig (big blind) folded on the Flop
Seat 3: CashfishT folded before Flop (didn't bet)
Seat 4: kel3vr4_23 folded before Flop (didn't bet)
Seat 5: lukatoni08 showed [Kd Kc] and won ($205.22) with two pair, Kings and Threes
Seat 6: Mu.Rothbard (button) showed [Ac Qh] and lost with two pair, Queens and Threes



PokerStars Hand #254570551559:  Hold'em No Limit ($0.50/$1.00 USD) - 2025/01/26 22:06:25 WET [2025/01/26 17:06:25 ET]
Table 'Monachia IV' 6-max Seat #1 is the button
Seat 1: beshece11harf ($100 in chips) 
Seat 2: ImaPeppaPig ($102 in chips) 
Seat 3: CashfishT ($103.40 in chips) 
Seat 4: kel3vr4_23 ($43.42 in chips) 
Seat 5: lukatoni08 ($205.22 in chips) 
Seat 6: Mu.Rothbard ($100 in chips) 
ImaPeppaPig: posts small blind $0.50
CashfishT: posts big blind $1
*** HOLE CARDS ***
kel3vr4_23: folds 
lukatoni08: folds 
Mu.Rothbard: folds 
Mu.Rothbard leaves the table
beshece11harf: folds 
ImaPeppaPig: folds 
Uncalled bet ($0.50) returned to CashfishT
CashfishT collected $1 from pot
CashfishT: doesn't show hand 
*** SUMMARY ***
Total pot $1 | Rake $0 
Seat 1: beshece11harf (button) folded before Flop (didn't bet)
Seat 2: ImaPeppaPig (small blind) folded before Flop
Seat 3: CashfishT (big blind) collected ($1)
Seat 4: kel3vr4_23 folded before Flop (didn't bet)
Seat 5: lukatoni08 folded before Flop (didn't bet)
Seat 6: Mu.Rothbard folded before Flop (didn't bet)



PokerStars Hand #254570554956:  Hold'em No Limit ($0.50/$1.00 USD) - 2025/01/26 22:06:35 WET [2025/01/26 17:06:35 ET]
Table 'Monachia IV' 6-max Seat #2 is the button
Seat 1: beshece11harf ($100 in chips) 
Seat 2: ImaPeppaPig ($101.50 in chips) 
Seat 3: CashfishT ($103.90 in chips) 
Seat 4: kel3vr4_23 ($43.42 in chips) 
Seat 5: lukatoni08 ($205.22 in chips) 
CashfishT: posts small blind $0.50
kel3vr4_23: posts big blind $1
*** HOLE CARDS ***
Apals2332 joins the table at seat #6 
Apals2332 is disconnected 
lukatoni08: folds 
beshece11harf: raises $1 to $2
ImaPeppaPig: folds 
CashfishT: folds 
kel3vr4_23: folds 
Uncalled bet ($1) returned to beshece11harf
beshece11harf collected $2.50 from pot
beshece11harf: doesn't show hand 
*** SUMMARY ***
Total pot $2.50 | Rake $0 
Seat 1: beshece11harf collected ($2.50)
Seat 2: ImaPeppaPig (button) folded before Flop (didn't bet)
Seat 3: CashfishT (small blind) folded before Flop
Seat 4: kel3vr4_23 (big blind) folded before Flop
Seat 5: lukatoni08 folded before Flop (didn't bet)



PokerStars Hand #254570561740:  Hold'em No Limit ($0.50/$1.00 USD) - 2025/01/26 22:06:55 WET [2025/01/26 17:06:55 ET]
Table 'Monachia IV' 6-max Seat #3 is the button
Seat 5: lukatoni08 ($205.22 in chips) is sitting out
Seat 1: beshece11harf ($101.50 in chips) 
Seat 2: ImaPeppaPig ($101.50 in chips) 
Seat 3: CashfishT ($103.40 in chips) 
Seat 4: kel3vr4_23 ($42.42 in chips) 
Seat 6: Apals2332 ($44.38 in chips) 
kel3vr4_23: posts small blind $0.50
Apals2332: posts big blind $1
*** HOLE CARDS ***
beshece11harf: folds 
ImaPeppaPig: raises $1.50 to $2.50
CashfishT: folds 
kel3vr4_23: folds 
Apals2332: calls $1.50
*** FLOP *** [3s 2d Tc]
Apals2332: checks 
ImaPeppaPig: bets $3.97
Apals2332: calls $3.97
*** TURN *** [3s 2d Tc] [Ts]
Apals2332: checks 
ImaPeppaPig: checks 
*** RIVER *** [3s 2d Tc Ts] [Ks]
Apals2332: checks 
ImaPeppaPig: checks 
*** SHOW DOWN ***
Apals2332: shows [As 4d] (a pair of Tens)
ImaPeppaPig: shows [Jd Js] (two pair, Jacks and Tens)
ImaPeppaPig collected $12.77 from pot
*** SUMMARY ***
Total pot $13.44 | Rake $0.67 
Board [3s 2d Tc Ts Ks]
Seat 5: lukatoni08
Seat 1: beshece11harf folded before Flop (didn't bet)
Seat 2: ImaPeppaPig showed [Jd Js] and won ($12.77) with two pair, Jacks and Tens
Seat 3: CashfishT (button) folded before Flop (didn't bet)
Seat 4: kel3vr4_23 (small blind) folded before Flop
Seat 6: Apals2332 (big blind) showed [As 4d] and lost with a pair of Tens



PokerStars Hand #254570572136:  Hold'em No Limit ($0.50/$1.00 USD) - 2025/01/26 22:07:25 WET [2025/01/26 17:07:25 ET]
Table 'Monachia IV' 6-max Seat #4 is the button
Seat 5: lukatoni08 ($205.22 in chips) is sitting out
Seat 1: beshece11harf ($101.50 in chips) 
Seat 2: ImaPeppaPig ($107.80 in chips) 
Seat 3: CashfishT ($103.40 in chips) 
Seat 4: kel3vr4_23 ($41.92 in chips) 
Seat 6: Apals2332 ($37.91 in chips) 
Apals2332: posts small blind $0.50
beshece11harf: posts big blind $1
*** HOLE CARDS ***
ImaPeppaPig: folds 
CashfishT: folds 
kel3vr4_23: folds 
Apals2332: calls $0.50
beshece11harf: raises $2.50 to $3.50
Apals2332: calls $2.50
*** FLOP *** [3c 2d Js]
Apals2332: checks 
beshece11harf: bets $2
Apals2332: calls $2
*** TURN *** [3c 2d Js] [8h]
Apals2332: checks 
beshece11harf: checks 
*** RIVER *** [3c 2d Js 8h] [Tc]
Apals2332: checks 
beshece11harf: checks 
*** SHOW DOWN ***
Apals2332: shows [7s As] (high card Ace)
beshece11harf: shows [Ad Ks] (high card Ace - King kicker)
beshece11harf collected $10.45 from pot
*** SUMMARY ***
Total pot $11 | Rake $0.55 
Board [3c 2d Js 8h Tc]
Seat 5: lukatoni08
Seat 1: beshece11harf (big blind) showed [Ad Ks] and won ($10.45) with high card Ace
Seat 2: ImaPeppaPig folded before Flop (didn't bet)
Seat 3: CashfishT folded before Flop (didn't bet)
Seat 4: kel3vr4_23 (button) folded before Flop (didn't bet)
Seat 6: Apals2332 (small blind) showed [7s As] and lost with high card Ace



PokerStars Hand #254570599974:  Hold'em No Limit ($0.50/$1.00 USD) - 2025/01/26 22:08:46 WET [2025/01/26 17:08:46 ET]
Table 'Monachia IV' 6-max Seat #6 is the button
Seat 5: lukatoni08 ($205.22 in chips) is sitting out
Seat 1: beshece11harf ($106.45 in chips) 
Seat 2: ImaPeppaPig ($107.80 in chips) 
Seat 3: CashfishT ($103.40 in chips) 
Seat 4: kel3vr4_23 ($41.92 in chips) 
Seat 6: Apals2332 ($32.41 in chips) 
beshece11harf: posts small blind $0.50
ImaPeppaPig: posts big blind $1
*** HOLE CARDS ***
CashfishT: folds 
kel3vr4_23: folds 
Apals2332: folds 
beshece11harf: folds 
Uncalled bet ($0.50) returned to ImaPeppaPig
ImaPeppaPig collected $1 from pot
ImaPeppaPig: doesn't show hand 
*** SUMMARY ***
Total pot $1 | Rake $0 
Seat 5: lukatoni08
Seat 1: beshece11harf (small blind) folded before Flop
Seat 2: ImaPeppaPig (big blind) collected ($1)
Seat 3: CashfishT folded before Flop (didn't bet)
Seat 4: kel3vr4_23 folded before Flop (didn't bet)
Seat 6: Apals2332 (button) folded before Flop (didn't bet)



PokerStars Hand #254570604490:  Hold'em No Limit ($0.50/$1.00 USD) - 2025/01/26 22:08:59 WET [2025/01/26 17:08:59 ET]
Table 'Monachia IV' 6-max Seat #1 is the button
Seat 5: lukatoni08 ($205.22 in chips) is sitting out
Seat 1: beshece11harf ($105.95 in chips) 
Seat 2: ImaPeppaPig ($108.30 in chips) 
Seat 3: CashfishT ($103.40 in chips) 
Seat 4: kel3vr4_23 ($41.92 in chips) 
Seat 6: Apals2332 ($32.41 in chips) 
ImaPeppaPig: posts small blind $0.50
CashfishT: posts big blind $1
*** HOLE CARDS ***
kel3vr4_23: folds 
Apals2332: calls $1
beshece11harf: folds 
ImaPeppaPig: folds 
CashfishT: checks 
*** FLOP *** [9c Jc 6d]
CashfishT: checks 
Apals2332: checks 
*** TURN *** [9c Jc 6d] [4h]
CashfishT: checks 
Apals2332: bets $1
CashfishT: calls $1
*** RIVER *** [9c Jc 6d 4h] [5d]
CashfishT: checks 
Apals2332: bets $3
CashfishT: calls $3
*** SHOW DOWN ***
Apals2332: shows [7c 7s] (a pair of Sevens)
CashfishT: shows [3c Js] (a pair of Jacks)
CashfishT collected $9.98 from pot
*** SUMMARY ***
Total pot $10.50 | Rake $0.52 
Board [9c Jc 6d 4h 5d]
Seat 5: lukatoni08
Seat 1: beshece11harf (button) folded before Flop (didn't bet)
Seat 2: ImaPeppaPig (small blind) folded before Flop
Seat 3: CashfishT (big blind) showed [3c Js] and won ($9.98) with a pair of Jacks
Seat 4: kel3vr4_23 folded before Flop (didn't bet)
Seat 6: Apals2332 showed [7c 7s] and lost with a pair of Sevens



PokerStars Hand #254570619426:  Hold'em No Limit ($0.50/$1.00 USD) - 2025/01/26 22:09:43 WET [2025/01/26 17:09:43 ET]
Table 'Monachia IV' 6-max Seat #2 is the button
Seat 5: lukatoni08 ($205.22 in chips) is sitting out
Seat 1: beshece11harf ($105.95 in chips) 
Seat 2: ImaPeppaPig ($107.80 in chips) 
Seat 3: CashfishT ($108.38 in chips) 
Seat 4: kel3vr4_23 ($41.92 in chips) 
Seat 6: Apals2332 ($27.41 in chips) 
CashfishT: posts small blind $0.50
kel3vr4_23: posts big blind $1
*** HOLE CARDS ***
Apals2332: folds 
beshece11harf: folds 
ImaPeppaPig: folds 
CashfishT: raises $2 to $3
kel3vr4_23: folds 
Uncalled bet ($2) returned to CashfishT
CashfishT collected $2 from pot
CashfishT: doesn't show hand 
*** SUMMARY ***
Total pot $2 | Rake $0 
Seat 5: lukatoni08
Seat 1: beshece11harf folded before Flop (didn't bet)
Seat 2: ImaPeppaPig (button) folded before Flop (didn't bet)
Seat 3: CashfishT (small blind) collected ($2)
Seat 4: kel3vr4_23 (big blind) folded before Flop
Seat 6: Apals2332 folded before Flop (didn't bet)



PokerStars Hand #254570625206:  Hold'em No Limit ($0.50/$1.00 USD) - 2025/01/26 22:10:00 WET [2025/01/26 17:10:00 ET]
Table 'Monachia IV' 6-max Seat #3 is the button
Seat 5: lukatoni08 ($205.22 in chips) is sitting out
Seat 1: beshece11harf ($105.95 in chips) 
Seat 2: ImaPeppaPig ($107.80 in chips) 
Seat 3: CashfishT ($109.38 in chips) 
Seat 4: kel3vr4_23 ($40.92 in chips) 
Seat 6: Apals2332 ($27.41 in chips) 
kel3vr4_23: posts small blind $0.50
Apals2332: posts big blind $1
*** HOLE CARDS ***
beshece11harf: raises $1 to $2
ImaPeppaPig: folds 
CashfishT: folds 
kel3vr4_23: raises $4 to $6
Apals2332: raises $21.41 to $27.41 and is all-in
beshece11harf: raises $78.54 to $105.95 and is all-in
kel3vr4_23: calls $34.92 and is all-in
Uncalled bet ($65.03) returned to beshece11harf
*** FLOP *** [6c 7c Qh]
*** TURN *** [6c 7c Qh] [2c]
*** RIVER *** [6c 7c Qh 2c] [2h]
*** SHOW DOWN ***
kel3vr4_23: shows [Th Ts] (two pair, Tens and Deuces)
beshece11harf: shows [Kh As] (a pair of Deuces)
kel3vr4_23 collected $27.02 from side pot
Apals2332: shows [Qd Qc] (a full house, Queens full of Deuces)
Apals2332 collected $79.73 from main pot
*** SUMMARY ***
Total pot $109.25 Main pot $79.73. Side pot $27.02. | Rake $2.50 
Board [6c 7c Qh 2c 2h]
Seat 5: lukatoni08
Seat 1: beshece11harf showed [Kh As] and lost with a pair of Deuces
Seat 2: ImaPeppaPig folded before Flop (didn't bet)
Seat 3: CashfishT (button) folded before Flop (didn't bet)
Seat 4: kel3vr4_23 (small blind) showed [Th Ts] and won ($27.02) with two pair, Tens and Deuces
Seat 6: Apals2332 (big blind) showed [Qd Qc] and won ($79.73) with a full house, Queens full of Deuces



PokerStars Hand #254570647974:  Hold'em No Limit ($0.50/$1.00 USD) - 2025/01/26 22:11:06 WET [2025/01/26 17:11:06 ET]
Table 'Monachia IV' 6-max Seat #4 is the button
Seat 5: lukatoni08 ($205.22 in chips) is sitting out
Seat 1: beshece11harf ($100 in chips) 
Seat 2: ImaPeppaPig ($107.80 in chips) 
Seat 3: CashfishT ($109.38 in chips) 
Seat 4: kel3vr4_23 ($27.02 in chips) 
Seat 6: Apals2332 ($79.73 in chips) 
Apals2332: posts small blind $0.50
beshece11harf: posts big blind $1
*** HOLE CARDS ***
ImaPeppaPig: folds 
CashfishT: raises $1.20 to $2.20
kel3vr4_23: folds 
Apals2332: calls $1.70
beshece11harf: folds 
*** FLOP *** [Ts Js Td]
Apals2332: checks 
CashfishT: bets $1.69
Apals2332: folds 
Uncalled bet ($1.69) returned to CashfishT
CashfishT collected $5.13 from pot
CashfishT: doesn't show hand 
*** SUMMARY ***
Total pot $5.40 | Rake $0.27 
Board [Ts Js Td]
Seat 5: lukatoni08
Seat 1: beshece11harf (big blind) folded before Flop
Seat 2: ImaPeppaPig folded before Flop (didn't bet)
Seat 3: CashfishT collected ($5.13)
Seat 4: kel3vr4_23 (button) folded before Flop (didn't bet)
Seat 6: Apals2332 (small blind) folded on the Flop



PokerStars Hand #254570661404:  Hold'em No Limit ($0.50/$1.00 USD) - 2025/01/26 22:11:46 WET [2025/01/26 17:11:46 ET]
Table 'Monachia IV' 6-max Seat #6 is the button
Seat 5: lukatoni08 ($205.22 in chips) is sitting out
Seat 1: beshece11harf ($100 in chips) 
Seat 2: ImaPeppaPig ($107.80 in chips) 
Seat 3: CashfishT ($112.31 in chips) 
Seat 4: kel3vr4_23 ($27.02 in chips) 
Seat 6: Apals2332 ($77.53 in chips) 
beshece11harf: posts small blind $0.50
ImaPeppaPig: posts big blind $1
*** HOLE CARDS ***
CashfishT: folds 
kel3vr4_23: folds 
Apals2332: calls $1
beshece11harf: folds 
ImaPeppaPig: raises $4 to $5
Apals2332: folds 
Uncalled bet ($4) returned to ImaPeppaPig
ImaPeppaPig collected $2.50 from pot
ImaPeppaPig: doesn't show hand 
*** SUMMARY ***
Total pot $2.50 | Rake $0 
Seat 5: lukatoni08
Seat 1: beshece11harf (small blind) folded before Flop
Seat 2: ImaPeppaPig (big blind) collected ($2.50)
Seat 3: CashfishT folded before Flop (didn't bet)
Seat 4: kel3vr4_23 folded before Flop (didn't bet)
Seat 6: Apals2332 (button) folded before Flop



PokerStars Hand #254570671698:  Hold'em No Limit ($0.50/$1.00 USD) - 2025/01/26 22:12:16 WET [2025/01/26 17:12:16 ET]
Table 'Monachia IV' 6-max Seat #1 is the button
Seat 5: lukatoni08 ($205.22 in chips) is sitting out
Seat 1: beshece11harf ($100 in chips) 
Seat 2: ImaPeppaPig ($109.30 in chips) 
Seat 3: CashfishT ($112.31 in chips) 
Seat 4: kel3vr4_23 ($27.02 in chips) 
Seat 6: Apals2332 ($76.53 in chips) 
ImaPeppaPig: posts small blind $0.50
CashfishT: posts big blind $1
lukatoni08: sits out 
*** HOLE CARDS ***
kel3vr4_23: folds 
Apals2332: folds 
beshece11harf: folds 
ImaPeppaPig: raises $2 to $3
CashfishT: raises $7 to $10
ImaPeppaPig: folds 
Uncalled bet ($7) returned to CashfishT
CashfishT collected $6 from pot
CashfishT: doesn't show hand 
*** SUMMARY ***
Total pot $6 | Rake $0 
Seat 5: lukatoni08
Seat 1: beshece11harf (button) folded before Flop (didn't bet)
Seat 2: ImaPeppaPig (small blind) folded before Flop
Seat 3: CashfishT (big blind) collected ($6)
Seat 4: kel3vr4_23 folded before Flop (didn't bet)
Seat 6: Apals2332 folded before Flop (didn't bet)



PokerStars Hand #254570678903:  Hold'em No Limit ($0.50/$1.00 USD) - 2025/01/26 22:12:37 WET [2025/01/26 17:12:37 ET]
Table 'Monachia IV' 6-max Seat #2 is the button
Seat 5: lukatoni08 ($205.22 in chips) is sitting out
Seat 1: beshece11harf ($100 in chips) 
Seat 2: ImaPeppaPig ($106.30 in chips) 
Seat 3: CashfishT ($115.31 in chips) 
Seat 4: kel3vr4_23 ($27.02 in chips) 
Seat 6: Apals2332 ($76.53 in chips) 
CashfishT: posts small blind $0.50
kel3vr4_23: posts big blind $1
lukatoni08: sits out 
*** HOLE CARDS ***
Apals2332: calls $1
beshece11harf: folds 
ImaPeppaPig: folds 
CashfishT: raises $4 to $5
kel3vr4_23: folds 
Apals2332: folds 
Uncalled bet ($4) returned to CashfishT
CashfishT collected $3 from pot
CashfishT: doesn't show hand 
*** SUMMARY ***
Total pot $3 | Rake $0 
Seat 5: lukatoni08
Seat 1: beshece11harf folded before Flop (didn't bet)
Seat 2: ImaPeppaPig (button) folded before Flop (didn't bet)
Seat 3: CashfishT (small blind) collected ($3)
Seat 4: kel3vr4_23 (big blind) folded before Flop
Seat 6: Apals2332 folded before Flop



PokerStars Hand #254570685516:  Hold'em No Limit ($0.50/$1.00 USD) - 2025/01/26 22:12:57 WET [2025/01/26 17:12:57 ET]
Table 'Monachia IV' 6-max Seat #3 is the button
Seat 1: beshece11harf ($100 in chips) 
Seat 2: ImaPeppaPig ($106.30 in chips) 
Seat 3: CashfishT ($117.31 in chips) 
Seat 4: kel3vr4_23 ($26.02 in chips) 
Seat 5: lukatoni08 ($205.22 in chips) 
Seat 6: Apals2332 ($75.53 in chips) 
kel3vr4_23: posts small blind $0.50
lukatoni08: posts big blind $1
*** HOLE CARDS ***
Apals2332: calls $1
beshece11harf: folds 
ImaPeppaPig: folds 
CashfishT: raises $2.50 to $3.50
kel3vr4_23: folds 
lukatoni08: folds 
Apals2332: calls $2.50
*** FLOP *** [5d 7s 9h]
Apals2332: checks 
CashfishT: checks 
*** TURN *** [5d 7s 9h] [6d]
Apals2332: checks 
CashfishT: bets $4.04
Apals2332: folds 
Uncalled bet ($4.04) returned to CashfishT
CashfishT collected $8.08 from pot
CashfishT: doesn't show hand 
*** SUMMARY ***
Total pot $8.50 | Rake $0.42 
Board [5d 7s 9h 6d]
Seat 1: beshece11harf folded before Flop (didn't bet)
Seat 2: ImaPeppaPig folded before Flop (didn't bet)
Seat 3: CashfishT (button) collected ($8.08)
Seat 4: kel3vr4_23 (small blind) folded before Flop
Seat 5: lukatoni08 (big blind) folded before Flop
Seat 6: Apals2332 folded on the Turn



PokerStars Hand #254570705973:  Hold'em No Limit ($0.50/$1.00 USD) - 2025/01/26 22:13:58 WET [2025/01/26 17:13:58 ET]
Table 'Monachia IV' 6-max Seat #4 is the button
Seat 1: beshece11harf ($100 in chips) 
Seat 2: ImaPeppaPig ($106.30 in chips) 
Seat 3: CashfishT ($121.89 in chips) 
Seat 4: kel3vr4_23 ($25.52 in chips) 
Seat 5: lukatoni08 ($204.22 in chips) 
Seat 6: Apals2332 ($72.03 in chips) 
lukatoni08: posts small blind $0.50
Apals2332: posts big blind $1
*** HOLE CARDS ***
beshece11harf: folds 
ImaPeppaPig: folds 
CashfishT: folds 
kel3vr4_23: folds 
lukatoni08: folds 
Uncalled bet ($0.50) returned to Apals2332
Apals2332 collected $1 from pot
*** SUMMARY ***
Total pot $1 | Rake $0 
Seat 1: beshece11harf folded before Flop (didn't bet)
Seat 2: ImaPeppaPig folded before Flop (didn't bet)
Seat 3: CashfishT folded before Flop (didn't bet)
Seat 4: kel3vr4_23 (button) folded before Flop (didn't bet)
Seat 5: lukatoni08 (small blind) folded before Flop
Seat 6: Apals2332 (big blind) collected ($1)



PokerStars Hand #254570717730:  Hold'em No Limit ($0.50/$1.00 USD) - 2025/01/26 22:14:33 WET [2025/01/26 17:14:33 ET]
Table 'Monachia IV' 6-max Seat #5 is the button
Seat 1: beshece11harf ($100 in chips) 
Seat 2: ImaPeppaPig ($106.30 in chips) 
Seat 3: CashfishT ($121.89 in chips) 
Seat 4: kel3vr4_23 ($25.52 in chips) 
Seat 5: lukatoni08 ($203.72 in chips) 
Seat 6: Apals2332 ($72.53 in chips) 
Apals2332: posts small blind $0.50
beshece11harf: posts big blind $1
*** HOLE CARDS ***
ImaPeppaPig: raises $1.50 to $2.50
CashfishT: folds 
kel3vr4_23: folds 
lukatoni08: folds 
Apals2332: folds 
beshece11harf: folds 
Uncalled bet ($1.50) returned to ImaPeppaPig
ImaPeppaPig collected $2.50 from pot
ImaPeppaPig: doesn't show hand 
*** SUMMARY ***
Total pot $2.50 | Rake $0 
Seat 1: beshece11harf (big blind) folded before Flop
Seat 2: ImaPeppaPig collected ($2.50)
Seat 3: CashfishT folded before Flop (didn't bet)
Seat 4: kel3vr4_23 folded before Flop (didn't bet)
Seat 5: lukatoni08 (button) folded before Flop (didn't bet)
Seat 6: Apals2332 (small blind) folded before Flop



PokerStars Hand #254570724654:  Hold'em No Limit ($0.50/$1.00 USD) - 2025/01/26 22:14:53 WET [2025/01/26 17:14:53 ET]
Table 'Monachia IV' 6-max Seat #6 is the button
Seat 1: beshece11harf ($100 in chips) 
Seat 2: ImaPeppaPig ($107.80 in chips) 
Seat 3: CashfishT ($121.89 in chips) 
Seat 4: kel3vr4_23 ($25.52 in chips) 
Seat 5: lukatoni08 ($203.72 in chips) 
Seat 6: Apals2332 ($72.03 in chips) 
beshece11harf: posts small blind $0.50
ImaPeppaPig: posts big blind $1
*** HOLE CARDS ***
CashfishT: raises $1.20 to $2.20
kel3vr4_23: folds 
lukatoni08: calls $2.20
Apals2332: folds 
beshece11harf: folds 
ImaPeppaPig: folds 
*** FLOP *** [9d Th Qs]
CashfishT: checks 
lukatoni08: checks 
*** TURN *** [9d Th Qs] [Kc]
CashfishT: checks 
lukatoni08: checks 
*** RIVER *** [9d Th Qs Kc] [Ah]
CashfishT: checks 
lukatoni08: checks 
*** SHOW DOWN ***
CashfishT: shows [8h 8d] (a pair of Eights)
lukatoni08: shows [Ad 7d] (a pair of Aces)
lukatoni08 collected $5.60 from pot
*** SUMMARY ***
Total pot $5.90 | Rake $0.30 
Board [9d Th Qs Kc Ah]
Seat 1: beshece11harf (small blind) folded before Flop
Seat 2: ImaPeppaPig (big blind) folded before Flop
Seat 3: CashfishT showed [8h 8d] and lost with a pair of Eights
Seat 4: kel3vr4_23 folded before Flop (didn't bet)
Seat 5: lukatoni08 showed [Ad 7d] and won ($5.60) with a pair of Aces
Seat 6: Apals2332 (button) folded before Flop (didn't bet)



PokerStars Hand #254570738623:  Hold'em No Limit ($0.50/$1.00 USD) - 2025/01/26 22:15:35 WET [2025/01/26 17:15:35 ET]
Table 'Monachia IV' 6-max Seat #1 is the button
Seat 1: beshece11harf ($100 in chips) 
Seat 2: ImaPeppaPig ($106.80 in chips) 
Seat 3: CashfishT ($119.69 in chips) 
Seat 4: kel3vr4_23 ($25.52 in chips) 
Seat 5: lukatoni08 ($207.12 in chips) 
Seat 6: Apals2332 ($72.03 in chips) 
ImaPeppaPig: posts small blind $0.50
CashfishT: posts big blind $1
*** HOLE CARDS ***
kel3vr4_23: folds 
lukatoni08: folds 
Apals2332: calls $1
beshece11harf: raises $2.50 to $3.50
ImaPeppaPig: folds 
CashfishT: calls $2.50
Apals2332: calls $2.50
*** FLOP *** [2s Jd 2c]
CashfishT: checks 
Apals2332: checks 
beshece11harf: checks 
*** TURN *** [2s Jd 2c] [Tc]
CashfishT: checks 
Apals2332: bets $2
beshece11harf: calls $2
CashfishT: folds 
*** RIVER *** [2s Jd 2c Tc] [Jh]
Apals2332: bets $3
beshece11harf: calls $3
*** SHOW DOWN ***
Apals2332: shows [Ts Ac] (two pair, Jacks and Tens)
beshece11harf: mucks hand 
Apals2332 collected $19.95 from pot
*** SUMMARY ***
Total pot $21 | Rake $1.05 
Board [2s Jd 2c Tc Jh]
Seat 1: beshece11harf (button) mucked
Seat 2: ImaPeppaPig (small blind) folded before Flop
Seat 3: CashfishT (big blind) folded on the Turn
Seat 4: kel3vr4_23 folded before Flop (didn't bet)
Seat 5: lukatoni08 folded before Flop (didn't bet)
Seat 6: Apals2332 showed [Ts Ac] and won ($19.95) with two pair, Jacks and Tens



PokerStars Hand #254570760239:  Hold'em No Limit ($0.50/$1.00 USD) - 2025/01/26 22:16:38 WET [2025/01/26 17:16:38 ET]
Table 'Monachia IV' 6-max Seat #2 is the button
Seat 4: kel3vr4_23 ($25.52 in chips) is sitting out
Seat 1: beshece11harf ($100 in chips) 
Seat 2: ImaPeppaPig ($106.30 in chips) 
Seat 3: CashfishT ($116.19 in chips) 
Seat 5: lukatoni08 ($207.12 in chips) 
Seat 6: Apals2332 ($83.48 in chips) 
CashfishT: posts small blind $0.50
kel3vr4_23: is sitting out 
lukatoni08: posts big blind $1
*** HOLE CARDS ***
Apals2332: calls $1
beshece11harf: folds 
ImaPeppaPig: folds 
CashfishT: folds 
lukatoni08: checks 
*** FLOP *** [9s Kh 3s]
lukatoni08: checks 
Apals2332: checks 
*** TURN *** [9s Kh 3s] [9d]
lukatoni08: bets $2
Apals2332: folds 
Uncalled bet ($2) returned to lukatoni08
lukatoni08 collected $2.38 from pot
lukatoni08: doesn't show hand 
*** SUMMARY ***
Total pot $2.50 | Rake $0.12 
Board [9s Kh 3s 9d]
Seat 4: kel3vr4_23
Seat 1: beshece11harf folded before Flop (didn't bet)
Seat 2: ImaPeppaPig (button) folded before Flop (didn't bet)
Seat 3: CashfishT (small blind) folded before Flop
Seat 5: lukatoni08 (big blind) collected ($2.38)
Seat 6: Apals2332 folded on the Turn



PokerStars Hand #254570769205:  Hold'em No Limit ($0.50/$1.00 USD) - 2025/01/26 22:17:05 WET [2025/01/26 17:17:05 ET]
Table 'Monachia IV' 6-max Seat #3 is the button
Seat 4: kel3vr4_23 ($25.52 in chips) is sitting out
Seat 1: beshece11harf ($100 in chips) 
Seat 2: ImaPeppaPig ($106.30 in chips) 
Seat 3: CashfishT ($115.69 in chips) 
Seat 5: lukatoni08 ($208.50 in chips) 
Seat 6: Apals2332 ($82.48 in chips) 
lukatoni08: posts small blind $0.50
Apals2332: posts big blind $1
*** HOLE CARDS ***
beshece11harf: folds 
ImaPeppaPig: folds 
CashfishT: raises $1.20 to $2.20
lukatoni08: calls $1.70
Apals2332: calls $1.20
*** FLOP *** [8h 7d Th]
lukatoni08: checks 
Apals2332: checks 
CashfishT: checks 
*** TURN *** [8h 7d Th] [9s]
lukatoni08: checks 
Apals2332: checks 
CashfishT: checks 
*** RIVER *** [8h 7d Th 9s] [2c]
lukatoni08: checks 
Apals2332: checks 
CashfishT: checks 
*** SHOW DOWN ***
lukatoni08: shows [4s 3s] (high card Ten)
Apals2332: shows [5c 3h] (high card Ten - Nine+Eight+Seven+Five kicker)
CashfishT: shows [8s Ks] (a pair of Eights)
CashfishT collected $6.27 from pot
*** SUMMARY ***
Total pot $6.60 | Rake $0.33 
Board [8h 7d Th 9s 2c]
Seat 4: kel3vr4_23
Seat 1: beshece11harf folded before Flop (didn't bet)
Seat 2: ImaPeppaPig folded before Flop (didn't bet)
Seat 3: CashfishT (button) showed [8s Ks] and won ($6.27) with a pair of Eights
Seat 5: lukatoni08 (small blind) showed [4s 3s] and lost with high card Ten
Seat 6: Apals2332 (big blind) showed [5c 3h] and lost with high card Ten



PokerStars Hand #254570786024:  Hold'em No Limit ($0.50/$1.00 USD) - 2025/01/26 22:17:56 WET [2025/01/26 17:17:56 ET]
Table 'Monachia IV' 6-max Seat #5 is the button
Seat 4: kel3vr4_23 ($25.52 in chips) is sitting out
Seat 1: beshece11harf ($100 in chips) 
Seat 2: ImaPeppaPig ($106.30 in chips) 
Seat 3: CashfishT ($119.76 in chips) 
Seat 5: lukatoni08 ($206.30 in chips) 
Seat 6: Apals2332 ($80.28 in chips) 
Apals2332: posts small blind $0.50
beshece11harf: posts big blind $1
*** HOLE CARDS ***
ImaPeppaPig: folds 
CashfishT: folds 
lukatoni08: raises $1 to $2
Apals2332: folds 
beshece11harf: calls $1
*** FLOP *** [2d 9c Ts]
beshece11harf: checks 
lukatoni08: bets $3
beshece11harf: folds 
Uncalled bet ($3) returned to lukatoni08
lukatoni08 collected $4.28 from pot
lukatoni08: doesn't show hand 
*** SUMMARY ***
Total pot $4.50 | Rake $0.22 
Board [2d 9c Ts]
Seat 4: kel3vr4_23
Seat 1: beshece11harf (big blind) folded on the Flop
Seat 2: ImaPeppaPig folded before Flop (didn't bet)
Seat 3: CashfishT folded before Flop (didn't bet)
Seat 5: lukatoni08 (button) collected ($4.28)
Seat 6: Apals2332 (small blind) folded before Flop



PokerStars Hand #254570802679:  Hold'em No Limit ($0.50/$1.00 USD) - 2025/01/26 22:18:45 WET [2025/01/26 17:18:45 ET]
Table 'Monachia IV' 6-max Seat #6 is the button
Seat 4: kel3vr4_23 ($25.52 in chips) is sitting out
Seat 1: beshece11harf ($100 in chips) 
Seat 2: ImaPeppaPig ($106.30 in chips) 
Seat 3: CashfishT ($119.76 in chips) 
Seat 5: lukatoni08 ($208.58 in chips) 
Seat 6: Apals2332 ($79.78 in chips) 
beshece11harf: posts small blind $0.50
ImaPeppaPig: posts big blind $1
*** HOLE CARDS ***
CashfishT: folds 
lukatoni08: calls $1
Apals2332: calls $1
beshece11harf: calls $0.50
ImaPeppaPig: checks 
*** FLOP *** [Ad 6h 9s]
beshece11harf: checks 
ImaPeppaPig: checks 
lukatoni08: checks 
Apals2332: checks 
*** TURN *** [Ad 6h 9s] [8d]
beshece11harf: bets $3
ImaPeppaPig: calls $3
lukatoni08: folds 
Apals2332: calls $3
*** RIVER *** [Ad 6h 9s 8d] [Kd]
beshece11harf: bets $3.09
ImaPeppaPig: folds 
Apals2332: folds 
Uncalled bet ($3.09) returned to beshece11harf
beshece11harf collected $12.35 from pot
beshece11harf: doesn't show hand 
*** SUMMARY ***
Total pot $13 | Rake $0.65 
Board [Ad 6h 9s 8d Kd]
Seat 4: kel3vr4_23
Seat 1: beshece11harf (small blind) collected ($12.35)
Seat 2: ImaPeppaPig (big blind) folded on the River
Seat 3: CashfishT folded before Flop (didn't bet)
Seat 5: lukatoni08 folded on the Turn
Seat 6: Apals2332 (button) folded on the River



PokerStars Hand #254570829423:  Hold'em No Limit ($0.50/$1.00 USD) - 2025/01/26 22:20:06 WET [2025/01/26 17:20:06 ET]
Table 'Monachia IV' 6-max Seat #1 is the button
Seat 4: kel3vr4_23 ($25.52 in chips) is sitting out
Seat 1: beshece11harf ($108.35 in chips) 
Seat 2: ImaPeppaPig ($102.30 in chips) 
Seat 3: CashfishT ($119.76 in chips) 
Seat 5: lukatoni08 ($207.58 in chips) 
Seat 6: Apals2332 ($75.78 in chips) 
ImaPeppaPig: posts small blind $0.50
CashfishT: posts big blind $1
*** HOLE CARDS ***
lukatoni08: raises $2 to $3
Apals2332: folds 
beshece11harf: folds 
ImaPeppaPig: folds 
CashfishT: folds 
Uncalled bet ($2) returned to lukatoni08
lukatoni08 collected $2.50 from pot
lukatoni08: doesn't show hand 
*** SUMMARY ***
Total pot $2.50 | Rake $0 
Seat 4: kel3vr4_23
Seat 1: beshece11harf (button) folded before Flop (didn't bet)
Seat 2: ImaPeppaPig (small blind) folded before Flop
Seat 3: CashfishT (big blind) folded before Flop
Seat 5: lukatoni08 collected ($2.50)
Seat 6: Apals2332 folded before Flop (didn't bet)



PokerStars Hand #254570837826:  Hold'em No Limit ($0.50/$1.00 USD) - 2025/01/26 22:20:32 WET [2025/01/26 17:20:32 ET]
Table 'Monachia IV' 6-max Seat #2 is the button
Seat 1: beshece11harf ($108.35 in chips) 
Seat 2: ImaPeppaPig ($101.80 in chips) 
Seat 3: CashfishT ($118.76 in chips) 
Seat 4: kel3vr4_23 ($25.52 in chips) 
Seat 5: lukatoni08 ($209.08 in chips) 
Seat 6: Apals2332 ($75.78 in chips) 
CashfishT: posts small blind $0.50
kel3vr4_23: posts big blind $1
*** HOLE CARDS ***
lukatoni08: folds 
Apals2332: calls $1
beshece11harf: folds 
ImaPeppaPig: folds 
CashfishT: raises $4 to $5
kel3vr4_23: folds 
Apals2332: folds 
Uncalled bet ($4) returned to CashfishT
CashfishT collected $3 from pot
CashfishT: doesn't show hand 
*** SUMMARY ***
Total pot $3 | Rake $0 
Seat 1: beshece11harf folded before Flop (didn't bet)
Seat 2: ImaPeppaPig (button) folded before Flop (didn't bet)
Seat 3: CashfishT (small blind) collected ($3)
Seat 4: kel3vr4_23 (big blind) folded before Flop
Seat 5: lukatoni08 folded before Flop (didn't bet)
Seat 6: Apals2332 folded before Flop



PokerStars Hand #254570843510:  Hold'em No Limit ($0.50/$1.00 USD) - 2025/01/26 22:20:49 WET [2025/01/26 17:20:49 ET]
Table 'Monachia IV' 6-max Seat #3 is the button
Seat 1: beshece11harf ($108.35 in chips) 
Seat 2: ImaPeppaPig ($101.80 in chips) 
Seat 3: CashfishT ($120.76 in chips) 
Seat 4: kel3vr4_23 ($24.52 in chips) 
Seat 5: lukatoni08 ($209.08 in chips) 
Seat 6: Apals2332 ($74.78 in chips) 
kel3vr4_23: posts small blind $0.50
lukatoni08: posts big blind $1
*** HOLE CARDS ***
Apals2332: calls $1
beshece11harf: folds 
ImaPeppaPig: folds 
CashfishT: raises $3.50 to $4.50
kel3vr4_23: folds 
lukatoni08: folds 
Apals2332: calls $3.50
*** FLOP *** [2h Kh Tc]
Apals2332: checks 
CashfishT: bets $4.50
Apals2332: folds 
Uncalled bet ($4.50) returned to CashfishT
CashfishT collected $9.98 from pot
CashfishT: doesn't show hand 
*** SUMMARY ***
Total pot $10.50 | Rake $0.52 
Board [2h Kh Tc]
Seat 1: beshece11harf folded before Flop (didn't bet)
Seat 2: ImaPeppaPig folded before Flop (didn't bet)
Seat 3: CashfishT (button) collected ($9.98)
Seat 4: kel3vr4_23 (small blind) folded before Flop
Seat 5: lukatoni08 (big blind) folded before Flop
Seat 6: Apals2332 folded on the Flop



PokerStars Hand #254570856123:  Hold'em No Limit ($0.50/$1.00 USD) - 2025/01/26 22:21:28 WET [2025/01/26 17:21:28 ET]
Table 'Monachia IV' 6-max Seat #4 is the button
Seat 1: beshece11harf ($108.35 in chips) 
Seat 2: ImaPeppaPig ($101.80 in chips) 
Seat 3: CashfishT ($126.24 in chips) 
Seat 4: kel3vr4_23 ($24.02 in chips) 
Seat 5: lukatoni08 ($208.08 in chips) 
Seat 6: Apals2332 ($70.28 in chips) 
lukatoni08: posts small blind $0.50
Apals2332: posts big blind $1
*** HOLE CARDS ***
beshece11harf: folds 
ImaPeppaPig: raises $1.50 to $2.50
CashfishT: calls $2.50
kel3vr4_23: folds 
lukatoni08: calls $2
Apals2332: calls $1.50
*** FLOP *** [Qh 6c Js]
lukatoni08: checks 
Apals2332: checks 
ImaPeppaPig: bets $2.95
CashfishT: folds 
lukatoni08: folds 
Apals2332: folds 
Uncalled bet ($2.95) returned to ImaPeppaPig
ImaPeppaPig collected $9.50 from pot
ImaPeppaPig: doesn't show hand 
*** SUMMARY ***
Total pot $10 | Rake $0.50 
Board [Qh 6c Js]
Seat 1: beshece11harf folded before Flop (didn't bet)
Seat 2: ImaPeppaPig collected ($9.50)
Seat 3: CashfishT folded on the Flop
Seat 4: kel3vr4_23 (button) folded before Flop (didn't bet)
Seat 5: lukatoni08 (small blind) folded on the Flop
Seat 6: Apals2332 (big blind) folded on the Flop



PokerStars Hand #254570870383:  Hold'em No Limit ($0.50/$1.00 USD) - 2025/01/26 22:22:11 WET [2025/01/26 17:22:11 ET]
Table 'Monachia IV' 6-max Seat #5 is the button
Seat 1: beshece11harf ($108.35 in chips) 
Seat 2: ImaPeppaPig ($108.80 in chips) 
Seat 3: CashfishT ($123.74 in chips) 
Seat 4: kel3vr4_23 ($24.02 in chips) 
Seat 5: lukatoni08 ($205.58 in chips) 
Seat 6: Apals2332 ($67.78 in chips) 
Apals2332: posts small blind $0.50
beshece11harf: posts big blind $1
*** HOLE CARDS ***
ImaPeppaPig: folds 
CashfishT: folds 
kel3vr4_23: folds 
lukatoni08: folds 
Apals2332: calls $0.50
beshece11harf: raises $2.50 to $3.50
Apals2332: folds 
Uncalled bet ($2.50) returned to beshece11harf
beshece11harf collected $2 from pot
beshece11harf: doesn't show hand 
*** SUMMARY ***
Total pot $2 | Rake $0 
Seat 1: beshece11harf (big blind) collected ($2)
Seat 2: ImaPeppaPig folded before Flop (didn't bet)
Seat 3: CashfishT folded before Flop (didn't bet)
Seat 4: kel3vr4_23 folded before Flop (didn't bet)
Seat 5: lukatoni08 (button) folded before Flop (didn't bet)
Seat 6: Apals2332 (small blind) folded before Flop



PokerStars Hand #254570877363:  Hold'em No Limit ($0.50/$1.00 USD) - 2025/01/26 22:22:33 WET [2025/01/26 17:22:33 ET]
Table 'Monachia IV' 6-max Seat #6 is the button
Seat 1: beshece11harf ($109.35 in chips) 
Seat 2: ImaPeppaPig ($108.80 in chips) 
Seat 3: CashfishT ($123.74 in chips) 
Seat 4: kel3vr4_23 ($24.02 in chips) 
Seat 5: lukatoni08 ($205.58 in chips) 
Seat 6: Apals2332 ($66.78 in chips) 
beshece11harf: posts small blind $0.50
ImaPeppaPig: posts big blind $1
*** HOLE CARDS ***
CashfishT: folds 
kel3vr4_23: folds 
lukatoni08: raises $2 to $3
Apals2332: calls $3
beshece11harf: folds 
ImaPeppaPig: folds 
*** FLOP *** [8d 4d 3d]
lukatoni08: checks 
Apals2332: checks 
*** TURN *** [8d 4d 3d] [2s]
lukatoni08: bets $3.56
Apals2332: calls $3.56
*** RIVER *** [8d 4d 3d 2s] [Kc]
lukatoni08: bets $7
Apals2332: calls $7
*** SHOW DOWN ***
lukatoni08: shows [Jh 7h] (high card King)
Apals2332: shows [Js Jc] (a pair of Jacks)
Apals2332 collected $27.19 from pot
*** SUMMARY ***
Total pot $28.62 | Rake $1.43 
Board [8d 4d 3d 2s Kc]
Seat 1: beshece11harf (small blind) folded before Flop
Seat 2: ImaPeppaPig (big blind) folded before Flop
Seat 3: CashfishT folded before Flop (didn't bet)
Seat 4: kel3vr4_23 folded before Flop (didn't bet)
Seat 5: lukatoni08 showed [Jh 7h] and lost with high card King
Seat 6: Apals2332 (button) showed [Js Jc] and won ($27.19) with a pair of Jacks



PokerStars Hand #254570894224:  Hold'em No Limit ($0.50/$1.00 USD) - 2025/01/26 22:23:24 WET [2025/01/26 17:23:24 ET]
Table 'Monachia IV' 6-max Seat #1 is the button
Seat 1: beshece11harf ($108.85 in chips) 
Seat 2: ImaPeppaPig ($107.80 in chips) 
Seat 3: CashfishT ($123.74 in chips) 
Seat 4: kel3vr4_23 ($24.02 in chips) 
Seat 5: lukatoni08 ($192.02 in chips) 
Seat 6: Apals2332 ($80.41 in chips) 
ImaPeppaPig: posts small blind $0.50
CashfishT: posts big blind $1
*** HOLE CARDS ***
kel3vr4_23: folds 
lukatoni08: raises $2 to $3
Apals2332: folds 
beshece11harf: folds 
ImaPeppaPig: folds 
CashfishT: folds 
Uncalled bet ($2) returned to lukatoni08
lukatoni08 collected $2.50 from pot
lukatoni08: doesn't show hand 
*** SUMMARY ***
Total pot $2.50 | Rake $0 
Seat 1: beshece11harf (button) folded before Flop (didn't bet)
Seat 2: ImaPeppaPig (small blind) folded before Flop
Seat 3: CashfishT (big blind) folded before Flop
Seat 4: kel3vr4_23 folded before Flop (didn't bet)
Seat 5: lukatoni08 collected ($2.50)
Seat 6: Apals2332 folded before Flop (didn't bet)



PokerStars Hand #254570899915:  Hold'em No Limit ($0.50/$1.00 USD) - 2025/01/26 22:23:42 WET [2025/01/26 17:23:42 ET]
Table 'Monachia IV' 6-max Seat #2 is the button
Seat 1: beshece11harf ($108.85 in chips) 
Seat 2: ImaPeppaPig ($107.30 in chips) 
Seat 3: CashfishT ($122.74 in chips) 
Seat 4: kel3vr4_23 ($24.02 in chips) 
Seat 5: lukatoni08 ($193.52 in chips) 
Seat 6: Apals2332 ($80.41 in chips) 
CashfishT: posts small blind $0.50
kel3vr4_23: posts big blind $1
*** HOLE CARDS ***
lukatoni08: folds 
Apals2332: calls $1
beshece11harf: raises $2.50 to $3.50
ImaPeppaPig: folds 
CashfishT: folds 
kel3vr4_23: folds 
Apals2332: folds 
Uncalled bet ($2.50) returned to beshece11harf
beshece11harf collected $3.50 from pot
beshece11harf: doesn't show hand 
*** SUMMARY ***
Total pot $3.50 | Rake $0 
Seat 1: beshece11harf collected ($3.50)
Seat 2: ImaPeppaPig (button) folded before Flop (didn't bet)
Seat 3: CashfishT (small blind) folded before Flop
Seat 4: kel3vr4_23 (big blind) folded before Flop
Seat 5: lukatoni08 folded before Flop (didn't bet)
Seat 6: Apals2332 folded before Flop



PokerStars Hand #254570908219:  Hold'em No Limit ($0.50/$1.00 USD) - 2025/01/26 22:24:07 WET [2025/01/26 17:24:07 ET]
Table 'Monachia IV' 6-max Seat #3 is the button
Seat 1: beshece11harf ($111.35 in chips) 
Seat 2: ImaPeppaPig ($107.30 in chips) 
Seat 3: CashfishT ($122.24 in chips) 
Seat 4: kel3vr4_23 ($23.02 in chips) 
Seat 5: lukatoni08 ($193.52 in chips) 
Seat 6: Apals2332 ($79.41 in chips) 
kel3vr4_23: posts small blind $0.50
lukatoni08: posts big blind $1
*** HOLE CARDS ***
Apals2332: folds 
beshece11harf: folds 
ImaPeppaPig: folds 
CashfishT: folds 
kel3vr4_23: folds 
Uncalled bet ($0.50) returned to lukatoni08
lukatoni08 collected $1 from pot
lukatoni08: doesn't show hand 
*** SUMMARY ***
Total pot $1 | Rake $0 
Seat 1: beshece11harf folded before Flop (didn't bet)
Seat 2: ImaPeppaPig folded before Flop (didn't bet)
Seat 3: CashfishT (button) folded before Flop (didn't bet)
Seat 4: kel3vr4_23 (small blind) folded before Flop
Seat 5: lukatoni08 (big blind) collected ($1)
Seat 6: Apals2332 folded before Flop (didn't bet)



PokerStars Hand #254570912196:  Hold'em No Limit ($0.50/$1.00 USD) - 2025/01/26 22:24:20 WET [2025/01/26 17:24:20 ET]
Table 'Monachia IV' 6-max Seat #4 is the button
Seat 1: beshece11harf ($111.35 in chips) 
Seat 2: ImaPeppaPig ($107.30 in chips) 
Seat 3: CashfishT ($122.24 in chips) 
Seat 4: kel3vr4_23 ($22.52 in chips) 
Seat 5: lukatoni08 ($194.02 in chips) 
Seat 6: Apals2332 ($79.41 in chips) 
lukatoni08: posts small blind $0.50
Apals2332: posts big blind $1
*** HOLE CARDS ***
beshece11harf: raises $1 to $2
ImaPeppaPig: folds 
CashfishT: folds 
kel3vr4_23: folds 
lukatoni08: calls $1.50
Apals2332: folds 
*** FLOP *** [7c Qd 3c]
lukatoni08: checks 
beshece11harf: checks 
*** TURN *** [7c Qd 3c] [2h]
lukatoni08: checks 
beshece11harf: checks 
*** RIVER *** [7c Qd 3c 2h] [9c]
lukatoni08: bets $2.38
beshece11harf: calls $2.38
*** SHOW DOWN ***
lukatoni08: shows [Tc Qh] (a pair of Queens)
beshece11harf: mucks hand 
lukatoni08 collected $9.27 from pot
*** SUMMARY ***
Total pot $9.76 | Rake $0.49 
Board [7c Qd 3c 2h 9c]
Seat 1: beshece11harf mucked
Seat 2: ImaPeppaPig folded before Flop (didn't bet)
Seat 3: CashfishT folded before Flop (didn't bet)
Seat 4: kel3vr4_23 (button) folded before Flop (didn't bet)
Seat 5: lukatoni08 (small blind) showed [Tc Qh] and won ($9.27) with a pair of Queens
Seat 6: Apals2332 (big blind) folded before Flop



PokerStars Hand #254570935780:  Hold'em No Limit ($0.50/$1.00 USD) - 2025/01/26 22:25:33 WET [2025/01/26 17:25:33 ET]
Table 'Monachia IV' 6-max Seat #5 is the button
Seat 1: beshece11harf ($106.97 in chips) 
Seat 2: ImaPeppaPig ($107.30 in chips) 
Seat 3: CashfishT ($122.24 in chips) 
Seat 4: kel3vr4_23 ($22.52 in chips) 
Seat 5: lukatoni08 ($198.91 in chips) 
Seat 6: Apals2332 ($78.41 in chips) 
Apals2332: posts small blind $0.50
beshece11harf: posts big blind $1
*** HOLE CARDS ***
ImaPeppaPig: folds 
CashfishT: folds 
kel3vr4_23: folds 
lukatoni08: folds 
Apals2332: folds 
Uncalled bet ($0.50) returned to beshece11harf
beshece11harf collected $1 from pot
beshece11harf: doesn't show hand 
*** SUMMARY ***
Total pot $1 | Rake $0 
Seat 1: beshece11harf (big blind) collected ($1)
Seat 2: ImaPeppaPig folded before Flop (didn't bet)
Seat 3: CashfishT folded before Flop (didn't bet)
Seat 4: kel3vr4_23 folded before Flop (didn't bet)
Seat 5: lukatoni08 (button) folded before Flop (didn't bet)
Seat 6: Apals2332 (small blind) folded before Flop



PokerStars Hand #254570941752:  Hold'em No Limit ($0.50/$1.00 USD) - 2025/01/26 22:25:51 WET [2025/01/26 17:25:51 ET]
Table 'Monachia IV' 6-max Seat #6 is the button
Seat 1: beshece11harf ($107.47 in chips) 
Seat 2: ImaPeppaPig ($107.30 in chips) 
Seat 3: CashfishT ($122.24 in chips) 
Seat 4: kel3vr4_23 ($22.52 in chips) 
Seat 5: lukatoni08 ($198.91 in chips) 
Seat 6: Apals2332 ($77.91 in chips) 
beshece11harf: posts small blind $0.50
ImaPeppaPig: posts big blind $1
*** HOLE CARDS ***
CashfishT: folds 
kel3vr4_23: folds 
lukatoni08: calls $1
Apals2332: calls $1
beshece11harf: raises $5 to $6
ImaPeppaPig: folds 
lukatoni08: folds 
Apals2332: calls $5
*** FLOP *** [Qs 8s Ts]
beshece11harf: checks 
Apals2332: bets $5
beshece11harf: calls $5
*** TURN *** [Qs 8s Ts] [Kd]
beshece11harf: checks 
Apals2332: bets $7
beshece11harf: calls $7
*** RIVER *** [Qs 8s Ts Kd] [3d]
beshece11harf: checks 
Apals2332: checks 
*** SHOW DOWN ***
beshece11harf: shows [Qd 9d] (a pair of Queens)
Apals2332: shows [Qc Kh] (two pair, Kings and Queens)
Apals2332 collected $36.10 from pot
*** SUMMARY ***
Total pot $38 | Rake $1.90 
Board [Qs 8s Ts Kd 3d]
Seat 1: beshece11harf (small blind) showed [Qd 9d] and lost with a pair of Queens
Seat 2: ImaPeppaPig (big blind) folded before Flop
Seat 3: CashfishT folded before Flop (didn't bet)
Seat 4: kel3vr4_23 folded before Flop (didn't bet)
Seat 5: lukatoni08 folded before Flop
Seat 6: Apals2332 (button) showed [Qc Kh] and won ($36.10) with two pair, Kings and Queens



PokerStars Hand #254570967144:  Hold'em No Limit ($0.50/$1.00 USD) - 2025/01/26 22:27:10 WET [2025/01/26 17:27:10 ET]
Table 'Monachia IV' 6-max Seat #1 is the button
Seat 1: beshece11harf ($100 in chips) 
Seat 2: ImaPeppaPig ($106.30 in chips) 
Seat 3: CashfishT ($122.24 in chips) 
Seat 4: kel3vr4_23 ($22.52 in chips) 
Seat 5: lukatoni08 ($197.91 in chips) 
Seat 6: Apals2332 ($96.01 in chips) 
ImaPeppaPig: posts small blind $0.50
CashfishT: posts big blind $1
*** HOLE CARDS ***
kel3vr4_23: raises $1.50 to $2.50
lukatoni08: calls $2.50
Apals2332: calls $2.50
beshece11harf: folds 
ImaPeppaPig: folds 
CashfishT: folds 
*** FLOP *** [Js Th 3s]
kel3vr4_23: checks 
lukatoni08: checks 
Apals2332: checks 
*** TURN *** [Js Th 3s] [9h]
kel3vr4_23: bets $3
lukatoni08: calls $3
Apals2332: calls $3
*** RIVER *** [Js Th 3s 9h] [Kh]
kel3vr4_23: bets $8.55
lukatoni08: folds 
Apals2332: calls $8.55
*** SHOW DOWN ***
kel3vr4_23: shows [Qc Ks] (a straight, Nine to King)
Apals2332: shows [Qs 8s] (a straight, Nine to King)
kel3vr4_23 collected $16.67 from pot
Apals2332 collected $16.67 from pot
*** SUMMARY ***
Total pot $35.10 | Rake $1.76 
Board [Js Th 3s 9h Kh]
Seat 1: beshece11harf (button) folded before Flop (didn't bet)
Seat 2: ImaPeppaPig (small blind) folded before Flop
Seat 3: CashfishT (big blind) folded before Flop
Seat 4: kel3vr4_23 showed [Qc Ks] and won ($16.67) with a straight, Nine to King
Seat 5: lukatoni08 folded on the River
Seat 6: Apals2332 showed [Qs 8s] and won ($16.67) with a straight, Nine to King



PokerStars Hand #254570981383:  Hold'em No Limit ($0.50/$1.00 USD) - 2025/01/26 22:27:54 WET [2025/01/26 17:27:54 ET]
Table 'Monachia IV' 6-max Seat #2 is the button
Seat 1: beshece11harf ($100 in chips) 
Seat 2: ImaPeppaPig ($105.80 in chips) 
Seat 3: CashfishT ($121.24 in chips) 
Seat 4: kel3vr4_23 ($25.14 in chips) 
Seat 5: lukatoni08 ($192.41 in chips) 
Seat 6: Apals2332 ($98.63 in chips) 
CashfishT: posts small blind $0.50
kel3vr4_23: posts big blind $1
*** HOLE CARDS ***
lukatoni08: folds 
Apals2332: folds 
beshece11harf: folds 
ImaPeppaPig: folds 
CashfishT: folds 
Uncalled bet ($0.50) returned to kel3vr4_23
kel3vr4_23 collected $1 from pot
kel3vr4_23: doesn't show hand 
*** SUMMARY ***
Total pot $1 | Rake $0 
Seat 1: beshece11harf folded before Flop (didn't bet)
Seat 2: ImaPeppaPig (button) folded before Flop (didn't bet)
Seat 3: CashfishT (small blind) folded before Flop
Seat 4: kel3vr4_23 (big blind) collected ($1)
Seat 5: lukatoni08 folded before Flop (didn't bet)
Seat 6: Apals2332 folded before Flop (didn't bet)



PokerStars Hand #254570986606:  Hold'em No Limit ($0.50/$1.00 USD) - 2025/01/26 22:28:11 WET [2025/01/26 17:28:11 ET]
Table 'Monachia IV' 6-max Seat #3 is the button
Seat 1: beshece11harf ($100 in chips) 
Seat 2: ImaPeppaPig ($105.80 in chips) 
Seat 3: CashfishT ($120.74 in chips) 
Seat 4: kel3vr4_23 ($25.64 in chips) 
Seat 5: lukatoni08 ($192.41 in chips) 
Seat 6: Apals2332 ($98.63 in chips) 
kel3vr4_23: posts small blind $0.50
lukatoni08: posts big blind $1
*** HOLE CARDS ***
Apals2332: folds 
beshece11harf: folds 
ImaPeppaPig: raises $1.50 to $2.50
CashfishT: folds 
kel3vr4_23: folds 
lukatoni08: folds 
Uncalled bet ($1.50) returned to ImaPeppaPig
ImaPeppaPig collected $2.50 from pot
ImaPeppaPig: doesn't show hand 
*** SUMMARY ***
Total pot $2.50 | Rake $0 
Seat 1: beshece11harf folded before Flop (didn't bet)
Seat 2: ImaPeppaPig collected ($2.50)
Seat 3: CashfishT (button) folded before Flop (didn't bet)
Seat 4: kel3vr4_23 (small blind) folded before Flop
Seat 5: lukatoni08 (big blind) folded before Flop
Seat 6: Apals2332 folded before Flop (didn't bet)



PokerStars Hand #254570991270:  Hold'em No Limit ($0.50/$1.00 USD) - 2025/01/26 22:28:25 WET [2025/01/26 17:28:25 ET]
Table 'Monachia IV' 6-max Seat #4 is the button
Seat 1: beshece11harf ($100 in chips) 
Seat 2: ImaPeppaPig ($107.30 in chips) 
Seat 3: CashfishT ($120.74 in chips) 
Seat 4: kel3vr4_23 ($25.14 in chips) 
Seat 5: lukatoni08 ($191.41 in chips) 
Seat 6: Apals2332 ($98.63 in chips) 
lukatoni08: posts small blind $0.50
Apals2332: posts big blind $1
*** HOLE CARDS ***
beshece11harf: folds 
ImaPeppaPig: folds 
CashfishT: raises $1.20 to $2.20
kel3vr4_23: folds 
lukatoni08: folds 
Apals2332: calls $1.20
*** FLOP *** [2s Jh 7s]
Apals2332: checks 
CashfishT: bets $1.54
Apals2332: calls $1.54
*** TURN *** [2s Jh 7s] [4c]
Apals2332: checks 
CashfishT: checks 
*** RIVER *** [2s Jh 7s 4c] [Tc]
Apals2332: checks 
CashfishT: checks 
*** SHOW DOWN ***
Apals2332: shows [2c Kc] (a pair of Deuces)
CashfishT: mucks hand 
Apals2332 collected $7.58 from pot
*** SUMMARY ***
Total pot $7.98 | Rake $0.40 
Board [2s Jh 7s 4c Tc]
Seat 1: beshece11harf folded before Flop (didn't bet)
Seat 2: ImaPeppaPig folded before Flop (didn't bet)
Seat 3: CashfishT mucked
Seat 4: kel3vr4_23 (button) folded before Flop (didn't bet)
Seat 5: lukatoni08 (small blind) folded before Flop
Seat 6: Apals2332 (big blind) showed [2c Kc] and won ($7.58) with a pair of Deuces



PokerStars Hand #254571171590:  Hold'em No Limit ($0.50/$1.00 USD) - 2025/01/26 22:38:01 WET [2025/01/26 17:38:01 ET]
Table 'Monachia IV' 6-max Seat #4 is the button
Seat 1: beshece11harf ($106.28 in chips) 
Seat 2: ImaPeppaPig ($100 in chips) 
Seat 3: CashfishT ($137.57 in chips) 
Seat 4: kel3vr4_23 ($33.70 in chips) 
Seat 5: shootingGRID ($100.50 in chips) 
Seat 6: Apals2332 ($91.85 in chips) 
shootingGRID: posts small blind $0.50
Apals2332: posts big blind $1
*** HOLE CARDS ***
beshece11harf: folds 
ImaPeppaPig: folds 
CashfishT: raises $1.20 to $2.20
kel3vr4_23: folds 
shootingGRID: folds 
Apals2332: folds 
Uncalled bet ($1.20) returned to CashfishT
CashfishT collected $2.50 from pot
CashfishT: doesn't show hand 
*** SUMMARY ***
Total pot $2.50 | Rake $0 
Seat 1: beshece11harf folded before Flop (didn't bet)
Seat 2: ImaPeppaPig folded before Flop (didn't bet)
Seat 3: CashfishT collected ($2.50)
Seat 4: kel3vr4_23 (button) folded before Flop (didn't bet)
Seat 5: shootingGRID (small blind) folded before Flop
Seat 6: Apals2332 (big blind) folded before Flop



PokerStars Hand #254571176860:  Hold'em No Limit ($0.50/$1.00 USD) - 2025/01/26 22:38:18 WET [2025/01/26 17:38:18 ET]
Table 'Monachia IV' 6-max Seat #5 is the button
Seat 1: beshece11harf ($106.28 in chips) 
Seat 2: ImaPeppaPig ($100 in chips) 
Seat 3: CashfishT ($139.07 in chips) 
Seat 4: kel3vr4_23 ($33.70 in chips) 
Seat 5: shootingGRID ($100 in chips) 
Seat 6: Apals2332 ($90.85 in chips) 
Apals2332: posts small blind $0.50
beshece11harf: posts big blind $1
*** HOLE CARDS ***
ImaPeppaPig: folds 
CashfishT: folds 
kel3vr4_23: folds 
shootingGRID: raises $1.50 to $2.50
Apals2332: folds 
beshece11harf: calls $1.50
*** FLOP *** [Qs 8h 3d]
beshece11harf: checks 
shootingGRID: bets $1.72
beshece11harf: calls $1.72
*** TURN *** [Qs 8h 3d] [Ts]
beshece11harf: checks 
shootingGRID: checks 
*** RIVER *** [Qs 8h 3d Ts] [Kd]
beshece11harf: checks 
shootingGRID: bets $6.37
beshece11harf: folds 
Uncalled bet ($6.37) returned to shootingGRID
shootingGRID collected $8.49 from pot
*** SUMMARY ***
Total pot $8.94 | Rake $0.45 
Board [Qs 8h 3d Ts Kd]
Seat 1: beshece11harf (big blind) folded on the River
Seat 2: ImaPeppaPig folded before Flop (didn't bet)
Seat 3: CashfishT folded before Flop (didn't bet)
Seat 4: kel3vr4_23 folded before Flop (didn't bet)
Seat 5: shootingGRID (button) collected ($8.49)
Seat 6: Apals2332 (small blind) folded before Flop



PokerStars Hand #254571203977:  Hold'em No Limit ($0.50/$1.00 USD) - 2025/01/26 22:39:48 WET [2025/01/26 17:39:48 ET]
Table 'Monachia IV' 6-max Seat #6 is the button
Seat 1: beshece11harf ($102.06 in chips) 
Seat 2: ImaPeppaPig ($100 in chips) 
Seat 3: CashfishT ($139.07 in chips) 
Seat 4: kel3vr4_23 ($33.70 in chips) 
Seat 5: shootingGRID ($104.27 in chips) 
Seat 6: Apals2332 ($90.35 in chips) 
beshece11harf: posts small blind $0.50
ImaPeppaPig: posts big blind $1
*** HOLE CARDS ***
CashfishT: raises $1.20 to $2.20
kel3vr4_23: folds 
shootingGRID: folds 
Apals2332: folds 
beshece11harf: folds 
ImaPeppaPig: folds 
Uncalled bet ($1.20) returned to CashfishT
CashfishT collected $2.50 from pot
CashfishT: doesn't show hand 
*** SUMMARY ***
Total pot $2.50 | Rake $0 
Seat 1: beshece11harf (small blind) folded before Flop
Seat 2: ImaPeppaPig (big blind) folded before Flop
Seat 3: CashfishT collected ($2.50)
Seat 4: kel3vr4_23 folded before Flop (didn't bet)
Seat 5: shootingGRID folded before Flop (didn't bet)
Seat 6: Apals2332 (button) folded before Flop (didn't bet)



PokerStars Hand #254571213885:  Hold'em No Limit ($0.50/$1.00 USD) - 2025/01/26 22:40:21 WET [2025/01/26 17:40:21 ET]
Table 'Monachia IV' 6-max Seat #1 is the button
Seat 1: beshece11harf ($101.56 in chips) 
Seat 2: ImaPeppaPig ($100 in chips) 
Seat 3: CashfishT ($140.57 in chips) 
Seat 4: kel3vr4_23 ($33.70 in chips) 
Seat 5: shootingGRID ($104.27 in chips) 
Seat 6: Apals2332 ($90.35 in chips) 
ImaPeppaPig: posts small blind $0.50
CashfishT: posts big blind $1
*** HOLE CARDS ***
kel3vr4_23: folds 
shootingGRID: folds 
Apals2332: folds 
beshece11harf: folds 
ImaPeppaPig: folds 
Uncalled bet ($0.50) returned to CashfishT
CashfishT collected $1 from pot
CashfishT: doesn't show hand 
*** SUMMARY ***
Total pot $1 | Rake $0 
Seat 1: beshece11harf (button) folded before Flop (didn't bet)
Seat 2: ImaPeppaPig (small blind) folded before Flop
Seat 3: CashfishT (big blind) collected ($1)
Seat 4: kel3vr4_23 folded before Flop (didn't bet)
Seat 5: shootingGRID folded before Flop (didn't bet)
Seat 6: Apals2332 folded before Flop (didn't bet)



PokerStars Hand #254571218523:  Hold'em No Limit ($0.50/$1.00 USD) - 2025/01/26 22:40:36 WET [2025/01/26 17:40:36 ET]
Table 'Monachia IV' 6-max Seat #2 is the button
Seat 1: beshece11harf ($101.56 in chips) 
Seat 2: ImaPeppaPig ($100 in chips) 
Seat 3: CashfishT ($141.07 in chips) 
Seat 4: kel3vr4_23 ($33.70 in chips) 
Seat 5: shootingGRID ($104.27 in chips) 
Seat 6: Apals2332 ($90.35 in chips) 
CashfishT: posts small blind $0.50
kel3vr4_23: posts big blind $1
*** HOLE CARDS ***
shootingGRID: folds 
Apals2332: calls $1
beshece11harf: folds 
ImaPeppaPig: folds 
CashfishT: folds 
kel3vr4_23: checks 
*** FLOP *** [9d Qs Td]
kel3vr4_23: checks 
Apals2332: bets $2
kel3vr4_23: calls $2
*** TURN *** [9d Qs Td] [2c]
kel3vr4_23: checks 
Apals2332: bets $6.18
kel3vr4_23: folds 
Uncalled bet ($6.18) returned to Apals2332
Apals2332 collected $6.18 from pot
*** SUMMARY ***
Total pot $6.50 | Rake $0.32 
Board [9d Qs Td 2c]
Seat 1: beshece11harf folded before Flop (didn't bet)
Seat 2: ImaPeppaPig (button) folded before Flop (didn't bet)
Seat 3: CashfishT (small blind) folded before Flop
Seat 4: kel3vr4_23 (big blind) folded on the Turn
Seat 5: shootingGRID folded before Flop (didn't bet)
Seat 6: Apals2332 collected ($6.18)



PokerStars Hand #254571229390:  Hold'em No Limit ($0.50/$1.00 USD) - 2025/01/26 22:41:13 WET [2025/01/26 17:41:13 ET]
Table 'Monachia IV' 6-max Seat #3 is the button
Seat 1: beshece11harf ($101.56 in chips) 
Seat 2: ImaPeppaPig ($100 in chips) 
Seat 3: CashfishT ($140.57 in chips) 
Seat 4: kel3vr4_23 ($30.70 in chips) 
Seat 5: shootingGRID ($104.27 in chips) 
Seat 6: Apals2332 ($93.53 in chips) 
kel3vr4_23: posts small blind $0.50
shootingGRID: posts big blind $1
*** HOLE CARDS ***
Apals2332: folds 
beshece11harf: folds 
ImaPeppaPig: folds 
CashfishT: folds 
kel3vr4_23: raises $2 to $3
shootingGRID: raises $6 to $9
kel3vr4_23: folds 
Uncalled bet ($6) returned to shootingGRID
shootingGRID collected $6 from pot
*** SUMMARY ***
Total pot $6 | Rake $0 
Seat 1: beshece11harf folded before Flop (didn't bet)
Seat 2: ImaPeppaPig folded before Flop (didn't bet)
Seat 3: CashfishT (button) folded before Flop (didn't bet)
Seat 4: kel3vr4_23 (small blind) folded before Flop
Seat 5: shootingGRID (big blind) collected ($6)
Seat 6: Apals2332 folded before Flop (didn't bet)



PokerStars Hand #254571236683:  Hold'em No Limit ($0.50/$1.00 USD) - 2025/01/26 22:41:37 WET [2025/01/26 17:41:37 ET]
Table 'Monachia IV' 6-max Seat #4 is the button
Seat 1: beshece11harf ($101.56 in chips) 
Seat 2: ImaPeppaPig ($100 in chips) 
Seat 3: CashfishT ($140.57 in chips) 
Seat 4: kel3vr4_23 ($27.70 in chips) 
Seat 5: shootingGRID ($107.27 in chips) 
Seat 6: Apals2332 ($93.53 in chips) 
shootingGRID: posts small blind $0.50
Apals2332: posts big blind $1
*** HOLE CARDS ***
beshece11harf: folds 
ImaPeppaPig: raises $1.50 to $2.50
CashfishT: folds 
kel3vr4_23: folds 
shootingGRID: folds 
Apals2332: folds 
Uncalled bet ($1.50) returned to ImaPeppaPig
ImaPeppaPig collected $2.50 from pot
ImaPeppaPig: doesn't show hand 
*** SUMMARY ***
Total pot $2.50 | Rake $0 
Seat 1: beshece11harf folded before Flop (didn't bet)
Seat 2: ImaPeppaPig collected ($2.50)
Seat 3: CashfishT folded before Flop (didn't bet)
Seat 4: kel3vr4_23 (button) folded before Flop (didn't bet)
Seat 5: shootingGRID (small blind) folded before Flop
Seat 6: Apals2332 (big blind) folded before Flop



PokerStars Hand #254571241733:  Hold'em No Limit ($0.50/$1.00 USD) - 2025/01/26 22:41:54 WET [2025/01/26 17:41:54 ET]
Table 'Monachia IV' 6-max Seat #5 is the button
Seat 1: beshece11harf ($101.56 in chips) 
Seat 2: ImaPeppaPig ($101.50 in chips) 
Seat 3: CashfishT ($140.57 in chips) 
Seat 4: kel3vr4_23 ($27.70 in chips) 
Seat 5: shootingGRID ($106.77 in chips) 
Seat 6: Apals2332 ($92.53 in chips) 
Apals2332: posts small blind $0.50
beshece11harf: posts big blind $1
*** HOLE CARDS ***
ImaPeppaPig: raises $1.50 to $2.50
CashfishT: folds 
kel3vr4_23: raises $4.50 to $7
shootingGRID: folds 
Apals2332: folds 
beshece11harf: raises $8 to $15
ImaPeppaPig: folds 
kel3vr4_23: raises $12.70 to $27.70 and is all-in
beshece11harf: calls $12.70
*** FLOP *** [Qd Kc 7s]
*** TURN *** [Qd Kc 7s] [3c]
*** RIVER *** [Qd Kc 7s 3c] [9h]
*** SHOW DOWN ***
beshece11harf: shows [Qc Qh] (three of a kind, Queens)
kel3vr4_23: shows [Ah Ad] (a pair of Aces)
beshece11harf collected $55.90 from pot
*** SUMMARY ***
Total pot $58.40 | Rake $2.50 
Board [Qd Kc 7s 3c 9h]
Seat 1: beshece11harf (big blind) showed [Qc Qh] and won ($55.90) with three of a kind, Queens
Seat 2: ImaPeppaPig folded before Flop
Seat 3: CashfishT folded before Flop (didn't bet)
Seat 4: kel3vr4_23 showed [Ah Ad] and lost with a pair of Aces
Seat 5: shootingGRID (button) folded before Flop (didn't bet)
Seat 6: Apals2332 (small blind) folded before Flop



PokerStars Hand #254571254155:  Hold'em No Limit ($0.50/$1.00 USD) - 2025/01/26 22:42:36 WET [2025/01/26 17:42:36 ET]
Table 'Monachia IV' 6-max Seat #6 is the button
Seat 4: kel3vr4_23 ($0 in chips) is sitting out
Seat 1: beshece11harf ($129.76 in chips) 
Seat 2: ImaPeppaPig ($100 in chips) 
Seat 3: CashfishT ($140.57 in chips) 
Seat 5: shootingGRID ($106.77 in chips) 
Seat 6: Apals2332 ($92.03 in chips) 
beshece11harf: posts small blind $0.50
ImaPeppaPig: posts big blind $1
*** HOLE CARDS ***
CashfishT: folds 
shootingGRID: raises $1.25 to $2.25
Apals2332: folds 
beshece11harf: folds 
ImaPeppaPig: folds 
Uncalled bet ($1.25) returned to shootingGRID
shootingGRID collected $2.50 from pot
*** SUMMARY ***
Total pot $2.50 | Rake $0 
Seat 4: kel3vr4_23
Seat 1: beshece11harf (small blind) folded before Flop
Seat 2: ImaPeppaPig (big blind) folded before Flop
Seat 3: CashfishT folded before Flop (didn't bet)
Seat 5: shootingGRID collected ($2.50)
Seat 6: Apals2332 (button) folded before Flop (didn't bet)



PokerStars Hand #254571261029:  Hold'em No Limit ($0.50/$1.00 USD) - 2025/01/26 22:42:59 WET [2025/01/26 17:42:59 ET]
Table 'Monachia IV' 6-max Seat #1 is the button
Seat 4: kel3vr4_23 ($0 in chips) is sitting out
Seat 1: beshece11harf ($129.26 in chips) 
Seat 2: ImaPeppaPig ($100 in chips) 
Seat 3: CashfishT ($140.57 in chips) 
Seat 5: shootingGRID ($108.27 in chips) 
Seat 6: Apals2332 ($92.03 in chips) 
ImaPeppaPig: posts small blind $0.50
CashfishT: posts big blind $1
*** HOLE CARDS ***
shootingGRID: folds 
Apals2332: calls $1
kel3vr4_23 leaves the table
beshece11harf: folds 
ImaPeppaPig: calls $0.50
CashfishT: checks 
*** FLOP *** [As 3h 5h]
ImaPeppaPig: checks 
CashfishT: checks 
Apals2332: checks 
*** TURN *** [As 3h 5h] [Qd]
ImaPeppaPig: checks 
CashfishT: checks 
Apals2332: checks 
*** RIVER *** [As 3h 5h Qd] [Jh]
ImaPeppaPig: bets $3
CashfishT: folds 
Apals2332: folds 
Uncalled bet ($3) returned to ImaPeppaPig
ImaPeppaPig collected $2.85 from pot
ImaPeppaPig: doesn't show hand 
*** SUMMARY ***
Total pot $3 | Rake $0.15 
Board [As 3h 5h Qd Jh]
Seat 4: kel3vr4_23
Seat 1: beshece11harf (button) folded before Flop (didn't bet)
Seat 2: ImaPeppaPig (small blind) collected ($2.85)
Seat 3: CashfishT (big blind) folded on the River
Seat 5: shootingGRID folded before Flop (didn't bet)
Seat 6: Apals2332 folded on the River



PokerStars Hand #254571272560:  Hold'em No Limit ($0.50/$1.00 USD) - 2025/01/26 22:43:38 WET [2025/01/26 17:43:38 ET]
Table 'Monachia IV' 6-max Seat #2 is the button
Seat 1: beshece11harf ($129.26 in chips) 
Seat 2: ImaPeppaPig ($101.85 in chips) 
Seat 3: CashfishT ($139.57 in chips) 
Seat 5: shootingGRID ($108.27 in chips) 
Seat 6: Apals2332 ($91.03 in chips) 
CashfishT: posts small blind $0.50
shootingGRID: posts big blind $1
*** HOLE CARDS ***
Apals2332: calls $1
Aleqseuka joins the table at seat #4 
beshece11harf: folds 
ImaPeppaPig: folds 
CashfishT: folds 
shootingGRID: checks 
*** FLOP *** [Th 8h Jd]
shootingGRID: bets $1.57
Apals2332: calls $1.57
*** TURN *** [Th 8h Jd] [7h]
shootingGRID: checks 
Apals2332: checks 
*** RIVER *** [Th 8h Jd 7h] [8c]
shootingGRID: bets $1
Apals2332: folds 
Uncalled bet ($1) returned to shootingGRID
shootingGRID collected $5.36 from pot
*** SUMMARY ***
Total pot $5.64 | Rake $0.28 
Board [Th 8h Jd 7h 8c]
Seat 1: beshece11harf folded before Flop (didn't bet)
Seat 2: ImaPeppaPig (button) folded before Flop (didn't bet)
Seat 3: CashfishT (small blind) folded before Flop
Seat 5: shootingGRID (big blind) collected ($5.36)
Seat 6: Apals2332 folded on the River



PokerStars Hand #254571286521:  Hold'em No Limit ($0.50/$1.00 USD) - 2025/01/26 22:44:25 WET [2025/01/26 17:44:25 ET]
Table 'Monachia IV' 6-max Seat #3 is the button
Seat 4: Aleqseuka ($100 in chips) is sitting out
Seat 1: beshece11harf ($129.26 in chips) 
Seat 2: ImaPeppaPig ($101.85 in chips) 
Seat 3: CashfishT ($139.07 in chips) 
Seat 5: shootingGRID ($111.06 in chips) 
Seat 6: Apals2332 ($88.46 in chips) 
shootingGRID: posts small blind $0.50
Apals2332: posts big blind $1
*** HOLE CARDS ***
beshece11harf: folds 
ImaPeppaPig: folds 
CashfishT: raises $1.20 to $2.20
shootingGRID: folds 
Apals2332: folds 
Uncalled bet ($1.20) returned to CashfishT
CashfishT collected $2.50 from pot
CashfishT: doesn't show hand 
*** SUMMARY ***
Total pot $2.50 | Rake $0 
Seat 4: Aleqseuka
Seat 1: beshece11harf folded before Flop (didn't bet)
Seat 2: ImaPeppaPig folded before Flop (didn't bet)
Seat 3: CashfishT (button) collected ($2.50)
Seat 5: shootingGRID (small blind) folded before Flop
Seat 6: Apals2332 (big blind) folded before Flop



PokerStars Hand #254571294101:  Hold'em No Limit ($0.50/$1.00 USD) - 2025/01/26 22:44:51 WET [2025/01/26 17:44:51 ET]
Table 'Monachia IV' 6-max Seat #5 is the button
Seat 4: Aleqseuka ($100 in chips) is sitting out
Seat 1: beshece11harf ($129.26 in chips) 
Seat 2: ImaPeppaPig ($101.85 in chips) 
Seat 3: CashfishT ($140.57 in chips) 
Seat 5: shootingGRID ($110.56 in chips) 
Seat 6: Apals2332 ($87.46 in chips) 
Apals2332: posts small blind $0.50
beshece11harf: posts big blind $1
Aleqseuka: sits out 
*** HOLE CARDS ***
ImaPeppaPig: raises $1.50 to $2.50
CashfishT: folds 
shootingGRID: folds 
Apals2332: calls $2
beshece11harf: folds 
*** FLOP *** [4d 8d 2c]
Apals2332: checks 
ImaPeppaPig: bets $1.77
Apals2332: folds 
Uncalled bet ($1.77) returned to ImaPeppaPig
ImaPeppaPig collected $5.70 from pot
ImaPeppaPig: doesn't show hand 
*** SUMMARY ***
Total pot $6 | Rake $0.30 
Board [4d 8d 2c]
Seat 4: Aleqseuka
Seat 1: beshece11harf (big blind) folded before Flop
Seat 2: ImaPeppaPig collected ($5.70)
Seat 3: CashfishT folded before Flop (didn't bet)
Seat 5: shootingGRID (button) folded before Flop (didn't bet)
Seat 6: Apals2332 (small blind) folded on the Flop



PokerStars Hand #254571303097:  Hold'em No Limit ($0.50/$1.00 USD) - 2025/01/26 22:45:21 WET [2025/01/26 17:45:21 ET]
Table 'Monachia IV' 6-max Seat #6 is the button
Seat 4: Aleqseuka ($100 in chips) is sitting out
Seat 1: beshece11harf ($128.26 in chips) 
Seat 2: ImaPeppaPig ($105.05 in chips) 
Seat 3: CashfishT ($140.57 in chips) 
Seat 5: shootingGRID ($110.56 in chips) 
Seat 6: Apals2332 ($84.96 in chips) 
beshece11harf: posts small blind $0.50
ImaPeppaPig: posts big blind $1
Aleqseuka: sits out 
*** HOLE CARDS ***
CashfishT: raises $1.20 to $2.20
shootingGRID: raises $5.30 to $7.50
Apals2332: calls $7.50
beshece11harf: folds 
ImaPeppaPig: folds 
CashfishT: folds 
*** FLOP *** [5d 4c 9d]
shootingGRID: checks 
Apals2332: checks 
*** TURN *** [5d 4c 9d] [Qs]
shootingGRID: bets $13.32
Apals2332: folds 
Uncalled bet ($13.32) returned to shootingGRID
shootingGRID collected $17.76 from pot
*** SUMMARY ***
Total pot $18.70 | Rake $0.94 
Board [5d 4c 9d Qs]
Seat 4: Aleqseuka
Seat 1: beshece11harf (small blind) folded before Flop
Seat 2: ImaPeppaPig (big blind) folded before Flop
Seat 3: CashfishT folded before Flop
Seat 5: shootingGRID collected ($17.76)
Seat 6: Apals2332 (button) folded on the Turn



PokerStars Hand #254571321019:  Hold'em No Limit ($0.50/$1.00 USD) - 2025/01/26 22:46:21 WET [2025/01/26 17:46:21 ET]
Table 'Monachia IV' 6-max Seat #1 is the button
Seat 4: Aleqseuka ($100 in chips) is sitting out
Seat 1: beshece11harf ($127.76 in chips) 
Seat 2: ImaPeppaPig ($104.05 in chips) 
Seat 3: CashfishT ($138.37 in chips) 
Seat 5: shootingGRID ($120.82 in chips) 
Seat 6: Apals2332 ($77.46 in chips) 
ImaPeppaPig: posts small blind $0.50
CashfishT: posts big blind $1
Aleqseuka: sits out 
*** HOLE CARDS ***
shootingGRID: folds 
Apals2332: calls $1
beshece11harf: folds 
ImaPeppaPig: folds 
CashfishT: raises $3 to $4
Apals2332: calls $3
*** FLOP *** [Ah 3c 7s]
CashfishT: bets $2.67
Apals2332: calls $2.67
*** TURN *** [Ah 3c 7s] [As]
CashfishT: bets $9.86
Apals2332: folds 
Uncalled bet ($9.86) returned to CashfishT
CashfishT collected $13.15 from pot
CashfishT: doesn't show hand 
*** SUMMARY ***
Total pot $13.84 | Rake $0.69 
Board [Ah 3c 7s As]
Seat 4: Aleqseuka
Seat 1: beshece11harf (button) folded before Flop (didn't bet)
Seat 2: ImaPeppaPig (small blind) folded before Flop
Seat 3: CashfishT (big blind) collected ($13.15)
Seat 5: shootingGRID folded before Flop (didn't bet)
Seat 6: Apals2332 folded on the Turn



PokerStars Hand #254571328755:  Hold'em No Limit ($0.50/$1.00 USD) - 2025/01/26 22:46:48 WET [2025/01/26 17:46:48 ET]
Table 'Monachia IV' 6-max Seat #2 is the button
Seat 1: beshece11harf ($127.76 in chips) 
Seat 2: ImaPeppaPig ($103.55 in chips) 
Seat 3: CashfishT ($144.85 in chips) 
Seat 4: Aleqseuka ($100 in chips) 
Seat 5: shootingGRID ($120.82 in chips) 
Seat 6: Apals2332 ($70.79 in chips) 
CashfishT: posts small blind $0.50
Aleqseuka: posts big blind $1
*** HOLE CARDS ***
shootingGRID: raises $1.25 to $2.25
Apals2332: calls $2.25
beshece11harf: folds 
ImaPeppaPig: folds 
CashfishT: folds 
Aleqseuka: calls $1.25
*** FLOP *** [5c Th 5d]
Aleqseuka: checks 
shootingGRID: bets $2.27
Apals2332: folds 
Aleqseuka: folds 
Uncalled bet ($2.27) returned to shootingGRID
shootingGRID collected $6.89 from pot
*** SUMMARY ***
Total pot $7.25 | Rake $0.36 
Board [5c Th 5d]
Seat 1: beshece11harf folded before Flop (didn't bet)
Seat 2: ImaPeppaPig (button) folded before Flop (didn't bet)
Seat 3: CashfishT (small blind) folded before Flop
Seat 4: Aleqseuka (big blind) folded on the Flop
Seat 5: shootingGRID collected ($6.89)
Seat 6: Apals2332 folded on the Flop



PokerStars Hand #254571347192:  Hold'em No Limit ($0.50/$1.00 USD) - 2025/01/26 22:47:51 WET [2025/01/26 17:47:51 ET]
Table 'Monachia IV' 6-max Seat #3 is the button
Seat 1: beshece11harf ($127.76 in chips) 
Seat 2: ImaPeppaPig ($103.55 in chips) 
Seat 3: CashfishT ($144.35 in chips) 
Seat 4: Aleqseuka ($100 in chips) 
Seat 5: shootingGRID ($125.46 in chips) 
Seat 6: Apals2332 ($68.54 in chips) 
Aleqseuka: posts small blind $0.50
shootingGRID: posts big blind $1
*** HOLE CARDS ***
Apals2332: calls $1
beshece11harf: raises $2.50 to $3.50
ImaPeppaPig: folds 
CashfishT: calls $3.50
Aleqseuka: calls $3
shootingGRID: calls $2.50
Apals2332: calls $2.50
*** FLOP *** [Jc Td 4c]
Aleqseuka: checks 
shootingGRID: checks 
Apals2332: bets $3
beshece11harf: folds 
CashfishT: folds 
Aleqseuka: folds 
shootingGRID: raises $14.93 to $17.93
Apals2332: folds 
Uncalled bet ($14.93) returned to shootingGRID
shootingGRID collected $22.32 from pot
*** SUMMARY ***
Total pot $23.50 | Rake $1.18 
Board [Jc Td 4c]
Seat 1: beshece11harf folded on the Flop
Seat 2: ImaPeppaPig folded before Flop (didn't bet)
Seat 3: CashfishT (button) folded on the Flop
Seat 4: Aleqseuka (small blind) folded on the Flop
Seat 5: shootingGRID (big blind) collected ($22.32)
Seat 6: Apals2332 folded on the Flop



PokerStars Hand #254571376624:  Hold'em No Limit ($0.50/$1.00 USD) - 2025/01/26 22:49:31 WET [2025/01/26 17:49:31 ET]
Table 'Monachia IV' 6-max Seat #4 is the button
Seat 1: beshece11harf ($124.26 in chips) 
Seat 2: ImaPeppaPig ($103.55 in chips) 
Seat 3: CashfishT ($140.85 in chips) 
Seat 4: Aleqseuka ($100 in chips) 
Seat 5: shootingGRID ($141.28 in chips) 
Seat 6: Apals2332 ($62.04 in chips) 
shootingGRID: posts small blind $0.50
Apals2332: posts big blind $1
*** HOLE CARDS ***
beshece11harf: folds 
ImaPeppaPig: folds 
CashfishT: folds 
Aleqseuka: folds 
shootingGRID: folds 
Uncalled bet ($0.50) returned to Apals2332
Apals2332 collected $1 from pot
*** SUMMARY ***
Total pot $1 | Rake $0 
Seat 1: beshece11harf folded before Flop (didn't bet)
Seat 2: ImaPeppaPig folded before Flop (didn't bet)
Seat 3: CashfishT folded before Flop (didn't bet)
Seat 4: Aleqseuka (button) folded before Flop (didn't bet)
Seat 5: shootingGRID (small blind) folded before Flop
Seat 6: Apals2332 (big blind) collected ($1)



PokerStars Hand #254571385097:  Hold'em No Limit ($0.50/$1.00 USD) - 2025/01/26 22:49:59 WET [2025/01/26 17:49:59 ET]
Table 'Monachia IV' 6-max Seat #5 is the button
Seat 1: beshece11harf ($124.26 in chips) 
Seat 2: ImaPeppaPig ($103.55 in chips) 
Seat 3: CashfishT ($140.85 in chips) 
Seat 4: Aleqseuka ($100 in chips) 
Seat 5: shootingGRID ($140.78 in chips) 
Seat 6: Apals2332 ($62.54 in chips) 
Apals2332: posts small blind $0.50
beshece11harf: posts big blind $1
*** HOLE CARDS ***
ImaPeppaPig: folds 
CashfishT: folds 
Aleqseuka: folds 
shootingGRID: folds 
Apals2332: calls $0.50
beshece11harf: checks 
*** FLOP *** [Ad 3c Kd]
Apals2332: checks 
beshece11harf: checks 
*** TURN *** [Ad 3c Kd] [9s]
Apals2332: checks 
beshece11harf: bets $1.50
Apals2332: calls $1.50
*** RIVER *** [Ad 3c Kd 9s] [7h]
Apals2332: checks 
beshece11harf: checks 
*** SHOW DOWN ***
Apals2332: shows [4c 4d] (a pair of Fours)
beshece11harf: mucks hand 
Apals2332 collected $4.75 from pot
*** SUMMARY ***
Total pot $5 | Rake $0.25 
Board [Ad 3c Kd 9s 7h]
Seat 1: beshece11harf (big blind) mucked
Seat 2: ImaPeppaPig folded before Flop (didn't bet)
Seat 3: CashfishT folded before Flop (didn't bet)
Seat 4: Aleqseuka folded before Flop (didn't bet)
Seat 5: shootingGRID (button) folded before Flop (didn't bet)
Seat 6: Apals2332 (small blind) showed [4c 4d] and won ($4.75) with a pair of Fours



PokerStars Hand #254571398071:  Hold'em No Limit ($0.50/$1.00 USD) - 2025/01/26 22:50:44 WET [2025/01/26 17:50:44 ET]
Table 'Monachia IV' 6-max Seat #6 is the button
Seat 1: beshece11harf ($121.76 in chips) 
Seat 2: ImaPeppaPig ($103.55 in chips) 
Seat 3: CashfishT ($140.85 in chips) 
Seat 4: Aleqseuka ($100 in chips) 
Seat 5: shootingGRID ($140.78 in chips) 
Seat 6: Apals2332 ($64.79 in chips) 
beshece11harf: posts small blind $0.50
ImaPeppaPig: posts big blind $1
*** HOLE CARDS ***
CashfishT: folds 
Aleqseuka: folds 
shootingGRID: raises $1.25 to $2.25
Apals2332: folds 
Apals2332 leaves the table
beshece11harf: folds 
ImaPeppaPig: folds 
Uncalled bet ($1.25) returned to shootingGRID
shootingGRID collected $2.50 from pot
*** SUMMARY ***
Total pot $2.50 | Rake $0 
Seat 1: beshece11harf (small blind) folded before Flop
Seat 2: ImaPeppaPig (big blind) folded before Flop
Seat 3: CashfishT folded before Flop (didn't bet)
Seat 4: Aleqseuka folded before Flop (didn't bet)
Seat 5: shootingGRID collected ($2.50)
Seat 6: Apals2332 (button) folded before Flop (didn't bet)



PokerStars Hand #254571405272:  Hold'em No Limit ($0.50/$1.00 USD) - 2025/01/26 22:51:09 WET [2025/01/26 17:51:09 ET]
Table 'Monachia IV' 6-max Seat #1 is the button
Seat 1: beshece11harf ($121.26 in chips) 
Seat 2: ImaPeppaPig ($102.55 in chips) 
Seat 3: CashfishT ($140.85 in chips) 
Seat 4: Aleqseuka ($100 in chips) 
Seat 5: shootingGRID ($142.28 in chips) 
ImaPeppaPig: posts small blind $0.50
CashfishT: posts big blind $1
*** HOLE CARDS ***
Aleqseuka: folds 
shootingGRID: folds 
Aleqseuka leaves the table
beshece11harf: folds 
ImaPeppaPig: folds 
Uncalled bet ($0.50) returned to CashfishT
CashfishT collected $1 from pot
CashfishT: doesn't show hand 
*** SUMMARY ***
Total pot $1 | Rake $0 
Seat 1: beshece11harf (button) folded before Flop (didn't bet)
Seat 2: ImaPeppaPig (small blind) folded before Flop
Seat 3: CashfishT (big blind) collected ($1)
Seat 4: Aleqseuka folded before Flop (didn't bet)
Seat 5: shootingGRID folded before Flop (didn't bet)



PokerStars Hand #254571409429:  Hold'em No Limit ($0.50/$1.00 USD) - 2025/01/26 22:51:23 WET [2025/01/26 17:51:23 ET]
Table 'Monachia IV' 6-max Seat #2 is the button
Seat 1: beshece11harf ($121.26 in chips) 
Seat 2: ImaPeppaPig ($102.05 in chips) 
Seat 3: CashfishT ($141.35 in chips) 
Seat 5: shootingGRID ($142.28 in chips) 
CashfishT: posts small blind $0.50
shootingGRID: posts big blind $1
*** HOLE CARDS ***
beshece11harf: folds 
ImaPeppaPig: raises $1.50 to $2.50
CashfishT: folds 
shootingGRID: folds 
Uncalled bet ($1.50) returned to ImaPeppaPig
ImaPeppaPig collected $2.50 from pot
ImaPeppaPig: doesn't show hand 
*** SUMMARY ***
Total pot $2.50 | Rake $0 
Seat 1: beshece11harf folded before Flop (didn't bet)
Seat 2: ImaPeppaPig (button) collected ($2.50)
Seat 3: CashfishT (small blind) folded before Flop
Seat 5: shootingGRID (big blind) folded before Flop



PokerStars Hand #254571413738:  Hold'em No Limit ($0.50/$1.00 USD) - 2025/01/26 22:51:38 WET [2025/01/26 17:51:38 ET]
Table 'Monachia IV' 6-max Seat #3 is the button
Seat 1: beshece11harf ($121.26 in chips) 
Seat 2: ImaPeppaPig ($103.55 in chips) 
Seat 3: CashfishT ($140.85 in chips) 
Seat 5: shootingGRID ($141.28 in chips) 
shootingGRID: posts small blind $0.50
beshece11harf: posts big blind $1
*** HOLE CARDS ***
ImaPeppaPig: folds 
CashfishT: folds 
shootingGRID: folds 
Uncalled bet ($0.50) returned to beshece11harf
beshece11harf collected $1 from pot
beshece11harf: doesn't show hand 
*** SUMMARY ***
Total pot $1 | Rake $0 
Seat 1: beshece11harf (big blind) collected ($1)
Seat 2: ImaPeppaPig folded before Flop (didn't bet)
Seat 3: CashfishT (button) folded before Flop (didn't bet)
Seat 5: shootingGRID (small blind) folded before Flop



PokerStars Hand #254571416667:  Hold'em No Limit ($0.50/$1.00 USD) - 2025/01/26 22:51:48 WET [2025/01/26 17:51:48 ET]
Table 'Monachia IV' 6-max Seat #5 is the button
Seat 1: beshece11harf ($121.76 in chips) 
Seat 2: ImaPeppaPig ($103.55 in chips) 
Seat 3: CashfishT ($140.85 in chips) 
Seat 5: shootingGRID ($140.78 in chips) 
beshece11harf: posts small blind $0.50
ImaPeppaPig: posts big blind $1
*** HOLE CARDS ***
CashfishT: folds 
CashfishT leaves the table
shootingGRID: folds 
beshece11harf: folds 
Uncalled bet ($0.50) returned to ImaPeppaPig
ImaPeppaPig collected $1 from pot
ImaPeppaPig: doesn't show hand 
*** SUMMARY ***
Total pot $1 | Rake $0 
Seat 1: beshece11harf (small blind) folded before Flop
Seat 2: ImaPeppaPig (big blind) collected ($1)
Seat 3: CashfishT folded before Flop (didn't bet)
Seat 5: shootingGRID (button) folded before Flop (didn't bet)



PokerStars Hand #254571424727:  Hold'em No Limit ($0.50/$1.00 USD) - 2025/01/26 22:52:16 WET [2025/01/26 17:52:16 ET]
Table 'Monachia IV' 6-max Seat #1 is the button
Seat 1: beshece11harf ($121.26 in chips) 
Seat 2: ImaPeppaPig ($104.05 in chips) 
Seat 5: shootingGRID ($140.78 in chips) 
ImaPeppaPig: posts small blind $0.50
shootingGRID: posts big blind $1
*** HOLE CARDS ***
beshece11harf: folds 
ImaPeppaPig: folds 
Uncalled bet ($0.50) returned to shootingGRID
shootingGRID collected $1 from pot
*** SUMMARY ***
Total pot $1 | Rake $0 
Seat 1: beshece11harf (button) folded before Flop (didn't bet)
Seat 2: ImaPeppaPig (small blind) folded before Flop
Seat 5: shootingGRID (big blind) collected ($1)



PokerStars Hand #254571427995:  Hold'em No Limit ($0.50/$1.00 USD) - 2025/01/26 22:52:28 WET [2025/01/26 17:52:28 ET]
Table 'Monachia IV' 6-max Seat #2 is the button
Seat 1: beshece11harf ($121.26 in chips) 
Seat 2: ImaPeppaPig ($103.55 in chips) 
Seat 5: shootingGRID ($141.28 in chips) 
shootingGRID: posts small blind $0.50
beshece11harf: posts big blind $1
*** HOLE CARDS ***
ImaPeppaPig: folds 
shootingGRID: folds 
Uncalled bet ($0.50) returned to beshece11harf
beshece11harf collected $1 from pot
beshece11harf: doesn't show hand 
*** SUMMARY ***
Total pot $1 | Rake $0 
Seat 1: beshece11harf (big blind) collected ($1)
Seat 2: ImaPeppaPig (button) folded before Flop (didn't bet)
Seat 5: shootingGRID (small blind) folded before Flop



PokerStars Hand #254571430232:  Hold'em No Limit ($0.50/$1.00 USD) - 2025/01/26 22:52:36 WET [2025/01/26 17:52:36 ET]
Table 'Monachia IV' 6-max Seat #5 is the button
Seat 1: beshece11harf ($121.76 in chips) 
Seat 2: ImaPeppaPig ($103.55 in chips) 
Seat 5: shootingGRID ($140.78 in chips) 
beshece11harf: posts small blind $0.50
ImaPeppaPig: posts big blind $1
*** HOLE CARDS ***
shootingGRID: raises $1.50 to $2.50
beshece11harf: folds 
ImaPeppaPig: folds 
Uncalled bet ($1.50) returned to shootingGRID
shootingGRID collected $2.50 from pot
*** SUMMARY ***
Total pot $2.50 | Rake $0 
Seat 1: beshece11harf (small blind) folded before Flop
Seat 2: ImaPeppaPig (big blind) folded before Flop
Seat 5: shootingGRID (button) collected ($2.50)



PokerStars Hand #254571434024:  Hold'em No Limit ($0.50/$1.00 USD) - 2025/01/26 22:52:48 WET [2025/01/26 17:52:48 ET]
Table 'Monachia IV' 6-max Seat #1 is the button
Seat 1: beshece11harf ($121.26 in chips) 
Seat 2: ImaPeppaPig ($102.55 in chips) 
Seat 5: shootingGRID ($142.28 in chips) 
ImaPeppaPig: posts small blind $0.50
shootingGRID: posts big blind $1
*** HOLE CARDS ***
beshece11harf: folds 
ImaPeppaPig: folds 
Uncalled bet ($0.50) returned to shootingGRID
shootingGRID collected $1 from pot
*** SUMMARY ***
Total pot $1 | Rake $0 
Seat 1: beshece11harf (button) folded before Flop (didn't bet)
Seat 2: ImaPeppaPig (small blind) folded before Flop
Seat 5: shootingGRID (big blind) collected ($1)



PokerStars Hand #254571437098:  Hold'em No Limit ($0.50/$1.00 USD) - 2025/01/26 22:52:59 WET [2025/01/26 17:52:59 ET]
Table 'Monachia IV' 6-max Seat #5 is the button
Seat 1: beshece11harf ($121.26 in chips) is sitting out
Seat 2: ImaPeppaPig ($102.05 in chips) 
Seat 5: shootingGRID ($142.78 in chips) 
shootingGRID: posts small blind $0.50
beshece11harf: is sitting out 
ImaPeppaPig: posts big blind $1
*** HOLE CARDS ***
shootingGRID: folds 
Uncalled bet ($0.50) returned to ImaPeppaPig
ImaPeppaPig collected $1 from pot
ImaPeppaPig: doesn't show hand 
*** SUMMARY ***
Total pot $1 | Rake $0 
Seat 1: beshece11harf
Seat 2: ImaPeppaPig (big blind) collected ($1)
Seat 5: shootingGRID (button) (small blind) folded before Flop



PokerStars Hand #254571438903:  Hold'em No Limit ($0.50/$1.00 USD) - 2025/01/26 22:53:06 WET [2025/01/26 17:53:06 ET]
Table 'Monachia IV' 6-max Seat #2 is the button
Seat 1: beshece11harf ($121.26 in chips) is sitting out
Seat 2: ImaPeppaPig ($102.55 in chips) 
Seat 5: shootingGRID ($142.28 in chips) 
ImaPeppaPig: posts small blind $0.50
shootingGRID: posts big blind $1
*** HOLE CARDS ***
ImaPeppaPig: folds 
Uncalled bet ($0.50) returned to shootingGRID
shootingGRID collected $1 from pot
*** SUMMARY ***
Total pot $1 | Rake $0 
Seat 1: beshece11harf
Seat 2: ImaPeppaPig (button) (small blind) folded before Flop
Seat 5: shootingGRID (big blind) collected ($1)



PokerStars Hand #254571441618:  Hold'em No Limit ($0.50/$1.00 USD) - 2025/01/26 22:53:15 WET [2025/01/26 17:53:15 ET]
Table 'Monachia IV' 6-max Seat #5 is the button
Seat 1: beshece11harf ($121.26 in chips) is sitting out
Seat 2: ImaPeppaPig ($102.05 in chips) 
Seat 5: shootingGRID ($142.78 in chips) 
shootingGRID: posts small blind $0.50
ImaPeppaPig: posts big blind $1
*** HOLE CARDS ***
shootingGRID: folds 
Uncalled bet ($0.50) returned to ImaPeppaPig
ImaPeppaPig collected $1 from pot
ImaPeppaPig: doesn't show hand 
*** SUMMARY ***
Total pot $1 | Rake $0 
Seat 1: beshece11harf
Seat 2: ImaPeppaPig (big blind) collected ($1)
Seat 5: shootingGRID (button) (small blind) folded before Flop



PokerStars Hand #254571443474:  Hold'em No Limit ($0.50/$1.00 USD) - 2025/01/26 22:53:21 WET [2025/01/26 17:53:21 ET]
Table 'Monachia IV' 6-max Seat #2 is the button
Seat 2: ImaPeppaPig ($102.55 in chips) 
Seat 5: shootingGRID ($142.28 in chips) 
ImaPeppaPig: posts small blind $0.50
beshece11harf leaves the table
shootingGRID: posts big blind $1
*** HOLE CARDS ***
ImaPeppaPig: raises $1.50 to $2.50
shootingGRID: folds 
Uncalled bet ($1.50) returned to ImaPeppaPig
ImaPeppaPig collected $2 from pot
ImaPeppaPig: doesn't show hand 
*** SUMMARY ***
Total pot $2 | Rake $0 
Seat 2: ImaPeppaPig (button) (small blind) collected ($2)
Seat 5: shootingGRID (big blind) folded before Flop



PokerStars Hand #254571446620:  Hold'em No Limit ($0.50/$1.00 USD) - 2025/01/26 22:53:32 WET [2025/01/26 17:53:32 ET]
Table 'Monachia IV' 6-max Seat #5 is the button
Seat 2: ImaPeppaPig ($103.55 in chips) 
Seat 5: shootingGRID ($141.28 in chips) 
shootingGRID: posts small blind $0.50
ImaPeppaPig: posts big blind $1
*** HOLE CARDS ***
shootingGRID: folds 
Uncalled bet ($0.50) returned to ImaPeppaPig
ImaPeppaPig collected $1 from pot
ImaPeppaPig: doesn't show hand 
*** SUMMARY ***
Total pot $1 | Rake $0 
Seat 2: ImaPeppaPig (big blind) collected ($1)
Seat 5: shootingGRID (button) (small blind) folded before Flop



PokerStars Hand #254571476100:  Hold'em No Limit ($0.50/$1.00 USD) - 2025/01/26 22:55:19 WET [2025/01/26 17:55:19 ET]
Table 'Monachia IV' 6-max Seat #2 is the button
Seat 5: shootingGRID ($140.78 in chips) is sitting out
Seat 2: ImaPeppaPig ($104.05 in chips) 
Seat 4: Supermegopro ($100 in chips) 
ImaPeppaPig: posts small blind $0.50
Supermegopro: posts big blind $1
*** HOLE CARDS ***
ImaPeppaPig: folds 
Uncalled bet ($0.50) returned to Supermegopro
Supermegopro collected $1 from pot
Supermegopro: doesn't show hand 
*** SUMMARY ***
Total pot $1 | Rake $0 
Seat 5: shootingGRID
Seat 2: ImaPeppaPig (button) (small blind) folded before Flop
Seat 4: Supermegopro (big blind) collected ($1)



PokerStars Hand #254571478950:  Hold'em No Limit ($0.50/$1.00 USD) - 2025/01/26 22:55:34 WET [2025/01/26 17:55:34 ET]
Table 'Monachia IV' 6-max Seat #4 is the button
Seat 5: shootingGRID ($140.78 in chips) is sitting out
Seat 2: ImaPeppaPig ($103.55 in chips) 
Seat 4: Supermegopro ($100.50 in chips) 
Supermegopro: posts small blind $0.50
ImaPeppaPig: posts big blind $1
*** HOLE CARDS ***
shootingGRID leaves the table
Supermegopro: raises $2 to $3
ImaPeppaPig: raises $10 to $13
Supermegopro: calls $10
*** FLOP *** [6c Kd Ah]
ImaPeppaPig: bets $7.75
Supermegopro: folds 
Uncalled bet ($7.75) returned to ImaPeppaPig
ImaPeppaPig collected $25 from pot
ImaPeppaPig: doesn't show hand 
*** SUMMARY ***
Total pot $26 | Rake $1 
Board [6c Kd Ah]
Seat 5: shootingGRID
Seat 2: ImaPeppaPig (big blind) collected ($25)
Seat 4: Supermegopro (button) (small blind) folded on the Flop



PokerStars Hand #254571483631:  Hold'em No Limit ($0.50/$1.00 USD) - 2025/01/26 22:56:00 WET [2025/01/26 17:56:00 ET]
Table 'Monachia IV' 6-max Seat #2 is the button
Seat 2: ImaPeppaPig ($115.55 in chips) 
Seat 4: Supermegopro ($100 in chips) 
ImaPeppaPig: posts small blind $0.50
Supermegopro: posts big blind $1
*** HOLE CARDS ***
ImaPeppaPig: folds 
Uncalled bet ($0.50) returned to Supermegopro
Supermegopro collected $1 from pot
Supermegopro: doesn't show hand 
*** SUMMARY ***
Total pot $1 | Rake $0 
Seat 2: ImaPeppaPig (button) (small blind) folded before Flop
Seat 4: Supermegopro (big blind) collected ($1)



