PokerStars Hand #254558027520:  Hold'em No Limit ($0.50/$1.00 USD) - 2025/01/26 6:27:32 WET [2025/01/26 1:27:32 ET]
Table 'Zita IV' 6-max Seat #1 is the button
Seat 1: sayik66 ($114.56 in chips) 
Seat 2: 7bekon7 ($100 in chips) 
Seat 3: Rick4King ($99 in chips) 
Seat 4: B1GBankroll ($106.35 in chips) 
Seat 5: reeqar ($106 in chips) 
Seat 6: nickreason17 ($100 in chips) 
7bekon7: posts small blind $0.50
Rick4King: posts big blind $1
*** HOLE CARDS ***
B1GBankroll: raises $1.50 to $2.50
reeqar: folds 
nickreason17: folds 
sayik66: folds 
7bekon7: folds 
Rick4King: folds 
Uncalled bet ($1.50) returned to B1GBankroll
B1GBankroll collected $2.50 from pot
B1GBankroll: doesn't show hand 
*** SUMMARY ***
Total pot $2.50 | Rake $0 
Seat 1: sayik66 (button) folded before Flop (didn't bet)
Seat 2: 7bekon7 (small blind) folded before Flop
Seat 3: Rick4King (big blind) folded before Flop
Seat 4: B1GBankroll collected ($2.50)
Seat 5: reeqar folded before Flop (didn't bet)
Seat 6: nickreason17 folded before Flop (didn't bet)



PokerStars Hand #254558029038:  Hold'em No Limit ($0.50/$1.00 USD) - 2025/01/26 6:27:51 WET [2025/01/26 1:27:51 ET]
Table 'Zita IV' 6-max Seat #2 is the button
Seat 1: sayik66 ($114.56 in chips) 
Seat 2: 7bekon7 ($100 in chips) 
Seat 3: Rick4King ($98 in chips) 
Seat 4: B1GBankroll ($107.85 in chips) 
Seat 5: reeqar ($106 in chips) 
Seat 6: nickreason17 ($100 in chips) 
Rick4King: posts small blind $0.50
B1GBankroll: posts big blind $1
*** HOLE CARDS ***
reeqar: folds 
nickreason17: folds 
sayik66: folds 
7bekon7: folds 
Rick4King: raises $1 to $2
B1GBankroll: calls $1
*** FLOP *** [Ks 8c 4h]
Rick4King: bets $1.90
B1GBankroll: folds 
Uncalled bet ($1.90) returned to Rick4King
Rick4King collected $3.80 from pot
*** SUMMARY ***
Total pot $4 | Rake $0.20 
Board [Ks 8c 4h]
Seat 1: sayik66 folded before Flop (didn't bet)
Seat 2: 7bekon7 (button) folded before Flop (didn't bet)
Seat 3: Rick4King (small blind) collected ($3.80)
Seat 4: B1GBankroll (big blind) folded on the Flop
Seat 5: reeqar folded before Flop (didn't bet)
Seat 6: nickreason17 folded before Flop (didn't bet)



PokerStars Hand #254558031662:  Hold'em No Limit ($0.50/$1.00 USD) - 2025/01/26 6:28:24 WET [2025/01/26 1:28:24 ET]
Table 'Zita IV' 6-max Seat #3 is the button
Seat 1: sayik66 ($114.56 in chips) 
Seat 2: 7bekon7 ($100 in chips) 
Seat 3: Rick4King ($99.80 in chips) 
Seat 4: B1GBankroll ($105.85 in chips) 
Seat 5: reeqar ($106 in chips) 
Seat 6: nickreason17 ($100 in chips) 
B1GBankroll: posts small blind $0.50
reeqar: posts big blind $1
*** HOLE CARDS ***
nickreason17: folds 
sayik66: folds 
7bekon7: folds 
Rick4King: folds 
B1GBankroll: raises $2 to $3
reeqar: raises $6 to $9
B1GBankroll: raises $96.85 to $105.85 and is all-in
reeqar: folds 
Uncalled bet ($96.85) returned to B1GBankroll
B1GBankroll collected $18 from pot
B1GBankroll: doesn't show hand 
*** SUMMARY ***
Total pot $18 | Rake $0 
Seat 1: sayik66 folded before Flop (didn't bet)
Seat 2: 7bekon7 folded before Flop (didn't bet)
Seat 3: Rick4King (button) folded before Flop (didn't bet)
Seat 4: B1GBankroll (small blind) collected ($18)
Seat 5: reeqar (big blind) folded before Flop
Seat 6: nickreason17 folded before Flop (didn't bet)



PokerStars Hand #254558034429:  Hold'em No Limit ($0.50/$1.00 USD) - 2025/01/26 6:29:00 WET [2025/01/26 1:29:00 ET]
Table 'Zita IV' 6-max Seat #4 is the button
Seat 1: sayik66 ($114.56 in chips) 
Seat 2: 7bekon7 ($100 in chips) 
Seat 3: Rick4King ($99.80 in chips) 
Seat 4: B1GBankroll ($114.85 in chips) 
Seat 5: reeqar ($100 in chips) 
Seat 6: nickreason17 ($100 in chips) 
reeqar: posts small blind $0.50
nickreason17: posts big blind $1
*** HOLE CARDS ***
sayik66: folds 
7bekon7: folds 
Rick4King: folds 
B1GBankroll: folds 
reeqar: folds 
Uncalled bet ($0.50) returned to nickreason17
nickreason17 collected $1 from pot
nickreason17: doesn't show hand 
*** SUMMARY ***
Total pot $1 | Rake $0 
Seat 1: sayik66 folded before Flop (didn't bet)
Seat 2: 7bekon7 folded before Flop (didn't bet)
Seat 3: Rick4King folded before Flop (didn't bet)
Seat 4: B1GBankroll (button) folded before Flop (didn't bet)
Seat 5: reeqar (small blind) folded before Flop
Seat 6: nickreason17 (big blind) collected ($1)



PokerStars Hand #254558035566:  Hold'em No Limit ($0.50/$1.00 USD) - 2025/01/26 6:29:14 WET [2025/01/26 1:29:14 ET]
Table 'Zita IV' 6-max Seat #5 is the button
Seat 1: sayik66 ($114.56 in chips) 
Seat 2: 7bekon7 ($100 in chips) 
Seat 3: Rick4King ($99.80 in chips) 
Seat 4: B1GBankroll ($114.85 in chips) 
Seat 5: reeqar ($100 in chips) 
Seat 6: nickreason17 ($100.50 in chips) 
nickreason17: posts small blind $0.50
sayik66: posts big blind $1
*** HOLE CARDS ***
7bekon7: folds 
Rick4King: folds 
B1GBankroll: folds 
reeqar: raises $1.50 to $2.50
nickreason17: folds 
sayik66: folds 
Uncalled bet ($1.50) returned to reeqar
reeqar collected $2.50 from pot
reeqar: doesn't show hand 
*** SUMMARY ***
Total pot $2.50 | Rake $0 
Seat 1: sayik66 (big blind) folded before Flop
Seat 2: 7bekon7 folded before Flop (didn't bet)
Seat 3: Rick4King folded before Flop (didn't bet)
Seat 4: B1GBankroll folded before Flop (didn't bet)
Seat 5: reeqar (button) collected ($2.50)
Seat 6: nickreason17 (small blind) folded before Flop



PokerStars Hand #254558037784:  Hold'em No Limit ($0.50/$1.00 USD) - 2025/01/26 6:29:42 WET [2025/01/26 1:29:42 ET]
Table 'Zita IV' 6-max Seat #6 is the button
Seat 2: 7bekon7 ($100 in chips) is sitting out
Seat 1: sayik66 ($113.56 in chips) 
Seat 3: Rick4King ($99.80 in chips) 
Seat 4: B1GBankroll ($114.85 in chips) 
Seat 5: reeqar ($101.50 in chips) 
Seat 6: nickreason17 ($100 in chips) 
sayik66: posts small blind $0.50
7bekon7: is sitting out 
Rick4King: posts big blind $1
*** HOLE CARDS ***
B1GBankroll: folds 
reeqar: folds 
nickreason17: raises $1.50 to $2.50
sayik66: calls $2
Rick4King: calls $1.50
*** FLOP *** [9d 7d 8s]
sayik66: checks 
Rick4King: bets $2.56
nickreason17: folds 
sayik66: calls $2.56
*** TURN *** [9d 7d 8s] [Ks]
sayik66: checks 
Rick4King: bets $5
sayik66: folds 
Uncalled bet ($5) returned to Rick4King
Rick4King collected $11.99 from pot
*** SUMMARY ***
Total pot $12.62 | Rake $0.63 
Board [9d 7d 8s Ks]
Seat 2: 7bekon7
Seat 1: sayik66 (small blind) folded on the Turn
Seat 3: Rick4King (big blind) collected ($11.99)
Seat 4: B1GBankroll folded before Flop (didn't bet)
Seat 5: reeqar folded before Flop (didn't bet)
Seat 6: nickreason17 (button) folded on the Flop



PokerStars Hand #254558042919:  Hold'em No Limit ($0.50/$1.00 USD) - 2025/01/26 6:30:47 WET [2025/01/26 1:30:47 ET]
Table 'Zita IV' 6-max Seat #1 is the button
Seat 2: 7bekon7 ($100 in chips) is sitting out
Seat 1: sayik66 ($108.50 in chips) 
Seat 3: Rick4King ($106.73 in chips) 
Seat 4: B1GBankroll ($114.85 in chips) 
Seat 5: reeqar ($101.50 in chips) 
Seat 6: nickreason17 ($100 in chips) 
Rick4King: posts small blind $0.50
B1GBankroll: posts big blind $1
*** HOLE CARDS ***
reeqar: folds 
nickreason17: folds 
sayik66: folds 
Rick4King: raises $1 to $2
B1GBankroll: calls $1
*** FLOP *** [4h 2d Qh]
Rick4King: bets $2.90
B1GBankroll: folds 
Uncalled bet ($2.90) returned to Rick4King
Rick4King collected $3.80 from pot
*** SUMMARY ***
Total pot $4 | Rake $0.20 
Board [4h 2d Qh]
Seat 2: 7bekon7
Seat 1: sayik66 (button) folded before Flop (didn't bet)
Seat 3: Rick4King (small blind) collected ($3.80)
Seat 4: B1GBankroll (big blind) folded on the Flop
Seat 5: reeqar folded before Flop (didn't bet)
Seat 6: nickreason17 folded before Flop (didn't bet)



PokerStars Hand #254558046274:  Hold'em No Limit ($0.50/$1.00 USD) - 2025/01/26 6:31:30 WET [2025/01/26 1:31:30 ET]
Table 'Zita IV' 6-max Seat #3 is the button
Seat 2: 7bekon7 ($100 in chips) is sitting out
Seat 1: sayik66 ($108.50 in chips) 
Seat 3: Rick4King ($108.53 in chips) 
Seat 4: B1GBankroll ($112.85 in chips) 
Seat 5: reeqar ($101.50 in chips) 
Seat 6: nickreason17 ($100 in chips) 
B1GBankroll: posts small blind $0.50
reeqar: posts big blind $1
*** HOLE CARDS ***
nickreason17: folds 
sayik66: folds 
Rick4King: raises $1 to $2
B1GBankroll: folds 
reeqar: raises $8 to $10
Rick4King: calls $8
*** FLOP *** [Ad 2d 8d]
reeqar: bets $6.43
Rick4King: calls $6.43
*** TURN *** [Ad 2d 8d] [8h]
reeqar: bets $23.77
Rick4King: calls $23.77
*** RIVER *** [Ad 2d 8d 8h] [Ts]
reeqar: bets $61.30 and is all-in
Rick4King: calls $61.30
*** SHOW DOWN ***
reeqar: shows [Kd Qd] (a flush, Ace high)
Rick4King: shows [Jd Ah] (two pair, Aces and Eights)
reeqar collected $201 from pot
*** SUMMARY ***
Total pot $203.50 | Rake $2.50 
Board [Ad 2d 8d 8h Ts]
Seat 2: 7bekon7
Seat 1: sayik66 folded before Flop (didn't bet)
Seat 3: Rick4King (button) showed [Jd Ah] and lost with two pair, Aces and Eights
Seat 4: B1GBankroll (small blind) folded before Flop
Seat 5: reeqar (big blind) showed [Kd Qd] and won ($201) with a flush, Ace high
Seat 6: nickreason17 folded before Flop (didn't bet)



PokerStars Hand #254558051422:  Hold'em No Limit ($0.50/$1.00 USD) - 2025/01/26 6:32:35 WET [2025/01/26 1:32:35 ET]
Table 'Zita IV' 6-max Seat #4 is the button
Seat 2: 7bekon7 ($100 in chips) is sitting out
Seat 1: sayik66 ($108.50 in chips) 
Seat 3: Rick4King ($7.03 in chips) 
Seat 4: B1GBankroll ($112.35 in chips) 
Seat 5: reeqar ($201 in chips) 
Seat 6: nickreason17 ($100 in chips) 
reeqar: posts small blind $0.50
nickreason17: posts big blind $1
7bekon7: sits out 
*** HOLE CARDS ***
sayik66: folds 
Rick4King: folds 
Rick4King leaves the table
B1GBankroll: raises $1.50 to $2.50
reeqar: folds 
peak joker33 joins the table at seat #3 
nickreason17: calls $1.50
*** FLOP *** [Ts 2s 6c]
nickreason17: checks 
B1GBankroll: checks 
*** TURN *** [Ts 2s 6c] [Kc]
nickreason17: checks 
B1GBankroll: checks 
*** RIVER *** [Ts 2s 6c Kc] [3d]
nickreason17: checks 
B1GBankroll: checks 
*** SHOW DOWN ***
nickreason17: shows [Qh 2h] (a pair of Deuces)
B1GBankroll: shows [5h 5c] (a pair of Fives)
B1GBankroll collected $5.22 from pot
*** SUMMARY ***
Total pot $5.50 | Rake $0.28 
Board [Ts 2s 6c Kc 3d]
Seat 2: 7bekon7
Seat 1: sayik66 folded before Flop (didn't bet)
Seat 3: Rick4King folded before Flop (didn't bet)
Seat 4: B1GBankroll (button) showed [5h 5c] and won ($5.22) with a pair of Fives
Seat 5: reeqar (small blind) folded before Flop
Seat 6: nickreason17 (big blind) showed [Qh 2h] and lost with a pair of Deuces



PokerStars Hand #254558055575:  Hold'em No Limit ($0.50/$1.00 USD) - 2025/01/26 6:33:28 WET [2025/01/26 1:33:28 ET]
Table 'Zita IV' 6-max Seat #5 is the button
Seat 2: 7bekon7 ($100 in chips) is sitting out
Seat 3: peak joker33 ($100 in chips) is sitting out
Seat 1: sayik66 ($108.50 in chips) 
Seat 4: B1GBankroll ($115.07 in chips) 
Seat 5: reeqar ($200.50 in chips) 
Seat 6: nickreason17 ($100 in chips) 
nickreason17: posts small blind $0.50
sayik66: posts big blind $1
7bekon7: sits out 
peak joker33: sits out 
*** HOLE CARDS ***
B1GBankroll: folds 
reeqar: folds 
nickreason17: raises $2 to $3
sayik66: folds 
Uncalled bet ($2) returned to nickreason17
nickreason17 collected $2 from pot
nickreason17: doesn't show hand 
*** SUMMARY ***
Total pot $2 | Rake $0 
Seat 2: 7bekon7
Seat 3: peak joker33
Seat 1: sayik66 (big blind) folded before Flop
Seat 4: B1GBankroll folded before Flop (didn't bet)
Seat 5: reeqar (button) folded before Flop (didn't bet)
Seat 6: nickreason17 (small blind) collected ($2)



PokerStars Hand #254558057121:  Hold'em No Limit ($0.50/$1.00 USD) - 2025/01/26 6:33:48 WET [2025/01/26 1:33:48 ET]
Table 'Zita IV' 6-max Seat #6 is the button
Seat 3: peak joker33 ($100 in chips) is sitting out
Seat 1: sayik66 ($107.50 in chips) 
Seat 2: 7bekon7 ($100 in chips) 
Seat 4: B1GBankroll ($115.07 in chips) 
Seat 5: reeqar ($200.50 in chips) 
Seat 6: nickreason17 ($101 in chips) 
sayik66: posts small blind $0.50
7bekon7: posts big blind $1
peak joker33: sits out 
*** HOLE CARDS ***
B1GBankroll: folds 
reeqar: folds 
nickreason17: raises $1.50 to $2.50
sayik66: raises $5 to $7.50
7bekon7: folds 
nickreason17: calls $5
*** FLOP *** [3s 9s 7d]
sayik66: bets $6.60
nickreason17: calls $6.60
*** TURN *** [3s 9s 7d] [5h]
sayik66: checks 
nickreason17: bets $8.32
sayik66: calls $8.32
*** RIVER *** [3s 9s 7d 5h] [Ac]
sayik66: checks 
nickreason17: checks 
*** SHOW DOWN ***
sayik66: shows [Ah Kd] (a pair of Aces)
nickreason17: mucks hand 
sayik66 collected $43.55 from pot
*** SUMMARY ***
Total pot $45.84 | Rake $2.29 
Board [3s 9s 7d 5h Ac]
Seat 3: peak joker33
Seat 1: sayik66 (small blind) showed [Ah Kd] and won ($43.55) with a pair of Aces
Seat 2: 7bekon7 (big blind) folded before Flop
Seat 4: B1GBankroll folded before Flop (didn't bet)
Seat 5: reeqar folded before Flop (didn't bet)
Seat 6: nickreason17 (button) mucked



PokerStars Hand #254558062266:  Hold'em No Limit ($0.50/$1.00 USD) - 2025/01/26 6:34:55 WET [2025/01/26 1:34:55 ET]
Table 'Zita IV' 6-max Seat #1 is the button
Seat 1: sayik66 ($128.63 in chips) 
Seat 2: 7bekon7 ($100 in chips) 
Seat 3: peak joker33 ($100 in chips) 
Seat 4: B1GBankroll ($115.07 in chips) 
Seat 5: reeqar ($200.50 in chips) 
Seat 6: nickreason17 ($100 in chips) 
7bekon7: posts small blind $0.50
peak joker33: posts big blind $1
*** HOLE CARDS ***
B1GBankroll: folds 
reeqar: folds 
nickreason17: raises $1.25 to $2.25
B1GBankroll leaves the table
sayik66: calls $2.25
7bekon7: folds 
peak joker33: folds 
*** FLOP *** [Kd 7s Js]
nickreason17: checks 
socito joins the table at seat #4 
sayik66: bets $2.85
nickreason17: folds 
Uncalled bet ($2.85) returned to sayik66
sayik66 collected $5.70 from pot
sayik66: doesn't show hand 
*** SUMMARY ***
Total pot $6 | Rake $0.30 
Board [Kd 7s Js]
Seat 1: sayik66 (button) collected ($5.70)
Seat 2: 7bekon7 (small blind) folded before Flop
Seat 3: peak joker33 (big blind) folded before Flop
Seat 4: B1GBankroll folded before Flop (didn't bet)
Seat 5: reeqar folded before Flop (didn't bet)
Seat 6: nickreason17 folded on the Flop



PokerStars Hand #254558064466:  Hold'em No Limit ($0.50/$1.00 USD) - 2025/01/26 6:35:23 WET [2025/01/26 1:35:23 ET]
Table 'Zita IV' 6-max Seat #2 is the button
Seat 1: sayik66 ($132.08 in chips) 
Seat 2: 7bekon7 ($100 in chips) 
Seat 3: peak joker33 ($100 in chips) 
Seat 4: socito ($100 in chips) 
Seat 5: reeqar ($200.50 in chips) 
Seat 6: nickreason17 ($100 in chips) 
peak joker33: posts small blind $0.50
socito: posts big blind $1
*** HOLE CARDS ***
reeqar: raises $1.50 to $2.50
nickreason17: folds 
sayik66: calls $2.50
7bekon7: folds 
peak joker33: folds 
socito: folds 
*** FLOP *** [4h Kh Ah]
reeqar: bets $2.04
sayik66: calls $2.04
*** TURN *** [4h Kh Ah] [Ks]
reeqar: bets $5.03
sayik66: calls $5.03
*** RIVER *** [4h Kh Ah Ks] [6c]
reeqar: checks 
sayik66: bets $7.81
reeqar: calls $7.81
*** SHOW DOWN ***
sayik66: shows [Qh 9d] (a pair of Kings)
reeqar: shows [5s As] (two pair, Aces and Kings)
reeqar collected $34.45 from pot
*** SUMMARY ***
Total pot $36.26 | Rake $1.81 
Board [4h Kh Ah Ks 6c]
Seat 1: sayik66 showed [Qh 9d] and lost with a pair of Kings
Seat 2: 7bekon7 (button) folded before Flop (didn't bet)
Seat 3: peak joker33 (small blind) folded before Flop
Seat 4: socito (big blind) folded before Flop
Seat 5: reeqar showed [5s As] and won ($34.45) with two pair, Aces and Kings
Seat 6: nickreason17 folded before Flop (didn't bet)



PokerStars Hand #254558070230:  Hold'em No Limit ($0.50/$1.00 USD) - 2025/01/26 6:36:37 WET [2025/01/26 1:36:37 ET]
Table 'Zita IV' 6-max Seat #3 is the button
Seat 1: sayik66 ($114.70 in chips) 
Seat 2: 7bekon7 ($100 in chips) 
Seat 3: peak joker33 ($100 in chips) 
Seat 4: socito ($100 in chips) 
Seat 5: reeqar ($217.57 in chips) 
Seat 6: nickreason17 ($100 in chips) 
socito: posts small blind $0.50
reeqar: posts big blind $1
*** HOLE CARDS ***
nickreason17: folds 
sayik66: folds 
7bekon7: folds 
peak joker33: raises $1.50 to $2.50
socito: folds 
reeqar: folds 
Uncalled bet ($1.50) returned to peak joker33
peak joker33 collected $2.50 from pot
peak joker33: doesn't show hand 
*** SUMMARY ***
Total pot $2.50 | Rake $0 
Seat 1: sayik66 folded before Flop (didn't bet)
Seat 2: 7bekon7 folded before Flop (didn't bet)
Seat 3: peak joker33 (button) collected ($2.50)
Seat 4: socito (small blind) folded before Flop
Seat 5: reeqar (big blind) folded before Flop
Seat 6: nickreason17 folded before Flop (didn't bet)



PokerStars Hand #254558071792:  Hold'em No Limit ($0.50/$1.00 USD) - 2025/01/26 6:36:57 WET [2025/01/26 1:36:57 ET]
Table 'Zita IV' 6-max Seat #4 is the button
Seat 1: sayik66 ($114.70 in chips) 
Seat 2: 7bekon7 ($100 in chips) 
Seat 3: peak joker33 ($101.50 in chips) 
Seat 4: socito ($100 in chips) 
Seat 5: reeqar ($216.57 in chips) 
Seat 6: nickreason17 ($100 in chips) 
reeqar: posts small blind $0.50
nickreason17: posts big blind $1
*** HOLE CARDS ***
sayik66: folds 
7bekon7: raises $1.25 to $2.25
peak joker33: raises $4.75 to $7
socito: folds 
reeqar: folds 
nickreason17: folds 
7bekon7: raises $16 to $23
peak joker33: raises $78.50 to $101.50 and is all-in
7bekon7: calls $77 and is all-in
Uncalled bet ($1.50) returned to peak joker33
*** FLOP *** [2d 6s 9c]
*** TURN *** [2d 6s 9c] [4h]
*** RIVER *** [2d 6s 9c 4h] [Jh]
*** SHOW DOWN ***
7bekon7: shows [Qd Qs] (a pair of Queens)
peak joker33: shows [As Kd] (high card Ace)
7bekon7 collected $199 from pot
*** SUMMARY ***
Total pot $201.50 | Rake $2.50 
Board [2d 6s 9c 4h Jh]
Seat 1: sayik66 folded before Flop (didn't bet)
Seat 2: 7bekon7 showed [Qd Qs] and won ($199) with a pair of Queens
Seat 3: peak joker33 showed [As Kd] and lost with high card Ace
Seat 4: socito (button) folded before Flop (didn't bet)
Seat 5: reeqar (small blind) folded before Flop
Seat 6: nickreason17 (big blind) folded before Flop



PokerStars Hand #254558075653:  Hold'em No Limit ($0.50/$1.00 USD) - 2025/01/26 6:37:47 WET [2025/01/26 1:37:47 ET]
Table 'Zita IV' 6-max Seat #5 is the button
Seat 1: sayik66 ($114.70 in chips) 
Seat 2: 7bekon7 ($199 in chips) 
Seat 3: peak joker33 ($100 in chips) 
Seat 4: socito ($100 in chips) 
Seat 5: reeqar ($216.07 in chips) 
Seat 6: nickreason17 ($100 in chips) 
nickreason17: posts small blind $0.50
sayik66: posts big blind $1
*** HOLE CARDS ***
7bekon7: folds 
peak joker33: folds 
socito: raises $1.50 to $2.50
reeqar: folds 
nickreason17: folds 
sayik66: calls $1.50
*** FLOP *** [Ts Kh 9d]
sayik66: checks 
socito: checks 
*** TURN *** [Ts Kh 9d] [6h]
sayik66: checks 
socito: checks 
*** RIVER *** [Ts Kh 9d 6h] [4d]
sayik66: bets $2.61
socito: calls $2.61
*** SHOW DOWN ***
sayik66: shows [5h 2h] (high card King)
socito: shows [7h 7s] (a pair of Sevens)
socito collected $10.18 from pot
*** SUMMARY ***
Total pot $10.72 | Rake $0.54 
Board [Ts Kh 9d 6h 4d]
Seat 1: sayik66 (big blind) showed [5h 2h] and lost with high card King
Seat 2: 7bekon7 folded before Flop (didn't bet)
Seat 3: peak joker33 folded before Flop (didn't bet)
Seat 4: socito showed [7h 7s] and won ($10.18) with a pair of Sevens
Seat 5: reeqar (button) folded before Flop (didn't bet)
Seat 6: nickreason17 (small blind) folded before Flop



PokerStars Hand #254558079629:  Hold'em No Limit ($0.50/$1.00 USD) - 2025/01/26 6:38:40 WET [2025/01/26 1:38:40 ET]
Table 'Zita IV' 6-max Seat #6 is the button
Seat 1: sayik66 ($109.59 in chips) 
Seat 2: 7bekon7 ($199 in chips) 
Seat 3: peak joker33 ($100 in chips) 
Seat 4: socito ($105.07 in chips) 
Seat 5: reeqar ($216.07 in chips) 
Seat 6: nickreason17 ($100 in chips) 
sayik66: posts small blind $0.50
7bekon7: posts big blind $1
*** HOLE CARDS ***
peak joker33: folds 
socito: folds 
reeqar: folds 
nickreason17: folds 
sayik66: raises $2 to $3
7bekon7: calls $2
*** FLOP *** [Td 9h Ac]
sayik66: bets $2.85
7bekon7: raises $8.55 to $11.40
sayik66: raises $15.25 to $26.65
7bekon7: calls $15.25
*** TURN *** [Td 9h Ac] [Ah]
sayik66: checks 
7bekon7: bets $28.40
sayik66: raises $28.40 to $56.80
7bekon7: raises $112.55 to $169.35 and is all-in
sayik66: calls $23.14 and is all-in
Uncalled bet ($89.41) returned to 7bekon7
*** RIVER *** [Td 9h Ac Ah] [8c]
*** SHOW DOWN ***
sayik66: shows [Ad Tc] (a full house, Aces full of Tens)
7bekon7: shows [As Ts] (a full house, Aces full of Tens)
sayik66 collected $108.34 from pot
7bekon7 collected $108.34 from pot
*** SUMMARY ***
Total pot $219.18 | Rake $2.50 
Board [Td 9h Ac Ah 8c]
Seat 1: sayik66 (small blind) showed [Ad Tc] and won ($108.34) with a full house, Aces full of Tens
Seat 2: 7bekon7 (big blind) showed [As Ts] and won ($108.34) with a full house, Aces full of Tens
Seat 3: peak joker33 folded before Flop (didn't bet)
Seat 4: socito folded before Flop (didn't bet)
Seat 5: reeqar folded before Flop (didn't bet)
Seat 6: nickreason17 (button) folded before Flop (didn't bet)



PokerStars Hand #254558087734:  Hold'em No Limit ($0.50/$1.00 USD) - 2025/01/26 6:40:23 WET [2025/01/26 1:40:23 ET]
Table 'Zita IV' 6-max Seat #1 is the button
Seat 1: sayik66 ($108.34 in chips) 
Seat 2: 7bekon7 ($197.75 in chips) 
Seat 3: peak joker33 ($100 in chips) 
Seat 4: socito ($105.07 in chips) 
Seat 5: reeqar ($216.07 in chips) 
Seat 6: nickreason17 ($100 in chips) 
7bekon7: posts small blind $0.50
peak joker33: posts big blind $1
*** HOLE CARDS ***
socito: folds 
reeqar: folds 
nickreason17: folds 
sayik66: raises $1 to $2
7bekon7: folds 
peak joker33: folds 
Uncalled bet ($1) returned to sayik66
sayik66 collected $2.50 from pot
sayik66: doesn't show hand 
*** SUMMARY ***
Total pot $2.50 | Rake $0 
Seat 1: sayik66 (button) collected ($2.50)
Seat 2: 7bekon7 (small blind) folded before Flop
Seat 3: peak joker33 (big blind) folded before Flop
Seat 4: socito folded before Flop (didn't bet)
Seat 5: reeqar folded before Flop (didn't bet)
Seat 6: nickreason17 folded before Flop (didn't bet)



PokerStars Hand #254558089508:  Hold'em No Limit ($0.50/$1.00 USD) - 2025/01/26 6:40:46 WET [2025/01/26 1:40:46 ET]
Table 'Zita IV' 6-max Seat #2 is the button
Seat 1: sayik66 ($109.84 in chips) 
Seat 2: 7bekon7 ($197.25 in chips) 
Seat 3: peak joker33 ($100 in chips) 
Seat 4: socito ($105.07 in chips) 
Seat 5: reeqar ($216.07 in chips) 
Seat 6: nickreason17 ($100 in chips) 
peak joker33: posts small blind $0.50
socito: posts big blind $1
*** HOLE CARDS ***
reeqar: raises $1.50 to $2.50
nickreason17: folds 
sayik66: calls $2.50
7bekon7: folds 
peak joker33: raises $10.50 to $13
socito: folds 
reeqar: folds 
sayik66: calls $10.50
*** FLOP *** [3d 7c 3s]
peak joker33: bets $9.25
sayik66: raises $12.25 to $21.50
peak joker33: calls $12.25
*** TURN *** [3d 7c 3s] [9d]
peak joker33: checks 
sayik66: bets $35
peak joker33: folds 
Uncalled bet ($35) returned to sayik66
sayik66 collected $70 from pot
sayik66: doesn't show hand 
*** SUMMARY ***
Total pot $72.50 | Rake $2.50 
Board [3d 7c 3s 9d]
Seat 1: sayik66 collected ($70)
Seat 2: 7bekon7 (button) folded before Flop (didn't bet)
Seat 3: peak joker33 (small blind) folded on the Turn
Seat 4: socito (big blind) folded before Flop
Seat 5: reeqar folded before Flop
Seat 6: nickreason17 folded before Flop (didn't bet)



PokerStars Hand #254558097273:  Hold'em No Limit ($0.50/$1.00 USD) - 2025/01/26 6:42:25 WET [2025/01/26 1:42:25 ET]
Table 'Zita IV' 6-max Seat #3 is the button
Seat 1: sayik66 ($145.34 in chips) 
Seat 2: 7bekon7 ($197.25 in chips) 
Seat 3: peak joker33 ($100 in chips) 
Seat 4: socito ($104.07 in chips) 
Seat 5: reeqar ($213.57 in chips) 
Seat 6: nickreason17 ($100 in chips) 
socito: posts small blind $0.50
reeqar: posts big blind $1
*** HOLE CARDS ***
nickreason17: folds 
sayik66: raises $1 to $2
7bekon7: calls $2
peak joker33: folds 
socito: folds 
reeqar: folds 
*** FLOP *** [5d Js Kd]
sayik66: bets $2.61
7bekon7: calls $2.61
*** TURN *** [5d Js Kd] [2c]
sayik66: bets $7.09
7bekon7: calls $7.09
*** RIVER *** [5d Js Kd 2c] [2h]
sayik66: bets $11.83
7bekon7: folds 
Uncalled bet ($11.83) returned to sayik66
sayik66 collected $23.66 from pot
sayik66: doesn't show hand 
*** SUMMARY ***
Total pot $24.90 | Rake $1.24 
Board [5d Js Kd 2c 2h]
Seat 1: sayik66 collected ($23.66)
Seat 2: 7bekon7 folded on the River
Seat 3: peak joker33 (button) folded before Flop (didn't bet)
Seat 4: socito (small blind) folded before Flop
Seat 5: reeqar (big blind) folded before Flop
Seat 6: nickreason17 folded before Flop (didn't bet)



PokerStars Hand #254558102748:  Hold'em No Limit ($0.50/$1.00 USD) - 2025/01/26 6:43:35 WET [2025/01/26 1:43:35 ET]
Table 'Zita IV' 6-max Seat #4 is the button
Seat 6: nickreason17 ($100 in chips) is sitting out
Seat 1: sayik66 ($157.30 in chips) 
Seat 2: 7bekon7 ($185.55 in chips) 
Seat 3: peak joker33 ($100 in chips) 
Seat 4: socito ($103.57 in chips) 
Seat 5: reeqar ($212.57 in chips) 
reeqar: posts small blind $0.50
nickreason17: is sitting out 
sayik66: posts big blind $1
*** HOLE CARDS ***
7bekon7: folds 
nickreason17 leaves the table
peak joker33: raises $1.50 to $2.50
socito: folds 
reeqar: folds 
sayik66: calls $1.50
*** FLOP *** [9h 4h Qc]
sayik66: checks 
CashfishT joins the table at seat #6 
peak joker33: checks 
*** TURN *** [9h 4h Qc] [Jc]
sayik66: checks 
peak joker33: checks 
*** RIVER *** [9h 4h Qc Jc] [As]
sayik66: checks 
peak joker33: bets $2.61
sayik66: folds 
Uncalled bet ($2.61) returned to peak joker33
peak joker33 collected $5.22 from pot
peak joker33: doesn't show hand 
*** SUMMARY ***
Total pot $5.50 | Rake $0.28 
Board [9h 4h Qc Jc As]
Seat 6: nickreason17
Seat 1: sayik66 (big blind) folded on the River
Seat 2: 7bekon7 folded before Flop (didn't bet)
Seat 3: peak joker33 collected ($5.22)
Seat 4: socito (button) folded before Flop (didn't bet)
Seat 5: reeqar (small blind) folded before Flop



PokerStars Hand #254558119221:  Hold'em No Limit ($0.50/$1.00 USD) - 2025/01/26 6:47:08 WET [2025/01/26 1:47:08 ET]
Table 'Zita IV' 6-max Seat #5 is the button
Seat 2: MoRsCeReBruM ($100 in chips) 
Seat 3: peak joker33 ($107.49 in chips) 
Seat 5: reeqar ($188.57 in chips) 
MoRsCeReBruM: posts small blind $0.50
peak joker33: posts big blind $1
*** HOLE CARDS ***
reeqar: raises $1.50 to $2.50
MoRsCeReBruM: folds 
peak joker33: folds 
Uncalled bet ($1.50) returned to reeqar
reeqar collected $2.50 from pot
reeqar: doesn't show hand 
*** SUMMARY ***
Total pot $2.50 | Rake $0 
Seat 2: MoRsCeReBruM (small blind) folded before Flop
Seat 3: peak joker33 (big blind) folded before Flop
Seat 5: reeqar (button) collected ($2.50)



PokerStars Hand #254558006775:  Hold'em No Limit ($0.50/$1.00 USD) - 2025/01/26 6:23:05 WET [2025/01/26 1:23:05 ET]
Table 'Zita IV' 6-max Seat #2 is the button
Seat 2: 7bekon7 ($100 in chips) 
Seat 3: Rick4King ($100 in chips) 
Seat 4: B1GBankroll ($100 in chips) 
Seat 5: reeqar ($100 in chips) 
Rick4King: posts small blind $0.50
B1GBankroll: posts big blind $1
*** HOLE CARDS ***
reeqar: folds 
sayik66 joins the table at seat #1 
7bekon7: folds 
Rick4King: raises $1 to $2
nickreason17 joins the table at seat #6 
B1GBankroll: calls $1
*** FLOP *** [Qc 4c 9h]
Rick4King: bets $1.90
B1GBankroll: calls $1.90
*** TURN *** [Qc 4c 9h] [7d]
Rick4King: checks 
B1GBankroll: checks 
*** RIVER *** [Qc 4c 9h 7d] [6d]
Rick4King: bets $3.71
B1GBankroll: calls $3.71
*** SHOW DOWN ***
Rick4King: shows [Js 5s] (high card Queen)
B1GBankroll: shows [Kc 4s] (a pair of Fours)
B1GBankroll collected $14.46 from pot
*** SUMMARY ***
Total pot $15.22 | Rake $0.76 
Board [Qc 4c 9h 7d 6d]
Seat 2: 7bekon7 (button) folded before Flop (didn't bet)
Seat 3: Rick4King (small blind) showed [Js 5s] and lost with high card Queen
Seat 4: B1GBankroll (big blind) showed [Kc 4s] and won ($14.46) with a pair of Fours
Seat 5: reeqar folded before Flop (didn't bet)



PokerStars Hand #254558012894:  Hold'em No Limit ($0.50/$1.00 USD) - 2025/01/26 6:24:24 WET [2025/01/26 1:24:24 ET]
Table 'Zita IV' 6-max Seat #3 is the button
Seat 6: nickreason17 ($100 in chips) is sitting out
Seat 1: sayik66 ($80 in chips) 
Seat 2: 7bekon7 ($100 in chips) 
Seat 3: Rick4King ($92.39 in chips) 
Seat 4: B1GBankroll ($106.85 in chips) 
Seat 5: reeqar ($100 in chips) 
B1GBankroll: posts small blind $0.50
reeqar: posts big blind $1
nickreason17: sits out 
sayik66: posts big blind $1
*** HOLE CARDS ***
sayik66: checks 
7bekon7: raises $4 to $5
Rick4King: folds 
B1GBankroll: folds 
reeqar: raises $10 to $15
sayik66: folds 
7bekon7: folds 
Uncalled bet ($10) returned to reeqar
reeqar collected $11.50 from pot
reeqar: doesn't show hand 
*** SUMMARY ***
Total pot $11.50 | Rake $0 
Seat 6: nickreason17
Seat 1: sayik66 folded before Flop (didn't bet)
Seat 2: 7bekon7 folded before Flop
Seat 3: Rick4King (button) folded before Flop (didn't bet)
Seat 4: B1GBankroll (small blind) folded before Flop
Seat 5: reeqar (big blind) collected ($11.50)



PokerStars Hand #254558015322:  Hold'em No Limit ($0.50/$1.00 USD) - 2025/01/26 6:24:55 WET [2025/01/26 1:24:55 ET]
Table 'Zita IV' 6-max Seat #4 is the button
Seat 1: sayik66 ($79 in chips) 
Seat 2: 7bekon7 ($100 in chips) 
Seat 3: Rick4King ($100 in chips) 
Seat 4: B1GBankroll ($106.35 in chips) 
Seat 5: reeqar ($106.50 in chips) 
Seat 6: nickreason17 ($100 in chips) 
reeqar: posts small blind $0.50
nickreason17: posts big blind $1
*** HOLE CARDS ***
sayik66: raises $2 to $3
7bekon7: folds 
Rick4King: calls $3
B1GBankroll: folds 
reeqar: folds 
nickreason17: folds 
*** FLOP *** [7h 8d Ac]
sayik66: bets $3.56
Rick4King: calls $3.56
*** TURN *** [7h 8d Ac] [3c]
sayik66: bets $9.95
Rick4King: calls $9.95
*** RIVER *** [7h 8d Ac 3c] [3h]
sayik66: bets $16.40
Rick4King: calls $16.40
*** SHOW DOWN ***
sayik66: shows [Qs As] (two pair, Aces and Threes)
Rick4King: mucks hand 
sayik66 collected $64.82 from pot
*** SUMMARY ***
Total pot $67.32 | Rake $2.50 
Board [7h 8d Ac 3c 3h]
Seat 1: sayik66 showed [Qs As] and won ($64.82) with two pair, Aces and Threes
Seat 2: 7bekon7 folded before Flop (didn't bet)
Seat 3: Rick4King mucked
Seat 4: B1GBankroll (button) folded before Flop (didn't bet)
Seat 5: reeqar (small blind) folded before Flop
Seat 6: nickreason17 (big blind) folded before Flop



PokerStars Hand #254558020471:  Hold'em No Limit ($0.50/$1.00 USD) - 2025/01/26 6:26:01 WET [2025/01/26 1:26:01 ET]
Table 'Zita IV' 6-max Seat #5 is the button
Seat 1: sayik66 ($110.91 in chips) 
Seat 2: 7bekon7 ($100 in chips) 
Seat 3: Rick4King ($67.09 in chips) 
Seat 4: B1GBankroll ($106.35 in chips) 
Seat 5: reeqar ($106 in chips) 
Seat 6: nickreason17 ($100 in chips) 
nickreason17: posts small blind $0.50
sayik66: posts big blind $1
*** HOLE CARDS ***
7bekon7: folds 
Rick4King: calls $1
B1GBankroll: folds 
reeqar: folds 
nickreason17: calls $0.50
sayik66: checks 
*** FLOP *** [4h 8d Qh]
nickreason17: checks 
sayik66: checks 
Rick4King: checks 
*** TURN *** [4h 8d Qh] [Qd]
nickreason17: checks 
sayik66: checks 
Rick4King: checks 
*** RIVER *** [4h 8d Qh Qd] [3d]
nickreason17: checks 
sayik66: checks 
Rick4King: checks 
*** SHOW DOWN ***
nickreason17: shows [Kd 9c] (a pair of Queens)
sayik66: shows [3h 8c] (two pair, Queens and Eights)
Rick4King: mucks hand 
sayik66 collected $2.85 from pot
*** SUMMARY ***
Total pot $3 | Rake $0.15 
Board [4h 8d Qh Qd 3d]
Seat 1: sayik66 (big blind) showed [3h 8c] and won ($2.85) with two pair, Queens and Eights
Seat 2: 7bekon7 folded before Flop (didn't bet)
Seat 3: Rick4King mucked
Seat 4: B1GBankroll folded before Flop (didn't bet)
Seat 5: reeqar (button) folded before Flop (didn't bet)
Seat 6: nickreason17 (small blind) showed [Kd 9c] and lost with a pair of Queens



PokerStars Hand #254558024231:  Hold'em No Limit ($0.50/$1.00 USD) - 2025/01/26 6:26:50 WET [2025/01/26 1:26:50 ET]
Table 'Zita IV' 6-max Seat #6 is the button
Seat 1: sayik66 ($112.76 in chips) 
Seat 2: 7bekon7 ($100 in chips) 
Seat 3: Rick4King ($99 in chips) 
Seat 4: B1GBankroll ($106.35 in chips) 
Seat 5: reeqar ($106 in chips) 
Seat 6: nickreason17 ($100 in chips) 
sayik66: posts small blind $0.50
7bekon7: posts big blind $1
*** HOLE CARDS ***
Rick4King: folds 
B1GBankroll: folds 
reeqar: folds 
nickreason17: folds 
sayik66: raises $1 to $2
7bekon7: calls $1
*** FLOP *** [2c Qs 2s]
sayik66: bets $1.90
7bekon7: folds 
Uncalled bet ($1.90) returned to sayik66
sayik66 collected $3.80 from pot
sayik66: doesn't show hand 
*** SUMMARY ***
Total pot $4 | Rake $0.20 
Board [2c Qs 2s]
Seat 1: sayik66 (small blind) collected ($3.80)
Seat 2: 7bekon7 (big blind) folded on the Flop
Seat 3: Rick4King folded before Flop (didn't bet)
Seat 4: B1GBankroll folded before Flop (didn't bet)
Seat 5: reeqar folded before Flop (didn't bet)
Seat 6: nickreason17 (button) folded before Flop (didn't bet)



PokerStars Hand #254557636142:  Hold'em No Limit ($0.50/$1.00 USD) - 2025/01/26 5:11:20 WET [2025/01/26 0:11:20 ET]
Table 'Zita IV' 6-max Seat #6 is the button
Seat 1: m0nTTu ($104.17 in chips) 
Seat 2: AlexEliseev7 ($101.50 in chips) 
Seat 3: MacSauce77 ($47.58 in chips) 
Seat 4: 7bekon7 ($105.20 in chips) 
Seat 5: avlee1 ($102.50 in chips) 
Seat 6: Kreayshawn ($100 in chips) 
m0nTTu: posts small blind $0.50
AlexEliseev7: posts big blind $1
*** HOLE CARDS ***
MacSauce77: folds 
7bekon7: folds 
avlee1: folds 
Kreayshawn: folds 
m0nTTu: folds 
Uncalled bet ($0.50) returned to AlexEliseev7
AlexEliseev7 collected $1 from pot
AlexEliseev7: doesn't show hand 
*** SUMMARY ***
Total pot $1 | Rake $0 
Seat 1: m0nTTu (small blind) folded before Flop
Seat 2: AlexEliseev7 (big blind) collected ($1)
Seat 3: MacSauce77 folded before Flop (didn't bet)
Seat 4: 7bekon7 folded before Flop (didn't bet)
Seat 5: avlee1 folded before Flop (didn't bet)
Seat 6: Kreayshawn (button) folded before Flop (didn't bet)



PokerStars Hand #254557638035:  Hold'em No Limit ($0.50/$1.00 USD) - 2025/01/26 5:11:40 WET [2025/01/26 0:11:40 ET]
Table 'Zita IV' 6-max Seat #1 is the button
Seat 1: m0nTTu ($103.67 in chips) 
Seat 2: AlexEliseev7 ($102 in chips) 
Seat 3: MacSauce77 ($47.58 in chips) 
Seat 4: 7bekon7 ($105.20 in chips) 
Seat 5: avlee1 ($102.50 in chips) 
Seat 6: Kreayshawn ($100 in chips) 
AlexEliseev7: posts small blind $0.50
MacSauce77: posts big blind $1
*** HOLE CARDS ***
7bekon7: folds 
avlee1: folds 
Kreayshawn: folds 
m0nTTu: folds 
AlexEliseev7: raises $2 to $3
MacSauce77: calls $2
*** FLOP *** [Ad Qs 5h]
AlexEliseev7: bets $1.88
MacSauce77: folds 
Uncalled bet ($1.88) returned to AlexEliseev7
AlexEliseev7 collected $5.70 from pot
AlexEliseev7: doesn't show hand 
*** SUMMARY ***
Total pot $6 | Rake $0.30 
Board [Ad Qs 5h]
Seat 1: m0nTTu (button) folded before Flop (didn't bet)
Seat 2: AlexEliseev7 (small blind) collected ($5.70)
Seat 3: MacSauce77 (big blind) folded on the Flop
Seat 4: 7bekon7 folded before Flop (didn't bet)
Seat 5: avlee1 folded before Flop (didn't bet)
Seat 6: Kreayshawn folded before Flop (didn't bet)



PokerStars Hand #254557642400:  Hold'em No Limit ($0.50/$1.00 USD) - 2025/01/26 5:12:27 WET [2025/01/26 0:12:27 ET]
Table 'Zita IV' 6-max Seat #2 is the button
Seat 1: m0nTTu ($103.67 in chips) 
Seat 2: AlexEliseev7 ($104.70 in chips) 
Seat 3: MacSauce77 ($44.58 in chips) 
Seat 4: 7bekon7 ($105.20 in chips) 
Seat 5: avlee1 ($102.50 in chips) 
Seat 6: Kreayshawn ($100 in chips) 
MacSauce77: posts small blind $0.50
7bekon7: posts big blind $1
*** HOLE CARDS ***
avlee1: folds 
Kreayshawn: folds 
m0nTTu: folds 
AlexEliseev7: folds 
MacSauce77: calls $0.50
7bekon7: raises $3 to $4
MacSauce77: folds 
Uncalled bet ($3) returned to 7bekon7
7bekon7 collected $2 from pot
7bekon7: doesn't show hand 
*** SUMMARY ***
Total pot $2 | Rake $0 
Seat 1: m0nTTu folded before Flop (didn't bet)
Seat 2: AlexEliseev7 (button) folded before Flop (didn't bet)
Seat 3: MacSauce77 (small blind) folded before Flop
Seat 4: 7bekon7 (big blind) collected ($2)
Seat 5: avlee1 folded before Flop (didn't bet)
Seat 6: Kreayshawn folded before Flop (didn't bet)



PokerStars Hand #254557644463:  Hold'em No Limit ($0.50/$1.00 USD) - 2025/01/26 5:12:48 WET [2025/01/26 0:12:48 ET]
Table 'Zita IV' 6-max Seat #3 is the button
Seat 1: m0nTTu ($103.67 in chips) 
Seat 2: AlexEliseev7 ($104.70 in chips) 
Seat 3: MacSauce77 ($43.58 in chips) 
Seat 4: 7bekon7 ($106.20 in chips) 
Seat 5: avlee1 ($102.50 in chips) 
Seat 6: Kreayshawn ($100 in chips) 
7bekon7: posts small blind $0.50
avlee1: posts big blind $1
*** HOLE CARDS ***
Kreayshawn: raises $1.50 to $2.50
m0nTTu: folds 
AlexEliseev7: folds 
MacSauce77: calls $2.50
7bekon7: folds 
avlee1: folds 
*** FLOP *** [4s 5c Kc]
Kreayshawn: checks 
MacSauce77: checks 
*** TURN *** [4s 5c Kc] [As]
Kreayshawn: bets $4
MacSauce77: calls $4
*** RIVER *** [4s 5c Kc As] [8c]
Kreayshawn: checks 
MacSauce77: bets $17
Kreayshawn: calls $17
*** SHOW DOWN ***
MacSauce77: shows [3c 2h] (a straight, Ace to Five)
Kreayshawn: mucks hand 
MacSauce77 collected $46.08 from pot
*** SUMMARY ***
Total pot $48.50 | Rake $2.42 
Board [4s 5c Kc As 8c]
Seat 1: m0nTTu folded before Flop (didn't bet)
Seat 2: AlexEliseev7 folded before Flop (didn't bet)
Seat 3: MacSauce77 (button) showed [3c 2h] and won ($46.08) with a straight, Ace to Five
Seat 4: 7bekon7 (small blind) folded before Flop
Seat 5: avlee1 (big blind) folded before Flop
Seat 6: Kreayshawn mucked



PokerStars Hand #254557648696:  Hold'em No Limit ($0.50/$1.00 USD) - 2025/01/26 5:13:33 WET [2025/01/26 0:13:33 ET]
Table 'Zita IV' 6-max Seat #4 is the button
Seat 1: m0nTTu ($103.67 in chips) 
Seat 2: AlexEliseev7 ($104.70 in chips) 
Seat 3: MacSauce77 ($66.16 in chips) 
Seat 4: 7bekon7 ($105.70 in chips) 
Seat 5: avlee1 ($101.50 in chips) 
Seat 6: Kreayshawn ($100 in chips) 
avlee1: posts small blind $0.50
Kreayshawn: posts big blind $1
*** HOLE CARDS ***
m0nTTu: folds 
AlexEliseev7: folds 
MacSauce77: calls $1
7bekon7: folds 
avlee1: raises $4 to $5
Kreayshawn: folds 
MacSauce77: calls $4
*** FLOP *** [Jh 6h Ts]
avlee1: bets $2.93
MacSauce77: raises $2.93 to $5.86
avlee1: calls $2.93
*** TURN *** [Jh 6h Ts] [Kc]
avlee1: checks 
MacSauce77: checks 
*** RIVER *** [Jh 6h Ts Kc] [As]
avlee1: bets $10.79
MacSauce77: folds 
Uncalled bet ($10.79) returned to avlee1
avlee1 collected $21.58 from pot
avlee1: doesn't show hand 
*** SUMMARY ***
Total pot $22.72 | Rake $1.14 
Board [Jh 6h Ts Kc As]
Seat 1: m0nTTu folded before Flop (didn't bet)
Seat 2: AlexEliseev7 folded before Flop (didn't bet)
Seat 3: MacSauce77 folded on the River
Seat 4: 7bekon7 (button) folded before Flop (didn't bet)
Seat 5: avlee1 (small blind) collected ($21.58)
Seat 6: Kreayshawn (big blind) folded before Flop



PokerStars Hand #254557656988:  Hold'em No Limit ($0.50/$1.00 USD) - 2025/01/26 5:15:01 WET [2025/01/26 0:15:01 ET]
Table 'Zita IV' 6-max Seat #5 is the button
Seat 1: m0nTTu ($103.67 in chips) 
Seat 2: AlexEliseev7 ($104.70 in chips) 
Seat 3: MacSauce77 ($55.30 in chips) 
Seat 4: 7bekon7 ($105.70 in chips) 
Seat 5: avlee1 ($112.22 in chips) 
Seat 6: Kreayshawn ($100 in chips) 
Kreayshawn: posts small blind $0.50
m0nTTu: posts big blind $1
*** HOLE CARDS ***
AlexEliseev7: folds 
MacSauce77: calls $1
7bekon7: folds 
avlee1: folds 
Kreayshawn: raises $3 to $4
m0nTTu: folds 
MacSauce77: folds 
Uncalled bet ($3) returned to Kreayshawn
Kreayshawn collected $3 from pot
*** SUMMARY ***
Total pot $3 | Rake $0 
Seat 1: m0nTTu (big blind) folded before Flop
Seat 2: AlexEliseev7 folded before Flop (didn't bet)
Seat 3: MacSauce77 folded before Flop
Seat 4: 7bekon7 folded before Flop (didn't bet)
Seat 5: avlee1 (button) folded before Flop (didn't bet)
Seat 6: Kreayshawn (small blind) collected ($3)



PokerStars Hand #254557659347:  Hold'em No Limit ($0.50/$1.00 USD) - 2025/01/26 5:15:27 WET [2025/01/26 0:15:27 ET]
Table 'Zita IV' 6-max Seat #6 is the button
Seat 1: m0nTTu ($102.67 in chips) 
Seat 2: AlexEliseev7 ($104.70 in chips) 
Seat 3: MacSauce77 ($54.30 in chips) 
Seat 4: 7bekon7 ($105.70 in chips) 
Seat 5: avlee1 ($112.22 in chips) 
Seat 6: Kreayshawn ($102 in chips) 
m0nTTu: posts small blind $0.50
AlexEliseev7: posts big blind $1
*** HOLE CARDS ***
MacSauce77: calls $1
7bekon7: raises $3 to $4
avlee1: folds 
Kreayshawn: folds 
m0nTTu: folds 
AlexEliseev7: folds 
MacSauce77: calls $3
*** FLOP *** [9h Kc 6d]
MacSauce77: checks 
7bekon7: bets $2.26
MacSauce77: calls $2.26
*** TURN *** [9h Kc 6d] [9s]
MacSauce77: bets $5
7bekon7: folds 
Uncalled bet ($5) returned to MacSauce77
MacSauce77 collected $13.32 from pot
*** SUMMARY ***
Total pot $14.02 | Rake $0.70 
Board [9h Kc 6d 9s]
Seat 1: m0nTTu (small blind) folded before Flop
Seat 2: AlexEliseev7 (big blind) folded before Flop
Seat 3: MacSauce77 collected ($13.32)
Seat 4: 7bekon7 folded on the Turn
Seat 5: avlee1 folded before Flop (didn't bet)
Seat 6: Kreayshawn (button) folded before Flop (didn't bet)



PokerStars Hand #254557663308:  Hold'em No Limit ($0.50/$1.00 USD) - 2025/01/26 5:16:09 WET [2025/01/26 0:16:09 ET]
Table 'Zita IV' 6-max Seat #1 is the button
Seat 1: m0nTTu ($102.17 in chips) 
Seat 2: AlexEliseev7 ($103.70 in chips) 
Seat 3: MacSauce77 ($61.36 in chips) 
Seat 4: 7bekon7 ($100 in chips) 
Seat 5: avlee1 ($112.22 in chips) 
Seat 6: Kreayshawn ($102 in chips) 
AlexEliseev7: posts small blind $0.50
MacSauce77: posts big blind $1
*** HOLE CARDS ***
7bekon7: folds 
avlee1: folds 
Kreayshawn: folds 
m0nTTu: raises $1.50 to $2.50
AlexEliseev7: folds 
MacSauce77: raises $1.50 to $4
m0nTTu: calls $1.50
*** FLOP *** [5c 2d 4h]
MacSauce77: bets $5
m0nTTu: raises $53 to $58
MacSauce77: folds 
Uncalled bet ($53) returned to m0nTTu
m0nTTu collected $17.58 from pot
m0nTTu: doesn't show hand 
*** SUMMARY ***
Total pot $18.50 | Rake $0.92 
Board [5c 2d 4h]
Seat 1: m0nTTu (button) collected ($17.58)
Seat 2: AlexEliseev7 (small blind) folded before Flop
Seat 3: MacSauce77 (big blind) folded on the Flop
Seat 4: 7bekon7 folded before Flop (didn't bet)
Seat 5: avlee1 folded before Flop (didn't bet)
Seat 6: Kreayshawn folded before Flop (didn't bet)



PokerStars Hand #254557669747:  Hold'em No Limit ($0.50/$1.00 USD) - 2025/01/26 5:17:18 WET [2025/01/26 0:17:18 ET]
Table 'Zita IV' 6-max Seat #2 is the button
Seat 1: m0nTTu ($110.75 in chips) 
Seat 2: AlexEliseev7 ($103.20 in chips) 
Seat 3: MacSauce77 ($52.36 in chips) 
Seat 4: 7bekon7 ($100 in chips) 
Seat 5: avlee1 ($112.22 in chips) 
Seat 6: Kreayshawn ($102 in chips) 
MacSauce77: posts small blind $0.50
7bekon7: posts big blind $1
*** HOLE CARDS ***
avlee1: folds 
Kreayshawn: folds 
m0nTTu: folds 
AlexEliseev7: raises $1.50 to $2.50
MacSauce77: calls $2
7bekon7: folds 
*** FLOP *** [Ac 2c Jd]
MacSauce77: checks 
AlexEliseev7: bets $1.88
MacSauce77: folds 
Uncalled bet ($1.88) returned to AlexEliseev7
AlexEliseev7 collected $5.70 from pot
AlexEliseev7: doesn't show hand 
*** SUMMARY ***
Total pot $6 | Rake $0.30 
Board [Ac 2c Jd]
Seat 1: m0nTTu folded before Flop (didn't bet)
Seat 2: AlexEliseev7 (button) collected ($5.70)
Seat 3: MacSauce77 (small blind) folded on the Flop
Seat 4: 7bekon7 (big blind) folded before Flop
Seat 5: avlee1 folded before Flop (didn't bet)
Seat 6: Kreayshawn folded before Flop (didn't bet)



PokerStars Hand #254557672646:  Hold'em No Limit ($0.50/$1.00 USD) - 2025/01/26 5:17:48 WET [2025/01/26 0:17:48 ET]
Table 'Zita IV' 6-max Seat #3 is the button
Seat 1: m0nTTu ($110.75 in chips) 
Seat 2: AlexEliseev7 ($106.40 in chips) 
Seat 3: MacSauce77 ($49.86 in chips) 
Seat 4: 7bekon7 ($100 in chips) 
Seat 5: avlee1 ($112.22 in chips) 
Seat 6: Kreayshawn ($102 in chips) 
7bekon7: posts small blind $0.50
avlee1: posts big blind $1
*** HOLE CARDS ***
Kreayshawn: folds 
m0nTTu: folds 
AlexEliseev7: folds 
MacSauce77: calls $1
7bekon7: folds 
avlee1: checks 
*** FLOP *** [Jc 8h 9s]
avlee1: checks 
MacSauce77: checks 
*** TURN *** [Jc 8h 9s] [5h]
avlee1: bets $1.57
MacSauce77: folds 
Uncalled bet ($1.57) returned to avlee1
avlee1 collected $2.38 from pot
avlee1: doesn't show hand 
*** SUMMARY ***
Total pot $2.50 | Rake $0.12 
Board [Jc 8h 9s 5h]
Seat 1: m0nTTu folded before Flop (didn't bet)
Seat 2: AlexEliseev7 folded before Flop (didn't bet)
Seat 3: MacSauce77 (button) folded on the Turn
Seat 4: 7bekon7 (small blind) folded before Flop
Seat 5: avlee1 (big blind) collected ($2.38)
Seat 6: Kreayshawn folded before Flop (didn't bet)



PokerStars Hand #254557676794:  Hold'em No Limit ($0.50/$1.00 USD) - 2025/01/26 5:18:33 WET [2025/01/26 0:18:33 ET]
Table 'Zita IV' 6-max Seat #4 is the button
Seat 1: m0nTTu ($110.75 in chips) 
Seat 2: AlexEliseev7 ($106.40 in chips) 
Seat 3: MacSauce77 ($48.86 in chips) 
Seat 4: 7bekon7 ($100 in chips) 
Seat 5: avlee1 ($113.60 in chips) 
Seat 6: Kreayshawn ($102 in chips) 
avlee1: posts small blind $0.50
Kreayshawn: posts big blind $1
*** HOLE CARDS ***
m0nTTu: folds 
AlexEliseev7: folds 
MacSauce77: calls $1
7bekon7: folds 
avlee1: folds 
Kreayshawn: raises $51 to $52
MacSauce77: folds 
Uncalled bet ($51) returned to Kreayshawn
Kreayshawn collected $2.50 from pot
*** SUMMARY ***
Total pot $2.50 | Rake $0 
Seat 1: m0nTTu folded before Flop (didn't bet)
Seat 2: AlexEliseev7 folded before Flop (didn't bet)
Seat 3: MacSauce77 folded before Flop
Seat 4: 7bekon7 (button) folded before Flop (didn't bet)
Seat 5: avlee1 (small blind) folded before Flop
Seat 6: Kreayshawn (big blind) collected ($2.50)



PokerStars Hand #254557679596:  Hold'em No Limit ($0.50/$1.00 USD) - 2025/01/26 5:19:04 WET [2025/01/26 0:19:04 ET]
Table 'Zita IV' 6-max Seat #5 is the button
Seat 1: m0nTTu ($110.75 in chips) 
Seat 2: AlexEliseev7 ($106.40 in chips) 
Seat 3: MacSauce77 ($47.86 in chips) 
Seat 4: 7bekon7 ($100 in chips) 
Seat 5: avlee1 ($113.10 in chips) 
Seat 6: Kreayshawn ($103.50 in chips) 
Kreayshawn: posts small blind $0.50
m0nTTu: posts big blind $1
*** HOLE CARDS ***
AlexEliseev7: raises $1.50 to $2.50
MacSauce77: calls $2.50
7bekon7: folds 
avlee1: folds 
Kreayshawn: folds 
m0nTTu: folds 
*** FLOP *** [Jh 6d Jc]
AlexEliseev7: checks 
MacSauce77: checks 
*** TURN *** [Jh 6d Jc] [Qc]
AlexEliseev7: bets $4.82
MacSauce77: folds 
Uncalled bet ($4.82) returned to AlexEliseev7
AlexEliseev7 collected $6.18 from pot
AlexEliseev7: doesn't show hand 
*** SUMMARY ***
Total pot $6.50 | Rake $0.32 
Board [Jh 6d Jc Qc]
Seat 1: m0nTTu (big blind) folded before Flop
Seat 2: AlexEliseev7 collected ($6.18)
Seat 3: MacSauce77 folded on the Turn
Seat 4: 7bekon7 folded before Flop (didn't bet)
Seat 5: avlee1 (button) folded before Flop (didn't bet)
Seat 6: Kreayshawn (small blind) folded before Flop



PokerStars Hand #254557683854:  Hold'em No Limit ($0.50/$1.00 USD) - 2025/01/26 5:19:49 WET [2025/01/26 0:19:49 ET]
Table 'Zita IV' 6-max Seat #6 is the button
Seat 1: m0nTTu ($109.75 in chips) 
Seat 2: AlexEliseev7 ($110.08 in chips) 
Seat 3: MacSauce77 ($45.36 in chips) 
Seat 4: 7bekon7 ($100 in chips) 
Seat 5: avlee1 ($113.10 in chips) 
Seat 6: Kreayshawn ($103 in chips) 
m0nTTu: posts small blind $0.50
AlexEliseev7: posts big blind $1
*** HOLE CARDS ***
MacSauce77: calls $1
7bekon7: folds 
avlee1: folds 
Kreayshawn: folds 
m0nTTu: folds 
AlexEliseev7: checks 
*** FLOP *** [Kd 3d Js]
AlexEliseev7: checks 
MacSauce77: checks 
*** TURN *** [Kd 3d Js] [7d]
AlexEliseev7: checks 
MacSauce77: checks 
*** RIVER *** [Kd 3d Js 7d] [6d]
AlexEliseev7: checks 
MacSauce77: checks 
*** SHOW DOWN ***
AlexEliseev7: shows [9h 7h] (a pair of Sevens)
MacSauce77: mucks hand 
AlexEliseev7 collected $2.38 from pot
*** SUMMARY ***
Total pot $2.50 | Rake $0.12 
Board [Kd 3d Js 7d 6d]
Seat 1: m0nTTu (small blind) folded before Flop
Seat 2: AlexEliseev7 (big blind) showed [9h 7h] and won ($2.38) with a pair of Sevens
Seat 3: MacSauce77 mucked
Seat 4: 7bekon7 folded before Flop (didn't bet)
Seat 5: avlee1 folded before Flop (didn't bet)
Seat 6: Kreayshawn (button) folded before Flop (didn't bet)



PokerStars Hand #254557687371:  Hold'em No Limit ($0.50/$1.00 USD) - 2025/01/26 5:20:28 WET [2025/01/26 0:20:28 ET]
Table 'Zita IV' 6-max Seat #1 is the button
Seat 1: m0nTTu ($109.25 in chips) 
Seat 2: AlexEliseev7 ($111.46 in chips) 
Seat 3: MacSauce77 ($44.36 in chips) 
Seat 4: 7bekon7 ($100 in chips) 
Seat 5: avlee1 ($113.10 in chips) 
Seat 6: Kreayshawn ($103 in chips) 
AlexEliseev7: posts small blind $0.50
MacSauce77: posts big blind $1
*** HOLE CARDS ***
7bekon7: folds 
avlee1: folds 
Kreayshawn: folds 
m0nTTu: folds 
AlexEliseev7: folds 
Uncalled bet ($0.50) returned to MacSauce77
MacSauce77 collected $1 from pot
*** SUMMARY ***
Total pot $1 | Rake $0 
Seat 1: m0nTTu (button) folded before Flop (didn't bet)
Seat 2: AlexEliseev7 (small blind) folded before Flop
Seat 3: MacSauce77 (big blind) collected ($1)
Seat 4: 7bekon7 folded before Flop (didn't bet)
Seat 5: avlee1 folded before Flop (didn't bet)
Seat 6: Kreayshawn folded before Flop (didn't bet)



PokerStars Hand #254557688954:  Hold'em No Limit ($0.50/$1.00 USD) - 2025/01/26 5:20:45 WET [2025/01/26 0:20:45 ET]
Table 'Zita IV' 6-max Seat #2 is the button
Seat 1: m0nTTu ($109.25 in chips) 
Seat 2: AlexEliseev7 ($110.96 in chips) 
Seat 3: MacSauce77 ($44.86 in chips) 
Seat 4: 7bekon7 ($100 in chips) 
Seat 5: avlee1 ($113.10 in chips) 
Seat 6: Kreayshawn ($103 in chips) 
MacSauce77: posts small blind $0.50
7bekon7: posts big blind $1
*** HOLE CARDS ***
avlee1: raises $1.50 to $2.50
Kreayshawn: folds 
m0nTTu: folds 
AlexEliseev7: folds 
MacSauce77: raises $1.50 to $4
7bekon7: folds 
avlee1: raises $15.50 to $19.50
MacSauce77: raises $23.50 to $43
avlee1: raises $70.10 to $113.10 and is all-in
MacSauce77: calls $1.86 and is all-in
Uncalled bet ($68.24) returned to avlee1
*** FLOP *** [9s 4d 7h]
*** TURN *** [9s 4d 7h] [6s]
*** RIVER *** [9s 4d 7h 6s] [7s]
*** SHOW DOWN ***
MacSauce77: shows [Qd Ks] (a pair of Sevens)
avlee1: shows [Kd Ad] (a pair of Sevens - Ace kicker)
avlee1 collected $88.22 from pot
*** SUMMARY ***
Total pot $90.72 | Rake $2.50 
Board [9s 4d 7h 6s 7s]
Seat 1: m0nTTu folded before Flop (didn't bet)
Seat 2: AlexEliseev7 (button) folded before Flop (didn't bet)
Seat 3: MacSauce77 (small blind) showed [Qd Ks] and lost with a pair of Sevens
Seat 4: 7bekon7 (big blind) folded before Flop
Seat 5: avlee1 showed [Kd Ad] and won ($88.22) with a pair of Sevens
Seat 6: Kreayshawn folded before Flop (didn't bet)



PokerStars Hand #254557693816:  Hold'em No Limit ($0.50/$1.00 USD) - 2025/01/26 5:21:36 WET [2025/01/26 0:21:36 ET]
Table 'Zita IV' 6-max Seat #4 is the button
Seat 3: MacSauce77 ($0 in chips) is sitting out
Seat 1: m0nTTu ($109.25 in chips) 
Seat 2: AlexEliseev7 ($110.96 in chips) 
Seat 4: 7bekon7 ($100 in chips) 
Seat 5: avlee1 ($156.46 in chips) 
Seat 6: Kreayshawn ($103 in chips) 
avlee1: posts small blind $0.50
Kreayshawn: posts big blind $1
*** HOLE CARDS ***
MacSauce77 is disconnected 
m0nTTu: folds 
AlexEliseev7: raises $1.50 to $2.50
7bekon7: folds 
avlee1: folds 
Kreayshawn: folds 
Uncalled bet ($1.50) returned to AlexEliseev7
AlexEliseev7 collected $2.50 from pot
AlexEliseev7: doesn't show hand 
*** SUMMARY ***
Total pot $2.50 | Rake $0 
Seat 3: MacSauce77
Seat 1: m0nTTu folded before Flop (didn't bet)
Seat 2: AlexEliseev7 collected ($2.50)
Seat 4: 7bekon7 (button) folded before Flop (didn't bet)
Seat 5: avlee1 (small blind) folded before Flop
Seat 6: Kreayshawn (big blind) folded before Flop



PokerStars Hand #254557695821:  Hold'em No Limit ($0.50/$1.00 USD) - 2025/01/26 5:21:58 WET [2025/01/26 0:21:58 ET]
Table 'Zita IV' 6-max Seat #5 is the button
Seat 1: m0nTTu ($109.25 in chips) is sitting out
Seat 3: MacSauce77 ($0 in chips) is sitting out
Seat 2: AlexEliseev7 ($112.46 in chips) 
Seat 4: 7bekon7 ($100 in chips) 
Seat 5: avlee1 ($155.96 in chips) 
Seat 6: Kreayshawn ($102 in chips) 
Kreayshawn: posts small blind $0.50
m0nTTu: is sitting out 
AlexEliseev7: posts big blind $1
*** HOLE CARDS ***
m0nTTu leaves the table
7bekon7: folds 
avlee1: folds 
Kreayshawn: folds 
Uncalled bet ($0.50) returned to AlexEliseev7
AlexEliseev7 collected $1 from pot
AlexEliseev7: doesn't show hand 
*** SUMMARY ***
Total pot $1 | Rake $0 
Seat 1: m0nTTu
Seat 3: MacSauce77
Seat 2: AlexEliseev7 (big blind) collected ($1)
Seat 4: 7bekon7 folded before Flop (didn't bet)
Seat 5: avlee1 (button) folded before Flop (didn't bet)
Seat 6: Kreayshawn (small blind) folded before Flop



PokerStars Hand #254557560985:  Hold'em No Limit ($0.50/$1.00 USD) - 2025/01/26 4:57:51 WET [2025/01/25 23:57:51 ET]
Table 'Zita IV' 6-max Seat #3 is the button
Seat 1: m0nTTu ($100 in chips) 
Seat 2: AlexEliseev7 ($100 in chips) 
Seat 3: iTrustU21 ($100 in chips) 
Seat 4: MacSauce77 ($55.35 in chips) 
Seat 5: NOTfishON ($100 in chips) 
Seat 6: 7bekon7 ($100 in chips) 
MacSauce77: posts small blind $0.50
NOTfishON: posts big blind $1
*** HOLE CARDS ***
7bekon7: folds 
m0nTTu: folds 
AlexEliseev7: folds 
iTrustU21: raises $1.20 to $2.20
MacSauce77: calls $1.70
NOTfishON: folds 
*** FLOP *** [Qh Qc 4d]
MacSauce77: checks 
iTrustU21: bets $1.69
MacSauce77: folds 
Uncalled bet ($1.69) returned to iTrustU21
iTrustU21 collected $5.13 from pot
iTrustU21: doesn't show hand 
*** SUMMARY ***
Total pot $5.40 | Rake $0.27 
Board [Qh Qc 4d]
Seat 1: m0nTTu folded before Flop (didn't bet)
Seat 2: AlexEliseev7 folded before Flop (didn't bet)
Seat 3: iTrustU21 (button) collected ($5.13)
Seat 4: MacSauce77 (small blind) folded on the Flop
Seat 5: NOTfishON (big blind) folded before Flop
Seat 6: 7bekon7 folded before Flop (didn't bet)



PokerStars Hand #254557565191:  Hold'em No Limit ($0.50/$1.00 USD) - 2025/01/26 4:58:43 WET [2025/01/25 23:58:43 ET]
Table 'Zita IV' 6-max Seat #4 is the button
Seat 1: m0nTTu ($100 in chips) 
Seat 2: AlexEliseev7 ($100 in chips) 
Seat 3: iTrustU21 ($102.93 in chips) 
Seat 4: MacSauce77 ($53.15 in chips) 
Seat 5: NOTfishON ($100 in chips) 
Seat 6: 7bekon7 ($100 in chips) 
NOTfishON: posts small blind $0.50
7bekon7: posts big blind $1
*** HOLE CARDS ***
m0nTTu: folds 
AlexEliseev7: raises $1.50 to $2.50
iTrustU21: folds 
MacSauce77: folds 
NOTfishON: folds 
7bekon7: folds 
Uncalled bet ($1.50) returned to AlexEliseev7
AlexEliseev7 collected $2.50 from pot
AlexEliseev7: doesn't show hand 
*** SUMMARY ***
Total pot $2.50 | Rake $0 
Seat 1: m0nTTu folded before Flop (didn't bet)
Seat 2: AlexEliseev7 collected ($2.50)
Seat 3: iTrustU21 folded before Flop (didn't bet)
Seat 4: MacSauce77 (button) folded before Flop (didn't bet)
Seat 5: NOTfishON (small blind) folded before Flop
Seat 6: 7bekon7 (big blind) folded before Flop



PokerStars Hand #254557568237:  Hold'em No Limit ($0.50/$1.00 USD) - 2025/01/26 4:59:21 WET [2025/01/25 23:59:21 ET]
Table 'Zita IV' 6-max Seat #5 is the button
Seat 1: m0nTTu ($100 in chips) 
Seat 2: AlexEliseev7 ($101.50 in chips) 
Seat 3: iTrustU21 ($102.93 in chips) 
Seat 4: MacSauce77 ($53.15 in chips) 
Seat 5: NOTfishON ($100 in chips) 
Seat 6: 7bekon7 ($100 in chips) 
7bekon7: posts small blind $0.50
m0nTTu: posts big blind $1
*** HOLE CARDS ***
AlexEliseev7: folds 
iTrustU21: folds 
MacSauce77: calls $1
NOTfishON: folds 
7bekon7: folds 
m0nTTu: checks 
*** FLOP *** [Qc 9c 8s]
m0nTTu: checks 
MacSauce77: checks 
*** TURN *** [Qc 9c 8s] [8h]
m0nTTu: checks 
MacSauce77: checks 
*** RIVER *** [Qc 9c 8s 8h] [7s]
m0nTTu: bets $1
MacSauce77: calls $1
*** SHOW DOWN ***
m0nTTu: shows [2c 6d] (a pair of Eights)
MacSauce77: shows [3c Ks] (a pair of Eights - King kicker)
MacSauce77 collected $4.28 from pot
*** SUMMARY ***
Total pot $4.50 | Rake $0.22 
Board [Qc 9c 8s 8h 7s]
Seat 1: m0nTTu (big blind) showed [2c 6d] and lost with a pair of Eights
Seat 2: AlexEliseev7 folded before Flop (didn't bet)
Seat 3: iTrustU21 folded before Flop (didn't bet)
Seat 4: MacSauce77 showed [3c Ks] and won ($4.28) with a pair of Eights
Seat 5: NOTfishON (button) folded before Flop (didn't bet)
Seat 6: 7bekon7 (small blind) folded before Flop



PokerStars Hand #254557572146:  Hold'em No Limit ($0.50/$1.00 USD) - 2025/01/26 5:00:11 WET [2025/01/26 0:00:11 ET]
Table 'Zita IV' 6-max Seat #6 is the button
Seat 1: m0nTTu ($98 in chips) 
Seat 2: AlexEliseev7 ($101.50 in chips) 
Seat 3: iTrustU21 ($102.93 in chips) 
Seat 4: MacSauce77 ($55.43 in chips) 
Seat 5: NOTfishON ($100 in chips) 
Seat 6: 7bekon7 ($100 in chips) 
m0nTTu: posts small blind $0.50
AlexEliseev7: posts big blind $1
*** HOLE CARDS ***
iTrustU21: folds 
MacSauce77: raises $1 to $2
NOTfishON: folds 
7bekon7: folds 
m0nTTu: folds 
AlexEliseev7: folds 
Uncalled bet ($1) returned to MacSauce77
MacSauce77 collected $2.50 from pot
*** SUMMARY ***
Total pot $2.50 | Rake $0 
Seat 1: m0nTTu (small blind) folded before Flop
Seat 2: AlexEliseev7 (big blind) folded before Flop
Seat 3: iTrustU21 folded before Flop (didn't bet)
Seat 4: MacSauce77 collected ($2.50)
Seat 5: NOTfishON folded before Flop (didn't bet)
Seat 6: 7bekon7 (button) folded before Flop (didn't bet)



PokerStars Hand #254567246295:  Hold'em No Limit ($0.50/$1.00 USD) - 2025/01/26 19:30:24 WET [2025/01/26 14:30:24 ET]
Table 'Zita IV' 6-max Seat #3 is the button
Seat 2: CASANOVA821 ($12.19 in chips) 
Seat 3: Gfoer ($100 in chips) 
Gfoer: posts small blind $0.50
CASANOVA821: posts big blind $1
*** HOLE CARDS ***
Gfoer: raises $1 to $2
CASANOVA821: calls $1
*** FLOP *** [4h Tc Th]
sta$igk joins the table at seat #4 
CASANOVA821: bets $2
Gfoer: calls $2
*** TURN *** [4h Tc Th] [9s]
CASANOVA821: bets $3
Gfoer: folds 
Uncalled bet ($3) returned to CASANOVA821
CASANOVA821 collected $7.60 from pot
*** SUMMARY ***
Total pot $8 | Rake $0.40 
Board [4h Tc Th 9s]
Seat 2: CASANOVA821 (big blind) collected ($7.60)
Seat 3: Gfoer (button) (small blind) folded on the Turn



PokerStars Hand #254567268997:  Hold'em No Limit ($0.50/$1.00 USD) - 2025/01/26 19:31:26 WET [2025/01/26 14:31:26 ET]
Table 'Zita IV' 6-max Seat #2 is the button
Seat 2: CASANOVA821 ($15.79 in chips) 
Seat 3: Gfoer ($100 in chips) 
Seat 4: sta$igk ($100 in chips) 
Gfoer: posts small blind $0.50
sta$igk: posts big blind $1
*** HOLE CARDS ***
CASANOVA821: folds 
Gfoer: folds 
Uncalled bet ($0.50) returned to sta$igk
sta$igk collected $1 from pot
sta$igk: doesn't show hand 
*** SUMMARY ***
Total pot $1 | Rake $0 
Seat 2: CASANOVA821 (button) folded before Flop (didn't bet)
Seat 3: Gfoer (small blind) folded before Flop
Seat 4: sta$igk (big blind) collected ($1)



PokerStars Hand #254567271760:  Hold'em No Limit ($0.50/$1.00 USD) - 2025/01/26 19:31:33 WET [2025/01/26 14:31:33 ET]
Table 'Zita IV' 6-max Seat #3 is the button
Seat 2: CASANOVA821 ($15.79 in chips) 
Seat 3: Gfoer ($100 in chips) 
Seat 4: sta$igk ($100.50 in chips) 
sta$igk: posts small blind $0.50
CASANOVA821: posts big blind $1
*** HOLE CARDS ***
Gfoer: folds 
sta$igk: raises $1 to $2
CASANOVA821: folds 
Uncalled bet ($1) returned to sta$igk
CASANOVA821 leaves the table
sta$igk collected $2 from pot
sta$igk: doesn't show hand 
*** SUMMARY ***
Total pot $2 | Rake $0 
Seat 2: CASANOVA821 (big blind) folded before Flop
Seat 3: Gfoer (button) folded before Flop (didn't bet)
Seat 4: sta$igk (small blind) collected ($2)



PokerStars Hand #254567274752:  Hold'em No Limit ($0.50/$1.00 USD) - 2025/01/26 19:31:42 WET [2025/01/26 14:31:42 ET]
Table 'Zita IV' 6-max Seat #4 is the button
Seat 3: Gfoer ($100 in chips) 
Seat 4: sta$igk ($101.50 in chips) 
sta$igk: posts small blind $0.50
Gfoer: posts big blind $1
*** HOLE CARDS ***
sta$igk: folds 
Uncalled bet ($0.50) returned to Gfoer
Gfoer collected $1 from pot
Gfoer: doesn't show hand 
*** SUMMARY ***
Total pot $1 | Rake $0 
Seat 3: Gfoer (big blind) collected ($1)
Seat 4: sta$igk (button) (small blind) folded before Flop



PokerStars Hand #254567339314:  Hold'em No Limit ($0.50/$1.00 USD) - 2025/01/26 19:34:34 WET [2025/01/26 14:34:34 ET]
Table 'Zita IV' 6-max Seat #5 is the button
Seat 1: mariofcd ($100 in chips) 
Seat 2: ALO GOIANIA ($20.94 in chips) 
Seat 3: Poker9803 ($100 in chips) 
Seat 5: AllRaise101 ($100 in chips) 
mariofcd: posts small blind $0.50
ALO GOIANIA: posts big blind $1
*** HOLE CARDS ***
Gfoer joins the table at seat #4 
mr.Jckpot joins the table at seat #6 
Poker9803: folds 
AllRaise101: folds 
mariofcd: raises $2 to $3
ALO GOIANIA: calls $2
*** FLOP *** [4c Td Qd]
mariofcd: checks 
ALO GOIANIA: bets $2.85
mariofcd: folds 
Uncalled bet ($2.85) returned to ALO GOIANIA
ALO GOIANIA collected $5.70 from pot
*** SUMMARY ***
Total pot $6 | Rake $0.30 
Board [4c Td Qd]
Seat 1: mariofcd (small blind) folded on the Flop
Seat 2: ALO GOIANIA (big blind) collected ($5.70)
Seat 3: Poker9803 folded before Flop (didn't bet)
Seat 5: AllRaise101 (button) folded before Flop (didn't bet)



PokerStars Hand #254567350727:  Hold'em No Limit ($0.50/$1.00 USD) - 2025/01/26 19:35:05 WET [2025/01/26 14:35:05 ET]
Table 'Zita IV' 6-max Seat #1 is the button
Seat 4: Gfoer ($100.50 in chips) is sitting out
Seat 6: mr.Jckpot ($100 in chips) is sitting out
Seat 1: mariofcd ($100 in chips) 
Seat 2: ALO GOIANIA ($23.64 in chips) 
Seat 3: Poker9803 ($100 in chips) 
Seat 5: AllRaise101 ($100 in chips) 
ALO GOIANIA: posts small blind $0.50
Poker9803: posts big blind $1
Gfoer: sits out 
mr.Jckpot: sits out 
*** HOLE CARDS ***
AllRaise101: raises $1.50 to $2.50
mariofcd: folds 
ALO GOIANIA: folds 
Poker9803: folds 
Uncalled bet ($1.50) returned to AllRaise101
AllRaise101 collected $2.50 from pot
*** SUMMARY ***
Total pot $2.50 | Rake $0 
Seat 4: Gfoer
Seat 6: mr.Jckpot
Seat 1: mariofcd (button) folded before Flop (didn't bet)
Seat 2: ALO GOIANIA (small blind) folded before Flop
Seat 3: Poker9803 (big blind) folded before Flop
Seat 5: AllRaise101 collected ($2.50)



PokerStars Hand #254567357803:  Hold'em No Limit ($0.50/$1.00 USD) - 2025/01/26 19:35:24 WET [2025/01/26 14:35:24 ET]
Table 'Zita IV' 6-max Seat #2 is the button
Seat 6: mr.Jckpot ($100 in chips) is sitting out
Seat 1: mariofcd ($100 in chips) 
Seat 2: ALO GOIANIA ($23.14 in chips) 
Seat 3: Poker9803 ($100 in chips) 
Seat 4: Gfoer ($100.50 in chips) 
Seat 5: AllRaise101 ($101.50 in chips) 
Poker9803: posts small blind $0.50
Gfoer: posts big blind $1
mr.Jckpot: sits out 
*** HOLE CARDS ***
AllRaise101: folds 
mariofcd: folds 
ALO GOIANIA: folds 
Poker9803: raises $2 to $3
Gfoer: folds 
Uncalled bet ($2) returned to Poker9803
ALO GOIANIA leaves the table
Poker9803 collected $2 from pot
Poker9803: doesn't show hand 
*** SUMMARY ***
Total pot $2 | Rake $0 
Seat 6: mr.Jckpot
Seat 1: mariofcd folded before Flop (didn't bet)
Seat 2: ALO GOIANIA (button) folded before Flop (didn't bet)
Seat 3: Poker9803 (small blind) collected ($2)
Seat 4: Gfoer (big blind) folded before Flop
Seat 5: AllRaise101 folded before Flop (didn't bet)



PokerStars Hand #254567365086:  Hold'em No Limit ($0.50/$1.00 USD) - 2025/01/26 19:35:44 WET [2025/01/26 14:35:44 ET]
Table 'Zita IV' 6-max Seat #3 is the button
Seat 6: mr.Jckpot ($100 in chips) is sitting out
Seat 1: mariofcd ($100 in chips) 
Seat 3: Poker9803 ($101 in chips) 
Seat 4: Gfoer ($100 in chips) 
Seat 5: AllRaise101 ($101.50 in chips) 
sta$igk joins the table at seat #2 
Gfoer: posts small blind $0.50
AllRaise101: posts big blind $1
mr.Jckpot: sits out 
*** HOLE CARDS ***
mariofcd: folds 
Poker9803: folds 
Gfoer: folds 
Uncalled bet ($0.50) returned to AllRaise101
AllRaise101 collected $1 from pot
*** SUMMARY ***
Total pot $1 | Rake $0 
Seat 6: mr.Jckpot
Seat 1: mariofcd folded before Flop (didn't bet)
Seat 3: Poker9803 (button) folded before Flop (didn't bet)
Seat 4: Gfoer (small blind) folded before Flop
Seat 5: AllRaise101 (big blind) collected ($1)



PokerStars Hand #254567369934:  Hold'em No Limit ($0.50/$1.00 USD) - 2025/01/26 19:35:57 WET [2025/01/26 14:35:57 ET]
Table 'Zita IV' 6-max Seat #4 is the button
Seat 2: sta$igk ($101 in chips) is sitting out
Seat 1: mariofcd ($100 in chips) 
Seat 3: Poker9803 ($101 in chips) 
Seat 4: Gfoer ($100 in chips) 
Seat 5: AllRaise101 ($102 in chips) 
Seat 6: mr.Jckpot ($100 in chips) 
AllRaise101: posts small blind $0.50
mr.Jckpot: posts big blind $1
sta$igk: sits out 
*** HOLE CARDS ***
mariofcd: folds 
Poker9803: folds 
Gfoer: folds 
AllRaise101: folds 
Uncalled bet ($0.50) returned to mr.Jckpot
mr.Jckpot collected $1 from pot
mr.Jckpot: doesn't show hand 
*** SUMMARY ***
Total pot $1 | Rake $0 
Seat 2: sta$igk
Seat 1: mariofcd folded before Flop (didn't bet)
Seat 3: Poker9803 folded before Flop (didn't bet)
Seat 4: Gfoer (button) folded before Flop (didn't bet)
Seat 5: AllRaise101 (small blind) folded before Flop
Seat 6: mr.Jckpot (big blind) collected ($1)



PokerStars Hand #254567374524:  Hold'em No Limit ($0.50/$1.00 USD) - 2025/01/26 19:36:10 WET [2025/01/26 14:36:10 ET]
Table 'Zita IV' 6-max Seat #5 is the button
Seat 1: mariofcd ($100 in chips) is sitting out
Seat 2: sta$igk ($101 in chips) 
Seat 3: Poker9803 ($101 in chips) 
Seat 4: Gfoer ($100 in chips) 
Seat 5: AllRaise101 ($101.50 in chips) 
Seat 6: mr.Jckpot ($100.50 in chips) 
mr.Jckpot: posts small blind $0.50
mariofcd: is sitting out 
sta$igk: posts big blind $1
*** HOLE CARDS ***
Poker9803: raises $1.50 to $2.50
Gfoer: folds 
mariofcd leaves the table
AllRaise101: folds 
mr.Jckpot: folds 
sta$igk: raises $9.50 to $12
Poker9803: calls $9.50
*** FLOP *** [Qh Qs Ts]
sta$igk: bets $5.82
Poker9803: calls $5.82
*** TURN *** [Qh Qs Ts] [8s]
sta$igk: checks 
Poker9803: bets $17.16
sta$igk: calls $17.16
*** RIVER *** [Qh Qs Ts 8s] [2d]
sta$igk: checks 
Poker9803: checks 
*** SHOW DOWN ***
sta$igk: shows [Qc Qd] (four of a kind, Queens)
Poker9803: mucks hand 
sta$igk collected $67.96 from pot
CGL7811 joins the table at seat #1 
CGL7811 is disconnected 
*** SUMMARY ***
Total pot $70.46 | Rake $2.50 
Board [Qh Qs Ts 8s 2d]
Seat 1: mariofcd
Seat 2: sta$igk (big blind) showed [Qc Qd] and won ($67.96) with four of a kind, Queens
Seat 3: Poker9803 mucked
Seat 4: Gfoer folded before Flop (didn't bet)
Seat 5: AllRaise101 (button) folded before Flop (didn't bet)
Seat 6: mr.Jckpot (small blind) folded before Flop



PokerStars Hand #254567403478:  Hold'em No Limit ($0.50/$1.00 USD) - 2025/01/26 19:37:27 WET [2025/01/26 14:37:27 ET]
Table 'Zita IV' 6-max Seat #6 is the button
Seat 1: CGL7811 ($59.26 in chips) is sitting out
Seat 3: Poker9803 ($100 in chips) is sitting out
Seat 4: Gfoer ($100 in chips) is sitting out
Seat 2: sta$igk ($133.98 in chips) 
Seat 5: AllRaise101 ($101.50 in chips) 
Seat 6: mr.Jckpot ($100 in chips) 
sta$igk: posts small blind $0.50
Poker9803: is sitting out 
Gfoer: is sitting out 
AllRaise101: posts big blind $1
*** HOLE CARDS ***
mr.Jckpot: raises $1.50 to $2.50
sta$igk: raises $8.50 to $11
AllRaise101: folds 
mr.Jckpot: folds 
Uncalled bet ($8.50) returned to sta$igk
sta$igk collected $6 from pot
sta$igk: doesn't show hand 
*** SUMMARY ***
Total pot $6 | Rake $0 
Seat 1: CGL7811
Seat 3: Poker9803
Seat 4: Gfoer
Seat 2: sta$igk (small blind) collected ($6)
Seat 5: AllRaise101 (big blind) folded before Flop
Seat 6: mr.Jckpot (button) folded before Flop



PokerStars Hand #254567408801:  Hold'em No Limit ($0.50/$1.00 USD) - 2025/01/26 19:37:41 WET [2025/01/26 14:37:41 ET]
Table 'Zita IV' 6-max Seat #2 is the button
Seat 3: Poker9803 ($100 in chips) is sitting out
Seat 4: Gfoer ($100 in chips) is sitting out
Seat 1: CGL7811 ($59.26 in chips) 
Seat 2: sta$igk ($137.48 in chips) 
Seat 5: AllRaise101 ($100.50 in chips) 
Seat 6: mr.Jckpot ($100 in chips) 
AllRaise101: posts small blind $0.50
mr.Jckpot: posts big blind $1
CGL7811: posts big blind $1
*** HOLE CARDS ***
CGL7811: checks 
sta$igk: folds 
AllRaise101: folds 
mr.Jckpot: checks 
*** FLOP *** [Jh Kc Ac]
mr.Jckpot: checks 
CGL7811: checks 
*** TURN *** [Jh Kc Ac] [Ad]
mr.Jckpot: bets $1.57
CGL7811: calls $1.57
*** RIVER *** [Jh Kc Ac Ad] [6d]
mr.Jckpot: checks 
CGL7811: bets $2.68
mr.Jckpot: calls $2.68
*** SHOW DOWN ***
CGL7811: shows [6h Qh] (two pair, Aces and Sixes)
mr.Jckpot: shows [Kd 3d] (two pair, Aces and Kings)
mr.Jckpot collected $10.45 from pot
*** SUMMARY ***
Total pot $11 | Rake $0.55 
Board [Jh Kc Ac Ad 6d]
Seat 3: Poker9803
Seat 4: Gfoer
Seat 1: CGL7811 showed [6h Qh] and lost with two pair, Aces and Sixes
Seat 2: sta$igk (button) folded before Flop (didn't bet)
Seat 5: AllRaise101 (small blind) folded before Flop
Seat 6: mr.Jckpot (big blind) showed [Kd 3d] and won ($10.45) with two pair, Aces and Kings



PokerStars Hand #254567426822:  Hold'em No Limit ($0.50/$1.00 USD) - 2025/01/26 19:38:30 WET [2025/01/26 14:38:30 ET]
Table 'Zita IV' 6-max Seat #5 is the button
Seat 3: Poker9803 ($100 in chips) is sitting out
Seat 4: Gfoer ($100 in chips) is sitting out
Seat 1: CGL7811 ($54.01 in chips) 
Seat 2: sta$igk ($137.48 in chips) 
Seat 5: AllRaise101 ($100 in chips) 
Seat 6: mr.Jckpot ($105.20 in chips) 
mr.Jckpot: posts small blind $0.50
CGL7811: posts big blind $1
Poker9803: sits out 
Gfoer: sits out 
*** HOLE CARDS ***
sta$igk: folds 
AllRaise101: folds 
mr.Jckpot: folds 
Uncalled bet ($0.50) returned to CGL7811
CGL7811 collected $1 from pot
*** SUMMARY ***
Total pot $1 | Rake $0 
Seat 3: Poker9803
Seat 4: Gfoer
Seat 1: CGL7811 (big blind) collected ($1)
Seat 2: sta$igk folded before Flop (didn't bet)
Seat 5: AllRaise101 (button) folded before Flop (didn't bet)
Seat 6: mr.Jckpot (small blind) folded before Flop



PokerStars Hand #254567429755:  Hold'em No Limit ($0.50/$1.00 USD) - 2025/01/26 19:38:38 WET [2025/01/26 14:38:38 ET]
Table 'Zita IV' 6-max Seat #6 is the button
Seat 3: Poker9803 ($100 in chips) is sitting out
Seat 4: Gfoer ($100 in chips) is sitting out
Seat 1: CGL7811 ($54.51 in chips) 
Seat 2: sta$igk ($137.48 in chips) 
Seat 5: AllRaise101 ($100 in chips) 
Seat 6: mr.Jckpot ($104.70 in chips) 
CGL7811: posts small blind $0.50
sta$igk: posts big blind $1
Poker9803: sits out 
Gfoer: sits out 
*** HOLE CARDS ***
AllRaise101: raises $1.50 to $2.50
mr.Jckpot: folds 
CGL7811: folds 
sta$igk: folds 
Uncalled bet ($1.50) returned to AllRaise101
AllRaise101 collected $2.50 from pot
*** SUMMARY ***
Total pot $2.50 | Rake $0 
Seat 3: Poker9803
Seat 4: Gfoer
Seat 1: CGL7811 (small blind) folded before Flop
Seat 2: sta$igk (big blind) folded before Flop
Seat 5: AllRaise101 collected ($2.50)
Seat 6: mr.Jckpot (button) folded before Flop (didn't bet)



PokerStars Hand #254567436041:  Hold'em No Limit ($0.50/$1.00 USD) - 2025/01/26 19:38:55 WET [2025/01/26 14:38:55 ET]
Table 'Zita IV' 6-max Seat #1 is the button
Seat 4: Gfoer ($100 in chips) is sitting out
Seat 1: CGL7811 ($54.01 in chips) 
Seat 2: sta$igk ($136.48 in chips) 
Seat 3: Poker9803 ($100 in chips) 
Seat 5: AllRaise101 ($101.50 in chips) 
Seat 6: mr.Jckpot ($104.70 in chips) 
sta$igk: posts small blind $0.50
Poker9803: posts big blind $1
Gfoer: sits out 
*** HOLE CARDS ***
AllRaise101: folds 
mr.Jckpot: folds 
CGL7811: calls $1
sta$igk: folds 
Poker9803: checks 
*** FLOP *** [4s 3d 2s]
Poker9803: checks 
CGL7811: checks 
*** TURN *** [4s 3d 2s] [6s]
Poker9803: bets $1.19
CGL7811: calls $1.19
*** RIVER *** [4s 3d 2s 6s] [Qc]
Poker9803: bets $2.32
CGL7811: calls $2.32
*** SHOW DOWN ***
Poker9803: shows [9s Qh] (a pair of Queens)
CGL7811: mucks hand 
Poker9803 collected $9.04 from pot
*** SUMMARY ***
Total pot $9.52 | Rake $0.48 
Board [4s 3d 2s 6s Qc]
Seat 4: Gfoer
Seat 1: CGL7811 (button) mucked
Seat 2: sta$igk (small blind) folded before Flop
Seat 3: Poker9803 (big blind) showed [9s Qh] and won ($9.04) with a pair of Queens
Seat 5: AllRaise101 folded before Flop (didn't bet)
Seat 6: mr.Jckpot folded before Flop (didn't bet)



PokerStars Hand #254567447982:  Hold'em No Limit ($0.50/$1.00 USD) - 2025/01/26 19:39:26 WET [2025/01/26 14:39:26 ET]
Table 'Zita IV' 6-max Seat #2 is the button
Seat 1: CGL7811 ($49.50 in chips) 
Seat 2: sta$igk ($135.98 in chips) 
Seat 3: Poker9803 ($104.53 in chips) 
Seat 4: Gfoer ($100 in chips) 
Seat 5: AllRaise101 ($101.50 in chips) 
Seat 6: mr.Jckpot ($104.70 in chips) 
Poker9803: posts small blind $0.50
Gfoer: posts big blind $1
*** HOLE CARDS ***
AllRaise101: folds 
mr.Jckpot: folds 
CGL7811: folds 
sta$igk: raises $1.50 to $2.50
Poker9803: folds 
Gfoer: folds 
Uncalled bet ($1.50) returned to sta$igk
sta$igk collected $2.50 from pot
sta$igk: doesn't show hand 
*** SUMMARY ***
Total pot $2.50 | Rake $0 
Seat 1: CGL7811 folded before Flop (didn't bet)
Seat 2: sta$igk (button) collected ($2.50)
Seat 3: Poker9803 (small blind) folded before Flop
Seat 4: Gfoer (big blind) folded before Flop
Seat 5: AllRaise101 folded before Flop (didn't bet)
Seat 6: mr.Jckpot folded before Flop (didn't bet)



PokerStars Hand #254567455329:  Hold'em No Limit ($0.50/$1.00 USD) - 2025/01/26 19:39:46 WET [2025/01/26 14:39:46 ET]
Table 'Zita IV' 6-max Seat #3 is the button
Seat 1: CGL7811 ($49.50 in chips) 
Seat 2: sta$igk ($137.48 in chips) 
Seat 3: Poker9803 ($104.03 in chips) 
Seat 4: Gfoer ($100 in chips) 
Seat 5: AllRaise101 ($101.50 in chips) 
Seat 6: mr.Jckpot ($104.70 in chips) 
Gfoer: posts small blind $0.50
AllRaise101: posts big blind $1
*** HOLE CARDS ***
mr.Jckpot: folds 
CGL7811: folds 
sta$igk: folds 
Poker9803: folds 
Gfoer: folds 
Uncalled bet ($0.50) returned to AllRaise101
AllRaise101 collected $1 from pot
*** SUMMARY ***
Total pot $1 | Rake $0 
Seat 1: CGL7811 folded before Flop (didn't bet)
Seat 2: sta$igk folded before Flop (didn't bet)
Seat 3: Poker9803 (button) folded before Flop (didn't bet)
Seat 4: Gfoer (small blind) folded before Flop
Seat 5: AllRaise101 (big blind) collected ($1)
Seat 6: mr.Jckpot folded before Flop (didn't bet)



PokerStars Hand #254567464724:  Hold'em No Limit ($0.50/$1.00 USD) - 2025/01/26 19:40:12 WET [2025/01/26 14:40:12 ET]
Table 'Zita IV' 6-max Seat #4 is the button
Seat 1: CGL7811 ($49.50 in chips) 
Seat 2: sta$igk ($137.48 in chips) 
Seat 3: Poker9803 ($104.03 in chips) 
Seat 4: Gfoer ($100 in chips) 
Seat 5: AllRaise101 ($102 in chips) 
Seat 6: mr.Jckpot ($104.70 in chips) 
AllRaise101: posts small blind $0.50
mr.Jckpot: posts big blind $1
*** HOLE CARDS ***
CGL7811: folds 
sta$igk: raises $1.50 to $2.50
Poker9803: folds 
Gfoer: folds 
AllRaise101: folds 
mr.Jckpot: calls $1.50
*** FLOP *** [8s 2s 6s]
mr.Jckpot: checks 
sta$igk: checks 
*** TURN *** [8s 2s 6s] [Qc]
mr.Jckpot: checks 
sta$igk: bets $3.92
mr.Jckpot: folds 
Uncalled bet ($3.92) returned to sta$igk
sta$igk collected $5.22 from pot
sta$igk: doesn't show hand 
*** SUMMARY ***
Total pot $5.50 | Rake $0.28 
Board [8s 2s 6s Qc]
Seat 1: CGL7811 folded before Flop (didn't bet)
Seat 2: sta$igk collected ($5.22)
Seat 3: Poker9803 folded before Flop (didn't bet)
Seat 4: Gfoer (button) folded before Flop (didn't bet)
Seat 5: AllRaise101 (small blind) folded before Flop
Seat 6: mr.Jckpot (big blind) folded on the Turn



PokerStars Hand #254567481127:  Hold'em No Limit ($0.50/$1.00 USD) - 2025/01/26 19:40:56 WET [2025/01/26 14:40:56 ET]
Table 'Zita IV' 6-max Seat #5 is the button
Seat 1: CGL7811 ($49.50 in chips) 
Seat 2: sta$igk ($140.20 in chips) 
Seat 3: Poker9803 ($104.03 in chips) 
Seat 4: Gfoer ($100 in chips) 
Seat 5: AllRaise101 ($101.50 in chips) 
Seat 6: mr.Jckpot ($102.20 in chips) 
mr.Jckpot: posts small blind $0.50
CGL7811: posts big blind $1
*** HOLE CARDS ***
sta$igk: raises $1.50 to $2.50
Poker9803: folds 
Gfoer: folds 
AllRaise101: folds 
mr.Jckpot: folds 
CGL7811: folds 
Uncalled bet ($1.50) returned to sta$igk
sta$igk collected $2.50 from pot
sta$igk: doesn't show hand 
*** SUMMARY ***
Total pot $2.50 | Rake $0 
Seat 1: CGL7811 (big blind) folded before Flop
Seat 2: sta$igk collected ($2.50)
Seat 3: Poker9803 folded before Flop (didn't bet)
Seat 4: Gfoer folded before Flop (didn't bet)
Seat 5: AllRaise101 (button) folded before Flop (didn't bet)
Seat 6: mr.Jckpot (small blind) folded before Flop



PokerStars Hand #254567493741:  Hold'em No Limit ($0.50/$1.00 USD) - 2025/01/26 19:41:30 WET [2025/01/26 14:41:30 ET]
Table 'Zita IV' 6-max Seat #6 is the button
Seat 1: CGL7811 ($48.50 in chips) 
Seat 2: sta$igk ($141.70 in chips) 
Seat 3: Poker9803 ($104.03 in chips) 
Seat 4: Gfoer ($100 in chips) 
Seat 5: AllRaise101 ($101.50 in chips) 
Seat 6: mr.Jckpot ($101.70 in chips) 
CGL7811: posts small blind $0.50
sta$igk: posts big blind $1
*** HOLE CARDS ***
Poker9803: folds 
Gfoer: folds 
AllRaise101: folds 
mr.Jckpot: folds 
CGL7811: folds 
Uncalled bet ($0.50) returned to sta$igk
sta$igk collected $1 from pot
sta$igk: doesn't show hand 
*** SUMMARY ***
Total pot $1 | Rake $0 
Seat 1: CGL7811 (small blind) folded before Flop
Seat 2: sta$igk (big blind) collected ($1)
Seat 3: Poker9803 folded before Flop (didn't bet)
Seat 4: Gfoer folded before Flop (didn't bet)
Seat 5: AllRaise101 folded before Flop (didn't bet)
Seat 6: mr.Jckpot (button) folded before Flop (didn't bet)



PokerStars Hand #254567500623:  Hold'em No Limit ($0.50/$1.00 USD) - 2025/01/26 19:41:48 WET [2025/01/26 14:41:48 ET]
Table 'Zita IV' 6-max Seat #1 is the button
Seat 1: CGL7811 ($48 in chips) 
Seat 2: sta$igk ($142.20 in chips) 
Seat 3: Poker9803 ($104.03 in chips) 
Seat 4: Gfoer ($100 in chips) 
Seat 5: AllRaise101 ($101.50 in chips) 
Seat 6: mr.Jckpot ($101.70 in chips) 
sta$igk: posts small blind $0.50
Poker9803: posts big blind $1
*** HOLE CARDS ***
Gfoer: raises $1.20 to $2.20
AllRaise101: folds 
mr.Jckpot: folds 
CGL7811: calls $2.20
sta$igk: folds 
Poker9803: folds 
*** FLOP *** [8d Ts 7s]
Gfoer: bets $4.70
CGL7811: raises $4.70 to $9.40
Gfoer: raises $88.40 to $97.80 and is all-in
CGL7811: calls $36.40 and is all-in
Uncalled bet ($52) returned to Gfoer
*** TURN *** [8d Ts 7s] [5s]
*** RIVER *** [8d Ts 7s 5s] [3d]
*** SHOW DOWN ***
Gfoer: shows [Tc Th] (three of a kind, Tens)
CGL7811: shows [9c 9h] (a pair of Nines)
Gfoer collected $95 from pot
*** SUMMARY ***
Total pot $97.50 | Rake $2.50 
Board [8d Ts 7s 5s 3d]
Seat 1: CGL7811 (button) showed [9c 9h] and lost with a pair of Nines
Seat 2: sta$igk (small blind) folded before Flop
Seat 3: Poker9803 (big blind) folded before Flop
Seat 4: Gfoer showed [Tc Th] and won ($95) with three of a kind, Tens
Seat 5: AllRaise101 folded before Flop (didn't bet)
Seat 6: mr.Jckpot folded before Flop (didn't bet)



PokerStars Hand #254567527184:  Hold'em No Limit ($0.50/$1.00 USD) - 2025/01/26 19:43:00 WET [2025/01/26 14:43:00 ET]
Table 'Zita IV' 6-max Seat #2 is the button
Seat 1: CGL7811 ($0 in chips) is sitting out
Seat 2: sta$igk ($141.70 in chips) 
Seat 3: Poker9803 ($103.03 in chips) 
Seat 4: Gfoer ($147 in chips) 
Seat 5: AllRaise101 ($101.50 in chips) 
Seat 6: mr.Jckpot ($101.70 in chips) 
Poker9803: posts small blind $0.50
Gfoer: posts big blind $1
*** HOLE CARDS ***
CGL7811 is disconnected 
AllRaise101: raises $1.50 to $2.50
mr.Jckpot: folds 
sta$igk: raises $5.50 to $8
Poker9803: folds 
Gfoer: folds 
AllRaise101: calls $5.50
*** FLOP *** [Th 5c 7d]
AllRaise101: checks 
sta$igk: bets $9.97
AllRaise101: calls $9.97
*** TURN *** [Th 5c 7d] [9c]
AllRaise101: checks 
sta$igk: checks 
*** RIVER *** [Th 5c 7d 9c] [6d]
AllRaise101: bets $10
sta$igk: folds 
Uncalled bet ($10) returned to AllRaise101
AllRaise101 collected $35.57 from pot
*** SUMMARY ***
Total pot $37.44 | Rake $1.87 
Board [Th 5c 7d 9c 6d]
Seat 1: CGL7811
Seat 2: sta$igk (button) folded on the River
Seat 3: Poker9803 (small blind) folded before Flop
Seat 4: Gfoer (big blind) folded before Flop
Seat 5: AllRaise101 collected ($35.57)
Seat 6: mr.Jckpot folded before Flop (didn't bet)



PokerStars Hand #254567554815:  Hold'em No Limit ($0.50/$1.00 USD) - 2025/01/26 19:44:14 WET [2025/01/26 14:44:14 ET]
Table 'Zita IV' 6-max Seat #3 is the button
Seat 1: CGL7811 ($0 in chips) is sitting out
Seat 2: sta$igk ($123.73 in chips) 
Seat 3: Poker9803 ($102.53 in chips) 
Seat 4: Gfoer ($146 in chips) 
Seat 5: AllRaise101 ($119.10 in chips) 
Seat 6: mr.Jckpot ($101.70 in chips) 
Gfoer: posts small blind $0.50
AllRaise101: posts big blind $1
*** HOLE CARDS ***
mr.Jckpot: folds 
sta$igk: raises $1.50 to $2.50
Poker9803: folds 
Gfoer: raises $10 to $12.50
AllRaise101: folds 
sta$igk: folds 
Uncalled bet ($10) returned to Gfoer
Gfoer collected $6 from pot
Gfoer: doesn't show hand 
*** SUMMARY ***
Total pot $6 | Rake $0 
Seat 1: CGL7811
Seat 2: sta$igk folded before Flop
Seat 3: Poker9803 (button) folded before Flop (didn't bet)
Seat 4: Gfoer (small blind) collected ($6)
Seat 5: AllRaise101 (big blind) folded before Flop
Seat 6: mr.Jckpot folded before Flop (didn't bet)



PokerStars Hand #254567562813:  Hold'em No Limit ($0.50/$1.00 USD) - 2025/01/26 19:44:36 WET [2025/01/26 14:44:36 ET]
Table 'Zita IV' 6-max Seat #4 is the button
Seat 1: CGL7811 ($0 in chips) is sitting out
Seat 2: sta$igk ($121.23 in chips) 
Seat 3: Poker9803 ($102.53 in chips) 
Seat 4: Gfoer ($149.50 in chips) 
Seat 5: AllRaise101 ($118.10 in chips) 
Seat 6: mr.Jckpot ($101.70 in chips) 
AllRaise101: posts small blind $0.50
mr.Jckpot: posts big blind $1
*** HOLE CARDS ***
sta$igk: folds 
Poker9803: folds 
Gfoer: folds 
AllRaise101: folds 
Uncalled bet ($0.50) returned to mr.Jckpot
mr.Jckpot collected $1 from pot
mr.Jckpot: doesn't show hand 
*** SUMMARY ***
Total pot $1 | Rake $0 
Seat 1: CGL7811
Seat 2: sta$igk folded before Flop (didn't bet)
Seat 3: Poker9803 folded before Flop (didn't bet)
Seat 4: Gfoer (button) folded before Flop (didn't bet)
Seat 5: AllRaise101 (small blind) folded before Flop
Seat 6: mr.Jckpot (big blind) collected ($1)



PokerStars Hand #254567793065:  Hold'em No Limit ($0.50/$1.00 USD) - 2025/01/26 19:55:03 WET [2025/01/26 14:55:03 ET]
Table 'Zita IV' 6-max Seat #6 is the button
Seat 1: nastja336 ($100 in chips) 
Seat 2: Gfoer ($147.30 in chips) 
Seat 3: mr.Jckpot ($132.03 in chips) 
Seat 6: tasznikl ($12.93 in chips) 
nastja336: posts small blind $0.50
Gfoer: posts big blind $1
*** HOLE CARDS ***
mr.Jckpot: folds 
tasznikl: folds 
nastja336: raises $2 to $3
Gfoer: calls $2
*** FLOP *** [8h 5d 2s]
nastja336: checks 
Gfoer: checks 
*** TURN *** [8h 5d 2s] [Kh]
Akiratomita joins the table at seat #5 
Akiratomita is disconnected 
mariofcd joins the table at seat #4 
nastja336: bets $3.76
Gfoer: folds 
Uncalled bet ($3.76) returned to nastja336
nastja336 collected $5.70 from pot
nastja336: doesn't show hand 
*** SUMMARY ***
Total pot $6 | Rake $0.30 
Board [8h 5d 2s Kh]
Seat 1: nastja336 (small blind) collected ($5.70)
Seat 2: Gfoer (big blind) folded on the Turn
Seat 3: mr.Jckpot folded before Flop (didn't bet)
Seat 6: tasznikl (button) folded before Flop (didn't bet)



PokerStars Hand #254567804459:  Hold'em No Limit ($0.50/$1.00 USD) - 2025/01/26 19:55:52 WET [2025/01/26 14:55:52 ET]
Table 'Zita IV' 6-max Seat #1 is the button
Seat 4: mariofcd ($100 in chips) is sitting out
Seat 5: Akiratomita ($10 in chips) is sitting out
Seat 1: nastja336 ($102.70 in chips) 
Seat 2: Gfoer ($144.30 in chips) 
Seat 3: mr.Jckpot ($132.03 in chips) 
Seat 6: tasznikl ($12.93 in chips) 
Gfoer: posts small blind $0.50
mr.Jckpot: posts big blind $1
mariofcd: sits out 
Akiratomita: sits out 
*** HOLE CARDS ***
tasznikl: raises $1 to $2
nastja336: folds 
Gfoer: folds 
mr.Jckpot: folds 
Uncalled bet ($1) returned to tasznikl
tasznikl collected $2.50 from pot
tasznikl: doesn't show hand 
*** SUMMARY ***
Total pot $2.50 | Rake $0 
Seat 4: mariofcd
Seat 5: Akiratomita
Seat 1: nastja336 (button) folded before Flop (didn't bet)
Seat 2: Gfoer (small blind) folded before Flop
Seat 3: mr.Jckpot (big blind) folded before Flop
Seat 6: tasznikl collected ($2.50)



PokerStars Hand #254567807293:  Hold'em No Limit ($0.50/$1.00 USD) - 2025/01/26 19:56:05 WET [2025/01/26 14:56:05 ET]
Table 'Zita IV' 6-max Seat #2 is the button
Seat 5: Akiratomita ($10 in chips) is sitting out
Seat 1: nastja336 ($102.70 in chips) 
Seat 2: Gfoer ($143.80 in chips) 
Seat 3: mr.Jckpot ($131.03 in chips) 
Seat 4: mariofcd ($100 in chips) 
Seat 6: tasznikl ($14.43 in chips) 
mr.Jckpot: posts small blind $0.50
mariofcd: posts big blind $1
Akiratomita: sits out 
*** HOLE CARDS ***
tasznikl: folds 
nastja336: folds 
Gfoer: folds 
mr.Jckpot: folds 
Uncalled bet ($0.50) returned to mariofcd
mariofcd collected $1 from pot
mariofcd: doesn't show hand 
*** SUMMARY ***
Total pot $1 | Rake $0 
Seat 5: Akiratomita
Seat 1: nastja336 folded before Flop (didn't bet)
Seat 2: Gfoer (button) folded before Flop (didn't bet)
Seat 3: mr.Jckpot (small blind) folded before Flop
Seat 4: mariofcd (big blind) collected ($1)
Seat 6: tasznikl folded before Flop (didn't bet)



PokerStars Hand #254567809381:  Hold'em No Limit ($0.50/$1.00 USD) - 2025/01/26 19:56:15 WET [2025/01/26 14:56:15 ET]
Table 'Zita IV' 6-max Seat #3 is the button
Seat 5: Akiratomita ($10 in chips) is sitting out
Seat 1: nastja336 ($102.70 in chips) 
Seat 2: Gfoer ($143.80 in chips) 
Seat 3: mr.Jckpot ($130.53 in chips) 
Seat 4: mariofcd ($100.50 in chips) 
Seat 6: tasznikl ($14.43 in chips) 
mariofcd: posts small blind $0.50
Akiratomita: is sitting out 
Akiratomita leaves the table
tasznikl: posts big blind $1
*** HOLE CARDS ***
nastja336: raises $1.50 to $2.50
Gfoer: folds 
mr.Jckpot: folds 
mariofcd: raises $8.70 to $11.20
tasznikl: folds 
ndrewery1 joins the table at seat #5 
ndrewery1 is disconnected 
nastja336: folds 
Uncalled bet ($8.70) returned to mariofcd
mariofcd collected $6 from pot
mariofcd: doesn't show hand 
*** SUMMARY ***
Total pot $6 | Rake $0 
Seat 5: Akiratomita
Seat 1: nastja336 folded before Flop
Seat 2: Gfoer folded before Flop (didn't bet)
Seat 3: mr.Jckpot (button) folded before Flop (didn't bet)
Seat 4: mariofcd (small blind) collected ($6)
Seat 6: tasznikl (big blind) folded before Flop



PokerStars Hand #254567817020:  Hold'em No Limit ($0.50/$1.00 USD) - 2025/01/26 19:56:51 WET [2025/01/26 14:56:51 ET]
Table 'Zita IV' 6-max Seat #4 is the button
Seat 5: ndrewery1 ($100 in chips) is sitting out
Seat 1: nastja336 ($100.20 in chips) 
Seat 2: Gfoer ($143.80 in chips) 
Seat 3: mr.Jckpot ($130.53 in chips) 
Seat 4: mariofcd ($104 in chips) 
Seat 6: tasznikl ($13.43 in chips) 
tasznikl: posts small blind $0.50
nastja336: posts big blind $1
*** HOLE CARDS ***
Gfoer: folds 
Gfoer leaves the table
mr.Jckpot: folds 
mariofcd: raises $1.45 to $2.45
tasznikl: folds 
nastja336: folds 
Uncalled bet ($1.45) returned to mariofcd
mariofcd collected $2.50 from pot
mariofcd: doesn't show hand 
*** SUMMARY ***
Total pot $2.50 | Rake $0 
Seat 5: ndrewery1
Seat 1: nastja336 (big blind) folded before Flop
Seat 2: Gfoer folded before Flop (didn't bet)
Seat 3: mr.Jckpot folded before Flop (didn't bet)
Seat 4: mariofcd (button) collected ($2.50)
Seat 6: tasznikl (small blind) folded before Flop



PokerStars Hand #254567819731:  Hold'em No Limit ($0.50/$1.00 USD) - 2025/01/26 19:57:04 WET [2025/01/26 14:57:04 ET]
Table 'Zita IV' 6-max Seat #6 is the button
Seat 1: nastja336 ($100 in chips) 
Seat 3: mr.Jckpot ($130.53 in chips) 
Seat 4: mariofcd ($105.50 in chips) 
Seat 5: ndrewery1 ($100 in chips) 
Seat 6: tasznikl ($12.93 in chips) 
nastja336: posts small blind $0.50
mr.Jckpot: posts big blind $1
ndrewery1: posts big blind $1
*** HOLE CARDS ***
mariofcd: raises $1.20 to $2.20
ndrewery1: folds 
sta$igk joins the table at seat #2 
tasznikl: folds 
nastja336: folds 
mr.Jckpot: folds 
Uncalled bet ($1.20) returned to mariofcd
mariofcd collected $3.50 from pot
mariofcd: doesn't show hand 
*** SUMMARY ***
Total pot $3.50 | Rake $0 
Seat 1: nastja336 (small blind) folded before Flop
Seat 3: mr.Jckpot (big blind) folded before Flop
Seat 4: mariofcd collected ($3.50)
Seat 5: ndrewery1 folded before Flop (didn't bet)
Seat 6: tasznikl (button) folded before Flop (didn't bet)



PokerStars Hand #254567823545:  Hold'em No Limit ($0.50/$1.00 USD) - 2025/01/26 19:57:22 WET [2025/01/26 14:57:22 ET]
Table 'Zita IV' 6-max Seat #1 is the button
Seat 2: sta$igk ($124.76 in chips) is sitting out
Seat 1: nastja336 ($100 in chips) 
Seat 3: mr.Jckpot ($129.53 in chips) 
Seat 4: mariofcd ($108 in chips) 
Seat 5: ndrewery1 ($99 in chips) 
Seat 6: tasznikl ($12.93 in chips) 
mr.Jckpot: posts small blind $0.50
mariofcd: posts big blind $1
*** HOLE CARDS ***
ndrewery1: folds 
tasznikl: folds 
nastja336: folds 
mr.Jckpot: folds 
Uncalled bet ($0.50) returned to mariofcd
mariofcd collected $1 from pot
mariofcd: doesn't show hand 
*** SUMMARY ***
Total pot $1 | Rake $0 
Seat 2: sta$igk
Seat 1: nastja336 (button) folded before Flop (didn't bet)
Seat 3: mr.Jckpot (small blind) folded before Flop
Seat 4: mariofcd (big blind) collected ($1)
Seat 5: ndrewery1 folded before Flop (didn't bet)
Seat 6: tasznikl folded before Flop (didn't bet)



PokerStars Hand #254567825627:  Hold'em No Limit ($0.50/$1.00 USD) - 2025/01/26 19:57:32 WET [2025/01/26 14:57:32 ET]
Table 'Zita IV' 6-max Seat #3 is the button
Seat 2: sta$igk ($124.76 in chips) is sitting out
Seat 1: nastja336 ($100 in chips) 
Seat 3: mr.Jckpot ($129.03 in chips) 
Seat 4: mariofcd ($108.50 in chips) 
Seat 5: ndrewery1 ($99 in chips) 
Seat 6: tasznikl ($12.93 in chips) 
mariofcd: posts small blind $0.50
ndrewery1: posts big blind $1
sta$igk: sits out 
*** HOLE CARDS ***
tasznikl: calls $1
nastja336: folds 
mr.Jckpot: folds 
mariofcd: raises $3 to $4
ndrewery1: calls $3
tasznikl: folds 
*** FLOP *** [2d Tc 4h]
mariofcd: checks 
ndrewery1: checks 
*** TURN *** [2d Tc 4h] [Ts]
mariofcd: checks 
ndrewery1: bets $5
mariofcd: folds 
Uncalled bet ($5) returned to ndrewery1
ndrewery1 collected $8.55 from pot
ndrewery1: doesn't show hand 
*** SUMMARY ***
Total pot $9 | Rake $0.45 
Board [2d Tc 4h Ts]
Seat 2: sta$igk
Seat 1: nastja336 folded before Flop (didn't bet)
Seat 3: mr.Jckpot (button) folded before Flop (didn't bet)
Seat 4: mariofcd (small blind) folded on the Turn
Seat 5: ndrewery1 (big blind) collected ($8.55)
Seat 6: tasznikl folded before Flop



PokerStars Hand #254567835841:  Hold'em No Limit ($0.50/$1.00 USD) - 2025/01/26 19:58:20 WET [2025/01/26 14:58:20 ET]
Table 'Zita IV' 6-max Seat #4 is the button
Seat 2: sta$igk ($124.76 in chips) is sitting out
Seat 1: nastja336 ($100 in chips) 
Seat 3: mr.Jckpot ($129.03 in chips) 
Seat 4: mariofcd ($104.50 in chips) 
Seat 5: ndrewery1 ($103.55 in chips) 
Seat 6: tasznikl ($11.93 in chips) 
ndrewery1: posts small blind $0.50
tasznikl: posts big blind $1
sta$igk: sits out 
*** HOLE CARDS ***
nastja336: folds 
mr.Jckpot: folds 
mariofcd: raises $1.45 to $2.45
ndrewery1: folds 
tasznikl: folds 
Uncalled bet ($1.45) returned to mariofcd
mariofcd collected $2.50 from pot
mariofcd: doesn't show hand 
*** SUMMARY ***
Total pot $2.50 | Rake $0 
Seat 2: sta$igk
Seat 1: nastja336 folded before Flop (didn't bet)
Seat 3: mr.Jckpot folded before Flop (didn't bet)
Seat 4: mariofcd (button) collected ($2.50)
Seat 5: ndrewery1 (small blind) folded before Flop
Seat 6: tasznikl (big blind) folded before Flop



PokerStars Hand #254567838869:  Hold'em No Limit ($0.50/$1.00 USD) - 2025/01/26 19:58:34 WET [2025/01/26 14:58:34 ET]
Table 'Zita IV' 6-max Seat #5 is the button
Seat 2: sta$igk ($124.76 in chips) is sitting out
Seat 1: nastja336 ($100 in chips) 
Seat 3: mr.Jckpot ($129.03 in chips) 
Seat 4: mariofcd ($106 in chips) 
Seat 5: ndrewery1 ($103.05 in chips) 
Seat 6: tasznikl ($10.93 in chips) 
tasznikl: posts small blind $0.50
nastja336: posts big blind $1
sta$igk: sits out 
*** HOLE CARDS ***
mr.Jckpot: folds 
mariofcd: raises $1.25 to $2.25
ndrewery1: calls $2.25
tasznikl: folds 
nastja336: raises $11.75 to $14
mariofcd: raises $14 to $28
ndrewery1: folds 
nastja336: folds 
Uncalled bet ($14) returned to mariofcd
mariofcd collected $30.75 from pot
mariofcd: doesn't show hand 
*** SUMMARY ***
Total pot $30.75 | Rake $0 
Seat 2: sta$igk
Seat 1: nastja336 (big blind) folded before Flop
Seat 3: mr.Jckpot folded before Flop (didn't bet)
Seat 4: mariofcd collected ($30.75)
Seat 5: ndrewery1 (button) folded before Flop
Seat 6: tasznikl (small blind) folded before Flop



PokerStars Hand #254567845857:  Hold'em No Limit ($0.50/$1.00 USD) - 2025/01/26 19:59:07 WET [2025/01/26 14:59:07 ET]
Table 'Zita IV' 6-max Seat #6 is the button
Seat 1: nastja336 ($100 in chips) 
Seat 2: sta$igk ($124.76 in chips) 
Seat 3: mr.Jckpot ($129.03 in chips) 
Seat 4: mariofcd ($122.75 in chips) 
Seat 5: ndrewery1 ($100.80 in chips) 
Seat 6: tasznikl ($10.43 in chips) 
nastja336: posts small blind $0.50
sta$igk: posts big blind $1
*** HOLE CARDS ***
mr.Jckpot: folds 
mariofcd: folds 
ndrewery1: calls $1
tasznikl: raises $2 to $3
nastja336: folds 
sta$igk: folds 
ndrewery1: calls $2
*** FLOP *** [2h 9d 6h]
ndrewery1: checks 
tasznikl: bets $3.56
ndrewery1: folds 
Uncalled bet ($3.56) returned to tasznikl
tasznikl collected $7.12 from pot
tasznikl: doesn't show hand 
*** SUMMARY ***
Total pot $7.50 | Rake $0.38 
Board [2h 9d 6h]
Seat 1: nastja336 (small blind) folded before Flop
Seat 2: sta$igk (big blind) folded before Flop
Seat 3: mr.Jckpot folded before Flop (didn't bet)
Seat 4: mariofcd folded before Flop (didn't bet)
Seat 5: ndrewery1 folded on the Flop
Seat 6: tasznikl (button) collected ($7.12)



PokerStars Hand #254567852183:  Hold'em No Limit ($0.50/$1.00 USD) - 2025/01/26 19:59:36 WET [2025/01/26 14:59:36 ET]
Table 'Zita IV' 6-max Seat #1 is the button
Seat 1: nastja336 ($100 in chips) 
Seat 2: sta$igk ($123.76 in chips) 
Seat 3: mr.Jckpot ($129.03 in chips) 
Seat 4: mariofcd ($122.75 in chips) 
Seat 5: ndrewery1 ($97.80 in chips) 
Seat 6: tasznikl ($14.55 in chips) 
sta$igk: posts small blind $0.50
mr.Jckpot: posts big blind $1
*** HOLE CARDS ***
mariofcd: folds 
ndrewery1: calls $1
tasznikl: folds 
nastja336: raises $4 to $5
sta$igk: folds 
mr.Jckpot: calls $4
ndrewery1: folds 
*** FLOP *** [Ac 7h Ks]
mr.Jckpot: checks 
nastja336: bets $2.75
mr.Jckpot: folds 
Uncalled bet ($2.75) returned to nastja336
nastja336 collected $10.92 from pot
nastja336: doesn't show hand 
*** SUMMARY ***
Total pot $11.50 | Rake $0.58 
Board [Ac 7h Ks]
Seat 1: nastja336 (button) collected ($10.92)
Seat 2: sta$igk (small blind) folded before Flop
Seat 3: mr.Jckpot (big blind) folded on the Flop
Seat 4: mariofcd folded before Flop (didn't bet)
Seat 5: ndrewery1 folded before Flop
Seat 6: tasznikl folded before Flop (didn't bet)



PokerStars Hand #254567861716:  Hold'em No Limit ($0.50/$1.00 USD) - 2025/01/26 20:00:17 WET [2025/01/26 15:00:17 ET]
Table 'Zita IV' 6-max Seat #2 is the button
Seat 4: mariofcd ($122.75 in chips) is sitting out
Seat 1: nastja336 ($105.92 in chips) 
Seat 2: sta$igk ($123.26 in chips) 
Seat 3: mr.Jckpot ($124.03 in chips) 
Seat 5: ndrewery1 ($96.80 in chips) 
Seat 6: tasznikl ($14.55 in chips) 
mr.Jckpot: posts small blind $0.50
mariofcd: is sitting out 
ndrewery1: posts big blind $1
*** HOLE CARDS ***
tasznikl: raises $1 to $2
nastja336: folds 
mariofcd leaves the table
sta$igk: folds 
mr.Jckpot: folds 
ndrewery1: calls $1
*** FLOP *** [Ad Kh 8h]
alexandr699 joins the table at seat #4 
ndrewery1: bets $2
tasznikl: calls $2
*** TURN *** [Ad Kh 8h] [8c]
ndrewery1: checks 
tasznikl: bets $4.04
ndrewery1: calls $4.04
*** RIVER *** [Ad Kh 8h 8c] [4d]
ndrewery1: checks 
tasznikl: bets $1
ndrewery1: calls $1
*** SHOW DOWN ***
tasznikl: shows [Ah Qs] (two pair, Aces and Eights)
ndrewery1: shows [Tc As] (two pair, Aces and Eights)
ndrewery1 collected $8.83 from pot
tasznikl collected $8.82 from pot
*** SUMMARY ***
Total pot $18.58 | Rake $0.93 
Board [Ad Kh 8h 8c 4d]
Seat 4: mariofcd
Seat 1: nastja336 folded before Flop (didn't bet)
Seat 2: sta$igk (button) folded before Flop (didn't bet)
Seat 3: mr.Jckpot (small blind) folded before Flop
Seat 5: ndrewery1 (big blind) showed [Tc As] and won ($8.83) with two pair, Aces and Eights
Seat 6: tasznikl showed [Ah Qs] and won ($8.82) with two pair, Aces and Eights



PokerStars Hand #254567869023:  Hold'em No Limit ($0.50/$1.00 USD) - 2025/01/26 20:00:48 WET [2025/01/26 15:00:48 ET]
Table 'Zita IV' 6-max Seat #3 is the button
Seat 4: alexandr699 ($100 in chips) is sitting out
Seat 1: nastja336 ($105.92 in chips) 
Seat 2: sta$igk ($123.26 in chips) 
Seat 3: mr.Jckpot ($123.53 in chips) 
Seat 5: ndrewery1 ($96.59 in chips) 
Seat 6: tasznikl ($14.33 in chips) 
ndrewery1: posts small blind $0.50
tasznikl: posts big blind $1
*** HOLE CARDS ***
nastja336: raises $1.50 to $2.50
sta$igk: folds 
mr.Jckpot: folds 
ndrewery1: folds 
tasznikl: folds 
Uncalled bet ($1.50) returned to nastja336
nastja336 collected $2.50 from pot
nastja336: doesn't show hand 
*** SUMMARY ***
Total pot $2.50 | Rake $0 
Seat 4: alexandr699
Seat 1: nastja336 collected ($2.50)
Seat 2: sta$igk folded before Flop (didn't bet)
Seat 3: mr.Jckpot (button) folded before Flop (didn't bet)
Seat 5: ndrewery1 (small blind) folded before Flop
Seat 6: tasznikl (big blind) folded before Flop



PokerStars Hand #254567873010:  Hold'em No Limit ($0.50/$1.00 USD) - 2025/01/26 20:01:04 WET [2025/01/26 15:01:04 ET]
Table 'Zita IV' 6-max Seat #5 is the button
Seat 4: alexandr699 ($100 in chips) is sitting out
Seat 1: nastja336 ($107.42 in chips) 
Seat 2: sta$igk ($123.26 in chips) 
Seat 3: mr.Jckpot ($123.53 in chips) 
Seat 5: ndrewery1 ($96.09 in chips) 
Seat 6: tasznikl ($13.33 in chips) 
tasznikl: posts small blind $0.50
nastja336: posts big blind $1
alexandr699: sits out 
*** HOLE CARDS ***
sta$igk: raises $1.50 to $2.50
mr.Jckpot: folds 
ndrewery1: calls $2.50
tasznikl: calls $2
nastja336: calls $1.50
*** FLOP *** [4h Ah Qh]
tasznikl: checks 
nastja336: checks 
sta$igk: checks 
ndrewery1: checks 
*** TURN *** [4h Ah Qh] [As]
tasznikl: bets $1
nastja336: calls $1
sta$igk: raises $10 to $11
ndrewery1: folds 
tasznikl: folds 
nastja336: folds 
Uncalled bet ($10) returned to sta$igk
sta$igk collected $12.35 from pot
sta$igk: doesn't show hand 
*** SUMMARY ***
Total pot $13 | Rake $0.65 
Board [4h Ah Qh As]
Seat 4: alexandr699
Seat 1: nastja336 (big blind) folded on the Turn
Seat 2: sta$igk collected ($12.35)
Seat 3: mr.Jckpot folded before Flop (didn't bet)
Seat 5: ndrewery1 (button) folded on the Turn
Seat 6: tasznikl (small blind) folded on the Turn



PokerStars Hand #254567888524:  Hold'em No Limit ($0.50/$1.00 USD) - 2025/01/26 20:01:57 WET [2025/01/26 15:01:57 ET]
Table 'Zita IV' 6-max Seat #6 is the button
Seat 4: alexandr699 ($100 in chips) is sitting out
Seat 1: nastja336 ($103.92 in chips) 
Seat 2: sta$igk ($132.11 in chips) 
Seat 3: mr.Jckpot ($123.53 in chips) 
Seat 5: ndrewery1 ($93.59 in chips) 
Seat 6: tasznikl ($10 in chips) 
nastja336: posts small blind $0.50
sta$igk: posts big blind $1
alexandr699: sits out 
*** HOLE CARDS ***
mr.Jckpot: folds 
ndrewery1: folds 
tasznikl: folds 
nastja336: calls $0.50
sta$igk: checks 
*** FLOP *** [8c 6c Qh]
nastja336: bets $1
sta$igk: folds 
Uncalled bet ($1) returned to nastja336
nastja336 collected $1.90 from pot
nastja336: doesn't show hand 
*** SUMMARY ***
Total pot $2 | Rake $0.10 
Board [8c 6c Qh]
Seat 4: alexandr699
Seat 1: nastja336 (small blind) collected ($1.90)
Seat 2: sta$igk (big blind) folded on the Flop
Seat 3: mr.Jckpot folded before Flop (didn't bet)
Seat 5: ndrewery1 folded before Flop (didn't bet)
Seat 6: tasznikl (button) folded before Flop (didn't bet)



PokerStars Hand #254567894772:  Hold'em No Limit ($0.50/$1.00 USD) - 2025/01/26 20:02:17 WET [2025/01/26 15:02:17 ET]
Table 'Zita IV' 6-max Seat #1 is the button
Seat 4: alexandr699 ($100 in chips) is sitting out
Seat 1: nastja336 ($104.82 in chips) 
Seat 2: sta$igk ($131.11 in chips) 
Seat 3: mr.Jckpot ($123.53 in chips) 
Seat 5: ndrewery1 ($93.59 in chips) 
Seat 6: tasznikl ($10 in chips) 
sta$igk: posts small blind $0.50
mr.Jckpot: posts big blind $1
alexandr699: sits out 
*** HOLE CARDS ***
ndrewery1: folds 
tasznikl: folds 
nastja336: folds 
sta$igk: raises $2 to $3
mr.Jckpot: folds 
Uncalled bet ($2) returned to sta$igk
sta$igk collected $2 from pot
sta$igk: doesn't show hand 
*** SUMMARY ***
Total pot $2 | Rake $0 
Seat 4: alexandr699
Seat 1: nastja336 (button) folded before Flop (didn't bet)
Seat 2: sta$igk (small blind) collected ($2)
Seat 3: mr.Jckpot (big blind) folded before Flop
Seat 5: ndrewery1 folded before Flop (didn't bet)
Seat 6: tasznikl folded before Flop (didn't bet)



PokerStars Hand #254567900875:  Hold'em No Limit ($0.50/$1.00 USD) - 2025/01/26 20:02:34 WET [2025/01/26 15:02:34 ET]
Table 'Zita IV' 6-max Seat #2 is the button
Seat 1: nastja336 ($104.82 in chips) 
Seat 2: sta$igk ($132.11 in chips) 
Seat 3: mr.Jckpot ($122.53 in chips) 
Seat 4: alexandr699 ($100 in chips) 
Seat 5: ndrewery1 ($93.59 in chips) 
Seat 6: tasznikl ($10 in chips) 
mr.Jckpot: posts small blind $0.50
alexandr699: posts big blind $1
*** HOLE CARDS ***
ndrewery1: calls $1
tasznikl: folds 
nastja336: folds 
sta$igk: folds 
mr.Jckpot: raises $2.50 to $3.50
alexandr699: folds 
ndrewery1: calls $2.50
*** FLOP *** [Qd Kh 5s]
mr.Jckpot: checks 
ndrewery1: bets $3
mr.Jckpot: folds 
Uncalled bet ($3) returned to ndrewery1
ndrewery1 collected $7.60 from pot
*** SUMMARY ***
Total pot $8 | Rake $0.40 
Board [Qd Kh 5s]
Seat 1: nastja336 folded before Flop (didn't bet)
Seat 2: sta$igk (button) folded before Flop (didn't bet)
Seat 3: mr.Jckpot (small blind) folded on the Flop
Seat 4: alexandr699 (big blind) folded before Flop
Seat 5: ndrewery1 collected ($7.60)
Seat 6: tasznikl folded before Flop (didn't bet)



PokerStars Hand #254567914165:  Hold'em No Limit ($0.50/$1.00 USD) - 2025/01/26 20:03:11 WET [2025/01/26 15:03:11 ET]
Table 'Zita IV' 6-max Seat #3 is the button
Seat 1: nastja336 ($104.82 in chips) 
Seat 2: sta$igk ($132.11 in chips) 
Seat 3: mr.Jckpot ($119.03 in chips) 
Seat 4: alexandr699 ($100 in chips) 
Seat 5: ndrewery1 ($97.69 in chips) 
Seat 6: tasznikl ($10 in chips) 
alexandr699: posts small blind $0.50
ndrewery1: posts big blind $1
*** HOLE CARDS ***
tasznikl: calls $1
nastja336: raises $4 to $5
sta$igk: folds 
mr.Jckpot: folds 
alexandr699: folds 
ndrewery1: folds 
tasznikl: folds 
Uncalled bet ($4) returned to nastja336
nastja336 collected $3.50 from pot
nastja336: doesn't show hand 
*** SUMMARY ***
Total pot $3.50 | Rake $0 
Seat 1: nastja336 collected ($3.50)
Seat 2: sta$igk folded before Flop (didn't bet)
Seat 3: mr.Jckpot (button) folded before Flop (didn't bet)
Seat 4: alexandr699 (small blind) folded before Flop
Seat 5: ndrewery1 (big blind) folded before Flop
Seat 6: tasznikl folded before Flop



PokerStars Hand #254567920885:  Hold'em No Limit ($0.50/$1.00 USD) - 2025/01/26 20:03:30 WET [2025/01/26 15:03:30 ET]
Table 'Zita IV' 6-max Seat #4 is the button
Seat 1: nastja336 ($107.32 in chips) 
Seat 2: sta$igk ($132.11 in chips) 
Seat 3: mr.Jckpot ($119.03 in chips) 
Seat 4: alexandr699 ($100 in chips) 
Seat 5: ndrewery1 ($96.69 in chips) 
Seat 6: tasznikl ($10 in chips) 
ndrewery1: posts small blind $0.50
tasznikl: posts big blind $1
*** HOLE CARDS ***
nastja336: folds 
sta$igk: folds 
mr.Jckpot: folds 
alexandr699: folds 
ndrewery1: calls $0.50
tasznikl: checks 
*** FLOP *** [Th 8s Tc]
ndrewery1: checks 
tasznikl: checks 
*** TURN *** [Th 8s Tc] [3d]
ndrewery1: checks 
tasznikl: checks 
*** RIVER *** [Th 8s Tc 3d] [Kc]
ndrewery1: checks 
tasznikl: checks 
*** SHOW DOWN ***
ndrewery1: shows [Qc Js] (a pair of Tens)
tasznikl: mucks hand 
ndrewery1 collected $1.90 from pot
*** SUMMARY ***
Total pot $2 | Rake $0.10 
Board [Th 8s Tc 3d Kc]
Seat 1: nastja336 folded before Flop (didn't bet)
Seat 2: sta$igk folded before Flop (didn't bet)
Seat 3: mr.Jckpot folded before Flop (didn't bet)
Seat 4: alexandr699 (button) folded before Flop (didn't bet)
Seat 5: ndrewery1 (small blind) showed [Qc Js] and won ($1.90) with a pair of Tens
Seat 6: tasznikl (big blind) mucked



PokerStars Hand #254567933193:  Hold'em No Limit ($0.50/$1.00 USD) - 2025/01/26 20:04:03 WET [2025/01/26 15:04:03 ET]
Table 'Zita IV' 6-max Seat #5 is the button
Seat 1: nastja336 ($107.32 in chips) is sitting out
Seat 2: sta$igk ($132.11 in chips) 
Seat 3: mr.Jckpot ($119.03 in chips) 
Seat 4: alexandr699 ($100 in chips) 
Seat 5: ndrewery1 ($97.59 in chips) 
Seat 6: tasznikl ($10 in chips) 
tasznikl: posts small blind $0.50
nastja336: is sitting out 
sta$igk: posts big blind $1
*** HOLE CARDS ***
nastja336 leaves the table
mr.Jckpot: folds 
alexandr699: folds 
ndrewery1: calls $1
tasznikl: folds 
sta$igk: checks 
*** FLOP *** [8c As Qs]
sta$igk: checks 
ndrewery1: checks 
*** TURN *** [8c As Qs] [2h]
sta$igk: checks 
ndrewery1: checks 
*** RIVER *** [8c As Qs 2h] [Kh]
sta$igk: checks 
ndrewery1: checks 
*** SHOW DOWN ***
sta$igk: shows [8d 3h] (a pair of Eights)
ndrewery1: mucks hand 
sta$igk collected $2.38 from pot
*** SUMMARY ***
Total pot $2.50 | Rake $0.12 
Board [8c As Qs 2h Kh]
Seat 1: nastja336
Seat 2: sta$igk (big blind) showed [8d 3h] and won ($2.38) with a pair of Eights
Seat 3: mr.Jckpot folded before Flop (didn't bet)
Seat 4: alexandr699 folded before Flop (didn't bet)
Seat 5: ndrewery1 (button) mucked
Seat 6: tasznikl (small blind) folded before Flop



PokerStars Hand #254567943491:  Hold'em No Limit ($0.50/$1.00 USD) - 2025/01/26 20:04:31 WET [2025/01/26 15:04:31 ET]
Table 'Zita IV' 6-max Seat #6 is the button
Seat 2: sta$igk ($133.49 in chips) 
Seat 3: mr.Jckpot ($119.03 in chips) 
Seat 4: alexandr699 ($100 in chips) 
Seat 5: ndrewery1 ($96.59 in chips) 
Seat 6: tasznikl ($10 in chips) 
sta$igk: posts small blind $0.50
mr.Jckpot: posts big blind $1
*** HOLE CARDS ***
alexandr699: raises $1.98 to $2.98
ndrewery1: folds 
tasznikl: folds 
sta$igk: folds 
henri789 joins the table at seat #1 
mr.Jckpot: calls $1.98
*** FLOP *** [6s Qs 2d]
mr.Jckpot: checks 
alexandr699: bets $2.03
mr.Jckpot: folds 
Uncalled bet ($2.03) returned to alexandr699
alexandr699 collected $6.14 from pot
alexandr699: doesn't show hand 
*** SUMMARY ***
Total pot $6.46 | Rake $0.32 
Board [6s Qs 2d]
Seat 2: sta$igk (small blind) folded before Flop
Seat 3: mr.Jckpot (big blind) folded on the Flop
Seat 4: alexandr699 collected ($6.14)
Seat 5: ndrewery1 folded before Flop (didn't bet)
Seat 6: tasznikl (button) folded before Flop (didn't bet)



PokerStars Hand #254567956772:  Hold'em No Limit ($0.50/$1.00 USD) - 2025/01/26 20:05:07 WET [2025/01/26 15:05:07 ET]
Table 'Zita IV' 6-max Seat #2 is the button
Seat 1: henri789 ($100 in chips) is sitting out
Seat 2: sta$igk ($132.99 in chips) 
Seat 3: mr.Jckpot ($116.05 in chips) 
Seat 4: alexandr699 ($103.16 in chips) 
Seat 5: ndrewery1 ($96.59 in chips) 
Seat 6: tasznikl ($10 in chips) 
mr.Jckpot: posts small blind $0.50
alexandr699: posts big blind $1
henri789: sits out 
*** HOLE CARDS ***
ndrewery1: calls $1
tasznikl: folds 
sta$igk: folds 
mr.Jckpot: folds 
alexandr699: checks 
*** FLOP *** [Ks 2h 3d]
alexandr699: checks 
ndrewery1: checks 
*** TURN *** [Ks 2h 3d] [As]
alexandr699: checks 
ndrewery1: checks 
*** RIVER *** [Ks 2h 3d As] [5s]
alexandr699: bets $7.14
ndrewery1: folds 
Uncalled bet ($7.14) returned to alexandr699
alexandr699 collected $2.38 from pot
alexandr699: doesn't show hand 
*** SUMMARY ***
Total pot $2.50 | Rake $0.12 
Board [Ks 2h 3d As 5s]
Seat 1: henri789
Seat 2: sta$igk (button) folded before Flop (didn't bet)
Seat 3: mr.Jckpot (small blind) folded before Flop
Seat 4: alexandr699 (big blind) collected ($2.38)
Seat 5: ndrewery1 folded on the River
Seat 6: tasznikl folded before Flop (didn't bet)



PokerStars Hand #254567970764:  Hold'em No Limit ($0.50/$1.00 USD) - 2025/01/26 20:05:43 WET [2025/01/26 15:05:43 ET]
Table 'Zita IV' 6-max Seat #3 is the button
Seat 1: henri789 ($100 in chips) is sitting out
Seat 2: sta$igk ($132.99 in chips) 
Seat 3: mr.Jckpot ($115.55 in chips) 
Seat 4: alexandr699 ($104.54 in chips) 
Seat 5: ndrewery1 ($95.59 in chips) 
Seat 6: tasznikl ($10 in chips) 
alexandr699: posts small blind $0.50
ndrewery1: posts big blind $1
henri789: sits out 
*** HOLE CARDS ***
tasznikl: raises $1 to $2
sta$igk: folds 
mr.Jckpot: folds 
alexandr699: folds 
ndrewery1: folds 
Uncalled bet ($1) returned to tasznikl
tasznikl collected $2.50 from pot
tasznikl: doesn't show hand 
*** SUMMARY ***
Total pot $2.50 | Rake $0 
Seat 1: henri789
Seat 2: sta$igk folded before Flop (didn't bet)
Seat 3: mr.Jckpot (button) folded before Flop (didn't bet)
Seat 4: alexandr699 (small blind) folded before Flop
Seat 5: ndrewery1 (big blind) folded before Flop
Seat 6: tasznikl collected ($2.50)



PokerStars Hand #254567976089:  Hold'em No Limit ($0.50/$1.00 USD) - 2025/01/26 20:05:56 WET [2025/01/26 15:05:56 ET]
Table 'Zita IV' 6-max Seat #4 is the button
Seat 1: henri789 ($100 in chips) is sitting out
Seat 2: sta$igk ($132.99 in chips) 
Seat 3: mr.Jckpot ($115.55 in chips) 
Seat 4: alexandr699 ($104.04 in chips) 
Seat 5: ndrewery1 ($94.59 in chips) 
Seat 6: tasznikl ($11.50 in chips) 
ndrewery1: posts small blind $0.50
tasznikl: posts big blind $1
henri789: sits out 
*** HOLE CARDS ***
sta$igk: raises $1.50 to $2.50
mr.Jckpot: folds 
alexandr699: folds 
ndrewery1: folds 
tasznikl: folds 
Uncalled bet ($1.50) returned to sta$igk
sta$igk collected $2.50 from pot
sta$igk: doesn't show hand 
*** SUMMARY ***
Total pot $2.50 | Rake $0 
Seat 1: henri789
Seat 2: sta$igk collected ($2.50)
Seat 3: mr.Jckpot folded before Flop (didn't bet)
Seat 4: alexandr699 (button) folded before Flop (didn't bet)
Seat 5: ndrewery1 (small blind) folded before Flop
Seat 6: tasznikl (big blind) folded before Flop



PokerStars Hand #254567983111:  Hold'em No Limit ($0.50/$1.00 USD) - 2025/01/26 20:06:15 WET [2025/01/26 15:06:15 ET]
Table 'Zita IV' 6-max Seat #5 is the button
Seat 1: henri789 ($100 in chips) 
Seat 2: sta$igk ($134.49 in chips) 
Seat 3: mr.Jckpot ($115.55 in chips) 
Seat 4: alexandr699 ($104.04 in chips) 
Seat 5: ndrewery1 ($94.09 in chips) 
Seat 6: tasznikl ($10.50 in chips) 
tasznikl: posts small blind $0.50
henri789: posts big blind $1
*** HOLE CARDS ***
sta$igk: folds 
mr.Jckpot: raises $1.50 to $2.50
alexandr699: folds 
ndrewery1: folds 
tasznikl: folds 
henri789: folds 
Uncalled bet ($1.50) returned to mr.Jckpot
mr.Jckpot collected $2.50 from pot
mr.Jckpot: doesn't show hand 
*** SUMMARY ***
Total pot $2.50 | Rake $0 
Seat 1: henri789 (big blind) folded before Flop
Seat 2: sta$igk folded before Flop (didn't bet)
Seat 3: mr.Jckpot collected ($2.50)
Seat 4: alexandr699 folded before Flop (didn't bet)
Seat 5: ndrewery1 (button) folded before Flop (didn't bet)
Seat 6: tasznikl (small blind) folded before Flop



PokerStars Hand #254567990638:  Hold'em No Limit ($0.50/$1.00 USD) - 2025/01/26 20:06:34 WET [2025/01/26 15:06:34 ET]
Table 'Zita IV' 6-max Seat #6 is the button
Seat 1: henri789 ($100 in chips) 
Seat 2: sta$igk ($134.49 in chips) 
Seat 3: mr.Jckpot ($117.05 in chips) 
Seat 4: alexandr699 ($104.04 in chips) 
Seat 5: ndrewery1 ($94.09 in chips) 
Seat 6: tasznikl ($10 in chips) 
henri789: posts small blind $0.50
sta$igk: posts big blind $1
*** HOLE CARDS ***
mr.Jckpot: folds 
alexandr699: raises $1.98 to $2.98
ndrewery1: calls $2.98
tasznikl: folds 
henri789: folds 
sta$igk: folds 
*** FLOP *** [Qd 9h 7s]
alexandr699: bets $21.27
ndrewery1: folds 
Uncalled bet ($21.27) returned to alexandr699
alexandr699 collected $7.09 from pot
alexandr699: doesn't show hand 
*** SUMMARY ***
Total pot $7.46 | Rake $0.37 
Board [Qd 9h 7s]
Seat 1: henri789 (small blind) folded before Flop
Seat 2: sta$igk (big blind) folded before Flop
Seat 3: mr.Jckpot folded before Flop (didn't bet)
Seat 4: alexandr699 collected ($7.09)
Seat 5: ndrewery1 folded on the Flop
Seat 6: tasznikl (button) folded before Flop (didn't bet)



PokerStars Hand #254568005112:  Hold'em No Limit ($0.50/$1.00 USD) - 2025/01/26 20:07:12 WET [2025/01/26 15:07:12 ET]
Table 'Zita IV' 6-max Seat #1 is the button
Seat 1: henri789 ($100 in chips) 
Seat 2: sta$igk ($133.49 in chips) 
Seat 3: mr.Jckpot ($117.05 in chips) 
Seat 4: alexandr699 ($108.15 in chips) 
Seat 5: ndrewery1 ($91.11 in chips) 
Seat 6: tasznikl ($10 in chips) 
sta$igk: posts small blind $0.50
mr.Jckpot: posts big blind $1
*** HOLE CARDS ***
alexandr699: folds 
ndrewery1: folds 
tasznikl: folds 
henri789: folds 
alexandr699 leaves the table
sta$igk: folds 
Uncalled bet ($0.50) returned to mr.Jckpot
mr.Jckpot collected $1 from pot
mr.Jckpot: doesn't show hand 
*** SUMMARY ***
Total pot $1 | Rake $0 
Seat 1: henri789 (button) folded before Flop (didn't bet)
Seat 2: sta$igk (small blind) folded before Flop
Seat 3: mr.Jckpot (big blind) collected ($1)
Seat 4: alexandr699 folded before Flop (didn't bet)
Seat 5: ndrewery1 folded before Flop (didn't bet)
Seat 6: tasznikl folded before Flop (didn't bet)



PokerStars Hand #254568009078:  Hold'em No Limit ($0.50/$1.00 USD) - 2025/01/26 20:07:22 WET [2025/01/26 15:07:22 ET]
Table 'Zita IV' 6-max Seat #2 is the button
Seat 1: henri789 ($100 in chips) 
Seat 2: sta$igk ($132.99 in chips) 
Seat 3: mr.Jckpot ($117.55 in chips) 
Seat 5: ndrewery1 ($91.11 in chips) 
Seat 6: tasznikl ($10 in chips) 
mr.Jckpot: posts small blind $0.50
ndrewery1: posts big blind $1
*** HOLE CARDS ***
tasznikl: folds 
henri789: raises $1.20 to $2.20
sta$igk: folds 
mr.Jckpot: raises $9.80 to $12
ndrewery1: folds 
KarP93 joins the table at seat #4 
henri789: raises $14 to $26
mr.Jckpot: calls $14
*** FLOP *** [2s Jh 8s]
mr.Jckpot: checks 
henri789: bets $13
mr.Jckpot: folds 
Uncalled bet ($13) returned to henri789
henri789 collected $50.50 from pot
henri789: doesn't show hand 
*** SUMMARY ***
Total pot $53 | Rake $2.50 
Board [2s Jh 8s]
Seat 1: henri789 collected ($50.50)
Seat 2: sta$igk (button) folded before Flop (didn't bet)
Seat 3: mr.Jckpot (small blind) folded on the Flop
Seat 5: ndrewery1 (big blind) folded before Flop
Seat 6: tasznikl folded before Flop (didn't bet)



PokerStars Hand #254568035882:  Hold'em No Limit ($0.50/$1.00 USD) - 2025/01/26 20:08:32 WET [2025/01/26 15:08:32 ET]
Table 'Zita IV' 6-max Seat #3 is the button
Seat 4: KarP93 ($100 in chips) is sitting out
Seat 1: henri789 ($124.50 in chips) 
Seat 2: sta$igk ($132.99 in chips) 
Seat 3: mr.Jckpot ($100 in chips) 
Seat 5: ndrewery1 ($90.11 in chips) 
Seat 6: tasznikl ($10 in chips) 
ndrewery1: posts small blind $0.50
tasznikl: posts big blind $1
*** HOLE CARDS ***
henri789: folds 
sta$igk: raises $1.50 to $2.50
mr.Jckpot: raises $5 to $7.50
ndrewery1: folds 
tasznikl: folds 
sta$igk: calls $5
*** FLOP *** [7h 5s 4s]
sta$igk: checks 
mr.Jckpot: checks 
*** TURN *** [7h 5s 4s] [5d]
sta$igk: bets $5.17
mr.Jckpot: folds 
Uncalled bet ($5.17) returned to sta$igk
sta$igk collected $15.68 from pot
sta$igk: doesn't show hand 
*** SUMMARY ***
Total pot $16.50 | Rake $0.82 
Board [7h 5s 4s 5d]
Seat 4: KarP93
Seat 1: henri789 folded before Flop (didn't bet)
Seat 2: sta$igk collected ($15.68)
Seat 3: mr.Jckpot (button) folded on the Turn
Seat 5: ndrewery1 (small blind) folded before Flop
Seat 6: tasznikl (big blind) folded before Flop



PokerStars Hand #254568052071:  Hold'em No Limit ($0.50/$1.00 USD) - 2025/01/26 20:09:14 WET [2025/01/26 15:09:14 ET]
Table 'Zita IV' 6-max Seat #5 is the button
Seat 4: KarP93 ($100 in chips) is sitting out
Seat 1: henri789 ($124.50 in chips) 
Seat 2: sta$igk ($141.17 in chips) 
Seat 3: mr.Jckpot ($100 in chips) 
Seat 5: ndrewery1 ($89.61 in chips) 
Seat 6: tasznikl ($10 in chips) 
tasznikl: posts small blind $0.50
henri789: posts big blind $1
KarP93: sits out 
*** HOLE CARDS ***
sta$igk: folds 
mr.Jckpot: raises $1.50 to $2.50
ndrewery1: folds 
tasznikl: calls $2
henri789: folds 
*** FLOP *** [6h Kc 8d]
tasznikl: checks 
mr.Jckpot: checks 
*** TURN *** [6h Kc 8d] [3h]
tasznikl: bets $1
mr.Jckpot: calls $1
*** RIVER *** [6h Kc 8d 3h] [2s]
tasznikl: checks 
mr.Jckpot: checks 
*** SHOW DOWN ***
tasznikl: shows [7h Ah] (high card Ace)
mr.Jckpot: shows [6c 5c] (a pair of Sixes)
mr.Jckpot collected $7.60 from pot
*** SUMMARY ***
Total pot $8 | Rake $0.40 
Board [6h Kc 8d 3h 2s]
Seat 4: KarP93
Seat 1: henri789 (big blind) folded before Flop
Seat 2: sta$igk folded before Flop (didn't bet)
Seat 3: mr.Jckpot showed [6c 5c] and won ($7.60) with a pair of Sixes
Seat 5: ndrewery1 (button) folded before Flop (didn't bet)
Seat 6: tasznikl (small blind) showed [7h Ah] and lost with high card Ace



PokerStars Hand #254568070429:  Hold'em No Limit ($0.50/$1.00 USD) - 2025/01/26 20:10:01 WET [2025/01/26 15:10:01 ET]
Table 'Zita IV' 6-max Seat #6 is the button
Seat 4: KarP93 ($100 in chips) is sitting out
Seat 1: henri789 ($123.50 in chips) 
Seat 2: sta$igk ($141.17 in chips) 
Seat 3: mr.Jckpot ($104.10 in chips) 
Seat 5: ndrewery1 ($89.61 in chips) 
Seat 6: tasznikl ($10 in chips) 
henri789: posts small blind $0.50
sta$igk: posts big blind $1
KarP93: sits out 
*** HOLE CARDS ***
mr.Jckpot: folds 
ndrewery1: folds 
tasznikl: raises $1 to $2
henri789: folds 
sta$igk: raises $139.17 to $141.17 and is all-in
tasznikl: calls $8 and is all-in
Uncalled bet ($131.17) returned to sta$igk
*** FLOP *** [9d 6h 3s]
*** TURN *** [9d 6h 3s] [8d]
*** RIVER *** [9d 6h 3s 8d] [3c]
*** SHOW DOWN ***
sta$igk: shows [3h Ah] (three of a kind, Threes)
tasznikl: shows [Tc Th] (two pair, Tens and Threes)
sta$igk collected $19.48 from pot
*** SUMMARY ***
Total pot $20.50 | Rake $1.02 
Board [9d 6h 3s 8d 3c]
Seat 4: KarP93
Seat 1: henri789 (small blind) folded before Flop
Seat 2: sta$igk (big blind) showed [3h Ah] and won ($19.48) with three of a kind, Threes
Seat 3: mr.Jckpot folded before Flop (didn't bet)
Seat 5: ndrewery1 folded before Flop (didn't bet)
Seat 6: tasznikl (button) showed [Tc Th] and lost with two pair, Tens and Threes



PokerStars Hand #254568081880:  Hold'em No Limit ($0.50/$1.00 USD) - 2025/01/26 20:10:31 WET [2025/01/26 15:10:31 ET]
Table 'Zita IV' 6-max Seat #1 is the button
Seat 4: KarP93 ($100 in chips) is sitting out
Seat 1: henri789 ($123 in chips) 
Seat 2: sta$igk ($150.65 in chips) 
Seat 3: mr.Jckpot ($104.10 in chips) 
Seat 5: ndrewery1 ($89.61 in chips) 
Seat 6: tasznikl ($10 in chips) 
sta$igk: posts small blind $0.50
mr.Jckpot: posts big blind $1
KarP93: sits out 
*** HOLE CARDS ***
ndrewery1: calls $1
tasznikl: folds 
henri789: raises $3 to $4
sta$igk: folds 
mr.Jckpot: calls $3
ndrewery1: calls $3
*** FLOP *** [6d As 7d]
mr.Jckpot: checks 
ndrewery1: checks 
henri789: bets $3.92
mr.Jckpot: folds 
ndrewery1: folds 
Uncalled bet ($3.92) returned to henri789
henri789 collected $11.88 from pot
henri789: doesn't show hand 
*** SUMMARY ***
Total pot $12.50 | Rake $0.62 
Board [6d As 7d]
Seat 4: KarP93
Seat 1: henri789 (button) collected ($11.88)
Seat 2: sta$igk (small blind) folded before Flop
Seat 3: mr.Jckpot (big blind) folded on the Flop
Seat 5: ndrewery1 folded on the Flop
Seat 6: tasznikl folded before Flop (didn't bet)



PokerStars Hand #254568104055:  Hold'em No Limit ($0.50/$1.00 USD) - 2025/01/26 20:11:28 WET [2025/01/26 15:11:28 ET]
Table 'Zita IV' 6-max Seat #2 is the button
Seat 1: henri789 ($130.88 in chips) 
Seat 2: sta$igk ($150.15 in chips) 
Seat 3: mr.Jckpot ($100.10 in chips) 
Seat 4: KarP93 ($100 in chips) 
Seat 5: ndrewery1 ($85.61 in chips) 
Seat 6: tasznikl ($10 in chips) 
mr.Jckpot: posts small blind $0.50
KarP93: posts big blind $1
*** HOLE CARDS ***
ndrewery1: calls $1
tasznikl: calls $1
henri789: folds 
sta$igk: folds 
mr.Jckpot: folds 
KarP93: checks 
*** FLOP *** [Js Qs 4h]
KarP93: checks 
ndrewery1: checks 
tasznikl: checks 
*** TURN *** [Js Qs 4h] [9s]
KarP93: bets $2.49
ndrewery1: folds 
tasznikl: calls $2.49
*** RIVER *** [Js Qs 4h 9s] [3c]
KarP93: bets $6.05
tasznikl: folds 
Uncalled bet ($6.05) returned to KarP93
KarP93 collected $8.06 from pot
KarP93: doesn't show hand 
*** SUMMARY ***
Total pot $8.48 | Rake $0.42 
Board [Js Qs 4h 9s 3c]
Seat 1: henri789 folded before Flop (didn't bet)
Seat 2: sta$igk (button) folded before Flop (didn't bet)
Seat 3: mr.Jckpot (small blind) folded before Flop
Seat 4: KarP93 (big blind) collected ($8.06)
Seat 5: ndrewery1 folded on the Turn
Seat 6: tasznikl folded on the River



PokerStars Hand #254568128407:  Hold'em No Limit ($0.50/$1.00 USD) - 2025/01/26 20:12:31 WET [2025/01/26 15:12:31 ET]
Table 'Zita IV' 6-max Seat #3 is the button
Seat 1: henri789 ($130.88 in chips) 
Seat 2: sta$igk ($150.15 in chips) 
Seat 3: mr.Jckpot ($100 in chips) 
Seat 4: KarP93 ($104.57 in chips) 
Seat 5: ndrewery1 ($84.61 in chips) 
Seat 6: tasznikl ($10 in chips) 
KarP93: posts small blind $0.50
ndrewery1: posts big blind $1
*** HOLE CARDS ***
tasznikl: folds 
henri789: folds 
sta$igk: raises $1.50 to $2.50
mr.Jckpot: raises $5 to $7.50
KarP93: folds 
ndrewery1: folds 
sta$igk: folds 
Uncalled bet ($5) returned to mr.Jckpot
mr.Jckpot collected $6.50 from pot
mr.Jckpot: doesn't show hand 
*** SUMMARY ***
Total pot $6.50 | Rake $0 
Seat 1: henri789 folded before Flop (didn't bet)
Seat 2: sta$igk folded before Flop
Seat 3: mr.Jckpot (button) collected ($6.50)
Seat 4: KarP93 (small blind) folded before Flop
Seat 5: ndrewery1 (big blind) folded before Flop
Seat 6: tasznikl folded before Flop (didn't bet)



PokerStars Hand #254568134886:  Hold'em No Limit ($0.50/$1.00 USD) - 2025/01/26 20:12:47 WET [2025/01/26 15:12:47 ET]
Table 'Zita IV' 6-max Seat #4 is the button
Seat 1: henri789 ($130.88 in chips) 
Seat 2: sta$igk ($147.65 in chips) 
Seat 3: mr.Jckpot ($104 in chips) 
Seat 4: KarP93 ($104.07 in chips) 
Seat 5: ndrewery1 ($83.61 in chips) 
Seat 6: tasznikl ($10 in chips) 
ndrewery1: posts small blind $0.50
tasznikl: posts big blind $1
*** HOLE CARDS ***
henri789: raises $1.20 to $2.20
sta$igk: folds 
mr.Jckpot: folds 
KarP93: folds 
ndrewery1: calls $1.70
tasznikl: calls $1.20
*** FLOP *** [Th 9s Jd]
ndrewery1: bets $3
tasznikl: calls $3
henri789: calls $3
*** TURN *** [Th 9s Jd] [3h]
ndrewery1: bets $5
tasznikl: calls $4.80 and is all-in
henri789: folds 
Uncalled bet ($0.20) returned to ndrewery1
*** RIVER *** [Th 9s Jd 3h] [4d]
*** SHOW DOWN ***
ndrewery1: shows [Kd Qc] (a straight, Nine to King)
tasznikl: shows [Qh Js] (a pair of Jacks)
ndrewery1 collected $23.94 from pot
*** SUMMARY ***
Total pot $25.20 | Rake $1.26 
Board [Th 9s Jd 3h 4d]
Seat 1: henri789 folded on the Turn
Seat 2: sta$igk folded before Flop (didn't bet)
Seat 3: mr.Jckpot folded before Flop (didn't bet)
Seat 4: KarP93 (button) folded before Flop (didn't bet)
Seat 5: ndrewery1 (small blind) showed [Kd Qc] and won ($23.94) with a straight, Nine to King
Seat 6: tasznikl (big blind) showed [Qh Js] and lost with a pair of Jacks



PokerStars Hand #254568158196:  Hold'em No Limit ($0.50/$1.00 USD) - 2025/01/26 20:13:48 WET [2025/01/26 15:13:48 ET]
Table 'Zita IV' 6-max Seat #5 is the button
Seat 1: henri789 ($125.68 in chips) 
Seat 2: sta$igk ($147.65 in chips) 
Seat 3: mr.Jckpot ($104 in chips) 
Seat 4: KarP93 ($104.07 in chips) 
Seat 5: ndrewery1 ($97.55 in chips) 
Seat 6: tasznikl ($10 in chips) 
tasznikl: posts small blind $0.50
henri789: posts big blind $1
*** HOLE CARDS ***
sta$igk: folds 
mr.Jckpot: raises $1.50 to $2.50
KarP93: folds 
ndrewery1: calls $2.50
tasznikl: folds 
henri789: folds 
*** FLOP *** [Ts 9s 8s]
mr.Jckpot: checks 
sta$igk leaves the table
ndrewery1: bets $3
mr.Jckpot: folds 
Uncalled bet ($3) returned to ndrewery1
ndrewery1 collected $6.18 from pot
ndrewery1: doesn't show hand 
*** SUMMARY ***
Total pot $6.50 | Rake $0.32 
Board [Ts 9s 8s]
Seat 1: henri789 (big blind) folded before Flop
Seat 2: sta$igk folded before Flop (didn't bet)
Seat 3: mr.Jckpot folded on the Flop
Seat 4: KarP93 folded before Flop (didn't bet)
Seat 5: ndrewery1 (button) collected ($6.18)
Seat 6: tasznikl (small blind) folded before Flop



PokerStars Hand #254568170047:  Hold'em No Limit ($0.50/$1.00 USD) - 2025/01/26 20:14:18 WET [2025/01/26 15:14:18 ET]
Table 'Zita IV' 6-max Seat #6 is the button
Seat 1: henri789 ($124.68 in chips) 
Seat 3: mr.Jckpot ($101.50 in chips) 
Seat 4: KarP93 ($104.07 in chips) 
Seat 5: ndrewery1 ($101.23 in chips) 
Seat 6: tasznikl ($10 in chips) 
henri789: posts small blind $0.50
mr.Jckpot: posts big blind $1
*** HOLE CARDS ***
KarP93: raises $1.50 to $2.50
ndrewery1: calls $2.50
tasznikl: calls $2.50
henri789: folds 
mr.Jckpot: folds 
*** FLOP *** [9s Tc 3c]
yzuk joins the table at seat #2 
KarP93: checks 
ndrewery1: bets $3
tasznikl: calls $3
KarP93: calls $3
*** TURN *** [9s Tc 3c] [3h]
KarP93: checks 
ndrewery1: bets $3
tasznikl: calls $3
KarP93: folds 
*** RIVER *** [9s Tc 3c 3h] [5s]
ndrewery1: bets $2
tasznikl: calls $1.50 and is all-in
Uncalled bet ($0.50) returned to ndrewery1
*** SHOW DOWN ***
ndrewery1: shows [9h 2h] (two pair, Nines and Threes)
tasznikl: shows [6d 9d] (two pair, Nines and Threes)
ndrewery1 collected $12.83 from pot
tasznikl collected $12.82 from pot
*** SUMMARY ***
Total pot $27 | Rake $1.35 
Board [9s Tc 3c 3h 5s]
Seat 1: henri789 (small blind) folded before Flop
Seat 3: mr.Jckpot (big blind) folded before Flop
Seat 4: KarP93 folded on the Turn
Seat 5: ndrewery1 showed [9h 2h] and won ($12.83) with two pair, Nines and Threes
Seat 6: tasznikl (button) showed [6d 9d] and won ($12.82) with two pair, Nines and Threes



PokerStars Hand #254568200170:  Hold'em No Limit ($0.50/$1.00 USD) - 2025/01/26 20:15:36 WET [2025/01/26 15:15:36 ET]
Table 'Zita IV' 6-max Seat #1 is the button
Seat 2: yzuk ($100 in chips) is sitting out
Seat 4: KarP93 ($100 in chips) is sitting out
Seat 1: henri789 ($124.18 in chips) 
Seat 3: mr.Jckpot ($100.50 in chips) 
Seat 5: ndrewery1 ($104.06 in chips) 
Seat 6: tasznikl ($12.82 in chips) 
mr.Jckpot: posts small blind $0.50
KarP93: is sitting out 
ndrewery1: posts big blind $1
*** HOLE CARDS ***
tasznikl: folds 
henri789: folds 
mr.Jckpot: folds 
Uncalled bet ($0.50) returned to ndrewery1
ndrewery1 collected $1 from pot
ndrewery1: doesn't show hand 
*** SUMMARY ***
Total pot $1 | Rake $0 
Seat 2: yzuk
Seat 4: KarP93
Seat 1: henri789 (button) folded before Flop (didn't bet)
Seat 3: mr.Jckpot (small blind) folded before Flop
Seat 5: ndrewery1 (big blind) collected ($1)
Seat 6: tasznikl folded before Flop (didn't bet)



PokerStars Hand #254568204110:  Hold'em No Limit ($0.50/$1.00 USD) - 2025/01/26 20:15:46 WET [2025/01/26 15:15:46 ET]
Table 'Zita IV' 6-max Seat #3 is the button
Seat 2: yzuk ($100 in chips) is sitting out
Seat 4: KarP93 ($100 in chips) is sitting out
Seat 1: henri789 ($124.18 in chips) 
Seat 3: mr.Jckpot ($100 in chips) 
Seat 5: ndrewery1 ($104.56 in chips) 
Seat 6: tasznikl ($12.82 in chips) 
ndrewery1: posts small blind $0.50
tasznikl: posts big blind $1
yzuk: sits out 
*** HOLE CARDS ***
henri789: folds 
mr.Jckpot: folds 
ndrewery1: folds 
Uncalled bet ($0.50) returned to tasznikl
tasznikl collected $1 from pot
KarP93 leaves the table
tasznikl: doesn't show hand 
*** SUMMARY ***
Total pot $1 | Rake $0 
Seat 2: yzuk
Seat 4: KarP93
Seat 1: henri789 folded before Flop (didn't bet)
Seat 3: mr.Jckpot (button) folded before Flop (didn't bet)
Seat 5: ndrewery1 (small blind) folded before Flop
Seat 6: tasznikl (big blind) collected ($1)



PokerStars Hand #254568207541:  Hold'em No Limit ($0.50/$1.00 USD) - 2025/01/26 20:15:55 WET [2025/01/26 15:15:55 ET]
Table 'Zita IV' 6-max Seat #5 is the button
Seat 2: yzuk ($100 in chips) is sitting out
Seat 1: henri789 ($124.18 in chips) 
Seat 3: mr.Jckpot ($100 in chips) 
Seat 5: ndrewery1 ($104.06 in chips) 
Seat 6: tasznikl ($13.32 in chips) 
tasznikl: posts small blind $0.50
henri789: posts big blind $1
yzuk: sits out 
*** HOLE CARDS ***
mr.Jckpot: raises $1.50 to $2.50
ndrewery1: calls $2.50
tasznikl: calls $2
henri789: calls $1.50
*** FLOP *** [3s 5c Td]
tasznikl: checks 
henri789: checks 
mr.Jckpot: bets $6.27
ndrewery1: folds 
tasznikl: folds 
henri789: calls $6.27
*** TURN *** [3s 5c Td] [2d]
henri789: checks 
mr.Jckpot: bets $16
kars0n joins the table at seat #4 
henri789: folds 
Uncalled bet ($16) returned to mr.Jckpot
mr.Jckpot collected $21.54 from pot
mr.Jckpot: doesn't show hand 
*** SUMMARY ***
Total pot $22.54 | Rake $1 
Board [3s 5c Td 2d]
Seat 2: yzuk
Seat 1: henri789 (big blind) folded on the Turn
Seat 3: mr.Jckpot collected ($21.54)
Seat 5: ndrewery1 (button) folded on the Flop
Seat 6: tasznikl (small blind) folded on the Flop



PokerStars Hand #254568239867:  Hold'em No Limit ($0.50/$1.00 USD) - 2025/01/26 20:17:18 WET [2025/01/26 15:17:18 ET]
Table 'Zita IV' 6-max Seat #6 is the button
Seat 4: kars0n ($100 in chips) is sitting out
Seat 1: henri789 ($115.41 in chips) 
Seat 2: yzuk ($100 in chips) 
Seat 3: mr.Jckpot ($112.77 in chips) 
Seat 5: ndrewery1 ($101.56 in chips) 
Seat 6: tasznikl ($82.87 in chips) 
henri789: posts small blind $0.50
yzuk: posts big blind $1
kars0n: sits out 
*** HOLE CARDS ***
mr.Jckpot: folds 
ndrewery1: calls $1
tasznikl: calls $1
henri789: folds 
yzuk: checks 
*** FLOP *** [6s Tc Qd]
yzuk: checks 
ndrewery1: checks 
tasznikl: checks 
*** TURN *** [6s Tc Qd] [2h]
yzuk: checks 
ndrewery1: checks 
tasznikl: bets $1
yzuk: folds 
ndrewery1: folds 
Uncalled bet ($1) returned to tasznikl
tasznikl collected $3.32 from pot
tasznikl: doesn't show hand 
*** SUMMARY ***
Total pot $3.50 | Rake $0.18 
Board [6s Tc Qd 2h]
Seat 4: kars0n
Seat 1: henri789 (small blind) folded before Flop
Seat 2: yzuk (big blind) folded on the Turn
Seat 3: mr.Jckpot folded before Flop (didn't bet)
Seat 5: ndrewery1 folded on the Turn
Seat 6: tasznikl (button) collected ($3.32)



PokerStars Hand #254568256737:  Hold'em No Limit ($0.50/$1.00 USD) - 2025/01/26 20:18:02 WET [2025/01/26 15:18:02 ET]
Table 'Zita IV' 6-max Seat #1 is the button
Seat 4: kars0n ($100 in chips) is sitting out
Seat 1: henri789 ($114.91 in chips) 
Seat 2: yzuk ($100 in chips) 
Seat 3: mr.Jckpot ($112.77 in chips) 
Seat 5: ndrewery1 ($100.56 in chips) 
Seat 6: tasznikl ($85.19 in chips) 
yzuk: posts small blind $0.50
mr.Jckpot: posts big blind $1
kars0n: sits out 
*** HOLE CARDS ***
ndrewery1: calls $1
tasznikl: folds 
henri789: folds 
yzuk: folds 
mr.Jckpot: raises $2.50 to $3.50
ndrewery1: folds 
Uncalled bet ($2.50) returned to mr.Jckpot
mr.Jckpot collected $2.50 from pot
mr.Jckpot: doesn't show hand 
*** SUMMARY ***
Total pot $2.50 | Rake $0 
Seat 4: kars0n
Seat 1: henri789 (button) folded before Flop (didn't bet)
Seat 2: yzuk (small blind) folded before Flop
Seat 3: mr.Jckpot (big blind) collected ($2.50)
Seat 5: ndrewery1 folded before Flop
Seat 6: tasznikl folded before Flop (didn't bet)



PokerStars Hand #254568266074:  Hold'em No Limit ($0.50/$1.00 USD) - 2025/01/26 20:18:26 WET [2025/01/26 15:18:26 ET]
Table 'Zita IV' 6-max Seat #2 is the button
Seat 1: henri789 ($114.91 in chips) 
Seat 2: yzuk ($100 in chips) 
Seat 3: mr.Jckpot ($114.27 in chips) 
Seat 4: kars0n ($100 in chips) 
Seat 5: ndrewery1 ($99.56 in chips) 
Seat 6: tasznikl ($85.19 in chips) 
mr.Jckpot: posts small blind $0.50
kars0n: posts big blind $1
*** HOLE CARDS ***
ndrewery1: folds 
tasznikl: raises $1 to $2
henri789: folds 
yzuk: folds 
mr.Jckpot: folds 
kars0n: folds 
Uncalled bet ($1) returned to tasznikl
tasznikl collected $2.50 from pot
tasznikl: doesn't show hand 
*** SUMMARY ***
Total pot $2.50 | Rake $0 
Seat 1: henri789 folded before Flop (didn't bet)
Seat 2: yzuk (button) folded before Flop (didn't bet)
Seat 3: mr.Jckpot (small blind) folded before Flop
Seat 4: kars0n (big blind) folded before Flop
Seat 5: ndrewery1 folded before Flop (didn't bet)
Seat 6: tasznikl collected ($2.50)



PokerStars Hand #254568272371:  Hold'em No Limit ($0.50/$1.00 USD) - 2025/01/26 20:18:43 WET [2025/01/26 15:18:43 ET]
Table 'Zita IV' 6-max Seat #3 is the button
Seat 1: henri789 ($114.91 in chips) 
Seat 2: yzuk ($100 in chips) 
Seat 3: mr.Jckpot ($113.77 in chips) 
Seat 4: kars0n ($100 in chips) 
Seat 5: ndrewery1 ($99.56 in chips) 
Seat 6: tasznikl ($86.69 in chips) 
kars0n: posts small blind $0.50
ndrewery1: posts big blind $1
*** HOLE CARDS ***
tasznikl: folds 
henri789: folds 
yzuk: raises $1.50 to $2.50
mr.Jckpot: folds 
kars0n: folds 
ndrewery1: calls $1.50
*** FLOP *** [4h 5s Jh]
ndrewery1: checks 
yzuk: checks 
*** TURN *** [4h 5s Jh] [3h]
ndrewery1: bets $3
yzuk: calls $3
*** RIVER *** [4h 5s Jh 3h] [4c]
ndrewery1: bets $4
yzuk: raises $11 to $15
ndrewery1: folds 
Uncalled bet ($11) returned to yzuk
yzuk collected $18.52 from pot
yzuk: doesn't show hand 
*** SUMMARY ***
Total pot $19.50 | Rake $0.98 
Board [4h 5s Jh 3h 4c]
Seat 1: henri789 folded before Flop (didn't bet)
Seat 2: yzuk collected ($18.52)
Seat 3: mr.Jckpot (button) folded before Flop (didn't bet)
Seat 4: kars0n (small blind) folded before Flop
Seat 5: ndrewery1 (big blind) folded on the River
Seat 6: tasznikl folded before Flop (didn't bet)



PokerStars Hand #254568288582:  Hold'em No Limit ($0.50/$1.00 USD) - 2025/01/26 20:19:24 WET [2025/01/26 15:19:24 ET]
Table 'Zita IV' 6-max Seat #4 is the button
Seat 1: henri789 ($114.91 in chips) 
Seat 2: yzuk ($109.02 in chips) 
Seat 3: mr.Jckpot ($113.77 in chips) 
Seat 4: kars0n ($100 in chips) 
Seat 5: ndrewery1 ($90.06 in chips) 
Seat 6: tasznikl ($86.69 in chips) 
ndrewery1: posts small blind $0.50
tasznikl: posts big blind $1
*** HOLE CARDS ***
henri789: folds 
yzuk: folds 
mr.Jckpot: folds 
kars0n: raises $1.50 to $2.50
ndrewery1: folds 
tasznikl: folds 
Uncalled bet ($1.50) returned to kars0n
kars0n collected $2.50 from pot
kars0n: doesn't show hand 
*** SUMMARY ***
Total pot $2.50 | Rake $0 
Seat 1: henri789 folded before Flop (didn't bet)
Seat 2: yzuk folded before Flop (didn't bet)
Seat 3: mr.Jckpot folded before Flop (didn't bet)
Seat 4: kars0n (button) collected ($2.50)
Seat 5: ndrewery1 (small blind) folded before Flop
Seat 6: tasznikl (big blind) folded before Flop



PokerStars Hand #254568294478:  Hold'em No Limit ($0.50/$1.00 USD) - 2025/01/26 20:19:40 WET [2025/01/26 15:19:40 ET]
Table 'Zita IV' 6-max Seat #5 is the button
Seat 1: henri789 ($114.91 in chips) 
Seat 2: yzuk ($109.02 in chips) 
Seat 3: mr.Jckpot ($113.77 in chips) 
Seat 4: kars0n ($101.50 in chips) 
Seat 5: ndrewery1 ($89.56 in chips) 
Seat 6: tasznikl ($85.69 in chips) 
tasznikl: posts small blind $0.50
henri789: posts big blind $1
*** HOLE CARDS ***
yzuk: folds 
mr.Jckpot: raises $1.50 to $2.50
kars0n: folds 
ndrewery1: folds 
tasznikl: calls $2
henri789: raises $11.50 to $14
mr.Jckpot: folds 
tasznikl: folds 
Uncalled bet ($11.50) returned to henri789
henri789 collected $7.50 from pot
henri789: doesn't show hand 
*** SUMMARY ***
Total pot $7.50 | Rake $0 
Seat 1: henri789 (big blind) collected ($7.50)
Seat 2: yzuk folded before Flop (didn't bet)
Seat 3: mr.Jckpot folded before Flop
Seat 4: kars0n folded before Flop (didn't bet)
Seat 5: ndrewery1 (button) folded before Flop (didn't bet)
Seat 6: tasznikl (small blind) folded before Flop



PokerStars Hand #254568307125:  Hold'em No Limit ($0.50/$1.00 USD) - 2025/01/26 20:20:12 WET [2025/01/26 15:20:12 ET]
Table 'Zita IV' 6-max Seat #6 is the button
Seat 1: henri789 ($119.91 in chips) 
Seat 2: yzuk ($109.02 in chips) 
Seat 3: mr.Jckpot ($111.27 in chips) 
Seat 4: kars0n ($101.50 in chips) 
Seat 5: ndrewery1 ($89.56 in chips) 
Seat 6: tasznikl ($83.19 in chips) 
henri789: posts small blind $0.50
yzuk: posts big blind $1
*** HOLE CARDS ***
mr.Jckpot: folds 
kars0n: raises $1 to $2
ndrewery1: raises $3 to $5
tasznikl: folds 
henri789: folds 
yzuk: folds 
kars0n: raises $8 to $13
ndrewery1: calls $8
*** FLOP *** [7s 3c 8s]
kars0n: bets $19.59
ndrewery1: raises $56.97 to $76.56 and is all-in
kars0n: calls $56.97
*** TURN *** [7s 3c 8s] [2d]
*** RIVER *** [7s 3c 8s 2d] [4s]
*** SHOW DOWN ***
kars0n: shows [Jh Jc] (a pair of Jacks)
ndrewery1: shows [Ac 8c] (a pair of Eights)
kars0n collected $178.12 from pot
*** SUMMARY ***
Total pot $180.62 | Rake $2.50 
Board [7s 3c 8s 2d 4s]
Seat 1: henri789 (small blind) folded before Flop
Seat 2: yzuk (big blind) folded before Flop
Seat 3: mr.Jckpot folded before Flop (didn't bet)
Seat 4: kars0n showed [Jh Jc] and won ($178.12) with a pair of Jacks
Seat 5: ndrewery1 showed [Ac 8c] and lost with a pair of Eights
Seat 6: tasznikl (button) folded before Flop (didn't bet)



PokerStars Hand #254568330771:  Hold'em No Limit ($0.50/$1.00 USD) - 2025/01/26 20:21:14 WET [2025/01/26 15:21:14 ET]
Table 'Zita IV' 6-max Seat #1 is the button
Seat 1: henri789 ($119.41 in chips) 
Seat 2: yzuk ($108.02 in chips) 
Seat 3: mr.Jckpot ($111.27 in chips) 
Seat 4: kars0n ($190.06 in chips) 
Seat 6: tasznikl ($83.19 in chips) 
yzuk: posts small blind $0.50
mr.Jckpot: posts big blind $1
*** HOLE CARDS ***
kars0n: folds 
tasznikl: folds 
henri789: folds 
mchyno27 joins the table at seat #5 
mchyno27 is disconnected 
yzuk: folds 
Uncalled bet ($0.50) returned to mr.Jckpot
mr.Jckpot collected $1 from pot
mr.Jckpot: doesn't show hand 
*** SUMMARY ***
Total pot $1 | Rake $0 
Seat 1: henri789 (button) folded before Flop (didn't bet)
Seat 2: yzuk (small blind) folded before Flop
Seat 3: mr.Jckpot (big blind) collected ($1)
Seat 4: kars0n folded before Flop (didn't bet)
Seat 6: tasznikl folded before Flop (didn't bet)



PokerStars Hand #254568335616:  Hold'em No Limit ($0.50/$1.00 USD) - 2025/01/26 20:21:26 WET [2025/01/26 15:21:26 ET]
Table 'Zita IV' 6-max Seat #2 is the button
Seat 1: henri789 ($119.41 in chips) 
Seat 2: yzuk ($107.52 in chips) 
Seat 3: mr.Jckpot ($111.77 in chips) 
Seat 4: kars0n ($190.06 in chips) 
Seat 5: mchyno27 ($10 in chips) 
Seat 6: tasznikl ($83.19 in chips) 
mr.Jckpot: posts small blind $0.50
kars0n: posts big blind $1
mchyno27: posts big blind $1
*** HOLE CARDS ***
mchyno27: checks 
tasznikl: folds 
henri789: folds 
yzuk: folds 
yzuk leaves the table
mr.Jckpot: folds 
kars0n: checks 
*** FLOP *** [2c Ad 9h]
TCK2 joins the table at seat #2 
kars0n: checks 
mchyno27: checks 
*** TURN *** [2c Ad 9h] [6h]
kars0n: checks 
mchyno27: checks 
*** RIVER *** [2c Ad 9h 6h] [4h]
kars0n: checks 
mchyno27: checks 
*** SHOW DOWN ***
kars0n: shows [Kd 2s] (a pair of Deuces)
mchyno27: shows [Ts 4d] (a pair of Fours)
mchyno27 collected $2.38 from pot
*** SUMMARY ***
Total pot $2.50 | Rake $0.12 
Board [2c Ad 9h 6h 4h]
Seat 1: henri789 folded before Flop (didn't bet)
Seat 2: yzuk (button) folded before Flop (didn't bet)
Seat 3: mr.Jckpot (small blind) folded before Flop
Seat 4: kars0n (big blind) showed [Kd 2s] and lost with a pair of Deuces
Seat 5: mchyno27 showed [Ts 4d] and won ($2.38) with a pair of Fours
Seat 6: tasznikl folded before Flop (didn't bet)



PokerStars Hand #254568349257:  Hold'em No Limit ($0.50/$1.00 USD) - 2025/01/26 20:22:02 WET [2025/01/26 15:22:02 ET]
Table 'Zita IV' 6-max Seat #3 is the button
Seat 2: TCK2 ($10 in chips) is sitting out
Seat 1: henri789 ($119.41 in chips) 
Seat 3: mr.Jckpot ($111.27 in chips) 
Seat 4: kars0n ($189.06 in chips) 
Seat 5: mchyno27 ($11.38 in chips) 
Seat 6: tasznikl ($83.19 in chips) 
kars0n: posts small blind $0.50
mchyno27: posts big blind $1
TCK2: sits out 
*** HOLE CARDS ***
tasznikl: raises $1 to $2
henri789: folds 
mr.Jckpot: folds 
kars0n: folds 
mchyno27: calls $1
*** FLOP *** [8h Qs 2s]
mchyno27: checks 
tasznikl: bets $2.14
mchyno27: folds 
Uncalled bet ($2.14) returned to tasznikl
tasznikl collected $4.28 from pot
tasznikl: doesn't show hand 
*** SUMMARY ***
Total pot $4.50 | Rake $0.22 
Board [8h Qs 2s]
Seat 2: TCK2
Seat 1: henri789 folded before Flop (didn't bet)
Seat 3: mr.Jckpot (button) folded before Flop (didn't bet)
Seat 4: kars0n (small blind) folded before Flop
Seat 5: mchyno27 (big blind) folded on the Flop
Seat 6: tasznikl collected ($4.28)



PokerStars Hand #254568357736:  Hold'em No Limit ($0.50/$1.00 USD) - 2025/01/26 20:22:24 WET [2025/01/26 15:22:24 ET]
Table 'Zita IV' 6-max Seat #4 is the button
Seat 2: TCK2 ($10 in chips) is sitting out
Seat 1: henri789 ($119.41 in chips) 
Seat 3: mr.Jckpot ($111.27 in chips) 
Seat 4: kars0n ($188.56 in chips) 
Seat 5: mchyno27 ($9.38 in chips) 
Seat 6: tasznikl ($85.47 in chips) 
mchyno27: posts small blind $0.50
tasznikl: posts big blind $1
TCK2: sits out 
*** HOLE CARDS ***
henri789: folds 
mr.Jckpot: raises $1.50 to $2.50
kars0n: folds 
mchyno27: folds 
tasznikl: calls $1.50
*** FLOP *** [Kd Qh 9c]
tasznikl: checks 
mr.Jckpot: bets $1.72
tasznikl: calls $1.72
*** TURN *** [Kd Qh 9c] [9s]
tasznikl: checks 
mr.Jckpot: bets $5.60
tasznikl: calls $5.60
*** RIVER *** [Kd Qh 9c 9s] [Qc]
tasznikl: checks 
mr.Jckpot: bets $11.50
tasznikl: folds 
Uncalled bet ($11.50) returned to mr.Jckpot
mr.Jckpot collected $19.13 from pot
mr.Jckpot: doesn't show hand 
*** SUMMARY ***
Total pot $20.14 | Rake $1.01 
Board [Kd Qh 9c 9s Qc]
Seat 2: TCK2
Seat 1: henri789 folded before Flop (didn't bet)
Seat 3: mr.Jckpot collected ($19.13)
Seat 4: kars0n (button) folded before Flop (didn't bet)
Seat 5: mchyno27 (small blind) folded before Flop
Seat 6: tasznikl (big blind) folded on the River



PokerStars Hand #254568379572:  Hold'em No Limit ($0.50/$1.00 USD) - 2025/01/26 20:23:20 WET [2025/01/26 15:23:20 ET]
Table 'Zita IV' 6-max Seat #5 is the button
Seat 2: TCK2 ($10 in chips) is sitting out
Seat 1: henri789 ($119.41 in chips) 
Seat 3: mr.Jckpot ($120.58 in chips) 
Seat 4: kars0n ($188.56 in chips) 
Seat 5: mchyno27 ($8.88 in chips) 
Seat 6: tasznikl ($75.65 in chips) 
tasznikl: posts small blind $0.50
henri789: posts big blind $1
TCK2: sits out 
*** HOLE CARDS ***
mr.Jckpot: folds 
kars0n: raises $1.50 to $2.50
mchyno27: folds 
tasznikl: calls $2
henri789: calls $1.50
*** FLOP *** [7s 9c 6c]
tasznikl: checks 
henri789: checks 
kars0n: checks 
*** TURN *** [7s 9c 6c] [Ts]
tasznikl: bets $1
henri789: raises $6.84 to $7.84
kars0n: calls $7.84
tasznikl: folds 
*** RIVER *** [7s 9c 6c Ts] [4d]
henri789: bets $16
kars0n: folds 
Uncalled bet ($16) returned to henri789
henri789 collected $22.97 from pot
henri789: doesn't show hand 
*** SUMMARY ***
Total pot $24.18 | Rake $1.21 
Board [7s 9c 6c Ts 4d]
Seat 2: TCK2
Seat 1: henri789 (big blind) collected ($22.97)
Seat 3: mr.Jckpot folded before Flop (didn't bet)
Seat 4: kars0n folded on the River
Seat 5: mchyno27 (button) folded before Flop (didn't bet)
Seat 6: tasznikl (small blind) folded on the Turn



PokerStars Hand #254568415188:  Hold'em No Limit ($0.50/$1.00 USD) - 2025/01/26 20:24:53 WET [2025/01/26 15:24:53 ET]
Table 'Zita IV' 6-max Seat #6 is the button
Seat 1: henri789 ($132.04 in chips) 
Seat 2: TCK2 ($10 in chips) 
Seat 3: mr.Jckpot ($120.58 in chips) 
Seat 4: kars0n ($178.22 in chips) 
Seat 5: mchyno27 ($8.88 in chips) 
Seat 6: tasznikl ($72.15 in chips) 
henri789: posts small blind $0.50
TCK2: posts big blind $1
*** HOLE CARDS ***
mr.Jckpot: folds 
kars0n: folds 
mchyno27: folds 
tasznikl: folds 
henri789: folds 
Uncalled bet ($0.50) returned to TCK2
TCK2 collected $1 from pot
*** SUMMARY ***
Total pot $1 | Rake $0 
Seat 1: henri789 (small blind) folded before Flop
Seat 2: TCK2 (big blind) collected ($1)
Seat 3: mr.Jckpot folded before Flop (didn't bet)
Seat 4: kars0n folded before Flop (didn't bet)
Seat 5: mchyno27 folded before Flop (didn't bet)
Seat 6: tasznikl (button) folded before Flop (didn't bet)



PokerStars Hand #254568420157:  Hold'em No Limit ($0.50/$1.00 USD) - 2025/01/26 20:25:05 WET [2025/01/26 15:25:05 ET]
Table 'Zita IV' 6-max Seat #1 is the button
Seat 1: henri789 ($131.54 in chips) 
Seat 2: TCK2 ($10.50 in chips) 
Seat 3: mr.Jckpot ($120.58 in chips) 
Seat 4: kars0n ($178.22 in chips) 
Seat 5: mchyno27 ($8.88 in chips) 
Seat 6: tasznikl ($72.15 in chips) 
TCK2: posts small blind $0.50
mr.Jckpot: posts big blind $1
*** HOLE CARDS ***
kars0n: folds 
mchyno27: folds 
tasznikl: folds 
henri789: folds 
TCK2: folds 
Uncalled bet ($0.50) returned to mr.Jckpot
mr.Jckpot collected $1 from pot
mr.Jckpot: doesn't show hand 
*** SUMMARY ***
Total pot $1 | Rake $0 
Seat 1: henri789 (button) folded before Flop (didn't bet)
Seat 2: TCK2 (small blind) folded before Flop
Seat 3: mr.Jckpot (big blind) collected ($1)
Seat 4: kars0n folded before Flop (didn't bet)
Seat 5: mchyno27 folded before Flop (didn't bet)
Seat 6: tasznikl folded before Flop (didn't bet)



PokerStars Hand #254568431338:  Hold'em No Limit ($0.50/$1.00 USD) - 2025/01/26 20:25:35 WET [2025/01/26 15:25:35 ET]
Table 'Zita IV' 6-max Seat #2 is the button
Seat 1: henri789 ($131.54 in chips) 
Seat 2: TCK2 ($10 in chips) 
Seat 3: mr.Jckpot ($121.08 in chips) 
Seat 4: kars0n ($178.22 in chips) 
Seat 5: mchyno27 ($8.88 in chips) 
Seat 6: tasznikl ($72.15 in chips) 
mr.Jckpot: posts small blind $0.50
kars0n: posts big blind $1
*** HOLE CARDS ***
mchyno27: folds 
tasznikl: calls $1
henri789: folds 
TCK2: folds 
mr.Jckpot: folds 
kars0n: checks 
*** FLOP *** [3s 6h Ad]
kars0n: checks 
tasznikl: bets $1
kars0n: folds 
Uncalled bet ($1) returned to tasznikl
tasznikl collected $2.38 from pot
tasznikl: doesn't show hand 
*** SUMMARY ***
Total pot $2.50 | Rake $0.12 
Board [3s 6h Ad]
Seat 1: henri789 folded before Flop (didn't bet)
Seat 2: TCK2 (button) folded before Flop (didn't bet)
Seat 3: mr.Jckpot (small blind) folded before Flop
Seat 4: kars0n (big blind) folded on the Flop
Seat 5: mchyno27 folded before Flop (didn't bet)
Seat 6: tasznikl collected ($2.38)



PokerStars Hand #254568441695:  Hold'em No Limit ($0.50/$1.00 USD) - 2025/01/26 20:26:02 WET [2025/01/26 15:26:02 ET]
Table 'Zita IV' 6-max Seat #3 is the button
Seat 1: henri789 ($131.54 in chips) 
Seat 2: TCK2 ($10 in chips) 
Seat 3: mr.Jckpot ($120.58 in chips) 
Seat 4: kars0n ($177.22 in chips) 
Seat 5: mchyno27 ($8.88 in chips) 
Seat 6: tasznikl ($73.53 in chips) 
kars0n: posts small blind $0.50
mchyno27: posts big blind $1
*** HOLE CARDS ***
tasznikl: calls $1
henri789: folds 
TCK2: folds 
mr.Jckpot: folds 
kars0n: calls $0.50
mchyno27: checks 
*** FLOP *** [Kd 9h Qc]
kars0n: checks 
mchyno27: checks 
tasznikl: bets $2.85
kars0n: folds 
mchyno27: calls $2.85
*** TURN *** [Kd 9h Qc] [3c]
mchyno27: checks 
tasznikl: bets $4.13
mchyno27: calls $4.13
*** RIVER *** [Kd 9h Qc 3c] [7d]
mchyno27: checks 
tasznikl: checks 
*** SHOW DOWN ***
mchyno27: shows [7s Ks] (two pair, Kings and Sevens)
tasznikl: shows [Kc Qh] (two pair, Kings and Queens)
tasznikl collected $16.11 from pot
*** SUMMARY ***
Total pot $16.96 | Rake $0.85 
Board [Kd 9h Qc 3c 7d]
Seat 1: henri789 folded before Flop (didn't bet)
Seat 2: TCK2 folded before Flop (didn't bet)
Seat 3: mr.Jckpot (button) folded before Flop (didn't bet)
Seat 4: kars0n (small blind) folded on the Flop
Seat 5: mchyno27 (big blind) showed [7s Ks] and lost with two pair, Kings and Sevens
Seat 6: tasznikl showed [Kc Qh] and won ($16.11) with two pair, Kings and Queens



PokerStars Hand #254568457699:  Hold'em No Limit ($0.50/$1.00 USD) - 2025/01/26 20:26:45 WET [2025/01/26 15:26:45 ET]
Table 'Zita IV' 6-max Seat #4 is the button
Seat 5: mchyno27 ($0.90 in chips) is sitting out
Seat 1: henri789 ($131.54 in chips) 
Seat 2: TCK2 ($10 in chips) 
Seat 3: mr.Jckpot ($120.58 in chips) 
Seat 4: kars0n ($176.22 in chips) 
Seat 6: tasznikl ($81.66 in chips) 
tasznikl: posts small blind $0.50
henri789: posts big blind $1
*** HOLE CARDS ***
TCK2: raises $9 to $10 and is all-in
mr.Jckpot: folds 
kars0n: folds 
tasznikl: folds 
henri789: folds 
Uncalled bet ($9) returned to TCK2
mchyno27 leaves the table
TCK2 collected $2.50 from pot
*** SUMMARY ***
Total pot $2.50 | Rake $0 
Seat 5: mchyno27
Seat 1: henri789 (big blind) folded before Flop
Seat 2: TCK2 collected ($2.50)
Seat 3: mr.Jckpot folded before Flop (didn't bet)
Seat 4: kars0n (button) folded before Flop (didn't bet)
Seat 6: tasznikl (small blind) folded before Flop



PokerStars Hand #254568464344:  Hold'em No Limit ($0.50/$1.00 USD) - 2025/01/26 20:27:02 WET [2025/01/26 15:27:02 ET]
Table 'Zita IV' 6-max Seat #6 is the button
Seat 1: henri789 ($130.54 in chips) 
Seat 2: TCK2 ($11.50 in chips) 
Seat 3: mr.Jckpot ($120.58 in chips) 
Seat 4: kars0n ($176.22 in chips) 
Seat 6: tasznikl ($81.16 in chips) 
henri789: posts small blind $0.50
TCK2: posts big blind $1
*** HOLE CARDS ***
mr.Jckpot: folds 
kars0n: raises $1.50 to $2.50
tasznikl: calls $2.50
henri789: raises $11.50 to $14
TCK2: folds 
kars0n: folds 
tasznikl: calls $11.50
*** FLOP *** [Jc Kc 8c]
vadjkeee joins the table at seat #5 
henri789: bets $9.87
tasznikl: calls $9.87
*** TURN *** [Jc Kc 8c] [Ts]
henri789: bets $25
tasznikl: calls $25
*** RIVER *** [Jc Kc 8c Ts] [4s]
henri789: bets $43.50
tasznikl: calls $32.29 and is all-in
Uncalled bet ($11.21) returned to henri789
*** SHOW DOWN ***
henri789: shows [Qc Tc] (a flush, King high)
tasznikl: shows [Jh Jd] (three of a kind, Jacks)
henri789 collected $163.32 from pot
*** SUMMARY ***
Total pot $165.82 | Rake $2.50 
Board [Jc Kc 8c Ts 4s]
Seat 1: henri789 (small blind) showed [Qc Tc] and won ($163.32) with a flush, King high
Seat 2: TCK2 (big blind) folded before Flop
Seat 3: mr.Jckpot folded before Flop (didn't bet)
Seat 4: kars0n folded before Flop
Seat 6: tasznikl (button) showed [Jh Jd] and lost with three of a kind, Jacks



PokerStars Hand #254568491732:  Hold'em No Limit ($0.50/$1.00 USD) - 2025/01/26 20:28:14 WET [2025/01/26 15:28:14 ET]
Table 'Zita IV' 6-max Seat #1 is the button
Seat 5: vadjkeee ($100 in chips) is sitting out
Seat 6: tasznikl ($0 in chips) is sitting out
Seat 1: henri789 ($212.70 in chips) 
Seat 2: TCK2 ($10.50 in chips) 
Seat 3: mr.Jckpot ($120.58 in chips) 
Seat 4: kars0n ($173.72 in chips) 
TCK2: posts small blind $0.50
mr.Jckpot: posts big blind $1
vadjkeee: sits out 
*** HOLE CARDS ***
kars0n: raises $1.50 to $2.50
henri789: raises $6.50 to $9
TCK2: folds 
mr.Jckpot: folds 
kars0n: folds 
Uncalled bet ($6.50) returned to henri789
henri789 collected $6.50 from pot
henri789: doesn't show hand 
*** SUMMARY ***
Total pot $6.50 | Rake $0 
Seat 5: vadjkeee
Seat 6: tasznikl
Seat 1: henri789 (button) collected ($6.50)
Seat 2: TCK2 (small blind) folded before Flop
Seat 3: mr.Jckpot (big blind) folded before Flop
Seat 4: kars0n folded before Flop



PokerStars Hand #254568504686:  Hold'em No Limit ($0.50/$1.00 USD) - 2025/01/26 20:28:47 WET [2025/01/26 15:28:47 ET]
Table 'Zita IV' 6-max Seat #2 is the button
Seat 5: vadjkeee ($100 in chips) is sitting out
Seat 6: tasznikl ($0 in chips) is sitting out
Seat 1: henri789 ($216.70 in chips) 
Seat 2: TCK2 ($10 in chips) 
Seat 3: mr.Jckpot ($119.58 in chips) 
Seat 4: kars0n ($171.22 in chips) 
mr.Jckpot: posts small blind $0.50
kars0n: posts big blind $1
vadjkeee: sits out 
*** HOLE CARDS ***
henri789: folds 
TCK2: folds 
tasznikl leaves the table
mr.Jckpot: folds 
Uncalled bet ($0.50) returned to kars0n
kars0n collected $1 from pot
kars0n: doesn't show hand 
*** SUMMARY ***
Total pot $1 | Rake $0 
Seat 5: vadjkeee
Seat 6: tasznikl
Seat 1: henri789 folded before Flop (didn't bet)
Seat 2: TCK2 (button) folded before Flop (didn't bet)
Seat 3: mr.Jckpot (small blind) folded before Flop
Seat 4: kars0n (big blind) collected ($1)



PokerStars Hand #254568511771:  Hold'em No Limit ($0.50/$1.00 USD) - 2025/01/26 20:29:06 WET [2025/01/26 15:29:06 ET]
Table 'Zita IV' 6-max Seat #3 is the button
Seat 1: henri789 ($216.70 in chips) 
Seat 2: TCK2 ($10 in chips) 
Seat 3: mr.Jckpot ($119.08 in chips) 
Seat 4: kars0n ($171.72 in chips) 
Seat 5: vadjkeee ($100 in chips) 
kars0n: posts small blind $0.50
vadjkeee: posts big blind $1
*** HOLE CARDS ***
henri789: folds 
TCK2: raises $9 to $10 and is all-in
mr.Jckpot: folds 
kars0n: folds 
vadjkeee: folds 
Uncalled bet ($9) returned to TCK2
TCK2 collected $2.50 from pot
*** SUMMARY ***
Total pot $2.50 | Rake $0 
Seat 1: henri789 folded before Flop (didn't bet)
Seat 2: TCK2 collected ($2.50)
Seat 3: mr.Jckpot (button) folded before Flop (didn't bet)
Seat 4: kars0n (small blind) folded before Flop
Seat 5: vadjkeee (big blind) folded before Flop



PokerStars Hand #254568519079:  Hold'em No Limit ($0.50/$1.00 USD) - 2025/01/26 20:29:24 WET [2025/01/26 15:29:24 ET]
Table 'Zita IV' 6-max Seat #4 is the button
Seat 1: henri789 ($216.70 in chips) 
Seat 2: TCK2 ($11.50 in chips) 
Seat 3: mr.Jckpot ($119.08 in chips) 
Seat 4: kars0n ($171.22 in chips) 
Seat 5: vadjkeee ($100 in chips) 
vadjkeee: posts small blind $0.50
lukatoni08 joins the table at seat #6 
henri789: posts big blind $1
*** HOLE CARDS ***
TCK2: folds 
mr.Jckpot: folds 
kars0n: raises $1.50 to $2.50
vadjkeee: folds 
henri789: folds 
Uncalled bet ($1.50) returned to kars0n
kars0n collected $2.50 from pot
kars0n: doesn't show hand 
*** SUMMARY ***
Total pot $2.50 | Rake $0 
Seat 1: henri789 (big blind) folded before Flop
Seat 2: TCK2 folded before Flop (didn't bet)
Seat 3: mr.Jckpot folded before Flop (didn't bet)
Seat 4: kars0n (button) collected ($2.50)
Seat 5: vadjkeee (small blind) folded before Flop



PokerStars Hand #254568523753:  Hold'em No Limit ($0.50/$1.00 USD) - 2025/01/26 20:29:36 WET [2025/01/26 15:29:36 ET]
Table 'Zita IV' 6-max Seat #5 is the button
Seat 2: TCK2 ($11.50 in chips) is sitting out
Seat 6: lukatoni08 ($100 in chips) is sitting out
Seat 1: henri789 ($215.70 in chips) 
Seat 3: mr.Jckpot ($119.08 in chips) 
Seat 4: kars0n ($172.72 in chips) 
Seat 5: vadjkeee ($100 in chips) 
henri789: posts small blind $0.50
TCK2: is sitting out 
mr.Jckpot: posts big blind $1
*** HOLE CARDS ***
kars0n: raises $1.50 to $2.50
TCK2 leaves the table
vadjkeee: folds 
henri789: folds 
mr.Jckpot: folds 
Uncalled bet ($1.50) returned to kars0n
kars0n collected $2.50 from pot
kars0n: doesn't show hand 
*** SUMMARY ***
Total pot $2.50 | Rake $0 
Seat 2: TCK2
Seat 6: lukatoni08
Seat 1: henri789 (small blind) folded before Flop
Seat 3: mr.Jckpot (big blind) folded before Flop
Seat 4: kars0n collected ($2.50)
Seat 5: vadjkeee (button) folded before Flop (didn't bet)



PokerStars Hand #254568528692:  Hold'em No Limit ($0.50/$1.00 USD) - 2025/01/26 20:29:49 WET [2025/01/26 15:29:49 ET]
Table 'Zita IV' 6-max Seat #1 is the button
Seat 6: lukatoni08 ($100 in chips) is sitting out
Seat 1: henri789 ($215.20 in chips) 
Seat 3: mr.Jckpot ($118.08 in chips) 
Seat 4: kars0n ($174.22 in chips) 
Seat 5: vadjkeee ($100 in chips) 
mr.Jckpot: posts small blind $0.50
kars0n: posts big blind $1
lukatoni08: sits out 
*** HOLE CARDS ***
vadjkeee: raises $1.50 to $2.50
henri789: folds 
mr.Jckpot: folds 
kars0n: folds 
Uncalled bet ($1.50) returned to vadjkeee
vadjkeee collected $2.50 from pot
vadjkeee: doesn't show hand 
*** SUMMARY ***
Total pot $2.50 | Rake $0 
Seat 6: lukatoni08
Seat 1: henri789 (button) folded before Flop (didn't bet)
Seat 3: mr.Jckpot (small blind) folded before Flop
Seat 4: kars0n (big blind) folded before Flop
Seat 5: vadjkeee collected ($2.50)



PokerStars Hand #254568535238:  Hold'em No Limit ($0.50/$1.00 USD) - 2025/01/26 20:30:06 WET [2025/01/26 15:30:06 ET]
Table 'Zita IV' 6-max Seat #3 is the button
Seat 6: lukatoni08 ($100 in chips) is sitting out
Seat 1: henri789 ($215.20 in chips) 
Seat 3: mr.Jckpot ($117.58 in chips) 
Seat 4: kars0n ($173.22 in chips) 
Seat 5: vadjkeee ($101.50 in chips) 
kars0n: posts small blind $0.50
vadjkeee: posts big blind $1
lukatoni08: sits out 
*** HOLE CARDS ***
henri789: raises $1.20 to $2.20
mr.Jckpot: folds 
kars0n: folds 
imhungarian8 joins the table at seat #2 
vadjkeee: calls $1.20
*** FLOP *** [Qh 7c Ks]
vadjkeee: checks 
henri789: checks 
*** TURN *** [Qh 7c Ks] [Qs]
vadjkeee: checks 
henri789: checks 
*** RIVER *** [Qh 7c Ks Qs] [3s]
vadjkeee: checks 
henri789: bets $2
vadjkeee: folds 
Uncalled bet ($2) returned to henri789
henri789 collected $4.66 from pot
henri789: doesn't show hand 
*** SUMMARY ***
Total pot $4.90 | Rake $0.24 
Board [Qh 7c Ks Qs 3s]
Seat 6: lukatoni08
Seat 1: henri789 collected ($4.66)
Seat 3: mr.Jckpot (button) folded before Flop (didn't bet)
Seat 4: kars0n (small blind) folded before Flop
Seat 5: vadjkeee (big blind) folded on the River



PokerStars Hand #254568565158:  Hold'em No Limit ($0.50/$1.00 USD) - 2025/01/26 20:31:23 WET [2025/01/26 15:31:23 ET]
Table 'Zita IV' 6-max Seat #4 is the button
Seat 2: imhungarian8 ($100 in chips) is sitting out
Seat 1: henri789 ($217.66 in chips) 
Seat 3: mr.Jckpot ($117.58 in chips) 
Seat 4: kars0n ($172.72 in chips) 
Seat 5: vadjkeee ($100 in chips) 
Seat 6: lukatoni08 ($100 in chips) 
vadjkeee: posts small blind $0.50
lukatoni08: posts big blind $1
imhungarian8: sits out 
*** HOLE CARDS ***
henri789: folds 
mr.Jckpot: folds 
kars0n: raises $1.50 to $2.50
vadjkeee: folds 
lukatoni08: folds 
Uncalled bet ($1.50) returned to kars0n
kars0n collected $2.50 from pot
kars0n: doesn't show hand 
*** SUMMARY ***
Total pot $2.50 | Rake $0 
Seat 2: imhungarian8
Seat 1: henri789 folded before Flop (didn't bet)
Seat 3: mr.Jckpot folded before Flop (didn't bet)
Seat 4: kars0n (button) collected ($2.50)
Seat 5: vadjkeee (small blind) folded before Flop
Seat 6: lukatoni08 (big blind) folded before Flop



PokerStars Hand #254568573121:  Hold'em No Limit ($0.50/$1.00 USD) - 2025/01/26 20:31:43 WET [2025/01/26 15:31:43 ET]
Table 'Zita IV' 6-max Seat #5 is the button
Seat 2: imhungarian8 ($100 in chips) is sitting out
Seat 1: henri789 ($217.66 in chips) 
Seat 3: mr.Jckpot ($117.58 in chips) 
Seat 4: kars0n ($174.22 in chips) 
Seat 5: vadjkeee ($100 in chips) 
Seat 6: lukatoni08 ($99 in chips) 
lukatoni08: posts small blind $0.50
henri789: posts big blind $1
imhungarian8: sits out 
*** HOLE CARDS ***
mr.Jckpot: folds 
kars0n: folds 
vadjkeee: raises $1.50 to $2.50
lukatoni08: raises $4.50 to $7
henri789: folds 
vadjkeee: calls $4.50
*** FLOP *** [5d Th 9c]
lukatoni08: bets $7.13
imhungarian8 leaves the table
vadjkeee: calls $7.13
*** TURN *** [5d Th 9c] [Jd]
lukatoni08: bets $17
vadjkeee: calls $17
*** RIVER *** [5d Th 9c Jd] [2d]
lukatoni08: checks 
vadjkeee: bets $68.87 and is all-in
lukatoni08: folds 
Uncalled bet ($68.87) returned to vadjkeee
vadjkeee collected $60.76 from pot
vadjkeee: doesn't show hand 
*** SUMMARY ***
Total pot $63.26 | Rake $2.50 
Board [5d Th 9c Jd 2d]
Seat 2: imhungarian8
Seat 1: henri789 (big blind) folded before Flop
Seat 3: mr.Jckpot folded before Flop (didn't bet)
Seat 4: kars0n folded before Flop (didn't bet)
Seat 5: vadjkeee (button) collected ($60.76)
Seat 6: lukatoni08 (small blind) folded on the River



PokerStars Hand #254568599688:  Hold'em No Limit ($0.50/$1.00 USD) - 2025/01/26 20:32:52 WET [2025/01/26 15:32:52 ET]
Table 'Zita IV' 6-max Seat #6 is the button
Seat 1: henri789 ($216.66 in chips) 
Seat 3: mr.Jckpot ($117.58 in chips) 
Seat 4: kars0n ($174.22 in chips) 
Seat 5: vadjkeee ($129.63 in chips) 
Seat 6: lukatoni08 ($67.87 in chips) 
henri789: posts small blind $0.50
mr.Jckpot: posts big blind $1
*** HOLE CARDS ***
kars0n: raises $1 to $2
vadjkeee: folds 
lukatoni08: folds 
henri789: folds 
mr.Jckpot: folds 
Uncalled bet ($1) returned to kars0n
kars0n collected $2.50 from pot
kars0n: doesn't show hand 
*** SUMMARY ***
Total pot $2.50 | Rake $0 
Seat 1: henri789 (small blind) folded before Flop
Seat 3: mr.Jckpot (big blind) folded before Flop
Seat 4: kars0n collected ($2.50)
Seat 5: vadjkeee folded before Flop (didn't bet)
Seat 6: lukatoni08 (button) folded before Flop (didn't bet)



PokerStars Hand #254568610718:  Hold'em No Limit ($0.50/$1.00 USD) - 2025/01/26 20:33:20 WET [2025/01/26 15:33:20 ET]
Table 'Zita IV' 6-max Seat #1 is the button
Seat 4: kars0n ($175.72 in chips) is sitting out
Seat 1: henri789 ($216.16 in chips) 
Seat 3: mr.Jckpot ($116.58 in chips) 
Seat 5: vadjkeee ($129.63 in chips) 
Seat 6: lukatoni08 ($100 in chips) 
mr.Jckpot: posts small blind $0.50
kars0n: is sitting out 
vadjkeee: posts big blind $1
*** HOLE CARDS ***
lukatoni08: folds 
kars0n leaves the table
henri789: folds 
mr.Jckpot: raises $2 to $3
vadjkeee: calls $2
*** FLOP *** [5s 7c Qc]
mr.Jckpot: bets $3.76
vadjkeee: folds 
Uncalled bet ($3.76) returned to mr.Jckpot
mr.Jckpot collected $5.70 from pot
mr.Jckpot: doesn't show hand 
*** SUMMARY ***
Total pot $6 | Rake $0.30 
Board [5s 7c Qc]
Seat 4: kars0n
Seat 1: henri789 (button) folded before Flop (didn't bet)
Seat 3: mr.Jckpot (small blind) collected ($5.70)
Seat 5: vadjkeee (big blind) folded on the Flop
Seat 6: lukatoni08 folded before Flop (didn't bet)



PokerStars Hand #254568622291:  Hold'em No Limit ($0.50/$1.00 USD) - 2025/01/26 20:33:51 WET [2025/01/26 15:33:51 ET]
Table 'Zita IV' 6-max Seat #3 is the button
Seat 1: henri789 ($216.16 in chips) 
Seat 3: mr.Jckpot ($119.28 in chips) 
Seat 5: vadjkeee ($126.63 in chips) 
Seat 6: lukatoni08 ($100 in chips) 
vadjkeee: posts small blind $0.50
lukatoni08: posts big blind $1
*** HOLE CARDS ***
henri789: raises $1.20 to $2.20
mr.Jckpot: folds 
vadjkeee: folds 
lukatoni08: calls $1.20
*** FLOP *** [4s 4h 2h]
lukatoni08: checks 
henri789: bets $1.54
lukatoni08: raises $2.46 to $4
vadjkeee leaves the table
henri789: calls $2.46
*** TURN *** [4s 4h 2h] [Td]
lukatoni08: bets $11
henri789: calls $11
*** RIVER *** [4s 4h 2h Td] [Qh]
lukatoni08: checks 
henri789: bets $198.96 and is all-in
lukatoni08: folds 
Uncalled bet ($198.96) returned to henri789
henri789 collected $33.90 from pot
henri789: doesn't show hand 
*** SUMMARY ***
Total pot $34.90 | Rake $1 
Board [4s 4h 2h Td Qh]
Seat 1: henri789 collected ($33.90)
Seat 3: mr.Jckpot (button) folded before Flop (didn't bet)
Seat 5: vadjkeee (small blind) folded before Flop
Seat 6: lukatoni08 (big blind) folded on the River



PokerStars Hand #254568654096:  Hold'em No Limit ($0.50/$1.00 USD) - 2025/01/26 20:35:14 WET [2025/01/26 15:35:14 ET]
Table 'Zita IV' 6-max Seat #6 is the button
Seat 1: henri789 ($232.86 in chips) 
Seat 3: mr.Jckpot ($119.28 in chips) 
Seat 6: lukatoni08 ($82.80 in chips) 
henri789: posts small blind $0.50
mr.Jckpot: posts big blind $1
*** HOLE CARDS ***
lukatoni08: raises $2 to $3
henri789: folds 
mr.Jckpot: folds 
Uncalled bet ($2) returned to lukatoni08
lukatoni08 collected $2.50 from pot
lukatoni08: doesn't show hand 
*** SUMMARY ***
Total pot $2.50 | Rake $0 
Seat 1: henri789 (small blind) folded before Flop
Seat 3: mr.Jckpot (big blind) folded before Flop
Seat 6: lukatoni08 (button) collected ($2.50)



PokerStars Hand #254568658983:  Hold'em No Limit ($0.50/$1.00 USD) - 2025/01/26 20:35:27 WET [2025/01/26 15:35:27 ET]
Table 'Zita IV' 6-max Seat #1 is the button
Seat 1: henri789 ($232.36 in chips) 
Seat 3: mr.Jckpot ($118.28 in chips) 
Seat 6: lukatoni08 ($84.30 in chips) 
mr.Jckpot: posts small blind $0.50
lukatoni08: posts big blind $1
*** HOLE CARDS ***
henri789: folds 
mr.Jckpot: raises $2 to $3
lukatoni08: folds 
Uncalled bet ($2) returned to mr.Jckpot
mr.Jckpot collected $2 from pot
mr.Jckpot: doesn't show hand 
*** SUMMARY ***
Total pot $2 | Rake $0 
Seat 1: henri789 (button) folded before Flop (didn't bet)
Seat 3: mr.Jckpot (small blind) collected ($2)
Seat 6: lukatoni08 (big blind) folded before Flop



PokerStars Hand #254568664313:  Hold'em No Limit ($0.50/$1.00 USD) - 2025/01/26 20:35:41 WET [2025/01/26 15:35:41 ET]
Table 'Zita IV' 6-max Seat #3 is the button
Seat 1: henri789 ($232.36 in chips) 
Seat 3: mr.Jckpot ($119.28 in chips) 
Seat 6: lukatoni08 ($83.30 in chips) 
lukatoni08: posts small blind $0.50
henri789: posts big blind $1
*** HOLE CARDS ***
mr.Jckpot: folds 
lukatoni08: calls $0.50
henri789: checks 
*** FLOP *** [6s 3s 3c]
lukatoni08: checks 
henri789: bets $1
lukatoni08: calls $1
*** TURN *** [6s 3s 3c] [Ks]
lukatoni08: checks 
henri789: bets $2.66
lukatoni08: raises $2.66 to $5.32
henri789: folds 
Uncalled bet ($2.66) returned to lukatoni08
lukatoni08 collected $8.85 from pot
lukatoni08: doesn't show hand 
*** SUMMARY ***
Total pot $9.32 | Rake $0.47 
Board [6s 3s 3c Ks]
Seat 1: henri789 (big blind) folded on the Turn
Seat 3: mr.Jckpot (button) folded before Flop (didn't bet)
Seat 6: lukatoni08 (small blind) collected ($8.85)



PokerStars Hand #254568684549:  Hold'em No Limit ($0.50/$1.00 USD) - 2025/01/26 20:36:33 WET [2025/01/26 15:36:33 ET]
Table 'Zita IV' 6-max Seat #1 is the button
Seat 3: mr.Jckpot ($119.28 in chips) is sitting out
Seat 1: henri789 ($227.70 in chips) 
Seat 6: lukatoni08 ($87.49 in chips) 
henri789: posts small blind $0.50
mr.Jckpot: is sitting out 
lukatoni08: posts big blind $1
*** HOLE CARDS ***
mr.Jckpot leaves the table
henri789: folds 
Uncalled bet ($0.50) returned to lukatoni08
lukatoni08 collected $1 from pot
lukatoni08: doesn't show hand 
*** SUMMARY ***
Total pot $1 | Rake $0 
Seat 3: mr.Jckpot
Seat 1: henri789 (button) (small blind) folded before Flop
Seat 6: lukatoni08 (big blind) collected ($1)



PokerStars Hand #254568687226:  Hold'em No Limit ($0.50/$1.00 USD) - 2025/01/26 20:36:40 WET [2025/01/26 15:36:40 ET]
Table 'Zita IV' 6-max Seat #6 is the button
Seat 1: henri789 ($227.20 in chips) 
Seat 6: lukatoni08 ($87.99 in chips) 
lukatoni08: posts small blind $0.50
henri789: posts big blind $1
*** HOLE CARDS ***
lukatoni08: folds 
Uncalled bet ($0.50) returned to henri789
lukatoni08 leaves the table
henri789 collected $1 from pot
henri789: doesn't show hand 
*** SUMMARY ***
Total pot $1 | Rake $0 
Seat 1: henri789 (big blind) collected ($1)
Seat 6: lukatoni08 (button) (small blind) folded before Flop



