PokerStars Hand #254558931945:  Hold'em No Limit ($0.50/$1.00 USD) - 2025/01/26 9:28:41 WET [2025/01/26 4:28:41 ET]
Table 'Saskia IV' 6-max Seat #5 is the button
Seat 1: Poker9803 ($100 in chips) 
Seat 3: fedor0f ($100 in chips) 
Seat 5: gohome78 ($10 in chips) 
Seat 6: izzyfromthebloc ($33.75 in chips) 
izzyfromthebloc: posts small blind $0.50
Poker9803: posts big blind $1
*** HOLE CARDS ***
fedor0f: folds 
gohome78: folds 
izzyfromthebloc: calls $0.50
Poker9803: checks 
*** FLOP *** [6s 3c 9h]
izzyfromthebloc: checks 
Poker9803: checks 
*** TURN *** [6s 3c 9h] [Qd]
izzyfromthebloc: checks 
Poker9803: bets $1.43
izzyfromthebloc: folds 
Uncalled bet ($1.43) returned to Poker9803
Poker9803 collected $1.90 from pot
Poker9803: doesn't show hand 
*** SUMMARY ***
Total pot $2 | Rake $0.10 
Board [6s 3c 9h Qd]
Seat 1: Poker9803 (big blind) collected ($1.90)
Seat 3: fedor0f folded before Flop (didn't bet)
Seat 5: gohome78 (button) folded before Flop (didn't bet)
Seat 6: izzyfromthebloc (small blind) folded on the Turn



PokerStars Hand #254558933892:  Hold'em No Limit ($0.50/$1.00 USD) - 2025/01/26 9:29:00 WET [2025/01/26 4:29:00 ET]
Table 'Saskia IV' 6-max Seat #6 is the button
Seat 1: Poker9803 ($100.90 in chips) 
Seat 3: fedor0f ($100 in chips) 
Seat 5: gohome78 ($10 in chips) 
Seat 6: izzyfromthebloc ($32.75 in chips) 
Poker9803: posts small blind $0.50
fedor0f: posts big blind $1
*** HOLE CARDS ***
gohome78: folds 
izzyfromthebloc: folds 
Poker9803: raises $2 to $3
fedor0f: raises $6 to $9
Poker9803: calls $6
*** FLOP *** [6d Ah 4d]
Emily_GetMan joins the table at seat #4 
Poker9803: checks 
fedor0f: bets $5.13
Poker9803: raises $13.87 to $19
fedor0f: calls $13.87
*** TURN *** [6d Ah 4d] [Qc]
Poker9803: bets $18.15
fedor0f: calls $18.15
*** RIVER *** [6d Ah 4d Qc] [Jd]
Poker9803: checks 
fedor0f: bets $53.85 and is all-in
Poker9803: folds 
Uncalled bet ($53.85) returned to fedor0f
fedor0f collected $91.30 from pot
fedor0f: doesn't show hand 
*** SUMMARY ***
Total pot $92.30 | Rake $1 
Board [6d Ah 4d Qc Jd]
Seat 1: Poker9803 (small blind) folded on the River
Seat 3: fedor0f (big blind) collected ($91.30)
Seat 5: gohome78 folded before Flop (didn't bet)
Seat 6: izzyfromthebloc (button) folded before Flop (didn't bet)



PokerStars Hand #254558946880:  Hold'em No Limit ($0.50/$1.00 USD) - 2025/01/26 9:31:12 WET [2025/01/26 4:31:12 ET]
Table 'Saskia IV' 6-max Seat #1 is the button
Seat 1: Poker9803 ($100 in chips) 
Seat 3: fedor0f ($145.15 in chips) 
Seat 4: Emily_GetMan ($100 in chips) 
Seat 5: gohome78 ($10 in chips) 
Seat 6: izzyfromthebloc ($32.75 in chips) 
fedor0f: posts small blind $0.50
Emily_GetMan: posts big blind $1
*** HOLE CARDS ***
gohome78: folds 
izzyfromthebloc: raises $2 to $3
Poker9803: folds 
raiseinthedarkk joins the table at seat #2 
fedor0f: raises $8 to $11
Emily_GetMan: folds 
izzyfromthebloc: calls $8
*** FLOP *** [Kh 9c 2c]
fedor0f: bets $7.21
izzyfromthebloc: folds 
Uncalled bet ($7.21) returned to fedor0f
fedor0f collected $21.85 from pot
fedor0f: doesn't show hand 
*** SUMMARY ***
Total pot $23 | Rake $1.15 
Board [Kh 9c 2c]
Seat 1: Poker9803 (button) folded before Flop (didn't bet)
Seat 3: fedor0f (small blind) collected ($21.85)
Seat 4: Emily_GetMan (big blind) folded before Flop
Seat 5: gohome78 folded before Flop (didn't bet)
Seat 6: izzyfromthebloc folded on the Flop



PokerStars Hand #254558950403:  Hold'em No Limit ($0.50/$1.00 USD) - 2025/01/26 9:31:49 WET [2025/01/26 4:31:49 ET]
Table 'Saskia IV' 6-max Seat #3 is the button
Seat 2: raiseinthedarkk ($100 in chips) is sitting out
Seat 1: Poker9803 ($100 in chips) 
Seat 3: fedor0f ($156 in chips) 
Seat 4: Emily_GetMan ($100 in chips) 
Seat 5: gohome78 ($10 in chips) 
Seat 6: izzyfromthebloc ($21.75 in chips) 
Emily_GetMan: posts small blind $0.50
gohome78: posts big blind $1
raiseinthedarkk: sits out 
*** HOLE CARDS ***
izzyfromthebloc: raises $3 to $4
Poker9803: folds 
fedor0f: folds 
Emily_GetMan: folds 
gohome78: folds 
Uncalled bet ($3) returned to izzyfromthebloc
izzyfromthebloc collected $2.50 from pot
*** SUMMARY ***
Total pot $2.50 | Rake $0 
Seat 2: raiseinthedarkk
Seat 1: Poker9803 folded before Flop (didn't bet)
Seat 3: fedor0f (button) folded before Flop (didn't bet)
Seat 4: Emily_GetMan (small blind) folded before Flop
Seat 5: gohome78 (big blind) folded before Flop
Seat 6: izzyfromthebloc collected ($2.50)



PokerStars Hand #254558951779:  Hold'em No Limit ($0.50/$1.00 USD) - 2025/01/26 9:32:03 WET [2025/01/26 4:32:03 ET]
Table 'Saskia IV' 6-max Seat #4 is the button
Seat 2: raiseinthedarkk ($100 in chips) is sitting out
Seat 1: Poker9803 ($100 in chips) 
Seat 3: fedor0f ($156 in chips) 
Seat 4: Emily_GetMan ($100 in chips) 
Seat 5: gohome78 ($9 in chips) 
Seat 6: izzyfromthebloc ($23.25 in chips) 
gohome78: posts small blind $0.50
izzyfromthebloc: posts big blind $1
raiseinthedarkk: sits out 
*** HOLE CARDS ***
Poker9803: raises $1 to $2
fedor0f: folds 
Emily_GetMan: folds 
gohome78: folds 
izzyfromthebloc: calls $1
*** FLOP *** [Qc 9h 5h]
izzyfromthebloc: checks 
Poker9803: bets $1.41
izzyfromthebloc: folds 
Uncalled bet ($1.41) returned to Poker9803
Poker9803 collected $4.28 from pot
Poker9803: doesn't show hand 
*** SUMMARY ***
Total pot $4.50 | Rake $0.22 
Board [Qc 9h 5h]
Seat 2: raiseinthedarkk
Seat 1: Poker9803 collected ($4.28)
Seat 3: fedor0f folded before Flop (didn't bet)
Seat 4: Emily_GetMan (button) folded before Flop (didn't bet)
Seat 5: gohome78 (small blind) folded before Flop
Seat 6: izzyfromthebloc (big blind) folded on the Flop



PokerStars Hand #254558954473:  Hold'em No Limit ($0.50/$1.00 USD) - 2025/01/26 9:32:31 WET [2025/01/26 4:32:31 ET]
Table 'Saskia IV' 6-max Seat #5 is the button
Seat 2: raiseinthedarkk ($100 in chips) is sitting out
Seat 1: Poker9803 ($102.28 in chips) 
Seat 3: fedor0f ($156 in chips) 
Seat 4: Emily_GetMan ($100 in chips) 
Seat 5: gohome78 ($8.50 in chips) 
Seat 6: izzyfromthebloc ($21.25 in chips) 
izzyfromthebloc: posts small blind $0.50
Poker9803: posts big blind $1
raiseinthedarkk: sits out 
*** HOLE CARDS ***
fedor0f: folds 
Emily_GetMan: folds 
gohome78: folds 
izzyfromthebloc: folds 
Uncalled bet ($0.50) returned to Poker9803
Poker9803 collected $1 from pot
Poker9803: doesn't show hand 
*** SUMMARY ***
Total pot $1 | Rake $0 
Seat 2: raiseinthedarkk
Seat 1: Poker9803 (big blind) collected ($1)
Seat 3: fedor0f folded before Flop (didn't bet)
Seat 4: Emily_GetMan folded before Flop (didn't bet)
Seat 5: gohome78 (button) folded before Flop (didn't bet)
Seat 6: izzyfromthebloc (small blind) folded before Flop



PokerStars Hand #254558955886:  Hold'em No Limit ($0.50/$1.00 USD) - 2025/01/26 9:32:46 WET [2025/01/26 4:32:46 ET]
Table 'Saskia IV' 6-max Seat #6 is the button
Seat 1: Poker9803 ($102.78 in chips) 
Seat 2: raiseinthedarkk ($100 in chips) 
Seat 3: fedor0f ($156 in chips) 
Seat 4: Emily_GetMan ($100 in chips) 
Seat 5: gohome78 ($8.50 in chips) 
Seat 6: izzyfromthebloc ($20.75 in chips) 
Poker9803: posts small blind $0.50
raiseinthedarkk: posts big blind $1
*** HOLE CARDS ***
fedor0f: raises $1 to $2
Emily_GetMan: folds 
gohome78: folds 
izzyfromthebloc: calls $2
Poker9803: folds 
raiseinthedarkk: calls $1
*** FLOP *** [9d 4c 8s]
raiseinthedarkk: checks 
fedor0f: bets $1.85
izzyfromthebloc: raises $16.90 to $18.75 and is all-in
raiseinthedarkk: folds 
fedor0f: calls $16.90
*** TURN *** [9d 4c 8s] [4s]
*** RIVER *** [9d 4c 8s 4s] [3d]
*** SHOW DOWN ***
fedor0f: shows [Qd Qs] (two pair, Queens and Fours)
izzyfromthebloc: shows [7s Ts] (a pair of Fours)
fedor0f collected $41.80 from pot
*** SUMMARY ***
Total pot $44 | Rake $2.20 
Board [9d 4c 8s 4s 3d]
Seat 1: Poker9803 (small blind) folded before Flop
Seat 2: raiseinthedarkk (big blind) folded on the Flop
Seat 3: fedor0f showed [Qd Qs] and won ($41.80) with two pair, Queens and Fours
Seat 4: Emily_GetMan folded before Flop (didn't bet)
Seat 5: gohome78 folded before Flop (didn't bet)
Seat 6: izzyfromthebloc (button) showed [7s Ts] and lost with a pair of Fours



PokerStars Hand #254558961644:  Hold'em No Limit ($0.50/$1.00 USD) - 2025/01/26 9:33:44 WET [2025/01/26 4:33:44 ET]
Table 'Saskia IV' 6-max Seat #1 is the button
Seat 6: izzyfromthebloc ($0 in chips) is sitting out
Seat 1: Poker9803 ($102.28 in chips) 
Seat 2: raiseinthedarkk ($100 in chips) 
Seat 3: fedor0f ($177.05 in chips) 
Seat 4: Emily_GetMan ($100 in chips) 
Seat 5: gohome78 ($8.50 in chips) 
raiseinthedarkk: posts small blind $0.50
fedor0f: posts big blind $1
*** HOLE CARDS ***
Emily_GetMan: raises $1 to $2
gohome78: raises $6.50 to $8.50 and is all-in
Poker9803: folds 
raiseinthedarkk: folds 
fedor0f: folds 
Emily_GetMan: calls $6.50
*** FLOP *** [4h Ts 8s]
*** TURN *** [4h Ts 8s] [2d]
*** RIVER *** [4h Ts 8s 2d] [7c]
*** SHOW DOWN ***
Emily_GetMan: shows [9c Tc] (a pair of Tens)
gohome78: shows [Kh Ah] (high card Ace)
Emily_GetMan collected $17.58 from pot
*** SUMMARY ***
Total pot $18.50 | Rake $0.92 
Board [4h Ts 8s 2d 7c]
Seat 6: izzyfromthebloc
Seat 1: Poker9803 (button) folded before Flop (didn't bet)
Seat 2: raiseinthedarkk (small blind) folded before Flop
Seat 3: fedor0f (big blind) folded before Flop
Seat 4: Emily_GetMan showed [9c Tc] and won ($17.58) with a pair of Tens
Seat 5: gohome78 showed [Kh Ah] and lost with high card Ace



PokerStars Hand #254558964503:  Hold'em No Limit ($0.50/$1.00 USD) - 2025/01/26 9:34:13 WET [2025/01/26 4:34:13 ET]
Table 'Saskia IV' 6-max Seat #2 is the button
Seat 5: gohome78 ($0 in chips) is sitting out
Seat 6: izzyfromthebloc ($0 in chips) is sitting out
Seat 1: Poker9803 ($102.28 in chips) 
Seat 2: raiseinthedarkk ($100 in chips) 
Seat 3: fedor0f ($176.05 in chips) 
Seat 4: Emily_GetMan ($109.08 in chips) 
fedor0f: posts small blind $0.50
Emily_GetMan: posts big blind $1
*** HOLE CARDS ***
Poker9803: folds 
raiseinthedarkk: folds 
fedor0f: folds 
Uncalled bet ($0.50) returned to Emily_GetMan
Emily_GetMan collected $1 from pot
Emily_GetMan: doesn't show hand 
*** SUMMARY ***
Total pot $1 | Rake $0 
Seat 5: gohome78
Seat 6: izzyfromthebloc
Seat 1: Poker9803 folded before Flop (didn't bet)
Seat 2: raiseinthedarkk (button) folded before Flop (didn't bet)
Seat 3: fedor0f (small blind) folded before Flop
Seat 4: Emily_GetMan (big blind) collected ($1)



PokerStars Hand #254558965270:  Hold'em No Limit ($0.50/$1.00 USD) - 2025/01/26 9:34:20 WET [2025/01/26 4:34:20 ET]
Table 'Saskia IV' 6-max Seat #3 is the button
Seat 5: gohome78 ($0 in chips) is sitting out
Seat 6: izzyfromthebloc ($0 in chips) is sitting out
Seat 1: Poker9803 ($102.28 in chips) 
Seat 2: raiseinthedarkk ($100 in chips) 
Seat 3: fedor0f ($175.55 in chips) 
Seat 4: Emily_GetMan ($109.58 in chips) 
Emily_GetMan: posts small blind $0.50
Poker9803: posts big blind $1
*** HOLE CARDS ***
raiseinthedarkk: folds 
fedor0f: raises $1.20 to $2.20
Emily_GetMan: raises $9.30 to $11.50
Poker9803: folds 
fedor0f: folds 
Uncalled bet ($9.30) returned to Emily_GetMan
Emily_GetMan collected $5.40 from pot
Emily_GetMan: doesn't show hand 
*** SUMMARY ***
Total pot $5.40 | Rake $0 
Seat 5: gohome78
Seat 6: izzyfromthebloc
Seat 1: Poker9803 (big blind) folded before Flop
Seat 2: raiseinthedarkk folded before Flop (didn't bet)
Seat 3: fedor0f (button) folded before Flop
Seat 4: Emily_GetMan (small blind) collected ($5.40)



PokerStars Hand #254558967362:  Hold'em No Limit ($0.50/$1.00 USD) - 2025/01/26 9:34:41 WET [2025/01/26 4:34:41 ET]
Table 'Saskia IV' 6-max Seat #4 is the button
Seat 5: gohome78 ($0 in chips) is sitting out
Seat 6: izzyfromthebloc ($33.74 in chips) is sitting out
Seat 1: Poker9803 ($101.28 in chips) 
Seat 2: raiseinthedarkk ($100 in chips) 
Seat 3: fedor0f ($173.35 in chips) 
Seat 4: Emily_GetMan ($112.78 in chips) 
Poker9803: posts small blind $0.50
raiseinthedarkk: posts big blind $1
*** HOLE CARDS ***
fedor0f: raises $1.20 to $2.20
Emily_GetMan: folds 
Poker9803: folds 
gohome78 leaves the table
raiseinthedarkk: folds 
Uncalled bet ($1.20) returned to fedor0f
fedor0f collected $2.50 from pot
fedor0f: doesn't show hand 
*** SUMMARY ***
Total pot $2.50 | Rake $0 
Seat 5: gohome78
Seat 6: izzyfromthebloc
Seat 1: Poker9803 (small blind) folded before Flop
Seat 2: raiseinthedarkk (big blind) folded before Flop
Seat 3: fedor0f collected ($2.50)
Seat 4: Emily_GetMan (button) folded before Flop (didn't bet)



PokerStars Hand #254558969741:  Hold'em No Limit ($0.50/$1.00 USD) - 2025/01/26 9:35:04 WET [2025/01/26 4:35:04 ET]
Table 'Saskia IV' 6-max Seat #1 is the button
Seat 1: Poker9803 ($100.78 in chips) 
Seat 2: raiseinthedarkk ($100 in chips) 
Seat 3: fedor0f ($174.85 in chips) 
Seat 4: Emily_GetMan ($112.78 in chips) 
Seat 6: izzyfromthebloc ($33.74 in chips) 
raiseinthedarkk: posts small blind $0.50
fedor0f: posts big blind $1
izzyfromthebloc: posts small & big blinds $1.50
*** HOLE CARDS ***
Emily_GetMan: folds 
izzyfromthebloc: checks 
Poker9803: folds 
raiseinthedarkk: folds 
fedor0f: checks 
*** FLOP *** [3c 9d Qh]
fedor0f: checks 
izzyfromthebloc: checks 
*** TURN *** [3c 9d Qh] [2c]
fedor0f: bets $1
izzyfromthebloc: calls $1
*** RIVER *** [3c 9d Qh 2c] [3d]
fedor0f: checks 
izzyfromthebloc: bets $5
fedor0f: folds 
Uncalled bet ($5) returned to izzyfromthebloc
izzyfromthebloc collected $4.75 from pot
*** SUMMARY ***
Total pot $5 | Rake $0.25 
Board [3c 9d Qh 2c 3d]
Seat 1: Poker9803 (button) folded before Flop (didn't bet)
Seat 2: raiseinthedarkk (small blind) folded before Flop
Seat 3: fedor0f (big blind) folded on the River
Seat 4: Emily_GetMan folded before Flop (didn't bet)
Seat 6: izzyfromthebloc collected ($4.75)



PokerStars Hand #254558975335:  Hold'em No Limit ($0.50/$1.00 USD) - 2025/01/26 9:36:00 WET [2025/01/26 4:36:00 ET]
Table 'Saskia IV' 6-max Seat #2 is the button
Seat 1: Poker9803 ($100.78 in chips) 
Seat 2: raiseinthedarkk ($100 in chips) 
Seat 3: fedor0f ($172.85 in chips) 
Seat 4: Emily_GetMan ($112.78 in chips) 
Seat 6: izzyfromthebloc ($35.99 in chips) 
fedor0f: posts small blind $0.50
Emily_GetMan: posts big blind $1
*** HOLE CARDS ***
izzyfromthebloc: folds 
Poker9803: raises $1.50 to $2.50
raiseinthedarkk: folds 
fedor0f: folds 
Emily_GetMan: folds 
Uncalled bet ($1.50) returned to Poker9803
Poker9803 collected $2.50 from pot
Poker9803: doesn't show hand 
*** SUMMARY ***
Total pot $2.50 | Rake $0 
Seat 1: Poker9803 collected ($2.50)
Seat 2: raiseinthedarkk (button) folded before Flop (didn't bet)
Seat 3: fedor0f (small blind) folded before Flop
Seat 4: Emily_GetMan (big blind) folded before Flop
Seat 6: izzyfromthebloc folded before Flop (didn't bet)



PokerStars Hand #254558976848:  Hold'em No Limit ($0.50/$1.00 USD) - 2025/01/26 9:36:14 WET [2025/01/26 4:36:14 ET]
Table 'Saskia IV' 6-max Seat #3 is the button
Seat 1: Poker9803 ($102.28 in chips) 
Seat 2: raiseinthedarkk ($100 in chips) 
Seat 3: fedor0f ($172.35 in chips) 
Seat 4: Emily_GetMan ($111.78 in chips) 
Seat 6: izzyfromthebloc ($35.99 in chips) 
Emily_GetMan: posts small blind $0.50
izzyfromthebloc: posts big blind $1
*** HOLE CARDS ***
Poker9803: folds 
raiseinthedarkk: raises $1.20 to $2.20
fedor0f: folds 
WatchTheBaby joins the table at seat #5 
WatchTheBaby is disconnected 
Emily_GetMan: folds 
izzyfromthebloc: calls $1.20
*** FLOP *** [2h Kc 8h]
izzyfromthebloc: checks 
raiseinthedarkk: checks 
*** TURN *** [2h Kc 8h] [9s]
izzyfromthebloc: bets $4
raiseinthedarkk: calls $4
*** RIVER *** [2h Kc 8h 9s] [Qs]
izzyfromthebloc: checks 
raiseinthedarkk: checks 
*** SHOW DOWN ***
izzyfromthebloc: shows [Qh Ts] (a pair of Queens)
raiseinthedarkk: mucks hand 
izzyfromthebloc collected $12.26 from pot
*** SUMMARY ***
Total pot $12.90 | Rake $0.64 
Board [2h Kc 8h 9s Qs]
Seat 1: Poker9803 folded before Flop (didn't bet)
Seat 2: raiseinthedarkk mucked
Seat 3: fedor0f (button) folded before Flop (didn't bet)
Seat 4: Emily_GetMan (small blind) folded before Flop
Seat 6: izzyfromthebloc (big blind) showed [Qh Ts] and won ($12.26) with a pair of Queens



PokerStars Hand #254558982104:  Hold'em No Limit ($0.50/$1.00 USD) - 2025/01/26 9:37:06 WET [2025/01/26 4:37:06 ET]
Table 'Saskia IV' 6-max Seat #4 is the button
Seat 5: WatchTheBaby ($100 in chips) is sitting out
Seat 1: Poker9803 ($102.28 in chips) 
Seat 2: raiseinthedarkk ($100 in chips) 
Seat 3: fedor0f ($172.35 in chips) 
Seat 4: Emily_GetMan ($111.28 in chips) 
Seat 6: izzyfromthebloc ($42.05 in chips) 
izzyfromthebloc: posts small blind $0.50
Poker9803: posts big blind $1
*** HOLE CARDS ***
raiseinthedarkk: folds 
fedor0f: folds 
Emily_GetMan: folds 
izzyfromthebloc: folds 
Uncalled bet ($0.50) returned to Poker9803
Poker9803 collected $1 from pot
Poker9803: doesn't show hand 
*** SUMMARY ***
Total pot $1 | Rake $0 
Seat 5: WatchTheBaby
Seat 1: Poker9803 (big blind) collected ($1)
Seat 2: raiseinthedarkk folded before Flop (didn't bet)
Seat 3: fedor0f folded before Flop (didn't bet)
Seat 4: Emily_GetMan (button) folded before Flop (didn't bet)
Seat 6: izzyfromthebloc (small blind) folded before Flop



PokerStars Hand #254558983743:  Hold'em No Limit ($0.50/$1.00 USD) - 2025/01/26 9:37:22 WET [2025/01/26 4:37:22 ET]
Table 'Saskia IV' 6-max Seat #6 is the button
Seat 5: WatchTheBaby ($100 in chips) is sitting out
Seat 1: Poker9803 ($102.78 in chips) 
Seat 2: raiseinthedarkk ($100 in chips) 
Seat 3: fedor0f ($172.35 in chips) 
Seat 4: Emily_GetMan ($111.28 in chips) 
Seat 6: izzyfromthebloc ($41.55 in chips) 
Poker9803: posts small blind $0.50
raiseinthedarkk: posts big blind $1
WatchTheBaby: sits out 
*** HOLE CARDS ***
fedor0f: raises $1 to $2
Emily_GetMan: folds 
izzyfromthebloc: raises $1 to $3
Poker9803: folds 
raiseinthedarkk: folds 
fedor0f: calls $1
*** FLOP *** [7d 3c 9s]
fedor0f: checks 
izzyfromthebloc: bets $5.56
fedor0f: folds 
Uncalled bet ($5.56) returned to izzyfromthebloc
izzyfromthebloc collected $7.12 from pot
*** SUMMARY ***
Total pot $7.50 | Rake $0.38 
Board [7d 3c 9s]
Seat 5: WatchTheBaby
Seat 1: Poker9803 (small blind) folded before Flop
Seat 2: raiseinthedarkk (big blind) folded before Flop
Seat 3: fedor0f folded on the Flop
Seat 4: Emily_GetMan folded before Flop (didn't bet)
Seat 6: izzyfromthebloc (button) collected ($7.12)



PokerStars Hand #254558988047:  Hold'em No Limit ($0.50/$1.00 USD) - 2025/01/26 9:38:03 WET [2025/01/26 4:38:03 ET]
Table 'Saskia IV' 6-max Seat #1 is the button
Seat 5: WatchTheBaby ($100 in chips) is sitting out
Seat 1: Poker9803 ($102.28 in chips) 
Seat 2: raiseinthedarkk ($100 in chips) 
Seat 3: fedor0f ($169.35 in chips) 
Seat 4: Emily_GetMan ($111.28 in chips) 
Seat 6: izzyfromthebloc ($45.67 in chips) 
raiseinthedarkk: posts small blind $0.50
fedor0f: posts big blind $1
WatchTheBaby: sits out 
*** HOLE CARDS ***
Emily_GetMan: folds 
izzyfromthebloc: raises $4 to $5
Poker9803: folds 
raiseinthedarkk: raises $13 to $18
fedor0f: folds 
izzyfromthebloc: calls $13
*** FLOP *** [Th 9d 6d]
raiseinthedarkk: bets $28
izzyfromthebloc: calls $27.67 and is all-in
Uncalled bet ($0.33) returned to raiseinthedarkk
*** TURN *** [Th 9d 6d] [5d]
*** RIVER *** [Th 9d 6d 5d] [Qs]
*** SHOW DOWN ***
raiseinthedarkk: shows [Ad Qh] (a pair of Queens)
izzyfromthebloc: shows [2c 2d] (a pair of Deuces)
raiseinthedarkk collected $89.84 from pot
izzyfromthebloc cashed out the hand for $58.73 | Cash Out Fee $1.20
*** SUMMARY ***
Total pot $92.34 | Rake $2.50 
Board [Th 9d 6d 5d Qs]
Seat 5: WatchTheBaby
Seat 1: Poker9803 (button) folded before Flop (didn't bet)
Seat 2: raiseinthedarkk (small blind) showed [Ad Qh] and won ($89.84) with a pair of Queens
Seat 3: fedor0f (big blind) folded before Flop
Seat 4: Emily_GetMan folded before Flop (didn't bet)
Seat 6: izzyfromthebloc showed [2c 2d] and lost with a pair of Deuces (cashed out).



PokerStars Hand #254558991320:  Hold'em No Limit ($0.50/$1.00 USD) - 2025/01/26 9:38:35 WET [2025/01/26 4:38:35 ET]
Table 'Saskia IV' 6-max Seat #2 is the button
Seat 5: WatchTheBaby ($100 in chips) is sitting out
Seat 1: Poker9803 ($102.28 in chips) 
Seat 2: raiseinthedarkk ($144.17 in chips) 
Seat 3: fedor0f ($168.35 in chips) 
Seat 4: Emily_GetMan ($111.28 in chips) 
Seat 6: izzyfromthebloc ($58.73 in chips) 
fedor0f: posts small blind $0.50
Emily_GetMan: posts big blind $1
WatchTheBaby: sits out 
*** HOLE CARDS ***
izzyfromthebloc: folds 
Poker9803: folds 
raiseinthedarkk: raises $1.20 to $2.20
fedor0f: folds 
Emily_GetMan: folds 
Uncalled bet ($1.20) returned to raiseinthedarkk
raiseinthedarkk collected $2.50 from pot
raiseinthedarkk: doesn't show hand 
*** SUMMARY ***
Total pot $2.50 | Rake $0 
Seat 5: WatchTheBaby
Seat 1: Poker9803 folded before Flop (didn't bet)
Seat 2: raiseinthedarkk (button) collected ($2.50)
Seat 3: fedor0f (small blind) folded before Flop
Seat 4: Emily_GetMan (big blind) folded before Flop
Seat 6: izzyfromthebloc folded before Flop (didn't bet)



PokerStars Hand #254558992900:  Hold'em No Limit ($0.50/$1.00 USD) - 2025/01/26 9:38:50 WET [2025/01/26 4:38:50 ET]
Table 'Saskia IV' 6-max Seat #3 is the button
Seat 1: Poker9803 ($102.28 in chips) 
Seat 2: raiseinthedarkk ($145.67 in chips) 
Seat 3: fedor0f ($167.85 in chips) 
Seat 4: Emily_GetMan ($110.28 in chips) 
Seat 5: WatchTheBaby ($100 in chips) 
Seat 6: izzyfromthebloc ($58.73 in chips) 
Emily_GetMan: posts small blind $0.50
WatchTheBaby: posts big blind $1
*** HOLE CARDS ***
izzyfromthebloc: folds 
Poker9803: folds 
raiseinthedarkk: folds 
fedor0f: folds 
Emily_GetMan: folds 
Uncalled bet ($0.50) returned to WatchTheBaby
WatchTheBaby collected $1 from pot
*** SUMMARY ***
Total pot $1 | Rake $0 
Seat 1: Poker9803 folded before Flop (didn't bet)
Seat 2: raiseinthedarkk folded before Flop (didn't bet)
Seat 3: fedor0f (button) folded before Flop (didn't bet)
Seat 4: Emily_GetMan (small blind) folded before Flop
Seat 5: WatchTheBaby (big blind) collected ($1)
Seat 6: izzyfromthebloc folded before Flop (didn't bet)



PokerStars Hand #254558995271:  Hold'em No Limit ($0.50/$1.00 USD) - 2025/01/26 9:39:13 WET [2025/01/26 4:39:13 ET]
Table 'Saskia IV' 6-max Seat #4 is the button
Seat 1: Poker9803 ($102.28 in chips) 
Seat 2: raiseinthedarkk ($145.67 in chips) 
Seat 3: fedor0f ($167.85 in chips) 
Seat 4: Emily_GetMan ($109.78 in chips) 
Seat 5: WatchTheBaby ($100.50 in chips) 
Seat 6: izzyfromthebloc ($58.73 in chips) 
WatchTheBaby: posts small blind $0.50
izzyfromthebloc: posts big blind $1
*** HOLE CARDS ***
Poker9803: folds 
raiseinthedarkk: folds 
fedor0f: folds 
Emily_GetMan: raises $1.50 to $2.50
WatchTheBaby: raises $6 to $8.50
izzyfromthebloc: folds 
Emily_GetMan: folds 
Uncalled bet ($6) returned to WatchTheBaby
WatchTheBaby collected $6 from pot
*** SUMMARY ***
Total pot $6 | Rake $0 
Seat 1: Poker9803 folded before Flop (didn't bet)
Seat 2: raiseinthedarkk folded before Flop (didn't bet)
Seat 3: fedor0f folded before Flop (didn't bet)
Seat 4: Emily_GetMan (button) folded before Flop
Seat 5: WatchTheBaby (small blind) collected ($6)
Seat 6: izzyfromthebloc (big blind) folded before Flop



PokerStars Hand #254558997609:  Hold'em No Limit ($0.50/$1.00 USD) - 2025/01/26 9:39:36 WET [2025/01/26 4:39:36 ET]
Table 'Saskia IV' 6-max Seat #5 is the button
Seat 1: Poker9803 ($102.28 in chips) 
Seat 2: raiseinthedarkk ($145.67 in chips) 
Seat 3: fedor0f ($167.85 in chips) 
Seat 4: Emily_GetMan ($107.28 in chips) 
Seat 5: WatchTheBaby ($104 in chips) 
Seat 6: izzyfromthebloc ($57.73 in chips) 
izzyfromthebloc: posts small blind $0.50
Poker9803: posts big blind $1
*** HOLE CARDS ***
raiseinthedarkk: folds 
fedor0f: folds 
Emily_GetMan: folds 
WatchTheBaby: raises $2 to $3
izzyfromthebloc: folds 
Poker9803: calls $2
*** FLOP *** [Qh 3h 7s]
Poker9803: checks 
WatchTheBaby: bets $3.09
Poker9803: folds 
Uncalled bet ($3.09) returned to WatchTheBaby
WatchTheBaby collected $6.18 from pot
*** SUMMARY ***
Total pot $6.50 | Rake $0.32 
Board [Qh 3h 7s]
Seat 1: Poker9803 (big blind) folded on the Flop
Seat 2: raiseinthedarkk folded before Flop (didn't bet)
Seat 3: fedor0f folded before Flop (didn't bet)
Seat 4: Emily_GetMan folded before Flop (didn't bet)
Seat 5: WatchTheBaby (button) collected ($6.18)
Seat 6: izzyfromthebloc (small blind) folded before Flop



PokerStars Hand #254559000525:  Hold'em No Limit ($0.50/$1.00 USD) - 2025/01/26 9:40:04 WET [2025/01/26 4:40:04 ET]
Table 'Saskia IV' 6-max Seat #6 is the button
Seat 1: Poker9803 ($100 in chips) 
Seat 2: raiseinthedarkk ($145.67 in chips) 
Seat 3: fedor0f ($167.85 in chips) 
Seat 4: Emily_GetMan ($107.28 in chips) 
Seat 5: WatchTheBaby ($107.18 in chips) 
Seat 6: izzyfromthebloc ($57.23 in chips) 
Poker9803: posts small blind $0.50
raiseinthedarkk: posts big blind $1
*** HOLE CARDS ***
fedor0f: folds 
Emily_GetMan: folds 
WatchTheBaby: folds 
izzyfromthebloc: folds 
Poker9803: folds 
Uncalled bet ($0.50) returned to raiseinthedarkk
raiseinthedarkk collected $1 from pot
raiseinthedarkk: doesn't show hand 
*** SUMMARY ***
Total pot $1 | Rake $0 
Seat 1: Poker9803 (small blind) folded before Flop
Seat 2: raiseinthedarkk (big blind) collected ($1)
Seat 3: fedor0f folded before Flop (didn't bet)
Seat 4: Emily_GetMan folded before Flop (didn't bet)
Seat 5: WatchTheBaby folded before Flop (didn't bet)
Seat 6: izzyfromthebloc (button) folded before Flop (didn't bet)



PokerStars Hand #254559001590:  Hold'em No Limit ($0.50/$1.00 USD) - 2025/01/26 9:40:14 WET [2025/01/26 4:40:14 ET]
Table 'Saskia IV' 6-max Seat #1 is the button
Seat 1: Poker9803 ($100 in chips) 
Seat 2: raiseinthedarkk ($146.17 in chips) 
Seat 3: fedor0f ($167.85 in chips) 
Seat 4: Emily_GetMan ($107.28 in chips) 
Seat 5: WatchTheBaby ($107.18 in chips) 
Seat 6: izzyfromthebloc ($57.23 in chips) 
raiseinthedarkk: posts small blind $0.50
fedor0f: posts big blind $1
*** HOLE CARDS ***
Emily_GetMan: folds 
WatchTheBaby: folds 
izzyfromthebloc: raises $3 to $4
Poker9803: folds 
raiseinthedarkk: raises $9 to $13
fedor0f: folds 
izzyfromthebloc: calls $9
*** FLOP *** [8h 5c 8s]
raiseinthedarkk: checks 
izzyfromthebloc: checks 
*** TURN *** [8h 5c 8s] [9d]
raiseinthedarkk: bets $13.50
izzyfromthebloc: calls $13.50
*** RIVER *** [8h 5c 8s 9d] [Th]
raiseinthedarkk: bets $40.17
izzyfromthebloc: calls $30.73 and is all-in
Uncalled bet ($9.44) returned to raiseinthedarkk
*** SHOW DOWN ***
raiseinthedarkk: shows [Jd Kc] (a pair of Eights)
izzyfromthebloc: shows [Qh Ac] (a pair of Eights - Ace kicker)
izzyfromthebloc collected $112.96 from pot
*** SUMMARY ***
Total pot $115.46 | Rake $2.50 
Board [8h 5c 8s 9d Th]
Seat 1: Poker9803 (button) folded before Flop (didn't bet)
Seat 2: raiseinthedarkk (small blind) showed [Jd Kc] and lost with a pair of Eights
Seat 3: fedor0f (big blind) folded before Flop
Seat 4: Emily_GetMan folded before Flop (didn't bet)
Seat 5: WatchTheBaby folded before Flop (didn't bet)
Seat 6: izzyfromthebloc showed [Qh Ac] and won ($112.96) with a pair of Eights



PokerStars Hand #254559009393:  Hold'em No Limit ($0.50/$1.00 USD) - 2025/01/26 9:41:28 WET [2025/01/26 4:41:28 ET]
Table 'Saskia IV' 6-max Seat #2 is the button
Seat 1: Poker9803 ($100 in chips) 
Seat 2: raiseinthedarkk ($100 in chips) 
Seat 3: fedor0f ($166.85 in chips) 
Seat 4: Emily_GetMan ($107.28 in chips) 
Seat 5: WatchTheBaby ($107.18 in chips) 
Seat 6: izzyfromthebloc ($112.96 in chips) 
fedor0f: posts small blind $0.50
Emily_GetMan: posts big blind $1
*** HOLE CARDS ***
WatchTheBaby: folds 
izzyfromthebloc: raises $3 to $4
Poker9803: folds 
raiseinthedarkk: calls $4
fedor0f: folds 
Emily_GetMan: folds 
*** FLOP *** [7c 9d 3d]
izzyfromthebloc: checks 
raiseinthedarkk: bets $5.95
izzyfromthebloc: calls $5.95
*** TURN *** [7c 9d 3d] [Ac]
izzyfromthebloc: checks 
raiseinthedarkk: checks 
*** RIVER *** [7c 9d 3d Ac] [Kd]
izzyfromthebloc: checks 
raiseinthedarkk: checks 
*** SHOW DOWN ***
izzyfromthebloc: shows [Jc Th] (high card Ace)
raiseinthedarkk: shows [2s 2c] (a pair of Deuces)
raiseinthedarkk collected $20.33 from pot
*** SUMMARY ***
Total pot $21.40 | Rake $1.07 
Board [7c 9d 3d Ac Kd]
Seat 1: Poker9803 folded before Flop (didn't bet)
Seat 2: raiseinthedarkk (button) showed [2s 2c] and won ($20.33) with a pair of Deuces
Seat 3: fedor0f (small blind) folded before Flop
Seat 4: Emily_GetMan (big blind) folded before Flop
Seat 5: WatchTheBaby folded before Flop (didn't bet)
Seat 6: izzyfromthebloc showed [Jc Th] and lost with high card Ace



PokerStars Hand #254559014578:  Hold'em No Limit ($0.50/$1.00 USD) - 2025/01/26 9:42:18 WET [2025/01/26 4:42:18 ET]
Table 'Saskia IV' 6-max Seat #3 is the button
Seat 1: Poker9803 ($100 in chips) 
Seat 2: raiseinthedarkk ($110.38 in chips) 
Seat 3: fedor0f ($166.35 in chips) 
Seat 4: Emily_GetMan ($106.28 in chips) 
Seat 5: WatchTheBaby ($107.18 in chips) 
Seat 6: izzyfromthebloc ($103.01 in chips) 
Emily_GetMan: posts small blind $0.50
WatchTheBaby: posts big blind $1
*** HOLE CARDS ***
izzyfromthebloc: raises $1 to $2
Poker9803: folds 
raiseinthedarkk: raises $5.50 to $7.50
fedor0f: folds 
Emily_GetMan: folds 
WatchTheBaby: folds 
izzyfromthebloc: calls $5.50
*** FLOP *** [Jh 2h 7s]
izzyfromthebloc: checks 
raiseinthedarkk: bets $8
izzyfromthebloc: folds 
Uncalled bet ($8) returned to raiseinthedarkk
raiseinthedarkk collected $15.68 from pot
raiseinthedarkk: doesn't show hand 
*** SUMMARY ***
Total pot $16.50 | Rake $0.82 
Board [Jh 2h 7s]
Seat 1: Poker9803 folded before Flop (didn't bet)
Seat 2: raiseinthedarkk collected ($15.68)
Seat 3: fedor0f (button) folded before Flop (didn't bet)
Seat 4: Emily_GetMan (small blind) folded before Flop
Seat 5: WatchTheBaby (big blind) folded before Flop
Seat 6: izzyfromthebloc folded on the Flop



PokerStars Hand #254559018150:  Hold'em No Limit ($0.50/$1.00 USD) - 2025/01/26 9:42:52 WET [2025/01/26 4:42:52 ET]
Table 'Saskia IV' 6-max Seat #4 is the button
Seat 1: Poker9803 ($100 in chips) 
Seat 2: raiseinthedarkk ($118.56 in chips) 
Seat 3: fedor0f ($166.35 in chips) 
Seat 4: Emily_GetMan ($105.78 in chips) 
Seat 5: WatchTheBaby ($106.18 in chips) 
Seat 6: izzyfromthebloc ($95.51 in chips) 
WatchTheBaby: posts small blind $0.50
izzyfromthebloc: posts big blind $1
*** HOLE CARDS ***
Poker9803: raises $1.50 to $2.50
raiseinthedarkk: folds 
fedor0f: calls $2.50
Emily_GetMan: folds 
WatchTheBaby: folds 
izzyfromthebloc: calls $1.50
*** FLOP *** [Jd 3h 8h]
izzyfromthebloc: checks 
Poker9803: bets $2.51
fedor0f: folds 
izzyfromthebloc: folds 
Uncalled bet ($2.51) returned to Poker9803
Poker9803 collected $7.60 from pot
Poker9803: doesn't show hand 
*** SUMMARY ***
Total pot $8 | Rake $0.40 
Board [Jd 3h 8h]
Seat 1: Poker9803 collected ($7.60)
Seat 2: raiseinthedarkk folded before Flop (didn't bet)
Seat 3: fedor0f folded on the Flop
Seat 4: Emily_GetMan (button) folded before Flop (didn't bet)
Seat 5: WatchTheBaby (small blind) folded before Flop
Seat 6: izzyfromthebloc (big blind) folded on the Flop



PokerStars Hand #254559021157:  Hold'em No Limit ($0.50/$1.00 USD) - 2025/01/26 9:43:20 WET [2025/01/26 4:43:20 ET]
Table 'Saskia IV' 6-max Seat #5 is the button
Seat 1: Poker9803 ($105.10 in chips) 
Seat 2: raiseinthedarkk ($118.56 in chips) 
Seat 3: fedor0f ($163.85 in chips) 
Seat 4: Emily_GetMan ($105.78 in chips) 
Seat 5: WatchTheBaby ($105.68 in chips) 
Seat 6: izzyfromthebloc ($93.01 in chips) 
izzyfromthebloc: posts small blind $0.50
Poker9803: posts big blind $1
*** HOLE CARDS ***
raiseinthedarkk: folds 
fedor0f: folds 
Emily_GetMan: raises $1 to $2
WatchTheBaby: calls $2
izzyfromthebloc: folds 
Poker9803: folds 
*** FLOP *** [8c Tc Th]
Emily_GetMan: bets $1.72
WatchTheBaby: calls $1.72
*** TURN *** [8c Tc Th] [9s]
Emily_GetMan: bets $5.60
WatchTheBaby: calls $5.60
*** RIVER *** [8c Tc Th 9s] [Qs]
Emily_GetMan: checks 
WatchTheBaby: checks 
*** SHOW DOWN ***
Emily_GetMan: shows [Ts As] (three of a kind, Tens)
WatchTheBaby: mucks hand 
Emily_GetMan collected $19.13 from pot
*** SUMMARY ***
Total pot $20.14 | Rake $1.01 
Board [8c Tc Th 9s Qs]
Seat 1: Poker9803 (big blind) folded before Flop
Seat 2: raiseinthedarkk folded before Flop (didn't bet)
Seat 3: fedor0f folded before Flop (didn't bet)
Seat 4: Emily_GetMan showed [Ts As] and won ($19.13) with three of a kind, Tens
Seat 5: WatchTheBaby (button) mucked
Seat 6: izzyfromthebloc (small blind) folded before Flop



PokerStars Hand #254559025169:  Hold'em No Limit ($0.50/$1.00 USD) - 2025/01/26 9:43:58 WET [2025/01/26 4:43:58 ET]
Table 'Saskia IV' 6-max Seat #6 is the button
Seat 1: Poker9803 ($104.10 in chips) 
Seat 2: raiseinthedarkk ($118.56 in chips) 
Seat 3: fedor0f ($163.85 in chips) 
Seat 4: Emily_GetMan ($115.59 in chips) 
Seat 5: WatchTheBaby ($100 in chips) 
Seat 6: izzyfromthebloc ($92.51 in chips) 
Poker9803: posts small blind $0.50
raiseinthedarkk: posts big blind $1
*** HOLE CARDS ***
fedor0f: folds 
Emily_GetMan: raises $1 to $2
WatchTheBaby: calls $2
izzyfromthebloc: raises $5 to $7
Poker9803: folds 
raiseinthedarkk: folds 
Emily_GetMan: raises $20 to $27
WatchTheBaby: folds 
izzyfromthebloc: folds 
Uncalled bet ($20) returned to Emily_GetMan
Emily_GetMan collected $17.50 from pot
Emily_GetMan: doesn't show hand 
*** SUMMARY ***
Total pot $17.50 | Rake $0 
Seat 1: Poker9803 (small blind) folded before Flop
Seat 2: raiseinthedarkk (big blind) folded before Flop
Seat 3: fedor0f folded before Flop (didn't bet)
Seat 4: Emily_GetMan collected ($17.50)
Seat 5: WatchTheBaby folded before Flop
Seat 6: izzyfromthebloc (button) folded before Flop



PokerStars Hand #254559028955:  Hold'em No Limit ($0.50/$1.00 USD) - 2025/01/26 9:44:33 WET [2025/01/26 4:44:33 ET]
Table 'Saskia IV' 6-max Seat #1 is the button
Seat 1: Poker9803 ($103.60 in chips) 
Seat 2: raiseinthedarkk ($117.56 in chips) 
Seat 3: fedor0f ($163.85 in chips) 
Seat 4: Emily_GetMan ($126.09 in chips) 
Seat 5: WatchTheBaby ($100 in chips) 
Seat 6: izzyfromthebloc ($85.51 in chips) 
raiseinthedarkk: posts small blind $0.50
fedor0f: posts big blind $1
*** HOLE CARDS ***
Emily_GetMan: folds 
WatchTheBaby: raises $1 to $2
izzyfromthebloc: folds 
Poker9803: folds 
raiseinthedarkk: folds 
fedor0f: folds 
Uncalled bet ($1) returned to WatchTheBaby
WatchTheBaby collected $2.50 from pot
*** SUMMARY ***
Total pot $2.50 | Rake $0 
Seat 1: Poker9803 (button) folded before Flop (didn't bet)
Seat 2: raiseinthedarkk (small blind) folded before Flop
Seat 3: fedor0f (big blind) folded before Flop
Seat 4: Emily_GetMan folded before Flop (didn't bet)
Seat 5: WatchTheBaby collected ($2.50)
Seat 6: izzyfromthebloc folded before Flop (didn't bet)



PokerStars Hand #254559031098:  Hold'em No Limit ($0.50/$1.00 USD) - 2025/01/26 9:44:53 WET [2025/01/26 4:44:53 ET]
Table 'Saskia IV' 6-max Seat #2 is the button
Seat 1: Poker9803 ($103.60 in chips) 
Seat 2: raiseinthedarkk ($117.06 in chips) 
Seat 3: fedor0f ($162.85 in chips) 
Seat 4: Emily_GetMan ($126.09 in chips) 
Seat 5: WatchTheBaby ($101.50 in chips) 
Seat 6: izzyfromthebloc ($85.51 in chips) 
fedor0f: posts small blind $0.50
Emily_GetMan: posts big blind $1
*** HOLE CARDS ***
WatchTheBaby: folds 
izzyfromthebloc: calls $1
Poker9803: folds 
raiseinthedarkk: folds 
fedor0f: folds 
Emily_GetMan: checks 
*** FLOP *** [5c Ts 6h]
Emily_GetMan: bets $1
izzyfromthebloc: calls $1
*** TURN *** [5c Ts 6h] [Jh]
Emily_GetMan: bets $2.82
izzyfromthebloc: raises $5.82 to $8.64
Emily_GetMan: calls $5.82
*** RIVER *** [5c Ts 6h Jh] [As]
Emily_GetMan: checks 
izzyfromthebloc: bets $23.69
Emily_GetMan: folds 
Uncalled bet ($23.69) returned to izzyfromthebloc
izzyfromthebloc collected $20.69 from pot
*** SUMMARY ***
Total pot $21.78 | Rake $1.09 
Board [5c Ts 6h Jh As]
Seat 1: Poker9803 folded before Flop (didn't bet)
Seat 2: raiseinthedarkk (button) folded before Flop (didn't bet)
Seat 3: fedor0f (small blind) folded before Flop
Seat 4: Emily_GetMan (big blind) folded on the River
Seat 5: WatchTheBaby folded before Flop (didn't bet)
Seat 6: izzyfromthebloc collected ($20.69)



PokerStars Hand #254559035150:  Hold'em No Limit ($0.50/$1.00 USD) - 2025/01/26 9:45:31 WET [2025/01/26 4:45:31 ET]
Table 'Saskia IV' 6-max Seat #3 is the button
Seat 1: Poker9803 ($103.60 in chips) 
Seat 2: raiseinthedarkk ($117.06 in chips) 
Seat 3: fedor0f ($162.35 in chips) 
Seat 4: Emily_GetMan ($115.45 in chips) 
Seat 5: WatchTheBaby ($101.50 in chips) 
Seat 6: izzyfromthebloc ($95.56 in chips) 
Emily_GetMan: posts small blind $0.50
WatchTheBaby: posts big blind $1
*** HOLE CARDS ***
izzyfromthebloc: folds 
Poker9803: folds 
raiseinthedarkk: folds 
fedor0f: folds 
Emily_GetMan: raises $2 to $3
WatchTheBaby: calls $2
*** FLOP *** [Qd 2s 8d]
Emily_GetMan: checks 
WatchTheBaby: bets $4.85
Emily_GetMan: folds 
Uncalled bet ($4.85) returned to WatchTheBaby
WatchTheBaby collected $5.70 from pot
*** SUMMARY ***
Total pot $6 | Rake $0.30 
Board [Qd 2s 8d]
Seat 1: Poker9803 folded before Flop (didn't bet)
Seat 2: raiseinthedarkk folded before Flop (didn't bet)
Seat 3: fedor0f (button) folded before Flop (didn't bet)
Seat 4: Emily_GetMan (small blind) folded on the Flop
Seat 5: WatchTheBaby (big blind) collected ($5.70)
Seat 6: izzyfromthebloc folded before Flop (didn't bet)



PokerStars Hand #254559039760:  Hold'em No Limit ($0.50/$1.00 USD) - 2025/01/26 9:46:14 WET [2025/01/26 4:46:14 ET]
Table 'Saskia IV' 6-max Seat #4 is the button
Seat 1: Poker9803 ($103.60 in chips) 
Seat 2: raiseinthedarkk ($117.06 in chips) 
Seat 3: fedor0f ($162.35 in chips) 
Seat 4: Emily_GetMan ($112.45 in chips) 
Seat 5: WatchTheBaby ($104.20 in chips) 
Seat 6: izzyfromthebloc ($95.56 in chips) 
WatchTheBaby: posts small blind $0.50
izzyfromthebloc: posts big blind $1
*** HOLE CARDS ***
Poker9803: folds 
raiseinthedarkk: raises $1.20 to $2.20
fedor0f: raises $4.40 to $6.60
Emily_GetMan: folds 
WatchTheBaby: folds 
izzyfromthebloc: folds 
raiseinthedarkk: calls $4.40
*** FLOP *** [Js 8d Qc]
raiseinthedarkk: checks 
fedor0f: bets $4.19
raiseinthedarkk: calls $4.19
*** TURN *** [Js 8d Qc] [4c]
raiseinthedarkk: checks 
fedor0f: checks 
*** RIVER *** [Js 8d Qc 4c] [7d]
raiseinthedarkk: bets $17.11
fedor0f: folds 
Uncalled bet ($17.11) returned to raiseinthedarkk
raiseinthedarkk collected $21.93 from pot
raiseinthedarkk: doesn't show hand 
*** SUMMARY ***
Total pot $23.08 | Rake $1.15 
Board [Js 8d Qc 4c 7d]
Seat 1: Poker9803 folded before Flop (didn't bet)
Seat 2: raiseinthedarkk collected ($21.93)
Seat 3: fedor0f folded on the River
Seat 4: Emily_GetMan (button) folded before Flop (didn't bet)
Seat 5: WatchTheBaby (small blind) folded before Flop
Seat 6: izzyfromthebloc (big blind) folded before Flop



PokerStars Hand #254559048370:  Hold'em No Limit ($0.50/$1.00 USD) - 2025/01/26 9:47:35 WET [2025/01/26 4:47:35 ET]
Table 'Saskia IV' 6-max Seat #5 is the button
Seat 1: Poker9803 ($103.60 in chips) 
Seat 2: raiseinthedarkk ($128.20 in chips) 
Seat 3: fedor0f ($151.56 in chips) 
Seat 4: Emily_GetMan ($112.45 in chips) 
Seat 5: WatchTheBaby ($103.70 in chips) 
Seat 6: izzyfromthebloc ($94.56 in chips) 
izzyfromthebloc: posts small blind $0.50
Poker9803: posts big blind $1
*** HOLE CARDS ***
raiseinthedarkk: folds 
fedor0f: folds 
Emily_GetMan: folds 
WatchTheBaby: raises $2 to $3
izzyfromthebloc: calls $2.50
Poker9803: folds 
*** FLOP *** [Qh Ah As]
izzyfromthebloc: checks 
WatchTheBaby: checks 
*** TURN *** [Qh Ah As] [3s]
izzyfromthebloc: bets $6.65
WatchTheBaby: calls $6.65
*** RIVER *** [Qh Ah As 3s] [5c]
izzyfromthebloc: bets $15
WatchTheBaby: folds 
Uncalled bet ($15) returned to izzyfromthebloc
izzyfromthebloc collected $19.28 from pot
*** SUMMARY ***
Total pot $20.30 | Rake $1.02 
Board [Qh Ah As 3s 5c]
Seat 1: Poker9803 (big blind) folded before Flop
Seat 2: raiseinthedarkk folded before Flop (didn't bet)
Seat 3: fedor0f folded before Flop (didn't bet)
Seat 4: Emily_GetMan folded before Flop (didn't bet)
Seat 5: WatchTheBaby (button) folded on the River
Seat 6: izzyfromthebloc (small blind) collected ($19.28)



PokerStars Hand #254559054785:  Hold'em No Limit ($0.50/$1.00 USD) - 2025/01/26 9:48:36 WET [2025/01/26 4:48:36 ET]
Table 'Saskia IV' 6-max Seat #6 is the button
Seat 1: Poker9803 ($102.60 in chips) 
Seat 2: raiseinthedarkk ($128.20 in chips) 
Seat 3: fedor0f ($151.56 in chips) 
Seat 4: Emily_GetMan ($112.45 in chips) 
Seat 5: WatchTheBaby ($100 in chips) 
Seat 6: izzyfromthebloc ($104.19 in chips) 
Poker9803: posts small blind $0.50
raiseinthedarkk: posts big blind $1
*** HOLE CARDS ***
fedor0f: folds 
Emily_GetMan: folds 
WatchTheBaby: folds 
izzyfromthebloc: raises $4 to $5
Poker9803: folds 
raiseinthedarkk: folds 
Uncalled bet ($4) returned to izzyfromthebloc
izzyfromthebloc collected $2.50 from pot
*** SUMMARY ***
Total pot $2.50 | Rake $0 
Seat 1: Poker9803 (small blind) folded before Flop
Seat 2: raiseinthedarkk (big blind) folded before Flop
Seat 3: fedor0f folded before Flop (didn't bet)
Seat 4: Emily_GetMan folded before Flop (didn't bet)
Seat 5: WatchTheBaby folded before Flop (didn't bet)
Seat 6: izzyfromthebloc (button) collected ($2.50)



PokerStars Hand #254559056455:  Hold'em No Limit ($0.50/$1.00 USD) - 2025/01/26 9:48:52 WET [2025/01/26 4:48:52 ET]
Table 'Saskia IV' 6-max Seat #1 is the button
Seat 1: Poker9803 ($102.10 in chips) 
Seat 2: raiseinthedarkk ($127.20 in chips) 
Seat 3: fedor0f ($151.56 in chips) 
Seat 4: Emily_GetMan ($112.45 in chips) 
Seat 5: WatchTheBaby ($100 in chips) 
Seat 6: izzyfromthebloc ($105.69 in chips) 
raiseinthedarkk: posts small blind $0.50
fedor0f: posts big blind $1
*** HOLE CARDS ***
Emily_GetMan: folds 
WatchTheBaby: raises $2 to $3
izzyfromthebloc: folds 
Poker9803: folds 
raiseinthedarkk: folds 
fedor0f: folds 
Uncalled bet ($2) returned to WatchTheBaby
WatchTheBaby collected $2.50 from pot
*** SUMMARY ***
Total pot $2.50 | Rake $0 
Seat 1: Poker9803 (button) folded before Flop (didn't bet)
Seat 2: raiseinthedarkk (small blind) folded before Flop
Seat 3: fedor0f (big blind) folded before Flop
Seat 4: Emily_GetMan folded before Flop (didn't bet)
Seat 5: WatchTheBaby collected ($2.50)
Seat 6: izzyfromthebloc folded before Flop (didn't bet)



PokerStars Hand #254559057820:  Hold'em No Limit ($0.50/$1.00 USD) - 2025/01/26 9:49:05 WET [2025/01/26 4:49:05 ET]
Table 'Saskia IV' 6-max Seat #2 is the button
Seat 1: Poker9803 ($102.10 in chips) 
Seat 2: raiseinthedarkk ($126.70 in chips) 
Seat 3: fedor0f ($150.56 in chips) 
Seat 4: Emily_GetMan ($112.45 in chips) 
Seat 5: WatchTheBaby ($101.50 in chips) 
Seat 6: izzyfromthebloc ($105.69 in chips) 
fedor0f: posts small blind $0.50
Emily_GetMan: posts big blind $1
*** HOLE CARDS ***
WatchTheBaby: folds 
izzyfromthebloc: raises $2 to $3
Poker9803: folds 
raiseinthedarkk: calls $3
fedor0f: folds 
Emily_GetMan: folds 
*** FLOP *** [Qc Tc 8h]
izzyfromthebloc: bets $3.56
raiseinthedarkk: calls $3.56
*** TURN *** [Qc Tc 8h] [6s]
izzyfromthebloc: bets $13.89
raiseinthedarkk: calls $13.89
*** RIVER *** [Qc Tc 8h 6s] [Kh]
izzyfromthebloc: checks 
raiseinthedarkk: bets $78
izzyfromthebloc: raises $7.24 to $85.24 and is all-in
raiseinthedarkk: calls $7.24
*** SHOW DOWN ***
izzyfromthebloc: shows [Ks 7c] (a pair of Kings)
raiseinthedarkk: shows [6c Kc] (two pair, Kings and Sixes)
raiseinthedarkk collected $210.38 from pot
*** SUMMARY ***
Total pot $212.88 | Rake $2.50 
Board [Qc Tc 8h 6s Kh]
Seat 1: Poker9803 folded before Flop (didn't bet)
Seat 2: raiseinthedarkk (button) showed [6c Kc] and won ($210.38) with two pair, Kings and Sixes
Seat 3: fedor0f (small blind) folded before Flop
Seat 4: Emily_GetMan (big blind) folded before Flop
Seat 5: WatchTheBaby folded before Flop (didn't bet)
Seat 6: izzyfromthebloc showed [Ks 7c] and lost with a pair of Kings



PokerStars Hand #254559065190:  Hold'em No Limit ($0.50/$1.00 USD) - 2025/01/26 9:50:15 WET [2025/01/26 4:50:15 ET]
Table 'Saskia IV' 6-max Seat #3 is the button
Seat 6: izzyfromthebloc ($0 in chips) is sitting out
Seat 1: Poker9803 ($102.10 in chips) 
Seat 2: raiseinthedarkk ($231.39 in chips) 
Seat 3: fedor0f ($150.06 in chips) 
Seat 4: Emily_GetMan ($111.45 in chips) 
Seat 5: WatchTheBaby ($101.50 in chips) 
Emily_GetMan: posts small blind $0.50
WatchTheBaby: posts big blind $1
*** HOLE CARDS ***
Poker9803: folds 
raiseinthedarkk: folds 
fedor0f: folds 
Emily_GetMan: raises $2 to $3
izzyfromthebloc leaves the table
WatchTheBaby: raises $6 to $9
Emily_GetMan: folds 
Uncalled bet ($6) returned to WatchTheBaby
WatchTheBaby collected $6 from pot
*** SUMMARY ***
Total pot $6 | Rake $0 
Seat 6: izzyfromthebloc
Seat 1: Poker9803 folded before Flop (didn't bet)
Seat 2: raiseinthedarkk folded before Flop (didn't bet)
Seat 3: fedor0f (button) folded before Flop (didn't bet)
Seat 4: Emily_GetMan (small blind) folded before Flop
Seat 5: WatchTheBaby (big blind) collected ($6)



PokerStars Hand #254559067135:  Hold'em No Limit ($0.50/$1.00 USD) - 2025/01/26 9:50:33 WET [2025/01/26 4:50:33 ET]
Table 'Saskia IV' 6-max Seat #4 is the button
Seat 1: Poker9803 ($102.10 in chips) 
Seat 2: raiseinthedarkk ($231.39 in chips) 
Seat 3: fedor0f ($150.06 in chips) 
Seat 4: Emily_GetMan ($108.45 in chips) 
Seat 5: WatchTheBaby ($104.50 in chips) 
WatchTheBaby: posts small blind $0.50
Poker9803: posts big blind $1
*** HOLE CARDS ***
raiseinthedarkk: folds 
fedor0f: folds 
Emily_GetMan: folds 
WatchTheBaby: folds 
Uncalled bet ($0.50) returned to Poker9803
Poker9803 collected $1 from pot
Poker9803: doesn't show hand 
*** SUMMARY ***
Total pot $1 | Rake $0 
Seat 1: Poker9803 (big blind) collected ($1)
Seat 2: raiseinthedarkk folded before Flop (didn't bet)
Seat 3: fedor0f folded before Flop (didn't bet)
Seat 4: Emily_GetMan (button) folded before Flop (didn't bet)
Seat 5: WatchTheBaby (small blind) folded before Flop



PokerStars Hand #254559068335:  Hold'em No Limit ($0.50/$1.00 USD) - 2025/01/26 9:50:44 WET [2025/01/26 4:50:44 ET]
Table 'Saskia IV' 6-max Seat #5 is the button
Seat 2: raiseinthedarkk ($231.39 in chips) is sitting out
Seat 1: Poker9803 ($102.60 in chips) 
Seat 3: fedor0f ($150.06 in chips) 
Seat 4: Emily_GetMan ($108.45 in chips) 
Seat 5: WatchTheBaby ($104 in chips) 
Poker9803: posts small blind $0.50
raiseinthedarkk: is sitting out 
fedor0f: posts big blind $1
*** HOLE CARDS ***
Emily_GetMan: raises $1 to $2
raiseinthedarkk leaves the table
AlexEliseev7 joins the table at seat #6 
trueYes.3970 joins the table at seat #2 
trueYes.3970 is disconnected 
WatchTheBaby: raises $5.50 to $7.50
Poker9803: folds 
fedor0f: folds 
Emily_GetMan: calls $5.50
*** FLOP *** [2d 7c 7h]
Emily_GetMan: checks 
WatchTheBaby: bets $8.84
Emily_GetMan: calls $8.84
*** TURN *** [2d 7c 7h] [Qs]
Emily_GetMan: checks 
WatchTheBaby: bets $33.18
Emily_GetMan: calls $33.18
*** RIVER *** [2d 7c 7h Qs] [4h]
Emily_GetMan: checks 
WatchTheBaby: checks 
*** SHOW DOWN ***
Emily_GetMan: shows [Kh Qh] (two pair, Queens and Sevens)
WatchTheBaby: mucks hand 
Emily_GetMan collected $99.54 from pot
*** SUMMARY ***
Total pot $100.54 | Rake $1 
Board [2d 7c 7h Qs 4h]
Seat 2: raiseinthedarkk
Seat 1: Poker9803 (small blind) folded before Flop
Seat 3: fedor0f (big blind) folded before Flop
Seat 4: Emily_GetMan showed [Kh Qh] and won ($99.54) with two pair, Queens and Sevens
Seat 5: WatchTheBaby (button) mucked



PokerStars Hand #254559075347:  Hold'em No Limit ($0.50/$1.00 USD) - 2025/01/26 9:51:49 WET [2025/01/26 4:51:49 ET]
Table 'Saskia IV' 6-max Seat #1 is the button
Seat 2: trueYes.3970 ($10 in chips) is sitting out
Seat 4: Emily_GetMan ($158.47 in chips) is sitting out
Seat 6: AlexEliseev7 ($100 in chips) is sitting out
Seat 1: Poker9803 ($102.10 in chips) 
Seat 3: fedor0f ($149.06 in chips) 
Seat 5: WatchTheBaby ($100 in chips) 
fedor0f: posts small blind $0.50
Emily_GetMan: is sitting out 
WatchTheBaby: posts big blind $1
AlexEliseev7: sits out 
*** HOLE CARDS ***
Emily_GetMan leaves the table
Poker9803: raises $1.50 to $2.50
fedor0f: folds 
WatchTheBaby: calls $1.50
*** FLOP *** [8d 6s Qh]
WatchTheBaby: checks 
Poker9803: checks 
*** TURN *** [8d 6s Qh] [8h]
WatchTheBaby: bets $5.22
Poker9803: calls $5.22
*** RIVER *** [8d 6s Qh 8h] [9h]
WatchTheBaby: bets $15.14
Poker9803: folds 
Uncalled bet ($15.14) returned to WatchTheBaby
WatchTheBaby collected $15.14 from pot
*** SUMMARY ***
Total pot $15.94 | Rake $0.80 
Board [8d 6s Qh 8h 9h]
Seat 2: trueYes.3970
Seat 4: Emily_GetMan
Seat 6: AlexEliseev7
Seat 1: Poker9803 (button) folded on the River
Seat 3: fedor0f (small blind) folded before Flop
Seat 5: WatchTheBaby (big blind) collected ($15.14)



PokerStars Hand #254559080681:  Hold'em No Limit ($0.50/$1.00 USD) - 2025/01/26 9:52:40 WET [2025/01/26 4:52:40 ET]
Table 'Saskia IV' 6-max Seat #3 is the button
Seat 1: Poker9803 ($100 in chips) is sitting out
Seat 6: AlexEliseev7 ($100 in chips) is sitting out
Seat 2: trueYes.3970 ($10 in chips) 
Seat 3: fedor0f ($148.56 in chips) 
Seat 5: WatchTheBaby ($107.42 in chips) 
WatchTheBaby: posts small blind $0.50
Poker9803: is sitting out 
trueYes.3970: posts big blind $1
*** HOLE CARDS ***
Poker9803 leaves the table
fedor0f: raises $1 to $2
WatchTheBaby: folds 
trueYes.3970: calls $1
*** FLOP *** [Kc 5c 9c]
trueYes.3970: checks 
fedor0f: bets $2.14
trueYes.3970: folds 
Uncalled bet ($2.14) returned to fedor0f
fedor0f collected $4.28 from pot
fedor0f: doesn't show hand 
*** SUMMARY ***
Total pot $4.50 | Rake $0.22 
Board [Kc 5c 9c]
Seat 1: Poker9803
Seat 6: AlexEliseev7
Seat 2: trueYes.3970 (big blind) folded on the Flop
Seat 3: fedor0f (button) collected ($4.28)
Seat 5: WatchTheBaby (small blind) folded before Flop



PokerStars Hand #254559083498:  Hold'em No Limit ($0.50/$1.00 USD) - 2025/01/26 9:53:06 WET [2025/01/26 4:53:06 ET]
Table 'Saskia IV' 6-max Seat #2 is the button
Seat 3: fedor0f ($150.84 in chips) is sitting out
Seat 6: AlexEliseev7 ($100 in chips) is sitting out
Seat 2: trueYes.3970 ($8 in chips) 
Seat 5: WatchTheBaby ($106.92 in chips) 
trueYes.3970: posts small blind $0.50
fedor0f: is sitting out 
WatchTheBaby: posts big blind $1
*** HOLE CARDS ***
trueYes.3970: calls $0.50
WatchTheBaby: raises $105.92 to $106.92 and is all-in
trueYes.3970: calls $7 and is all-in
Uncalled bet ($98.92) returned to WatchTheBaby
*** FLOP *** [8s 9h Td]
*** TURN *** [8s 9h Td] [Kh]
*** RIVER *** [8s 9h Td Kh] [8h]
*** SHOW DOWN ***
WatchTheBaby: shows [Qs 7s] (a pair of Eights)
trueYes.3970: shows [Qh 9c] (two pair, Nines and Eights)
trueYes.3970 collected $15.20 from pot
praclovekzig joins the table at seat #4 
praclovekzig is disconnected 
*** SUMMARY ***
Total pot $16 | Rake $0.80 
Board [8s 9h Td Kh 8h]
Seat 3: fedor0f
Seat 6: AlexEliseev7
Seat 2: trueYes.3970 (button) (small blind) showed [Qh 9c] and won ($15.20) with two pair, Nines and Eights
Seat 5: WatchTheBaby (big blind) showed [Qs 7s] and lost with a pair of Eights



PokerStars Hand #254559085353:  Hold'em No Limit ($0.50/$1.00 USD) - 2025/01/26 9:53:24 WET [2025/01/26 4:53:24 ET]
Table 'Saskia IV' 6-max Seat #5 is the button
Seat 3: fedor0f ($150.84 in chips) is sitting out
Seat 6: AlexEliseev7 ($100 in chips) is sitting out
Seat 2: trueYes.3970 ($15.20 in chips) 
Seat 4: praclovekzig ($21.38 in chips) 
Seat 5: WatchTheBaby ($100 in chips) 
trueYes.3970: posts small blind $0.50
praclovekzig: posts big blind $1
*** HOLE CARDS ***
fedor0f leaves the table
WatchTheBaby: raises $2.50 to $3.50
trueYes.3970: folds 
praclovekzig: folds 
Uncalled bet ($2.50) returned to WatchTheBaby
WatchTheBaby collected $2.50 from pot
*** SUMMARY ***
Total pot $2.50 | Rake $0 
Seat 3: fedor0f
Seat 6: AlexEliseev7
Seat 2: trueYes.3970 (small blind) folded before Flop
Seat 4: praclovekzig (big blind) folded before Flop
Seat 5: WatchTheBaby (button) collected ($2.50)



PokerStars Hand #254559086321:  Hold'em No Limit ($0.50/$1.00 USD) - 2025/01/26 9:53:33 WET [2025/01/26 4:53:33 ET]
Table 'Saskia IV' 6-max Seat #2 is the button
Seat 6: AlexEliseev7 ($100 in chips) is sitting out
Seat 2: trueYes.3970 ($14.70 in chips) 
Seat 4: praclovekzig ($20.38 in chips) 
Seat 5: WatchTheBaby ($101.50 in chips) 
praclovekzig: posts small blind $0.50
WatchTheBaby: posts big blind $1
*** HOLE CARDS ***
trueYes.3970: raises $2.50 to $3.50
praclovekzig: folds 
WatchTheBaby: calls $2.50
*** FLOP *** [8d 8s Ad]
WatchTheBaby: checks 
trueYes.3970: bets $2
WatchTheBaby: calls $2
*** TURN *** [8d 8s Ad] [3c]
WatchTheBaby: checks 
trueYes.3970: bets $9.20 and is all-in
WatchTheBaby: calls $9.20
*** RIVER *** [8d 8s Ad 3c] [6h]
*** SHOW DOWN ***
WatchTheBaby: shows [6s 8c] (a full house, Eights full of Sixes)
trueYes.3970: shows [Kd Ac] (two pair, Aces and Eights)
WatchTheBaby collected $28.90 from pot
*** SUMMARY ***
Total pot $29.90 | Rake $1 
Board [8d 8s Ad 3c 6h]
Seat 6: AlexEliseev7
Seat 2: trueYes.3970 (button) showed [Kd Ac] and lost with two pair, Aces and Eights
Seat 4: praclovekzig (small blind) folded before Flop
Seat 5: WatchTheBaby (big blind) showed [6s 8c] and won ($28.90) with a full house, Eights full of Sixes



PokerStars Hand #254559089799:  Hold'em No Limit ($0.50/$1.00 USD) - 2025/01/26 9:54:06 WET [2025/01/26 4:54:06 ET]
Table 'Saskia IV' 6-max Seat #4 is the button
Seat 2: trueYes.3970 ($0 in chips) is sitting out
Seat 5: WatchTheBaby ($115.70 in chips) is sitting out
Seat 4: praclovekzig ($19.88 in chips) 
Seat 6: AlexEliseev7 ($100 in chips) 
praclovekzig: posts small blind $0.50
AlexEliseev7: posts big blind $1
*** HOLE CARDS ***
praclovekzig: raises $1 to $2
AlexEliseev7: calls $1
*** FLOP *** [Ac 2c Ah]
AlexEliseev7: checks 
praclovekzig: bets $1
AlexEliseev7: folds 
Uncalled bet ($1) returned to praclovekzig
praclovekzig collected $3.80 from pot
*** SUMMARY ***
Total pot $4 | Rake $0.20 
Board [Ac 2c Ah]
Seat 2: trueYes.3970
Seat 5: WatchTheBaby
Seat 4: praclovekzig (button) (small blind) collected ($3.80)
Seat 6: AlexEliseev7 (big blind) folded on the Flop



PokerStars Hand #254559091815:  Hold'em No Limit ($0.50/$1.00 USD) - 2025/01/26 9:54:25 WET [2025/01/26 4:54:25 ET]
Table 'Saskia IV' 6-max Seat #6 is the button
Seat 2: trueYes.3970 ($0 in chips) is sitting out
Seat 4: praclovekzig ($21.68 in chips) 
Seat 5: WatchTheBaby ($115.70 in chips) 
Seat 6: AlexEliseev7 ($100 in chips) 
praclovekzig: posts small blind $0.50
WatchTheBaby: posts big blind $1
*** HOLE CARDS ***
AlexEliseev7: raises $1.50 to $2.50
praclovekzig: raises $6 to $8.50
WatchTheBaby: raises $19.50 to $28
AlexEliseev7: folds 
praclovekzig: calls $13.18 and is all-in
Uncalled bet ($6.32) returned to WatchTheBaby
*** FLOP *** [2s 8c 9h]
*** TURN *** [2s 8c 9h] [3s]
*** RIVER *** [2s 8c 9h 3s] [Qd]
trueYes.3970 leaves the table
*** SHOW DOWN ***
praclovekzig: shows [Qh Qc] (three of a kind, Queens)
WatchTheBaby: shows [Jh Js] (a pair of Jacks)
praclovekzig collected $44.86 from pot
*** SUMMARY ***
Total pot $45.86 | Rake $1 
Board [2s 8c 9h 3s Qd]
Seat 2: trueYes.3970
Seat 4: praclovekzig (small blind) showed [Qh Qc] and won ($44.86) with three of a kind, Queens
Seat 5: WatchTheBaby (big blind) showed [Jh Js] and lost with a pair of Jacks
Seat 6: AlexEliseev7 (button) folded before Flop



PokerStars Hand #254559095663:  Hold'em No Limit ($0.50/$1.00 USD) - 2025/01/26 9:55:01 WET [2025/01/26 4:55:01 ET]
Table 'Saskia IV' 6-max Seat #4 is the button
Seat 4: praclovekzig ($44.86 in chips) 
Seat 5: WatchTheBaby ($100 in chips) 
Seat 6: AlexEliseev7 ($100 in chips) 
WatchTheBaby: posts small blind $0.50
AlexEliseev7: posts big blind $1
*** HOLE CARDS ***
praclovekzig: folds 
WatchTheBaby: raises $2 to $3
praclovekzig leaves the table
AlexEliseev7: calls $2
*** FLOP *** [6c Qh Js]
WatchTheBaby: bets $5.70
AlexEliseev7: raises $8.38 to $14.08
WatchTheBaby: folds 
Uncalled bet ($8.38) returned to AlexEliseev7
AlexEliseev7 collected $16.53 from pot
AlexEliseev7: doesn't show hand 
*** SUMMARY ***
Total pot $17.40 | Rake $0.87 
Board [6c Qh Js]
Seat 4: praclovekzig (button) folded before Flop (didn't bet)
Seat 5: WatchTheBaby (small blind) folded on the Flop
Seat 6: AlexEliseev7 (big blind) collected ($16.53)



PokerStars Hand #254559098322:  Hold'em No Limit ($0.50/$1.00 USD) - 2025/01/26 9:55:29 WET [2025/01/26 4:55:29 ET]
Table 'Saskia IV' 6-max Seat #6 is the button
Seat 5: WatchTheBaby ($100 in chips) 
Seat 6: AlexEliseev7 ($107.83 in chips) 
AlexEliseev7: posts small blind $0.50
WatchTheBaby: posts big blind $1
*** HOLE CARDS ***
AlexEliseev7: raises $1.50 to $2.50
WatchTheBaby: calls $1.50
*** FLOP *** [Kc 3d 5h]
WatchTheBaby: checks 
AlexEliseev7: bets $1.57
WatchTheBaby: calls $1.57
*** TURN *** [Kc 3d 5h] [2d]
WatchTheBaby: checks 
AlexEliseev7: checks 
*** RIVER *** [Kc 3d 5h 2d] [Js]
WatchTheBaby: checks 
AlexEliseev7: checks 
*** SHOW DOWN ***
WatchTheBaby: shows [Jh Qc] (a pair of Jacks)
AlexEliseev7: mucks hand 
WatchTheBaby collected $7.73 from pot
*** SUMMARY ***
Total pot $8.14 | Rake $0.41 
Board [Kc 3d 5h 2d Js]
Seat 5: WatchTheBaby (big blind) showed [Jh Qc] and won ($7.73) with a pair of Jacks
Seat 6: AlexEliseev7 (button) (small blind) mucked



PokerStars Hand #254559100922:  Hold'em No Limit ($0.50/$1.00 USD) - 2025/01/26 9:55:59 WET [2025/01/26 4:55:59 ET]
Table 'Saskia IV' 6-max Seat #5 is the button
Seat 5: WatchTheBaby ($103.66 in chips) 
Seat 6: AlexEliseev7 ($103.76 in chips) 
WatchTheBaby: posts small blind $0.50
AlexEliseev7: posts big blind $1
*** HOLE CARDS ***
WatchTheBaby: raises $2 to $3
AlexEliseev7: folds 
Uncalled bet ($2) returned to WatchTheBaby
WatchTheBaby collected $2 from pot
AlexEliseev7 leaves the table
*** SUMMARY ***
Total pot $2 | Rake $0 
Seat 5: WatchTheBaby (button) (small blind) collected ($2)
Seat 6: AlexEliseev7 (big blind) folded before Flop



