PokerStars Hand #254557415868:  Hold'em No Limit ($0.50/$1.00 USD) - 2025/01/26 4:33:52 WET [2025/01/25 23:33:52 ET]
Table 'Alsciaukat III' 6-max Seat #5 is the button
Seat 2: 7bekon7 ($143.47 in chips) is sitting out
Seat 1: PoKeRaRcSuNY ($106.26 in chips) 
Seat 3: Xenicide ($100 in chips) 
Seat 4: steepfell ($100 in chips) 
Seat 5: BeauParleur ($181.16 in chips) 
Seat 6: Eddy9898190 ($21.33 in chips) 
Eddy9898190: posts small blind $0.50
PoKeRaRcSuNY: posts big blind $1
LUMBO joins the table at seat #9
*** HOLE CARDS ***
Xenicide: folds 
steepfell: folds 
BeauParleur: raises $1.50 to $2.50
Eddy9898190: folds 
PoKeRaRcSuNY: folds 
Uncalled bet ($1.50) returned to BeauParleur
BeauParleur collected $2.50 from pot
BeauParleur: doesn't show hand 
*** SUMMARY ***
Total pot $2.50 | Rake $0 
Seat 2: 7bekon7
Seat 1: PoKeRaRcSuNY (big blind) folded before Flop
Seat 3: Xenicide folded before Flop (didn't bet)
Seat 4: steepfell folded before Flop (didn't bet)
Seat 5: BeauParleur (button) collected ($2.50)
Seat 6: Eddy9898190 (small blind) folded before Flop



PokerStars Hand #254557417879:  Hold'em No Limit ($0.50/$1.00 USD) - 2025/01/26 4:34:11 WET [2025/01/25 23:34:11 ET]
Table 'Alsciaukat III' 6-max Seat #6 is the button
Seat 2: 7bekon7 ($143.47 in chips) is sitting out
Seat 1: PoKeRaRcSuNY ($105.26 in chips) 
Seat 3: Xenicide ($100 in chips) 
Seat 4: steepfell ($100 in chips) 
Seat 5: BeauParleur ($182.66 in chips) 
Seat 6: Eddy9898190 ($20.83 in chips) 
PoKeRaRcSuNY: posts small blind $0.50
Xenicide: posts big blind $1
LUMBO joins the table at seat #9
*** HOLE CARDS ***
steepfell: folds 
BeauParleur: raises $1.25 to $2.25
Eddy9898190: folds 
PoKeRaRcSuNY: folds 
Eddy9898190 leaves the table
Xenicide: folds 
Uncalled bet ($1.25) returned to BeauParleur
BeauParleur collected $2.50 from pot
BeauParleur: doesn't show hand 
*** SUMMARY ***
Total pot $2.50 | Rake $0 
Seat 2: 7bekon7
Seat 1: PoKeRaRcSuNY (small blind) folded before Flop
Seat 3: Xenicide (big blind) folded before Flop
Seat 4: steepfell folded before Flop (didn't bet)
Seat 5: BeauParleur collected ($2.50)
Seat 6: Eddy9898190 (button) folded before Flop (didn't bet)



PokerStars Hand #254557421249:  Hold'em No Limit ($0.50/$1.00 USD) - 2025/01/26 4:34:42 WET [2025/01/25 23:34:42 ET]
Table 'Alsciaukat III' 6-max Seat #1 is the button
Seat 2: 7bekon7 ($143.47 in chips) is sitting out
Seat 1: PoKeRaRcSuNY ($104.76 in chips) 
Seat 3: Xenicide ($100 in chips) 
Seat 4: steepfell ($100 in chips) 
Seat 5: BeauParleur ($184.16 in chips) 
Xenicide: posts small blind $0.50
steepfell: posts big blind $1
LUMBO joins the table at seat #9
*** HOLE CARDS ***
BeauParleur: folds 
PoKeRaRcSuNY: raises $1.50 to $2.50
Xenicide: folds 
steepfell: raises $8.50 to $11
PoKeRaRcSuNY: folds 
Uncalled bet ($8.50) returned to steepfell
steepfell collected $5.50 from pot
steepfell: doesn't show hand 
*** SUMMARY ***
Total pot $5.50 | Rake $0 
Seat 2: 7bekon7
Seat 1: PoKeRaRcSuNY (button) folded before Flop
Seat 3: Xenicide (small blind) folded before Flop
Seat 4: steepfell (big blind) collected ($5.50)
Seat 5: BeauParleur folded before Flop (didn't bet)



PokerStars Hand #254557424816:  Hold'em No Limit ($0.50/$1.00 USD) - 2025/01/26 4:35:15 WET [2025/01/25 23:35:15 ET]
Table 'Alsciaukat III' 6-max Seat #3 is the button
Seat 2: 7bekon7 ($143.47 in chips) is sitting out
Seat 1: PoKeRaRcSuNY ($102.26 in chips) 
Seat 3: Xenicide ($100 in chips) 
Seat 4: steepfell ($103 in chips) 
Seat 5: BeauParleur ($184.16 in chips) 
steepfell: posts small blind $0.50
BeauParleur: posts big blind $1
LUMBO joins the table at seat #9
*** HOLE CARDS ***
PoKeRaRcSuNY: folds 
Xenicide: raises $1.25 to $2.25
steepfell: folds 
BeauParleur: folds 
Uncalled bet ($1.25) returned to Xenicide
Xenicide collected $2.50 from pot
*** SUMMARY ***
Total pot $2.50 | Rake $0 
Seat 2: 7bekon7
Seat 1: PoKeRaRcSuNY folded before Flop (didn't bet)
Seat 3: Xenicide (button) collected ($2.50)
Seat 4: steepfell (small blind) folded before Flop
Seat 5: BeauParleur (big blind) folded before Flop



PokerStars Hand #254557426027:  Hold'em No Limit ($0.50/$1.00 USD) - 2025/01/26 4:35:26 WET [2025/01/25 23:35:26 ET]
Table 'Alsciaukat III' 6-max Seat #4 is the button
Seat 2: 7bekon7 ($143.47 in chips) is sitting out
Seat 1: PoKeRaRcSuNY ($102.26 in chips) 
Seat 3: Xenicide ($101.50 in chips) 
Seat 4: steepfell ($102.50 in chips) 
Seat 5: BeauParleur ($183.16 in chips) 
BeauParleur: posts small blind $0.50
PoKeRaRcSuNY: posts big blind $1
LUMBO joins the table at seat #9
*** HOLE CARDS ***
Xenicide: folds 
steepfell: raises $1.50 to $2.50
BeauParleur: folds 
PoKeRaRcSuNY: folds 
Uncalled bet ($1.50) returned to steepfell
steepfell collected $2.50 from pot
steepfell: doesn't show hand 
*** SUMMARY ***
Total pot $2.50 | Rake $0 
Seat 2: 7bekon7
Seat 1: PoKeRaRcSuNY (big blind) folded before Flop
Seat 3: Xenicide folded before Flop (didn't bet)
Seat 4: steepfell (button) collected ($2.50)
Seat 5: BeauParleur (small blind) folded before Flop



PokerStars Hand #254557428384:  Hold'em No Limit ($0.50/$1.00 USD) - 2025/01/26 4:35:47 WET [2025/01/25 23:35:47 ET]
Table 'Alsciaukat III' 6-max Seat #1 is the button
Seat 2: 7bekon7 ($143.47 in chips) is sitting out
Seat 3: Xenicide ($101.50 in chips) is sitting out
Seat 4: steepfell ($104 in chips) is sitting out
Seat 1: PoKeRaRcSuNY ($101.26 in chips) 
Seat 5: BeauParleur ($182.66 in chips) 
PoKeRaRcSuNY: posts small blind $0.50
Xenicide: is sitting out 
steepfell: is sitting out 
BeauParleur: posts big blind $1
*** HOLE CARDS ***
Xenicide leaves the table
steepfell leaves the table
PoKeRaRcSuNY: raises $2 to $3
BeauParleur: calls $2
*** FLOP *** [Th Jd 6h]
BeauParleur: checks 
PoKeRaRcSuNY: checks 
*** TURN *** [Th Jd 6h] [Ts]
BeauParleur: bets $1.88
PoKeRaRcSuNY: folds 
Uncalled bet ($1.88) returned to BeauParleur
BeauParleur collected $5.70 from pot
BeauParleur: doesn't show hand 
*** SUMMARY ***
Total pot $6 | Rake $0.30 
Board [Th Jd 6h Ts]
Seat 2: 7bekon7
Seat 3: Xenicide
Seat 4: steepfell
Seat 1: PoKeRaRcSuNY (button) (small blind) folded on the Turn
Seat 5: BeauParleur (big blind) collected ($5.70)



PokerStars Hand #254557435244:  Hold'em No Limit ($0.50/$1.00 USD) - 2025/01/26 4:36:49 WET [2025/01/25 23:36:49 ET]
Table 'Alsciaukat III' 6-max Seat #5 is the button
Seat 1: PoKeRaRcSuNY ($100 in chips) 
Seat 2: 7bekon7 ($143.47 in chips) 
Seat 5: BeauParleur ($185.36 in chips) 
PoKeRaRcSuNY: posts small blind $0.50
7bekon7: posts big blind $1
*** HOLE CARDS ***
BeauParleur has timed out
BeauParleur: folds 
PoKeRaRcSuNY: folds 
Uncalled bet ($0.50) returned to 7bekon7
7bekon7 collected $1 from pot
7bekon7: doesn't show hand 
*** SUMMARY ***
Total pot $1 | Rake $0 
Seat 1: PoKeRaRcSuNY (small blind) folded before Flop
Seat 2: 7bekon7 (big blind) collected ($1)
Seat 5: BeauParleur (button) folded before Flop (didn't bet)



PokerStars Hand #254557436899:  Hold'em No Limit ($0.50/$1.00 USD) - 2025/01/26 4:37:05 WET [2025/01/25 23:37:05 ET]
Table 'Alsciaukat III' 6-max Seat #1 is the button
Seat 1: PoKeRaRcSuNY ($100 in chips) 
Seat 2: 7bekon7 ($143.97 in chips) 
Seat 5: BeauParleur ($185.36 in chips) 
7bekon7: posts small blind $0.50
BeauParleur: posts big blind $1
*** HOLE CARDS ***
PoKeRaRcSuNY: raises $1.50 to $2.50
7bekon7: folds 
BeauParleur: folds 
Uncalled bet ($1.50) returned to PoKeRaRcSuNY
PoKeRaRcSuNY collected $2.50 from pot
PoKeRaRcSuNY: doesn't show hand 
*** SUMMARY ***
Total pot $2.50 | Rake $0 
Seat 1: PoKeRaRcSuNY (button) collected ($2.50)
Seat 2: 7bekon7 (small blind) folded before Flop
Seat 5: BeauParleur (big blind) folded before Flop



PokerStars Hand #254557438147:  Hold'em No Limit ($0.50/$1.00 USD) - 2025/01/26 4:37:17 WET [2025/01/25 23:37:17 ET]
Table 'Alsciaukat III' 6-max Seat #5 is the button
Seat 1: PoKeRaRcSuNY ($101.50 in chips) is sitting out
Seat 2: 7bekon7 ($143.47 in chips) 
Seat 5: BeauParleur ($184.36 in chips) 
BeauParleur: posts small blind $0.50
PoKeRaRcSuNY: is sitting out 
7bekon7: posts big blind $1
*** HOLE CARDS ***
BeauParleur: raises $1.25 to $2.25
7bekon7: folds 
Uncalled bet ($1.25) returned to BeauParleur
BeauParleur collected $2 from pot
BeauParleur: doesn't show hand 
*** SUMMARY ***
Total pot $2 | Rake $0 
Seat 1: PoKeRaRcSuNY
Seat 2: 7bekon7 (big blind) folded before Flop
Seat 5: BeauParleur (button) (small blind) collected ($2)



PokerStars Hand #254557440202:  Hold'em No Limit ($0.50/$1.00 USD) - 2025/01/26 4:37:35 WET [2025/01/25 23:37:35 ET]
Table 'Alsciaukat III' 6-max Seat #2 is the button
Seat 1: PoKeRaRcSuNY ($101.50 in chips) is sitting out
Seat 2: 7bekon7 ($142.47 in chips) 
Seat 5: BeauParleur ($185.36 in chips) 
7bekon7: posts small blind $0.50
BeauParleur: posts big blind $1
*** HOLE CARDS ***
7bekon7: folds 
Uncalled bet ($0.50) returned to BeauParleur
BeauParleur collected $1 from pot
BeauParleur: doesn't show hand 
7bekon7 leaves the table
*** SUMMARY ***
Total pot $1 | Rake $0 
Seat 1: PoKeRaRcSuNY
Seat 2: 7bekon7 (button) (small blind) folded before Flop
Seat 5: BeauParleur (big blind) collected ($1)



PokerStars Hand #254557050908:  Hold'em No Limit ($0.50/$1.00 USD) - 2025/01/26 3:41:07 WET [2025/01/25 22:41:07 ET]
Table 'Alsciaukat III' 6-max Seat #1 is the button
Seat 1: CashfishT ($100 in chips) 
Seat 2: BeauParleur ($100 in chips) 
Seat 4: shootingGRID ($100 in chips) 
BeauParleur: posts small blind $0.50
shootingGRID: posts big blind $1
*** HOLE CARDS ***
CashfishT: raises $1.20 to $2.20
BeauParleur: folds 
shootingGRID: calls $1.20
*** FLOP *** [2c 8h 3h]
shootingGRID: checks 
CashfishT: bets $1.54
shootingGRID: calls $1.54
*** TURN *** [2c 8h 3h] [3c]
shootingGRID: checks 
CashfishT: checks 
*** RIVER *** [2c 8h 3h 3c] [5s]
shootingGRID: checks 
CashfishT: checks 
*** SHOW DOWN ***
shootingGRID: shows [Th Jd] (a pair of Threes)
CashfishT: shows [Ah 2h] (two pair, Threes and Deuces)
CashfishT collected $7.58 from pot
*** SUMMARY ***
Total pot $7.98 | Rake $0.40 
Board [2c 8h 3h 3c 5s]
Seat 1: CashfishT (button) showed [Ah 2h] and won ($7.58) with two pair, Threes and Deuces
Seat 2: BeauParleur (small blind) folded before Flop
Seat 4: shootingGRID (big blind) showed [Th Jd] and lost with a pair of Threes



PokerStars Hand #254557055823:  Hold'em No Limit ($0.50/$1.00 USD) - 2025/01/26 3:41:46 WET [2025/01/25 22:41:46 ET]
Table 'Alsciaukat III' 6-max Seat #2 is the button
Seat 1: CashfishT ($103.84 in chips) 
Seat 2: BeauParleur ($100 in chips) 
Seat 4: shootingGRID ($100 in chips) 
shootingGRID: posts small blind $0.50
CashfishT: posts big blind $1
*** HOLE CARDS ***
BeauParleur: folds 
shootingGRID: folds 
Uncalled bet ($0.50) returned to CashfishT
CashfishT collected $1 from pot
CashfishT: doesn't show hand 
*** SUMMARY ***
Total pot $1 | Rake $0 
Seat 1: CashfishT (big blind) collected ($1)
Seat 2: BeauParleur (button) folded before Flop (didn't bet)
Seat 4: shootingGRID (small blind) folded before Flop



PokerStars Hand #254557056677:  Hold'em No Limit ($0.50/$1.00 USD) - 2025/01/26 3:41:53 WET [2025/01/25 22:41:53 ET]
Table 'Alsciaukat III' 6-max Seat #4 is the button
Seat 1: CashfishT ($104.34 in chips) 
Seat 2: BeauParleur ($100 in chips) 
Seat 4: shootingGRID ($100 in chips) 
CashfishT: posts small blind $0.50
BeauParleur: posts big blind $1
*** HOLE CARDS ***
shootingGRID: folds 
CashfishT: folds 
Uncalled bet ($0.50) returned to BeauParleur
BeauParleur collected $1 from pot
BeauParleur: doesn't show hand 
*** SUMMARY ***
Total pot $1 | Rake $0 
Seat 1: CashfishT (small blind) folded before Flop
Seat 2: BeauParleur (big blind) collected ($1)
Seat 4: shootingGRID (button) folded before Flop (didn't bet)



PokerStars Hand #254557057599:  Hold'em No Limit ($0.50/$1.00 USD) - 2025/01/26 3:42:00 WET [2025/01/25 22:42:00 ET]
Table 'Alsciaukat III' 6-max Seat #2 is the button
Seat 4: shootingGRID ($100 in chips) is sitting out
Seat 1: CashfishT ($103.84 in chips) 
Seat 2: BeauParleur ($100.50 in chips) 
BeauParleur: posts small blind $0.50
shootingGRID: is sitting out 
CashfishT: posts big blind $1
*** HOLE CARDS ***
BeauParleur: raises $1.25 to $2.25
shootingGRID leaves the table
CashfishT: calls $1.25
*** FLOP *** [6d Jd Qd]
CashfishT: checks 
BeauParleur: checks 
*** TURN *** [6d Jd Qd] [8s]
CashfishT: checks 
BeauParleur: checks 
*** RIVER *** [6d Jd Qd 8s] [5d]
CashfishT: bets $9
BeauParleur is connected 
BeauParleur: calls $9
*** SHOW DOWN ***
CashfishT: shows [Kd Jc] (a flush, King high)
BeauParleur: mucks hand 
CashfishT collected $21.50 from pot
*** SUMMARY ***
Total pot $22.50 | Rake $1 
Board [6d Jd Qd 8s 5d]
Seat 4: shootingGRID
Seat 1: CashfishT (big blind) showed [Kd Jc] and won ($21.50) with a flush, King high
Seat 2: BeauParleur (button) (small blind) mucked



PokerStars Hand #254557064280:  Hold'em No Limit ($0.50/$1.00 USD) - 2025/01/26 3:42:54 WET [2025/01/25 22:42:54 ET]
Table 'Alsciaukat III' 6-max Seat #1 is the button
Seat 1: CashfishT ($114.09 in chips) 
Seat 2: BeauParleur ($100 in chips) 
CashfishT: posts small blind $0.50
BeauParleur: posts big blind $1
*** HOLE CARDS ***
CashfishT: raises $2 to $3
BeauParleur: folds 
Uncalled bet ($2) returned to CashfishT
CashfishT collected $2 from pot
CashfishT: doesn't show hand 
*** SUMMARY ***
Total pot $2 | Rake $0 
Seat 1: CashfishT (button) (small blind) collected ($2)
Seat 2: BeauParleur (big blind) folded before Flop



PokerStars Hand #254557066540:  Hold'em No Limit ($0.50/$1.00 USD) - 2025/01/26 3:43:12 WET [2025/01/25 22:43:12 ET]
Table 'Alsciaukat III' 6-max Seat #2 is the button
Seat 1: CashfishT ($115.09 in chips) 
Seat 2: BeauParleur ($100 in chips) 
BeauParleur: posts small blind $0.50
CashfishT: posts big blind $1
*** HOLE CARDS ***
BeauParleur: raises $1.25 to $2.25
CashfishT: calls $1.25
*** FLOP *** [Th Qc 5h]
CashfishT: checks 
BeauParleur: bets $3.21
CashfishT: folds 
Uncalled bet ($3.21) returned to BeauParleur
BeauParleur collected $4.28 from pot
BeauParleur: doesn't show hand 
*** SUMMARY ***
Total pot $4.50 | Rake $0.22 
Board [Th Qc 5h]
Seat 1: CashfishT (big blind) folded on the Flop
Seat 2: BeauParleur (button) (small blind) collected ($4.28)



PokerStars Hand #254557088018:  Hold'em No Limit ($0.50/$1.00 USD) - 2025/01/26 3:46:06 WET [2025/01/25 22:46:06 ET]
Table 'Alsciaukat III' 6-max Seat #4 is the button
Seat 1: CashfishT ($112.84 in chips) 
Seat 4: XneferX ($100 in chips) 
Seat 5: BeauParleur ($102.03 in chips) 
Seat 6: G.Andrei95 ($100 in chips) 
BeauParleur: posts small blind $0.50
G.Andrei95: posts big blind $1
*** HOLE CARDS ***
CashfishT: raises $1.20 to $2.20
XneferX: folds 
BeauParleur: folds 
G.Andrei95: calls $1.20
*** FLOP *** [Qc 5c 8c]
G.Andrei95: checks 
CashfishT: bets $1.17
G.Andrei95: folds 
Uncalled bet ($1.17) returned to CashfishT
CashfishT collected $4.66 from pot
CashfishT: doesn't show hand 
*** SUMMARY ***
Total pot $4.90 | Rake $0.24 
Board [Qc 5c 8c]
Seat 1: CashfishT collected ($4.66)
Seat 4: XneferX (button) folded before Flop (didn't bet)
Seat 5: BeauParleur (small blind) folded before Flop
Seat 6: G.Andrei95 (big blind) folded on the Flop



PokerStars Hand #254557092247:  Hold'em No Limit ($0.50/$1.00 USD) - 2025/01/26 3:46:39 WET [2025/01/25 22:46:39 ET]
Table 'Alsciaukat III' 6-max Seat #5 is the button
Seat 1: CashfishT ($115.30 in chips) 
Seat 4: XneferX ($100 in chips) 
Seat 5: BeauParleur ($101.53 in chips) 
Seat 6: G.Andrei95 ($100 in chips) 
G.Andrei95: posts small blind $0.50
CashfishT: posts big blind $1
*** HOLE CARDS ***
XneferX: folds 
BeauParleur: raises $1.50 to $2.50
G.Andrei95: folds 
CashfishT: raises $9 to $11.50
BeauParleur: calls $9
*** FLOP *** [7d Jd Qs]
CashfishT: bets $11.25
BeauParleur: calls $11.25
*** TURN *** [7d Jd Qs] [Ks]
CashfishT: checks 
BeauParleur: bets $22.50
CashfishT: raises $70.05 to $92.55 and is all-in
BeauParleur: calls $56.28 and is all-in
Uncalled bet ($13.77) returned to CashfishT
*** FIRST RIVER *** [7d Jd Qs Ks] [6s]
*** SECOND RIVER *** [7d Jd Qs Ks] [5h]
*** FIRST SHOW DOWN ***
CashfishT: shows [Qh Kh] (two pair, Kings and Queens)
BeauParleur: shows [Ts 9s] (a flush, King high)
BeauParleur collected $101.28 from pot
*** SECOND SHOW DOWN ***
CashfishT: shows [Qh Kh] (two pair, Kings and Queens)
BeauParleur: shows [Ts 9s] (a straight, Nine to King)
BeauParleur collected $101.28 from pot
*** SUMMARY ***
Total pot $203.56 | Rake $1 
Hand was run twice
FIRST Board [7d Jd Qs Ks 6s]
SECOND Board [7d Jd Qs Ks 5h]
Seat 1: CashfishT (big blind) showed [Qh Kh] and lost with two pair, Kings and Queens, and lost with two pair, Kings and Queens
Seat 4: XneferX folded before Flop (didn't bet)
Seat 5: BeauParleur (button) showed [Ts 9s] and won ($101.28) with a flush, King high, and won ($101.28) with a straight, Nine to King
Seat 6: G.Andrei95 (small blind) folded before Flop



PokerStars Hand #254557103923:  Hold'em No Limit ($0.50/$1.00 USD) - 2025/01/26 3:48:14 WET [2025/01/25 22:48:14 ET]
Table 'Alsciaukat III' 6-max Seat #6 is the button
Seat 1: CashfishT ($100 in chips) 
Seat 4: XneferX ($100 in chips) 
Seat 5: BeauParleur ($202.56 in chips) 
Seat 6: G.Andrei95 ($100 in chips) 
CashfishT: posts small blind $0.50
XneferX: posts big blind $1
*** HOLE CARDS ***
BeauParleur: folds 
G.Andrei95: folds 
CashfishT: raises $2 to $3
XneferX: folds 
Uncalled bet ($2) returned to CashfishT
CashfishT collected $2 from pot
CashfishT: doesn't show hand 
*** SUMMARY ***
Total pot $2 | Rake $0 
Seat 1: CashfishT (small blind) collected ($2)
Seat 4: XneferX (big blind) folded before Flop
Seat 5: BeauParleur folded before Flop (didn't bet)
Seat 6: G.Andrei95 (button) folded before Flop (didn't bet)



PokerStars Hand #254557105742:  Hold'em No Limit ($0.50/$1.00 USD) - 2025/01/26 3:48:29 WET [2025/01/25 22:48:29 ET]
Table 'Alsciaukat III' 6-max Seat #1 is the button
Seat 1: CashfishT ($101 in chips) 
Seat 4: XneferX ($100 in chips) 
Seat 5: BeauParleur ($202.56 in chips) 
Seat 6: G.Andrei95 ($100 in chips) 
XneferX: posts small blind $0.50
BeauParleur: posts big blind $1
*** HOLE CARDS ***
G.Andrei95: folds 
CashfishT: raises $1.20 to $2.20
XneferX: folds 
BeauParleur: folds 
Uncalled bet ($1.20) returned to CashfishT
CashfishT collected $2.50 from pot
CashfishT: doesn't show hand 
*** SUMMARY ***
Total pot $2.50 | Rake $0 
Seat 1: CashfishT (button) collected ($2.50)
Seat 4: XneferX (small blind) folded before Flop
Seat 5: BeauParleur (big blind) folded before Flop
Seat 6: G.Andrei95 folded before Flop (didn't bet)



PokerStars Hand #254557107961:  Hold'em No Limit ($0.50/$1.00 USD) - 2025/01/26 3:48:47 WET [2025/01/25 22:48:47 ET]
Table 'Alsciaukat III' 6-max Seat #4 is the button
Seat 6: G.Andrei95 ($100 in chips) is sitting out
Seat 1: CashfishT ($102.50 in chips) 
Seat 4: XneferX ($100 in chips) 
Seat 5: BeauParleur ($201.56 in chips) 
BeauParleur: posts small blind $0.50
G.Andrei95: is sitting out 
CashfishT: posts big blind $1
*** HOLE CARDS ***
XneferX: folds 
G.Andrei95 leaves the table
BeauParleur: raises $2 to $3
CashfishT: folds 
Uncalled bet ($2) returned to BeauParleur
BeauParleur collected $2 from pot
BeauParleur: doesn't show hand 
*** SUMMARY ***
Total pot $2 | Rake $0 
Seat 6: G.Andrei95
Seat 1: CashfishT (big blind) folded before Flop
Seat 4: XneferX (button) folded before Flop (didn't bet)
Seat 5: BeauParleur (small blind) collected ($2)



PokerStars Hand #254557110292:  Hold'em No Limit ($0.50/$1.00 USD) - 2025/01/26 3:49:06 WET [2025/01/25 22:49:06 ET]
Table 'Alsciaukat III' 6-max Seat #1 is the button
Seat 4: XneferX ($100 in chips) is sitting out
Seat 1: CashfishT ($101.50 in chips) 
Seat 5: BeauParleur ($202.56 in chips) 
CashfishT: posts small blind $0.50
XneferX: is sitting out 
BeauParleur: posts big blind $1
*** HOLE CARDS ***
CashfishT: raises $1.20 to $2.20
BeauParleur: calls $1.20
*** FLOP *** [2c 8d Td]
BeauParleur: checks 
CashfishT: bets $1.38
XneferX leaves the table
BeauParleur: folds 
Uncalled bet ($1.38) returned to CashfishT
CashfishT collected $4.18 from pot
CashfishT: doesn't show hand 
*** SUMMARY ***
Total pot $4.40 | Rake $0.22 
Board [2c 8d Td]
Seat 4: XneferX
Seat 1: CashfishT (button) (small blind) collected ($4.18)
Seat 5: BeauParleur (big blind) folded on the Flop



PokerStars Hand #254557172124:  Hold'em No Limit ($0.50/$1.00 USD) - 2025/01/26 3:58:10 WET [2025/01/25 22:58:10 ET]
Table 'Alsciaukat III' 6-max Seat #2 is the button
Seat 1: reeqar ($100 in chips) 
Seat 2: m0nTTu ($80 in chips) 
Seat 3: B1GBankroll ($100 in chips) 
Seat 4: Manifestorr ($100 in chips) 
Seat 5: BeauParleur ($200.36 in chips) 
Seat 6: Brennogomesp ($80 in chips) 
B1GBankroll: posts small blind $0.50
Manifestorr: posts big blind $1
*** HOLE CARDS ***
BeauParleur: folds 
Brennogomesp: raises $1 to $2
reeqar: folds 
m0nTTu: folds 
B1GBankroll: folds 
Manifestorr: folds 
Uncalled bet ($1) returned to Brennogomesp
Brennogomesp collected $2.50 from pot
Brennogomesp: doesn't show hand 
*** SUMMARY ***
Total pot $2.50 | Rake $0 
Seat 1: reeqar folded before Flop (didn't bet)
Seat 2: m0nTTu (button) folded before Flop (didn't bet)
Seat 3: B1GBankroll (small blind) folded before Flop
Seat 4: Manifestorr (big blind) folded before Flop
Seat 5: BeauParleur folded before Flop (didn't bet)
Seat 6: Brennogomesp collected ($2.50)



PokerStars Hand #254557173093:  Hold'em No Limit ($0.50/$1.00 USD) - 2025/01/26 3:58:19 WET [2025/01/25 22:58:19 ET]
Table 'Alsciaukat III' 6-max Seat #3 is the button
Seat 1: reeqar ($100 in chips) 
Seat 2: m0nTTu ($80 in chips) 
Seat 3: B1GBankroll ($100 in chips) 
Seat 4: Manifestorr ($100 in chips) 
Seat 5: BeauParleur ($200.36 in chips) 
Seat 6: Brennogomesp ($81.50 in chips) 
Manifestorr: posts small blind $0.50
BeauParleur: posts big blind $1
*** HOLE CARDS ***
Brennogomesp: folds 
reeqar: folds 
m0nTTu: folds 
B1GBankroll: folds 
Manifestorr: raises $2 to $3
BeauParleur: raises $7 to $10
Manifestorr: folds 
Uncalled bet ($7) returned to BeauParleur
BeauParleur collected $6 from pot
BeauParleur: doesn't show hand 
*** SUMMARY ***
Total pot $6 | Rake $0 
Seat 1: reeqar folded before Flop (didn't bet)
Seat 2: m0nTTu folded before Flop (didn't bet)
Seat 3: B1GBankroll (button) folded before Flop (didn't bet)
Seat 4: Manifestorr (small blind) folded before Flop
Seat 5: BeauParleur (big blind) collected ($6)
Seat 6: Brennogomesp folded before Flop (didn't bet)



PokerStars Hand #254557175459:  Hold'em No Limit ($0.50/$1.00 USD) - 2025/01/26 3:58:42 WET [2025/01/25 22:58:42 ET]
Table 'Alsciaukat III' 6-max Seat #4 is the button
Seat 1: reeqar ($100 in chips) 
Seat 2: m0nTTu ($80 in chips) 
Seat 3: B1GBankroll ($100 in chips) 
Seat 4: Manifestorr ($100 in chips) 
Seat 5: BeauParleur ($203.36 in chips) 
Seat 6: Brennogomesp ($81.50 in chips) 
BeauParleur: posts small blind $0.50
Brennogomesp: posts big blind $1
*** HOLE CARDS ***
reeqar: folds 
m0nTTu: folds 
B1GBankroll: folds 
Manifestorr: folds 
BeauParleur: raises $2 to $3
Brennogomesp: folds 
Uncalled bet ($2) returned to BeauParleur
BeauParleur collected $2 from pot
BeauParleur: doesn't show hand 
*** SUMMARY ***
Total pot $2 | Rake $0 
Seat 1: reeqar folded before Flop (didn't bet)
Seat 2: m0nTTu folded before Flop (didn't bet)
Seat 3: B1GBankroll folded before Flop (didn't bet)
Seat 4: Manifestorr (button) folded before Flop (didn't bet)
Seat 5: BeauParleur (small blind) collected ($2)
Seat 6: Brennogomesp (big blind) folded before Flop



PokerStars Hand #254557176836:  Hold'em No Limit ($0.50/$1.00 USD) - 2025/01/26 3:58:56 WET [2025/01/25 22:58:56 ET]
Table 'Alsciaukat III' 6-max Seat #5 is the button
Seat 1: reeqar ($100 in chips) 
Seat 2: m0nTTu ($80 in chips) 
Seat 3: B1GBankroll ($100 in chips) 
Seat 4: Manifestorr ($100 in chips) 
Seat 5: BeauParleur ($204.36 in chips) 
Seat 6: Brennogomesp ($80.50 in chips) 
Brennogomesp: posts small blind $0.50
reeqar: posts big blind $1
*** HOLE CARDS ***
m0nTTu: folds 
B1GBankroll: folds 
Manifestorr: folds 
BeauParleur: folds 
Brennogomesp: raises $1 to $2
reeqar: calls $1
*** FLOP *** [2s 5h Tc]
Brennogomesp: bets $2.14
reeqar: folds 
Uncalled bet ($2.14) returned to Brennogomesp
Brennogomesp collected $3.80 from pot
Brennogomesp: doesn't show hand 
*** SUMMARY ***
Total pot $4 | Rake $0.20 
Board [2s 5h Tc]
Seat 1: reeqar (big blind) folded on the Flop
Seat 2: m0nTTu folded before Flop (didn't bet)
Seat 3: B1GBankroll folded before Flop (didn't bet)
Seat 4: Manifestorr folded before Flop (didn't bet)
Seat 5: BeauParleur (button) folded before Flop (didn't bet)
Seat 6: Brennogomesp (small blind) collected ($3.80)



PokerStars Hand #254557179733:  Hold'em No Limit ($0.50/$1.00 USD) - 2025/01/26 3:59:26 WET [2025/01/25 22:59:26 ET]
Table 'Alsciaukat III' 6-max Seat #6 is the button
Seat 1: reeqar ($100 in chips) 
Seat 2: m0nTTu ($80 in chips) 
Seat 3: B1GBankroll ($100 in chips) 
Seat 4: Manifestorr ($100 in chips) 
Seat 5: BeauParleur ($204.36 in chips) 
Seat 6: Brennogomesp ($82.30 in chips) 
reeqar: posts small blind $0.50
m0nTTu: posts big blind $1
*** HOLE CARDS ***
B1GBankroll: folds 
Manifestorr: folds 
BeauParleur: raises $1.25 to $2.25
Brennogomesp: folds 
reeqar: raises $7.75 to $10
m0nTTu: folds 
BeauParleur: folds 
Uncalled bet ($7.75) returned to reeqar
reeqar collected $5.50 from pot
reeqar: doesn't show hand 
*** SUMMARY ***
Total pot $5.50 | Rake $0 
Seat 1: reeqar (small blind) collected ($5.50)
Seat 2: m0nTTu (big blind) folded before Flop
Seat 3: B1GBankroll folded before Flop (didn't bet)
Seat 4: Manifestorr folded before Flop (didn't bet)
Seat 5: BeauParleur folded before Flop
Seat 6: Brennogomesp (button) folded before Flop (didn't bet)



PokerStars Hand #254557182012:  Hold'em No Limit ($0.50/$1.00 USD) - 2025/01/26 3:59:48 WET [2025/01/25 22:59:48 ET]
Table 'Alsciaukat III' 6-max Seat #1 is the button
Seat 1: reeqar ($103.25 in chips) 
Seat 2: m0nTTu ($79 in chips) 
Seat 3: B1GBankroll ($100 in chips) 
Seat 4: Manifestorr ($100 in chips) 
Seat 5: BeauParleur ($202.11 in chips) 
Seat 6: Brennogomesp ($82.30 in chips) 
m0nTTu: posts small blind $0.50
B1GBankroll: posts big blind $1
*** HOLE CARDS ***
Manifestorr: folds 
BeauParleur: folds 
Brennogomesp: folds 
reeqar: raises $1.50 to $2.50
m0nTTu: folds 
B1GBankroll: folds 
Uncalled bet ($1.50) returned to reeqar
reeqar collected $2.50 from pot
reeqar: doesn't show hand 
*** SUMMARY ***
Total pot $2.50 | Rake $0 
Seat 1: reeqar (button) collected ($2.50)
Seat 2: m0nTTu (small blind) folded before Flop
Seat 3: B1GBankroll (big blind) folded before Flop
Seat 4: Manifestorr folded before Flop (didn't bet)
Seat 5: BeauParleur folded before Flop (didn't bet)
Seat 6: Brennogomesp folded before Flop (didn't bet)



PokerStars Hand #254557203467:  Hold'em No Limit ($0.50/$1.00 USD) - 2025/01/26 4:02:57 WET [2025/01/25 23:02:57 ET]
Table 'Alsciaukat III' 6-max Seat #5 is the button
Seat 1: reeqar ($104.75 in chips) 
Seat 2: m0nTTu ($99 in chips) 
Seat 3: B1GBankroll ($100 in chips) 
Seat 4: Manifestorr ($102.50 in chips) 
Seat 5: BeauParleur ($192.11 in chips) 
Seat 6: Brennogomesp ($90.40 in chips) 
Brennogomesp: posts small blind $0.50
reeqar: posts big blind $1
*** HOLE CARDS ***
m0nTTu: folds 
B1GBankroll: folds 
Manifestorr: folds 
BeauParleur: folds 
Brennogomesp: folds 
Uncalled bet ($0.50) returned to reeqar
reeqar collected $1 from pot
reeqar: doesn't show hand 
*** SUMMARY ***
Total pot $1 | Rake $0 
Seat 1: reeqar (big blind) collected ($1)
Seat 2: m0nTTu folded before Flop (didn't bet)
Seat 3: B1GBankroll folded before Flop (didn't bet)
Seat 4: Manifestorr folded before Flop (didn't bet)
Seat 5: BeauParleur (button) folded before Flop (didn't bet)
Seat 6: Brennogomesp (small blind) folded before Flop



PokerStars Hand #254557205179:  Hold'em No Limit ($0.50/$1.00 USD) - 2025/01/26 4:03:11 WET [2025/01/25 23:03:11 ET]
Table 'Alsciaukat III' 6-max Seat #6 is the button
Seat 1: reeqar ($105.25 in chips) 
Seat 2: m0nTTu ($99 in chips) 
Seat 3: B1GBankroll ($100 in chips) 
Seat 4: Manifestorr ($102.50 in chips) 
Seat 5: BeauParleur ($192.11 in chips) 
Seat 6: Brennogomesp ($89.90 in chips) 
reeqar: posts small blind $0.50
m0nTTu: posts big blind $1
*** HOLE CARDS ***
B1GBankroll: folds 
Manifestorr: raises $1.20 to $2.20
BeauParleur: folds 
Brennogomesp: calls $2.20
reeqar: folds 
m0nTTu: folds 
*** FLOP *** [4d 3d 9d]
Manifestorr: checks 
Brennogomesp: checks 
*** TURN *** [4d 3d 9d] [Kd]
Manifestorr: checks 
Brennogomesp: bets $3
Manifestorr: calls $3
*** RIVER *** [4d 3d 9d Kd] [Jd]
Manifestorr: checks 
Brennogomesp: checks 
*** SHOW DOWN ***
Manifestorr: shows [8c 8d] (a flush, King high)
Brennogomesp: mucks hand 
Manifestorr collected $11.30 from pot
*** SUMMARY ***
Total pot $11.90 | Rake $0.60 
Board [4d 3d 9d Kd Jd]
Seat 1: reeqar (small blind) folded before Flop
Seat 2: m0nTTu (big blind) folded before Flop
Seat 3: B1GBankroll folded before Flop (didn't bet)
Seat 4: Manifestorr showed [8c 8d] and won ($11.30) with a flush, King high
Seat 5: BeauParleur folded before Flop (didn't bet)
Seat 6: Brennogomesp (button) mucked



PokerStars Hand #254557210197:  Hold'em No Limit ($0.50/$1.00 USD) - 2025/01/26 4:03:53 WET [2025/01/25 23:03:53 ET]
Table 'Alsciaukat III' 6-max Seat #1 is the button
Seat 1: reeqar ($104.75 in chips) 
Seat 2: m0nTTu ($98 in chips) 
Seat 3: B1GBankroll ($100 in chips) 
Seat 4: Manifestorr ($108.60 in chips) 
Seat 5: BeauParleur ($192.11 in chips) 
Seat 6: Brennogomesp ($84.70 in chips) 
m0nTTu: posts small blind $0.50
B1GBankroll: posts big blind $1
*** HOLE CARDS ***
Manifestorr: folds 
BeauParleur: folds 
Brennogomesp: raises $1 to $2
reeqar: raises $6 to $8
m0nTTu: folds 
B1GBankroll: folds 
Brennogomesp: calls $6
*** FLOP *** [Kd Tc 3c]
Brennogomesp: bets $4.99
reeqar: raises $19.95 to $24.94
Brennogomesp: calls $19.95
*** TURN *** [Kd Tc 3c] [Jh]
Brennogomesp: bets $51.76 and is all-in
reeqar: calls $51.76
*** RIVER *** [Kd Tc 3c Jh] [2h]
*** SHOW DOWN ***
Brennogomesp: shows [Td Ad] (a pair of Tens)
reeqar: shows [As Kh] (a pair of Kings)
reeqar collected $168.40 from pot
*** SUMMARY ***
Total pot $170.90 | Rake $2.50 
Board [Kd Tc 3c Jh 2h]
Seat 1: reeqar (button) showed [As Kh] and won ($168.40) with a pair of Kings
Seat 2: m0nTTu (small blind) folded before Flop
Seat 3: B1GBankroll (big blind) folded before Flop
Seat 4: Manifestorr folded before Flop (didn't bet)
Seat 5: BeauParleur folded before Flop (didn't bet)
Seat 6: Brennogomesp showed [Td Ad] and lost with a pair of Tens



PokerStars Hand #254557217205:  Hold'em No Limit ($0.50/$1.00 USD) - 2025/01/26 4:04:50 WET [2025/01/25 23:04:50 ET]
Table 'Alsciaukat III' 6-max Seat #2 is the button
Seat 6: Brennogomesp ($0 in chips) is sitting out
Seat 1: reeqar ($188.45 in chips) 
Seat 2: m0nTTu ($97.50 in chips) 
Seat 3: B1GBankroll ($100 in chips) 
Seat 4: Manifestorr ($108.60 in chips) 
Seat 5: BeauParleur ($192.11 in chips) 
B1GBankroll: posts small blind $0.50
Manifestorr: posts big blind $1
*** HOLE CARDS ***
BeauParleur: folds 
reeqar: folds 
Brennogomesp leaves the table
m0nTTu: folds 
B1GBankroll: folds 
Uncalled bet ($0.50) returned to Manifestorr
Manifestorr collected $1 from pot
*** SUMMARY ***
Total pot $1 | Rake $0 
Seat 6: Brennogomesp
Seat 1: reeqar folded before Flop (didn't bet)
Seat 2: m0nTTu (button) folded before Flop (didn't bet)
Seat 3: B1GBankroll (small blind) folded before Flop
Seat 4: Manifestorr (big blind) collected ($1)
Seat 5: BeauParleur folded before Flop (didn't bet)



PokerStars Hand #254557220804:  Hold'em No Limit ($0.50/$1.00 USD) - 2025/01/26 4:05:20 WET [2025/01/25 23:05:20 ET]
Table 'Alsciaukat III' 6-max Seat #3 is the button
Seat 1: reeqar ($188.45 in chips) 
Seat 2: m0nTTu ($97.50 in chips) 
Seat 3: B1GBankroll ($100 in chips) 
Seat 4: Manifestorr ($109.10 in chips) 
Seat 5: BeauParleur ($192.11 in chips) 
Manifestorr: posts small blind $0.50
BeauParleur: posts big blind $1
*** HOLE CARDS ***
reeqar: folds 
m0nTTu: folds 
B1GBankroll: raises $1.50 to $2.50
Manifestorr: folds 
BeauParleur: folds 
Uncalled bet ($1.50) returned to B1GBankroll
B1GBankroll collected $2.50 from pot
B1GBankroll: doesn't show hand 
*** SUMMARY ***
Total pot $2.50 | Rake $0 
Seat 1: reeqar folded before Flop (didn't bet)
Seat 2: m0nTTu folded before Flop (didn't bet)
Seat 3: B1GBankroll (button) collected ($2.50)
Seat 4: Manifestorr (small blind) folded before Flop
Seat 5: BeauParleur (big blind) folded before Flop



PokerStars Hand #254557224487:  Hold'em No Limit ($0.50/$1.00 USD) - 2025/01/26 4:05:51 WET [2025/01/25 23:05:51 ET]
Table 'Alsciaukat III' 6-max Seat #4 is the button
Seat 1: reeqar ($188.45 in chips) is sitting out
Seat 2: m0nTTu ($97.50 in chips) is sitting out
Seat 3: B1GBankroll ($101.50 in chips) 
Seat 4: Manifestorr ($108.60 in chips) 
Seat 5: BeauParleur ($191.11 in chips) 
BeauParleur: posts small blind $0.50
reeqar: is sitting out 
m0nTTu: is sitting out 
B1GBankroll: posts big blind $1
*** HOLE CARDS ***
Manifestorr: raises $1.20 to $2.20
m0nTTu leaves the table
reeqar leaves the table
BeauParleur: folds 
B1GBankroll: folds 
Uncalled bet ($1.20) returned to Manifestorr
Manifestorr collected $2.50 from pot
*** SUMMARY ***
Total pot $2.50 | Rake $0 
Seat 1: reeqar
Seat 2: m0nTTu
Seat 3: B1GBankroll (big blind) folded before Flop
Seat 4: Manifestorr (button) collected ($2.50)
Seat 5: BeauParleur (small blind) folded before Flop



PokerStars Hand #254557227765:  Hold'em No Limit ($0.50/$1.00 USD) - 2025/01/26 4:06:19 WET [2025/01/25 23:06:19 ET]
Table 'Alsciaukat III' 6-max Seat #3 is the button
Seat 4: Manifestorr ($110.10 in chips) is sitting out
Seat 3: B1GBankroll ($100.50 in chips) 
Seat 5: BeauParleur ($190.61 in chips) 
B1GBankroll: posts small blind $0.50
Manifestorr: is sitting out 
BeauParleur: posts big blind $1
*** HOLE CARDS ***
PoKeRaRcSuNY joins the table at seat #1 
Eddy9898190 joins the table at seat #6 
Eddy9898190 is disconnected 
B1GBankroll: raises $1.50 to $2.50
Manifestorr leaves the table
7bekon7 joins the table at seat #2 
BeauParleur: calls $1.50
*** FLOP *** [Ts 9s 6h]
steepfell joins the table at seat #4 
BeauParleur: checks 
B1GBankroll: bets $3.52
BeauParleur: calls $3.52
*** TURN *** [Ts 9s 6h] [8d]
BeauParleur: bets $3
B1GBankroll: calls $3
*** RIVER *** [Ts 9s 6h 8d] [7h]
BeauParleur: checks 
B1GBankroll: checks 
*** SHOW DOWN ***
BeauParleur: shows [2s As] (a straight, Six to Ten)
B1GBankroll: shows [7c 8s] (a straight, Six to Ten)
BeauParleur collected $8.57 from pot
B1GBankroll collected $8.57 from pot
*** SUMMARY ***
Total pot $18.04 | Rake $0.90 
Board [Ts 9s 6h 8d 7h]
Seat 4: Manifestorr
Seat 3: B1GBankroll (button) (small blind) showed [7c 8s] and won ($8.57) with a straight, Six to Ten
Seat 5: BeauParleur (big blind) showed [2s As] and won ($8.57) with a straight, Six to Ten



PokerStars Hand #254557236939:  Hold'em No Limit ($0.50/$1.00 USD) - 2025/01/26 4:07:36 WET [2025/01/25 23:07:36 ET]
Table 'Alsciaukat III' 6-max Seat #5 is the button
Seat 1: PoKeRaRcSuNY ($100 in chips) is sitting out
Seat 2: 7bekon7 ($100 in chips) is sitting out
Seat 6: Eddy9898190 ($43.75 in chips) is sitting out
Seat 3: B1GBankroll ($100.05 in chips) 
Seat 4: steepfell ($100 in chips) 
Seat 5: BeauParleur ($190.16 in chips) 
B1GBankroll: posts small blind $0.50
steepfell: posts big blind $1
*** HOLE CARDS ***
BeauParleur: folds 
B1GBankroll: folds 
Uncalled bet ($0.50) returned to steepfell
steepfell collected $1 from pot
steepfell: doesn't show hand 
*** SUMMARY ***
Total pot $1 | Rake $0 
Seat 1: PoKeRaRcSuNY
Seat 2: 7bekon7
Seat 6: Eddy9898190
Seat 3: B1GBankroll (small blind) folded before Flop
Seat 4: steepfell (big blind) collected ($1)
Seat 5: BeauParleur (button) folded before Flop (didn't bet)



PokerStars Hand #254557332175:  Hold'em No Limit ($0.50/$1.00 USD) - 2025/01/26 4:21:24 WET [2025/01/25 23:21:24 ET]
Table 'Alsciaukat III' 6-max Seat #1 is the button
Seat 1: PoKeRaRcSuNY ($110.29 in chips) 
Seat 2: 7bekon7 ($138.81 in chips) 
Seat 3: Xenicide ($100 in chips) 
Seat 4: steepfell ($100 in chips) 
Seat 5: BeauParleur ($183.94 in chips) 
Seat 6: Eddy9898190 ($18.79 in chips) 
7bekon7: posts small blind $0.50
Xenicide: posts big blind $1
*** HOLE CARDS ***
steepfell: raises $1.50 to $2.50
BeauParleur: folds 
Eddy9898190: folds 
PoKeRaRcSuNY: folds 
7bekon7: folds 
Xenicide: calls $1.50
*** FLOP *** [As Td Kc]
Xenicide: checks 
steepfell: checks 
*** TURN *** [As Td Kc] [Tc]
Xenicide: checks 
steepfell: checks 
*** RIVER *** [As Td Kc Tc] [5d]
Xenicide: bets $1.62
steepfell: folds 
Uncalled bet ($1.62) returned to Xenicide
Xenicide collected $5.22 from pot
Xenicide: doesn't show hand 
*** SUMMARY ***
Total pot $5.50 | Rake $0.28 
Board [As Td Kc Tc 5d]
Seat 1: PoKeRaRcSuNY (button) folded before Flop (didn't bet)
Seat 2: 7bekon7 (small blind) folded before Flop
Seat 3: Xenicide (big blind) collected ($5.22)
Seat 4: steepfell folded on the River
Seat 5: BeauParleur folded before Flop (didn't bet)
Seat 6: Eddy9898190 folded before Flop (didn't bet)



PokerStars Hand #254557345119:  Hold'em No Limit ($0.50/$1.00 USD) - 2025/01/26 4:23:20 WET [2025/01/25 23:23:20 ET]
Table 'Alsciaukat III' 6-max Seat #2 is the button
Seat 1: PoKeRaRcSuNY ($110.29 in chips) 
Seat 2: 7bekon7 ($138.31 in chips) 
Seat 3: Xenicide ($102.72 in chips) 
Seat 4: steepfell ($100 in chips) 
Seat 5: BeauParleur ($183.94 in chips) 
Seat 6: Eddy9898190 ($18.79 in chips) 
Xenicide: posts small blind $0.50
steepfell: posts big blind $1
*** HOLE CARDS ***
BeauParleur: folds 
Eddy9898190: folds 
PoKeRaRcSuNY: folds 
7bekon7: folds 
Xenicide: folds 
Uncalled bet ($0.50) returned to steepfell
steepfell collected $1 from pot
steepfell: doesn't show hand 
*** SUMMARY ***
Total pot $1 | Rake $0 
Seat 1: PoKeRaRcSuNY folded before Flop (didn't bet)
Seat 2: 7bekon7 (button) folded before Flop (didn't bet)
Seat 3: Xenicide (small blind) folded before Flop
Seat 4: steepfell (big blind) collected ($1)
Seat 5: BeauParleur folded before Flop (didn't bet)
Seat 6: Eddy9898190 folded before Flop (didn't bet)



PokerStars Hand #254557346763:  Hold'em No Limit ($0.50/$1.00 USD) - 2025/01/26 4:23:35 WET [2025/01/25 23:23:35 ET]
Table 'Alsciaukat III' 6-max Seat #3 is the button
Seat 1: PoKeRaRcSuNY ($110.29 in chips) 
Seat 2: 7bekon7 ($138.31 in chips) 
Seat 3: Xenicide ($102.22 in chips) 
Seat 4: steepfell ($100.50 in chips) 
Seat 5: BeauParleur ($183.94 in chips) 
Seat 6: Eddy9898190 ($18.79 in chips) 
steepfell: posts small blind $0.50
BeauParleur: posts big blind $1
*** HOLE CARDS ***
Eddy9898190: folds 
PoKeRaRcSuNY: folds 
7bekon7: folds 
Xenicide: folds 
steepfell: folds 
Uncalled bet ($0.50) returned to BeauParleur
BeauParleur collected $1 from pot
BeauParleur: doesn't show hand 
*** SUMMARY ***
Total pot $1 | Rake $0 
Seat 1: PoKeRaRcSuNY folded before Flop (didn't bet)
Seat 2: 7bekon7 folded before Flop (didn't bet)
Seat 3: Xenicide (button) folded before Flop (didn't bet)
Seat 4: steepfell (small blind) folded before Flop
Seat 5: BeauParleur (big blind) collected ($1)
Seat 6: Eddy9898190 folded before Flop (didn't bet)



PokerStars Hand #254557348019:  Hold'em No Limit ($0.50/$1.00 USD) - 2025/01/26 4:23:46 WET [2025/01/25 23:23:46 ET]
Table 'Alsciaukat III' 6-max Seat #4 is the button
Seat 1: PoKeRaRcSuNY ($110.29 in chips) 
Seat 2: 7bekon7 ($138.31 in chips) 
Seat 3: Xenicide ($102.22 in chips) 
Seat 4: steepfell ($100 in chips) 
Seat 5: BeauParleur ($184.44 in chips) 
Seat 6: Eddy9898190 ($18.79 in chips) 
BeauParleur: posts small blind $0.50
Eddy9898190: posts big blind $1
*** HOLE CARDS ***
PoKeRaRcSuNY: folds 
7bekon7: folds 
Xenicide: folds 
steepfell: raises $1.50 to $2.50
BeauParleur: folds 
Eddy9898190: folds 
Uncalled bet ($1.50) returned to steepfell
steepfell collected $2.50 from pot
steepfell: doesn't show hand 
*** SUMMARY ***
Total pot $2.50 | Rake $0 
Seat 1: PoKeRaRcSuNY folded before Flop (didn't bet)
Seat 2: 7bekon7 folded before Flop (didn't bet)
Seat 3: Xenicide folded before Flop (didn't bet)
Seat 4: steepfell (button) collected ($2.50)
Seat 5: BeauParleur (small blind) folded before Flop
Seat 6: Eddy9898190 (big blind) folded before Flop



PokerStars Hand #254557350376:  Hold'em No Limit ($0.50/$1.00 USD) - 2025/01/26 4:24:07 WET [2025/01/25 23:24:07 ET]
Table 'Alsciaukat III' 6-max Seat #5 is the button
Seat 1: PoKeRaRcSuNY ($110.29 in chips) 
Seat 2: 7bekon7 ($138.31 in chips) 
Seat 3: Xenicide ($102.22 in chips) 
Seat 4: steepfell ($101.50 in chips) 
Seat 5: BeauParleur ($183.94 in chips) 
Seat 6: Eddy9898190 ($17.79 in chips) 
Eddy9898190: posts small blind $0.50
PoKeRaRcSuNY: posts big blind $1
*** HOLE CARDS ***
7bekon7: folds 
Xenicide: folds 
steepfell: folds 
BeauParleur: raises $1.50 to $2.50
Eddy9898190: folds 
PoKeRaRcSuNY: calls $1.50
*** FLOP *** [Td 5d 6h]
PoKeRaRcSuNY: checks 
BeauParleur: checks 
*** TURN *** [Td 5d 6h] [Th]
PoKeRaRcSuNY: checks 
BeauParleur: checks 
*** RIVER *** [Td 5d 6h Th] [Js]
PoKeRaRcSuNY: checks 
BeauParleur: checks 
*** SHOW DOWN ***
PoKeRaRcSuNY: shows [5s 7s] (two pair, Tens and Fives)
BeauParleur: shows [5c Qc] (two pair, Tens and Fives - Queen kicker)
BeauParleur collected $5.22 from pot
*** SUMMARY ***
Total pot $5.50 | Rake $0.28 
Board [Td 5d 6h Th Js]
Seat 1: PoKeRaRcSuNY (big blind) showed [5s 7s] and lost with two pair, Tens and Fives
Seat 2: 7bekon7 folded before Flop (didn't bet)
Seat 3: Xenicide folded before Flop (didn't bet)
Seat 4: steepfell folded before Flop (didn't bet)
Seat 5: BeauParleur (button) showed [5c Qc] and won ($5.22) with two pair, Tens and Fives
Seat 6: Eddy9898190 (small blind) folded before Flop



PokerStars Hand #254557359855:  Hold'em No Limit ($0.50/$1.00 USD) - 2025/01/26 4:25:30 WET [2025/01/25 23:25:30 ET]
Table 'Alsciaukat III' 6-max Seat #6 is the button
Seat 1: PoKeRaRcSuNY ($107.79 in chips) 
Seat 2: 7bekon7 ($138.31 in chips) 
Seat 3: Xenicide ($102.22 in chips) 
Seat 4: steepfell ($101.50 in chips) 
Seat 5: BeauParleur ($186.66 in chips) 
Seat 6: Eddy9898190 ($17.29 in chips) 
PoKeRaRcSuNY: posts small blind $0.50
7bekon7: posts big blind $1
*** HOLE CARDS ***
Xenicide: raises $1 to $2
steepfell: folds 
BeauParleur: folds 
Eddy9898190: folds 
PoKeRaRcSuNY: folds 
7bekon7: folds 
Uncalled bet ($1) returned to Xenicide
Xenicide collected $2.50 from pot
*** SUMMARY ***
Total pot $2.50 | Rake $0 
Seat 1: PoKeRaRcSuNY (small blind) folded before Flop
Seat 2: 7bekon7 (big blind) folded before Flop
Seat 3: Xenicide collected ($2.50)
Seat 4: steepfell folded before Flop (didn't bet)
Seat 5: BeauParleur folded before Flop (didn't bet)
Seat 6: Eddy9898190 (button) folded before Flop (didn't bet)



PokerStars Hand #254557362691:  Hold'em No Limit ($0.50/$1.00 USD) - 2025/01/26 4:25:56 WET [2025/01/25 23:25:56 ET]
Table 'Alsciaukat III' 6-max Seat #1 is the button
Seat 1: PoKeRaRcSuNY ($107.29 in chips) 
Seat 2: 7bekon7 ($137.31 in chips) 
Seat 3: Xenicide ($103.72 in chips) 
Seat 4: steepfell ($101.50 in chips) 
Seat 5: BeauParleur ($186.66 in chips) 
Seat 6: Eddy9898190 ($17.29 in chips) 
7bekon7: posts small blind $0.50
Xenicide: posts big blind $1
*** HOLE CARDS ***
steepfell: folds 
BeauParleur: folds 
Eddy9898190: raises $2 to $3
PoKeRaRcSuNY: folds 
7bekon7: raises $7 to $10
Xenicide: folds 
Eddy9898190: raises $7.29 to $17.29 and is all-in
7bekon7: calls $7.29
*** FLOP *** [9h Qs 5s]
*** TURN *** [9h Qs 5s] [9c]
*** RIVER *** [9h Qs 5s 9c] [5h]
*** SHOW DOWN ***
7bekon7: shows [Ac 4c] (two pair, Nines and Fives)
Eddy9898190: shows [2d As] (two pair, Nines and Fives)
7bekon7 collected $16.90 from pot
Eddy9898190 cashed out the hand for $14.55 | Cash Out Fee $0.30
*** SUMMARY ***
Total pot $35.58 | Rake $1.78 
Board [9h Qs 5s 9c 5h]
Seat 1: PoKeRaRcSuNY (button) folded before Flop (didn't bet)
Seat 2: 7bekon7 (small blind) showed [Ac 4c] and won ($16.90) with two pair, Nines and Fives
Seat 3: Xenicide (big blind) folded before Flop
Seat 4: steepfell folded before Flop (didn't bet)
Seat 5: BeauParleur folded before Flop (didn't bet)
Seat 6: Eddy9898190 showed [2d As] and won ($16.90) with two pair, Nines and Fives (pot not awarded as player cashed out)



PokerStars Hand #254557366711:  Hold'em No Limit ($0.50/$1.00 USD) - 2025/01/26 4:26:30 WET [2025/01/25 23:26:30 ET]
Table 'Alsciaukat III' 6-max Seat #2 is the button
Seat 1: PoKeRaRcSuNY ($107.29 in chips) 
Seat 2: 7bekon7 ($136.92 in chips) 
Seat 3: Xenicide ($102.72 in chips) 
Seat 4: steepfell ($101.50 in chips) 
Seat 5: BeauParleur ($186.66 in chips) 
Seat 6: Eddy9898190 ($14.55 in chips) 
Xenicide: posts small blind $0.50
steepfell: posts big blind $1
*** HOLE CARDS ***
BeauParleur: raises $1 to $2
Eddy9898190: raises $12.55 to $14.55 and is all-in
PoKeRaRcSuNY: folds 
7bekon7: folds 
Xenicide: folds 
steepfell: folds 
BeauParleur: folds 
Uncalled bet ($12.55) returned to Eddy9898190
Eddy9898190 collected $5.50 from pot
*** SUMMARY ***
Total pot $5.50 | Rake $0 
Seat 1: PoKeRaRcSuNY folded before Flop (didn't bet)
Seat 2: 7bekon7 (button) folded before Flop (didn't bet)
Seat 3: Xenicide (small blind) folded before Flop
Seat 4: steepfell (big blind) folded before Flop
Seat 5: BeauParleur folded before Flop
Seat 6: Eddy9898190 collected ($5.50)



PokerStars Hand #254557369721:  Hold'em No Limit ($0.50/$1.00 USD) - 2025/01/26 4:26:58 WET [2025/01/25 23:26:58 ET]
Table 'Alsciaukat III' 6-max Seat #3 is the button
Seat 1: PoKeRaRcSuNY ($107.29 in chips) 
Seat 2: 7bekon7 ($136.92 in chips) 
Seat 3: Xenicide ($102.22 in chips) 
Seat 4: steepfell ($100.50 in chips) 
Seat 5: BeauParleur ($184.66 in chips) 
Seat 6: Eddy9898190 ($18.05 in chips) 
steepfell: posts small blind $0.50
BeauParleur: posts big blind $1
*** HOLE CARDS ***
Eddy9898190: folds 
PoKeRaRcSuNY: raises $1.22 to $2.22
7bekon7: folds 
Xenicide: folds 
steepfell: folds 
BeauParleur: calls $1.22
*** FLOP *** [Kh 3c 4d]
BeauParleur: checks 
PoKeRaRcSuNY: bets $1.55
BeauParleur: folds 
Uncalled bet ($1.55) returned to PoKeRaRcSuNY
PoKeRaRcSuNY collected $4.69 from pot
PoKeRaRcSuNY: doesn't show hand 
*** SUMMARY ***
Total pot $4.94 | Rake $0.25 
Board [Kh 3c 4d]
Seat 1: PoKeRaRcSuNY collected ($4.69)
Seat 2: 7bekon7 folded before Flop (didn't bet)
Seat 3: Xenicide (button) folded before Flop (didn't bet)
Seat 4: steepfell (small blind) folded before Flop
Seat 5: BeauParleur (big blind) folded on the Flop
Seat 6: Eddy9898190 folded before Flop (didn't bet)



PokerStars Hand #254557377143:  Hold'em No Limit ($0.50/$1.00 USD) - 2025/01/26 4:28:03 WET [2025/01/25 23:28:03 ET]
Table 'Alsciaukat III' 6-max Seat #4 is the button
Seat 1: PoKeRaRcSuNY ($109.76 in chips) 
Seat 2: 7bekon7 ($136.92 in chips) 
Seat 3: Xenicide ($102.22 in chips) 
Seat 4: steepfell ($100 in chips) 
Seat 5: BeauParleur ($182.44 in chips) 
Seat 6: Eddy9898190 ($18.05 in chips) 
BeauParleur: posts small blind $0.50
Eddy9898190: posts big blind $1
*** HOLE CARDS ***
PoKeRaRcSuNY: folds 
7bekon7: folds 
Xenicide: raises $1 to $2
steepfell: folds 
BeauParleur: folds 
Eddy9898190: calls $1
*** FLOP *** [9h 3c 8s]
Eddy9898190: checks 
Xenicide: checks 
*** TURN *** [9h 3c 8s] [5d]
Eddy9898190: bets $4.14
Xenicide: folds 
Uncalled bet ($4.14) returned to Eddy9898190
Eddy9898190 collected $4.28 from pot
*** SUMMARY ***
Total pot $4.50 | Rake $0.22 
Board [9h 3c 8s 5d]
Seat 1: PoKeRaRcSuNY folded before Flop (didn't bet)
Seat 2: 7bekon7 folded before Flop (didn't bet)
Seat 3: Xenicide folded on the Turn
Seat 4: steepfell (button) folded before Flop (didn't bet)
Seat 5: BeauParleur (small blind) folded before Flop
Seat 6: Eddy9898190 (big blind) collected ($4.28)



PokerStars Hand #254557381672:  Hold'em No Limit ($0.50/$1.00 USD) - 2025/01/26 4:28:45 WET [2025/01/25 23:28:45 ET]
Table 'Alsciaukat III' 6-max Seat #5 is the button
Seat 1: PoKeRaRcSuNY ($109.76 in chips) 
Seat 2: 7bekon7 ($136.92 in chips) 
Seat 3: Xenicide ($100.22 in chips) 
Seat 4: steepfell ($100 in chips) 
Seat 5: BeauParleur ($181.94 in chips) 
Seat 6: Eddy9898190 ($20.33 in chips) 
Eddy9898190: posts small blind $0.50
PoKeRaRcSuNY: posts big blind $1
*** HOLE CARDS ***
7bekon7: folds 
Xenicide: folds 
steepfell: folds 
BeauParleur: raises $1.50 to $2.50
Eddy9898190: raises $3.50 to $6
PoKeRaRcSuNY: folds 
BeauParleur: folds 
Uncalled bet ($3.50) returned to Eddy9898190
Eddy9898190 collected $6 from pot
*** SUMMARY ***
Total pot $6 | Rake $0 
Seat 1: PoKeRaRcSuNY (big blind) folded before Flop
Seat 2: 7bekon7 folded before Flop (didn't bet)
Seat 3: Xenicide folded before Flop (didn't bet)
Seat 4: steepfell folded before Flop (didn't bet)
Seat 5: BeauParleur (button) folded before Flop
Seat 6: Eddy9898190 (small blind) collected ($6)



PokerStars Hand #254557384183:  Hold'em No Limit ($0.50/$1.00 USD) - 2025/01/26 4:29:07 WET [2025/01/25 23:29:07 ET]
Table 'Alsciaukat III' 6-max Seat #6 is the button
Seat 1: PoKeRaRcSuNY ($108.76 in chips) 
Seat 2: 7bekon7 ($136.92 in chips) 
Seat 3: Xenicide ($100.22 in chips) 
Seat 4: steepfell ($100 in chips) 
Seat 5: BeauParleur ($179.44 in chips) 
Seat 6: Eddy9898190 ($23.83 in chips) 
PoKeRaRcSuNY: posts small blind $0.50
7bekon7: posts big blind $1
*** HOLE CARDS ***
Xenicide: raises $1 to $2
steepfell: folds 
BeauParleur: folds 
Eddy9898190: folds 
PoKeRaRcSuNY: folds 
7bekon7: calls $1
*** FLOP *** [3c 9d Ks]
7bekon7: checks 
Xenicide: bets $1.33
7bekon7: calls $1.33
*** TURN *** [3c 9d Ks] [Kd]
7bekon7: checks 
Xenicide: checks 
*** RIVER *** [3c 9d Ks Kd] [2s]
7bekon7: checks 
Xenicide: bets $8.50
7bekon7: folds 
Uncalled bet ($8.50) returned to Xenicide
Xenicide collected $6.80 from pot
*** SUMMARY ***
Total pot $7.16 | Rake $0.36 
Board [3c 9d Ks Kd 2s]
Seat 1: PoKeRaRcSuNY (small blind) folded before Flop
Seat 2: 7bekon7 (big blind) folded on the River
Seat 3: Xenicide collected ($6.80)
Seat 4: steepfell folded before Flop (didn't bet)
Seat 5: BeauParleur folded before Flop (didn't bet)
Seat 6: Eddy9898190 (button) folded before Flop (didn't bet)



PokerStars Hand #254557395299:  Hold'em No Limit ($0.50/$1.00 USD) - 2025/01/26 4:30:47 WET [2025/01/25 23:30:47 ET]
Table 'Alsciaukat III' 6-max Seat #1 is the button
Seat 1: PoKeRaRcSuNY ($108.26 in chips) 
Seat 2: 7bekon7 ($133.59 in chips) 
Seat 3: Xenicide ($103.69 in chips) 
Seat 4: steepfell ($100 in chips) 
Seat 5: BeauParleur ($179.44 in chips) 
Seat 6: Eddy9898190 ($23.83 in chips) 
7bekon7: posts small blind $0.50
Xenicide: posts big blind $1
*** HOLE CARDS ***
steepfell: folds 
BeauParleur: raises $1 to $2
Eddy9898190: folds 
PoKeRaRcSuNY: calls $2
7bekon7: folds 
Xenicide: folds 
*** FLOP *** [6h 7c 7s]
BeauParleur: checks 
PoKeRaRcSuNY: checks 
*** TURN *** [6h 7c 7s] [Ac]
BeauParleur: bets $8
PoKeRaRcSuNY: folds 
Uncalled bet ($8) returned to BeauParleur
BeauParleur collected $5.22 from pot
BeauParleur: doesn't show hand 
*** SUMMARY ***
Total pot $5.50 | Rake $0.28 
Board [6h 7c 7s Ac]
Seat 1: PoKeRaRcSuNY (button) folded on the Turn
Seat 2: 7bekon7 (small blind) folded before Flop
Seat 3: Xenicide (big blind) folded before Flop
Seat 4: steepfell folded before Flop (didn't bet)
Seat 5: BeauParleur collected ($5.22)
Seat 6: Eddy9898190 folded before Flop (didn't bet)



PokerStars Hand #254557402356:  Hold'em No Limit ($0.50/$1.00 USD) - 2025/01/26 4:31:51 WET [2025/01/25 23:31:51 ET]
Table 'Alsciaukat III' 6-max Seat #2 is the button
Seat 1: PoKeRaRcSuNY ($106.26 in chips) 
Seat 2: 7bekon7 ($133.09 in chips) 
Seat 3: Xenicide ($102.69 in chips) 
Seat 4: steepfell ($100 in chips) 
Seat 5: BeauParleur ($182.66 in chips) 
Seat 6: Eddy9898190 ($23.83 in chips) 
Xenicide: posts small blind $0.50
steepfell: posts big blind $1
*** HOLE CARDS ***
BeauParleur: folds 
Eddy9898190: raises $2 to $3
PoKeRaRcSuNY: folds 
7bekon7: folds 
Xenicide: raises $5 to $8
steepfell: folds 
Eddy9898190: folds 
Uncalled bet ($5) returned to Xenicide
Xenicide collected $7 from pot
Xenicide: doesn't show hand 
*** SUMMARY ***
Total pot $7 | Rake $0 
Seat 1: PoKeRaRcSuNY folded before Flop (didn't bet)
Seat 2: 7bekon7 (button) folded before Flop (didn't bet)
Seat 3: Xenicide (small blind) collected ($7)
Seat 4: steepfell (big blind) folded before Flop
Seat 5: BeauParleur folded before Flop (didn't bet)
Seat 6: Eddy9898190 folded before Flop



PokerStars Hand #254557404885:  Hold'em No Limit ($0.50/$1.00 USD) - 2025/01/26 4:32:14 WET [2025/01/25 23:32:14 ET]
Table 'Alsciaukat III' 6-max Seat #3 is the button
Seat 1: PoKeRaRcSuNY ($106.26 in chips) 
Seat 2: 7bekon7 ($133.09 in chips) 
Seat 3: Xenicide ($106.69 in chips) 
Seat 4: steepfell ($100 in chips) 
Seat 5: BeauParleur ($182.66 in chips) 
Seat 6: Eddy9898190 ($20.83 in chips) 
steepfell: posts small blind $0.50
BeauParleur: posts big blind $1
*** HOLE CARDS ***
Eddy9898190: folds 
PoKeRaRcSuNY: folds 
7bekon7: raises $1.25 to $2.25
Xenicide: raises $4.25 to $6.50
steepfell: folds 
BeauParleur: folds 
7bekon7: calls $4.25
*** FLOP *** [6d Js Jd]
7bekon7: checks 
Xenicide: bets $3.45
7bekon7: calls $3.45
*** TURN *** [6d Js Jd] [5c]
7bekon7: checks 
Xenicide: checks 
*** RIVER *** [6d Js Jd 5c] [6c]
7bekon7: checks 
Xenicide: checks 
*** SHOW DOWN ***
7bekon7: shows [9c 9s] (two pair, Jacks and Nines)
Xenicide: mucks hand 
7bekon7 collected $20.33 from pot
*** SUMMARY ***
Total pot $21.40 | Rake $1.07 
Board [6d Js Jd 5c 6c]
Seat 1: PoKeRaRcSuNY folded before Flop (didn't bet)
Seat 2: 7bekon7 showed [9c 9s] and won ($20.33) with two pair, Jacks and Nines
Seat 3: Xenicide (button) mucked
Seat 4: steepfell (small blind) folded before Flop
Seat 5: BeauParleur (big blind) folded before Flop
Seat 6: Eddy9898190 folded before Flop (didn't bet)



PokerStars Hand #254557414156:  Hold'em No Limit ($0.50/$1.00 USD) - 2025/01/26 4:33:37 WET [2025/01/25 23:33:37 ET]
Table 'Alsciaukat III' 6-max Seat #4 is the button
Seat 1: PoKeRaRcSuNY ($106.26 in chips) 
Seat 2: 7bekon7 ($143.47 in chips) 
Seat 3: Xenicide ($100 in chips) 
Seat 4: steepfell ($100 in chips) 
Seat 5: BeauParleur ($181.66 in chips) 
Seat 6: Eddy9898190 ($20.83 in chips) 
BeauParleur: posts small blind $0.50
Eddy9898190: posts big blind $1
*** HOLE CARDS ***
PoKeRaRcSuNY: folds 
7bekon7: folds 
Xenicide: folds 
steepfell: folds 
BeauParleur: folds 
Uncalled bet ($0.50) returned to Eddy9898190
Eddy9898190 collected $1 from pot
*** SUMMARY ***
Total pot $1 | Rake $0 
Seat 1: PoKeRaRcSuNY folded before Flop (didn't bet)
Seat 2: 7bekon7 folded before Flop (didn't bet)
Seat 3: Xenicide folded before Flop (didn't bet)
Seat 4: steepfell (button) folded before Flop (didn't bet)
Seat 5: BeauParleur (small blind) folded before Flop
Seat 6: Eddy9898190 (big blind) collected ($1)



PokerStars Hand #254557238104:  Hold'em No Limit ($0.50/$1.00 USD) - 2025/01/26 4:07:46 WET [2025/01/25 23:07:46 ET]
Table 'Alsciaukat III' 6-max Seat #3 is the button
Seat 1: PoKeRaRcSuNY ($100 in chips) is sitting out
Seat 2: 7bekon7 ($100 in chips) is sitting out
Seat 6: Eddy9898190 ($43.75 in chips) is sitting out
Seat 3: B1GBankroll ($100 in chips) 
Seat 4: steepfell ($100.50 in chips) 
Seat 5: BeauParleur ($190.16 in chips) 
steepfell: posts small blind $0.50
BeauParleur: posts big blind $1
Eddy9898190: sits out 
PoKeRaRcSuNY: sits out 
7bekon7: sits out 
*** HOLE CARDS ***
B1GBankroll: folds 
steepfell: raises $2 to $3
BeauParleur: folds 
Uncalled bet ($2) returned to steepfell
steepfell collected $2 from pot
steepfell: doesn't show hand 
*** SUMMARY ***
Total pot $2 | Rake $0 
Seat 1: PoKeRaRcSuNY
Seat 2: 7bekon7
Seat 6: Eddy9898190
Seat 3: B1GBankroll (button) folded before Flop (didn't bet)
Seat 4: steepfell (small blind) collected ($2)
Seat 5: BeauParleur (big blind) folded before Flop



PokerStars Hand #254557240760:  Hold'em No Limit ($0.50/$1.00 USD) - 2025/01/26 4:08:08 WET [2025/01/25 23:08:08 ET]
Table 'Alsciaukat III' 6-max Seat #4 is the button
Seat 1: PoKeRaRcSuNY ($100 in chips) is sitting out
Seat 2: 7bekon7 ($100 in chips) is sitting out
Seat 3: B1GBankroll ($100 in chips) 
Seat 4: steepfell ($101.50 in chips) 
Seat 5: BeauParleur ($189.16 in chips) 
Seat 6: Eddy9898190 ($43.75 in chips) 
BeauParleur: posts small blind $0.50
Eddy9898190: posts big blind $1
PoKeRaRcSuNY: sits out 
7bekon7: sits out 
*** HOLE CARDS ***
B1GBankroll: folds 
steepfell: folds 
BeauParleur: raises $2 to $3
Eddy9898190: folds 
Uncalled bet ($2) returned to BeauParleur
BeauParleur collected $2 from pot
BeauParleur: doesn't show hand 
*** SUMMARY ***
Total pot $2 | Rake $0 
Seat 1: PoKeRaRcSuNY
Seat 2: 7bekon7
Seat 3: B1GBankroll folded before Flop (didn't bet)
Seat 4: steepfell (button) folded before Flop (didn't bet)
Seat 5: BeauParleur (small blind) collected ($2)
Seat 6: Eddy9898190 (big blind) folded before Flop



PokerStars Hand #254557243042:  Hold'em No Limit ($0.50/$1.00 USD) - 2025/01/26 4:08:27 WET [2025/01/25 23:08:27 ET]
Table 'Alsciaukat III' 6-max Seat #5 is the button
Seat 2: 7bekon7 ($100 in chips) is sitting out
Seat 1: PoKeRaRcSuNY ($100 in chips) 
Seat 3: B1GBankroll ($100 in chips) 
Seat 4: steepfell ($101.50 in chips) 
Seat 5: BeauParleur ($190.16 in chips) 
Seat 6: Eddy9898190 ($42.75 in chips) 
Eddy9898190: posts small blind $0.50
PoKeRaRcSuNY: posts big blind $1
7bekon7: sits out 
*** HOLE CARDS ***
B1GBankroll: folds 
steepfell: folds 
BeauParleur: folds 
Eddy9898190: raises $2 to $3
PoKeRaRcSuNY: calls $2
*** FLOP *** [9c Kc 6h]
Eddy9898190: checks 
PoKeRaRcSuNY: checks 
*** TURN *** [9c Kc 6h] [Tc]
Eddy9898190: bets $4.85
PoKeRaRcSuNY: folds 
Uncalled bet ($4.85) returned to Eddy9898190
Eddy9898190 collected $5.70 from pot
*** SUMMARY ***
Total pot $6 | Rake $0.30 
Board [9c Kc 6h Tc]
Seat 2: 7bekon7
Seat 1: PoKeRaRcSuNY (big blind) folded on the Turn
Seat 3: B1GBankroll folded before Flop (didn't bet)
Seat 4: steepfell folded before Flop (didn't bet)
Seat 5: BeauParleur (button) folded before Flop (didn't bet)
Seat 6: Eddy9898190 (small blind) collected ($5.70)



PokerStars Hand #254557247446:  Hold'em No Limit ($0.50/$1.00 USD) - 2025/01/26 4:09:05 WET [2025/01/25 23:09:05 ET]
Table 'Alsciaukat III' 6-max Seat #6 is the button
Seat 1: PoKeRaRcSuNY ($100 in chips) 
Seat 2: 7bekon7 ($100 in chips) 
Seat 3: B1GBankroll ($100 in chips) 
Seat 4: steepfell ($101.50 in chips) 
Seat 5: BeauParleur ($190.16 in chips) 
Seat 6: Eddy9898190 ($45.45 in chips) 
PoKeRaRcSuNY: posts small blind $0.50
7bekon7: posts big blind $1
*** HOLE CARDS ***
B1GBankroll: folds 
steepfell: folds 
BeauParleur: folds 
Eddy9898190: folds 
PoKeRaRcSuNY: folds 
Uncalled bet ($0.50) returned to 7bekon7
7bekon7 collected $1 from pot
7bekon7: doesn't show hand 
*** SUMMARY ***
Total pot $1 | Rake $0 
Seat 1: PoKeRaRcSuNY (small blind) folded before Flop
Seat 2: 7bekon7 (big blind) collected ($1)
Seat 3: B1GBankroll folded before Flop (didn't bet)
Seat 4: steepfell folded before Flop (didn't bet)
Seat 5: BeauParleur folded before Flop (didn't bet)
Seat 6: Eddy9898190 (button) folded before Flop (didn't bet)



PokerStars Hand #254557249445:  Hold'em No Limit ($0.50/$1.00 USD) - 2025/01/26 4:09:22 WET [2025/01/25 23:09:22 ET]
Table 'Alsciaukat III' 6-max Seat #1 is the button
Seat 3: B1GBankroll ($100 in chips) is sitting out
Seat 1: PoKeRaRcSuNY ($100 in chips) 
Seat 2: 7bekon7 ($100.50 in chips) 
Seat 4: steepfell ($101.50 in chips) 
Seat 5: BeauParleur ($190.16 in chips) 
Seat 6: Eddy9898190 ($45.45 in chips) 
7bekon7: posts small blind $0.50
B1GBankroll: is sitting out 
steepfell: posts big blind $1
*** HOLE CARDS ***
BeauParleur: raises $1 to $2
B1GBankroll leaves the table
Eddy9898190: folds 
Xenicide joins the table at seat #3 
PoKeRaRcSuNY: folds 
7bekon7: folds 
steepfell: folds 
Uncalled bet ($1) returned to BeauParleur
BeauParleur collected $2.50 from pot
BeauParleur: doesn't show hand 
*** SUMMARY ***
Total pot $2.50 | Rake $0 
Seat 3: B1GBankroll
Seat 1: PoKeRaRcSuNY (button) folded before Flop (didn't bet)
Seat 2: 7bekon7 (small blind) folded before Flop
Seat 4: steepfell (big blind) folded before Flop
Seat 5: BeauParleur collected ($2.50)
Seat 6: Eddy9898190 folded before Flop (didn't bet)



PokerStars Hand #254557252156:  Hold'em No Limit ($0.50/$1.00 USD) - 2025/01/26 4:09:46 WET [2025/01/25 23:09:46 ET]
Table 'Alsciaukat III' 6-max Seat #2 is the button
Seat 3: Xenicide ($100 in chips) is sitting out
Seat 1: PoKeRaRcSuNY ($100 in chips) 
Seat 2: 7bekon7 ($100 in chips) 
Seat 4: steepfell ($100.50 in chips) 
Seat 5: BeauParleur ($191.66 in chips) 
Seat 6: Eddy9898190 ($45.45 in chips) 
steepfell: posts small blind $0.50
BeauParleur: posts big blind $1
*** HOLE CARDS ***
Eddy9898190: raises $2 to $3
PoKeRaRcSuNY: folds 
7bekon7: folds 
steepfell: folds 
BeauParleur: folds 
Uncalled bet ($2) returned to Eddy9898190
Eddy9898190 collected $2.50 from pot
*** SUMMARY ***
Total pot $2.50 | Rake $0 
Seat 3: Xenicide
Seat 1: PoKeRaRcSuNY folded before Flop (didn't bet)
Seat 2: 7bekon7 (button) folded before Flop (didn't bet)
Seat 4: steepfell (small blind) folded before Flop
Seat 5: BeauParleur (big blind) folded before Flop
Seat 6: Eddy9898190 collected ($2.50)



PokerStars Hand #254557255239:  Hold'em No Limit ($0.50/$1.00 USD) - 2025/01/26 4:10:12 WET [2025/01/25 23:10:12 ET]
Table 'Alsciaukat III' 6-max Seat #4 is the button
Seat 3: Xenicide ($100 in chips) is sitting out
Seat 1: PoKeRaRcSuNY ($100 in chips) 
Seat 2: 7bekon7 ($100 in chips) 
Seat 4: steepfell ($100 in chips) 
Seat 5: BeauParleur ($190.66 in chips) 
Seat 6: Eddy9898190 ($46.95 in chips) 
BeauParleur: posts small blind $0.50
Eddy9898190: posts big blind $1
Xenicide: sits out 
*** HOLE CARDS ***
PoKeRaRcSuNY: raises $1.22 to $2.22
7bekon7: folds 
steepfell: folds 
BeauParleur: folds 
Eddy9898190: calls $1.22
*** FLOP *** [2c 9s 8c]
Eddy9898190: checks 
PoKeRaRcSuNY: bets $4.69
Eddy9898190: folds 
Uncalled bet ($4.69) returned to PoKeRaRcSuNY
PoKeRaRcSuNY collected $4.69 from pot
PoKeRaRcSuNY: doesn't show hand 
*** SUMMARY ***
Total pot $4.94 | Rake $0.25 
Board [2c 9s 8c]
Seat 3: Xenicide
Seat 1: PoKeRaRcSuNY collected ($4.69)
Seat 2: 7bekon7 folded before Flop (didn't bet)
Seat 4: steepfell (button) folded before Flop (didn't bet)
Seat 5: BeauParleur (small blind) folded before Flop
Seat 6: Eddy9898190 (big blind) folded on the Flop



PokerStars Hand #254557259233:  Hold'em No Limit ($0.50/$1.00 USD) - 2025/01/26 4:10:46 WET [2025/01/25 23:10:46 ET]
Table 'Alsciaukat III' 6-max Seat #5 is the button
Seat 3: Xenicide ($100 in chips) is sitting out
Seat 1: PoKeRaRcSuNY ($102.47 in chips) 
Seat 2: 7bekon7 ($100 in chips) 
Seat 4: steepfell ($100 in chips) 
Seat 5: BeauParleur ($190.16 in chips) 
Seat 6: Eddy9898190 ($44.73 in chips) 
Eddy9898190: posts small blind $0.50
PoKeRaRcSuNY: posts big blind $1
Xenicide: sits out 
*** HOLE CARDS ***
7bekon7: raises $1.25 to $2.25
steepfell: folds 
BeauParleur: folds 
Eddy9898190: folds 
PoKeRaRcSuNY: calls $1.25
*** FLOP *** [Jh Ah Ad]
PoKeRaRcSuNY: checks 
7bekon7: bets $1.19
PoKeRaRcSuNY: calls $1.19
*** TURN *** [Jh Ah Ad] [Kc]
PoKeRaRcSuNY: checks 
7bekon7: bets $7.01
PoKeRaRcSuNY: folds 
Uncalled bet ($7.01) returned to 7bekon7
7bekon7 collected $7.01 from pot
7bekon7: doesn't show hand 
*** SUMMARY ***
Total pot $7.38 | Rake $0.37 
Board [Jh Ah Ad Kc]
Seat 3: Xenicide
Seat 1: PoKeRaRcSuNY (big blind) folded on the Turn
Seat 2: 7bekon7 collected ($7.01)
Seat 4: steepfell folded before Flop (didn't bet)
Seat 5: BeauParleur (button) folded before Flop (didn't bet)
Seat 6: Eddy9898190 (small blind) folded before Flop



PokerStars Hand #254557267457:  Hold'em No Limit ($0.50/$1.00 USD) - 2025/01/26 4:11:57 WET [2025/01/25 23:11:57 ET]
Table 'Alsciaukat III' 6-max Seat #6 is the button
Seat 3: Xenicide ($100 in chips) is sitting out
Seat 1: PoKeRaRcSuNY ($100 in chips) 
Seat 2: 7bekon7 ($103.57 in chips) 
Seat 4: steepfell ($100 in chips) 
Seat 5: BeauParleur ($190.16 in chips) 
Seat 6: Eddy9898190 ($44.23 in chips) 
PoKeRaRcSuNY: posts small blind $0.50
7bekon7: posts big blind $1
Xenicide: sits out 
*** HOLE CARDS ***
steepfell: raises $1.50 to $2.50
BeauParleur: folds 
Eddy9898190: folds 
PoKeRaRcSuNY: folds 
7bekon7: folds 
Uncalled bet ($1.50) returned to steepfell
steepfell collected $2.50 from pot
steepfell: doesn't show hand 
*** SUMMARY ***
Total pot $2.50 | Rake $0 
Seat 3: Xenicide
Seat 1: PoKeRaRcSuNY (small blind) folded before Flop
Seat 2: 7bekon7 (big blind) folded before Flop
Seat 4: steepfell collected ($2.50)
Seat 5: BeauParleur folded before Flop (didn't bet)
Seat 6: Eddy9898190 (button) folded before Flop (didn't bet)



PokerStars Hand #254557269978:  Hold'em No Limit ($0.50/$1.00 USD) - 2025/01/26 4:12:19 WET [2025/01/25 23:12:19 ET]
Table 'Alsciaukat III' 6-max Seat #1 is the button
Seat 1: PoKeRaRcSuNY ($100 in chips) 
Seat 2: 7bekon7 ($102.57 in chips) 
Seat 3: Xenicide ($100 in chips) 
Seat 4: steepfell ($101.50 in chips) 
Seat 5: BeauParleur ($190.16 in chips) 
Seat 6: Eddy9898190 ($44.23 in chips) 
7bekon7: posts small blind $0.50
Xenicide: posts big blind $1
*** HOLE CARDS ***
steepfell: folds 
BeauParleur: folds 
Eddy9898190: folds 
PoKeRaRcSuNY: folds 
7bekon7: folds 
Uncalled bet ($0.50) returned to Xenicide
Xenicide collected $1 from pot
*** SUMMARY ***
Total pot $1 | Rake $0 
Seat 1: PoKeRaRcSuNY (button) folded before Flop (didn't bet)
Seat 2: 7bekon7 (small blind) folded before Flop
Seat 3: Xenicide (big blind) collected ($1)
Seat 4: steepfell folded before Flop (didn't bet)
Seat 5: BeauParleur folded before Flop (didn't bet)
Seat 6: Eddy9898190 folded before Flop (didn't bet)



PokerStars Hand #254557271959:  Hold'em No Limit ($0.50/$1.00 USD) - 2025/01/26 4:12:36 WET [2025/01/25 23:12:36 ET]
Table 'Alsciaukat III' 6-max Seat #2 is the button
Seat 1: PoKeRaRcSuNY ($100 in chips) 
Seat 2: 7bekon7 ($102.07 in chips) 
Seat 3: Xenicide ($100.50 in chips) 
Seat 4: steepfell ($101.50 in chips) 
Seat 5: BeauParleur ($190.16 in chips) 
Seat 6: Eddy9898190 ($44.23 in chips) 
Xenicide: posts small blind $0.50
steepfell: posts big blind $1
*** HOLE CARDS ***
BeauParleur: folds 
Eddy9898190: folds 
PoKeRaRcSuNY: folds 
7bekon7: folds 
Xenicide: folds 
Uncalled bet ($0.50) returned to steepfell
steepfell collected $1 from pot
steepfell: doesn't show hand 
*** SUMMARY ***
Total pot $1 | Rake $0 
Seat 1: PoKeRaRcSuNY folded before Flop (didn't bet)
Seat 2: 7bekon7 (button) folded before Flop (didn't bet)
Seat 3: Xenicide (small blind) folded before Flop
Seat 4: steepfell (big blind) collected ($1)
Seat 5: BeauParleur folded before Flop (didn't bet)
Seat 6: Eddy9898190 folded before Flop (didn't bet)



PokerStars Hand #254557273189:  Hold'em No Limit ($0.50/$1.00 USD) - 2025/01/26 4:12:46 WET [2025/01/25 23:12:46 ET]
Table 'Alsciaukat III' 6-max Seat #3 is the button
Seat 1: PoKeRaRcSuNY ($100 in chips) 
Seat 2: 7bekon7 ($102.07 in chips) 
Seat 3: Xenicide ($100 in chips) 
Seat 4: steepfell ($102 in chips) 
Seat 5: BeauParleur ($190.16 in chips) 
Seat 6: Eddy9898190 ($44.23 in chips) 
steepfell: posts small blind $0.50
BeauParleur: posts big blind $1
*** HOLE CARDS ***
Eddy9898190: raises $2 to $3
PoKeRaRcSuNY: folds 
7bekon7: folds 
Xenicide: folds 
steepfell: folds 
BeauParleur: folds 
Uncalled bet ($2) returned to Eddy9898190
Eddy9898190 collected $2.50 from pot
*** SUMMARY ***
Total pot $2.50 | Rake $0 
Seat 1: PoKeRaRcSuNY folded before Flop (didn't bet)
Seat 2: 7bekon7 folded before Flop (didn't bet)
Seat 3: Xenicide (button) folded before Flop (didn't bet)
Seat 4: steepfell (small blind) folded before Flop
Seat 5: BeauParleur (big blind) folded before Flop
Seat 6: Eddy9898190 collected ($2.50)



PokerStars Hand #254557275662:  Hold'em No Limit ($0.50/$1.00 USD) - 2025/01/26 4:13:07 WET [2025/01/25 23:13:07 ET]
Table 'Alsciaukat III' 6-max Seat #4 is the button
Seat 1: PoKeRaRcSuNY ($100 in chips) 
Seat 2: 7bekon7 ($102.07 in chips) 
Seat 3: Xenicide ($100 in chips) 
Seat 4: steepfell ($101.50 in chips) 
Seat 5: BeauParleur ($189.16 in chips) 
Seat 6: Eddy9898190 ($45.73 in chips) 
BeauParleur: posts small blind $0.50
Eddy9898190: posts big blind $1
*** HOLE CARDS ***
PoKeRaRcSuNY: raises $1.50 to $2.50
7bekon7: folds 
Xenicide: folds 
steepfell: folds 
BeauParleur: folds 
Eddy9898190: calls $1.50
*** FLOP *** [3c 2h 6h]
Eddy9898190: checks 
PoKeRaRcSuNY: bets $3.92
Eddy9898190: folds 
Uncalled bet ($3.92) returned to PoKeRaRcSuNY
PoKeRaRcSuNY collected $5.22 from pot
PoKeRaRcSuNY: doesn't show hand 
*** SUMMARY ***
Total pot $5.50 | Rake $0.28 
Board [3c 2h 6h]
Seat 1: PoKeRaRcSuNY collected ($5.22)
Seat 2: 7bekon7 folded before Flop (didn't bet)
Seat 3: Xenicide folded before Flop (didn't bet)
Seat 4: steepfell (button) folded before Flop (didn't bet)
Seat 5: BeauParleur (small blind) folded before Flop
Seat 6: Eddy9898190 (big blind) folded on the Flop



PokerStars Hand #254557278889:  Hold'em No Limit ($0.50/$1.00 USD) - 2025/01/26 4:13:34 WET [2025/01/25 23:13:34 ET]
Table 'Alsciaukat III' 6-max Seat #5 is the button
Seat 1: PoKeRaRcSuNY ($102.72 in chips) 
Seat 2: 7bekon7 ($102.07 in chips) 
Seat 3: Xenicide ($100 in chips) 
Seat 4: steepfell ($101.50 in chips) 
Seat 5: BeauParleur ($188.66 in chips) 
Seat 6: Eddy9898190 ($43.23 in chips) 
Eddy9898190: posts small blind $0.50
PoKeRaRcSuNY: posts big blind $1
*** HOLE CARDS ***
7bekon7: folds 
Xenicide: folds 
steepfell: folds 
BeauParleur: folds 
Eddy9898190: folds 
Uncalled bet ($0.50) returned to PoKeRaRcSuNY
PoKeRaRcSuNY collected $1 from pot
PoKeRaRcSuNY: doesn't show hand 
*** SUMMARY ***
Total pot $1 | Rake $0 
Seat 1: PoKeRaRcSuNY (big blind) collected ($1)
Seat 2: 7bekon7 folded before Flop (didn't bet)
Seat 3: Xenicide folded before Flop (didn't bet)
Seat 4: steepfell folded before Flop (didn't bet)
Seat 5: BeauParleur (button) folded before Flop (didn't bet)
Seat 6: Eddy9898190 (small blind) folded before Flop



PokerStars Hand #254557280534:  Hold'em No Limit ($0.50/$1.00 USD) - 2025/01/26 4:13:48 WET [2025/01/25 23:13:48 ET]
Table 'Alsciaukat III' 6-max Seat #6 is the button
Seat 1: PoKeRaRcSuNY ($103.22 in chips) 
Seat 2: 7bekon7 ($102.07 in chips) 
Seat 3: Xenicide ($100 in chips) 
Seat 4: steepfell ($101.50 in chips) 
Seat 5: BeauParleur ($188.66 in chips) 
Seat 6: Eddy9898190 ($42.73 in chips) 
PoKeRaRcSuNY: posts small blind $0.50
7bekon7: posts big blind $1
*** HOLE CARDS ***
Xenicide: folds 
steepfell: folds 
BeauParleur: folds 
Eddy9898190: raises $2 to $3
PoKeRaRcSuNY: folds 
7bekon7: folds 
Uncalled bet ($2) returned to Eddy9898190
Eddy9898190 collected $2.50 from pot
*** SUMMARY ***
Total pot $2.50 | Rake $0 
Seat 1: PoKeRaRcSuNY (small blind) folded before Flop
Seat 2: 7bekon7 (big blind) folded before Flop
Seat 3: Xenicide folded before Flop (didn't bet)
Seat 4: steepfell folded before Flop (didn't bet)
Seat 5: BeauParleur folded before Flop (didn't bet)
Seat 6: Eddy9898190 (button) collected ($2.50)



PokerStars Hand #254557283084:  Hold'em No Limit ($0.50/$1.00 USD) - 2025/01/26 4:14:10 WET [2025/01/25 23:14:10 ET]
Table 'Alsciaukat III' 6-max Seat #1 is the button
Seat 1: PoKeRaRcSuNY ($102.72 in chips) 
Seat 2: 7bekon7 ($101.07 in chips) 
Seat 3: Xenicide ($100 in chips) 
Seat 4: steepfell ($101.50 in chips) 
Seat 5: BeauParleur ($188.66 in chips) 
Seat 6: Eddy9898190 ($44.23 in chips) 
7bekon7: posts small blind $0.50
Xenicide: posts big blind $1
*** HOLE CARDS ***
steepfell: folds 
BeauParleur: raises $1 to $2
Eddy9898190: folds 
PoKeRaRcSuNY: folds 
7bekon7: folds 
Xenicide: folds 
Uncalled bet ($1) returned to BeauParleur
BeauParleur collected $2.50 from pot
BeauParleur: doesn't show hand 
*** SUMMARY ***
Total pot $2.50 | Rake $0 
Seat 1: PoKeRaRcSuNY (button) folded before Flop (didn't bet)
Seat 2: 7bekon7 (small blind) folded before Flop
Seat 3: Xenicide (big blind) folded before Flop
Seat 4: steepfell folded before Flop (didn't bet)
Seat 5: BeauParleur collected ($2.50)
Seat 6: Eddy9898190 folded before Flop (didn't bet)



PokerStars Hand #254557286067:  Hold'em No Limit ($0.50/$1.00 USD) - 2025/01/26 4:14:35 WET [2025/01/25 23:14:35 ET]
Table 'Alsciaukat III' 6-max Seat #2 is the button
Seat 1: PoKeRaRcSuNY ($102.72 in chips) 
Seat 2: 7bekon7 ($100.57 in chips) 
Seat 3: Xenicide ($100 in chips) 
Seat 4: steepfell ($101.50 in chips) 
Seat 5: BeauParleur ($190.16 in chips) 
Seat 6: Eddy9898190 ($44.23 in chips) 
Xenicide: posts small blind $0.50
steepfell: posts big blind $1
*** HOLE CARDS ***
BeauParleur: folds 
Eddy9898190: folds 
PoKeRaRcSuNY: folds 
7bekon7: folds 
Xenicide: raises $2.50 to $3.50
steepfell: raises $8.50 to $12
Xenicide: folds 
Uncalled bet ($8.50) returned to steepfell
steepfell collected $7 from pot
steepfell: doesn't show hand 
*** SUMMARY ***
Total pot $7 | Rake $0 
Seat 1: PoKeRaRcSuNY folded before Flop (didn't bet)
Seat 2: 7bekon7 (button) folded before Flop (didn't bet)
Seat 3: Xenicide (small blind) folded before Flop
Seat 4: steepfell (big blind) collected ($7)
Seat 5: BeauParleur folded before Flop (didn't bet)
Seat 6: Eddy9898190 folded before Flop (didn't bet)



PokerStars Hand #254557292613:  Hold'em No Limit ($0.50/$1.00 USD) - 2025/01/26 4:15:33 WET [2025/01/25 23:15:33 ET]
Table 'Alsciaukat III' 6-max Seat #3 is the button
Seat 1: PoKeRaRcSuNY ($102.72 in chips) 
Seat 2: 7bekon7 ($100.57 in chips) 
Seat 3: Xenicide ($100 in chips) 
Seat 4: steepfell ($105 in chips) 
Seat 5: BeauParleur ($190.16 in chips) 
Seat 6: Eddy9898190 ($44.23 in chips) 
steepfell: posts small blind $0.50
BeauParleur: posts big blind $1
*** HOLE CARDS ***
Eddy9898190: raises $2 to $3
PoKeRaRcSuNY: raises $6 to $9
7bekon7: folds 
Xenicide: folds 
steepfell: folds 
BeauParleur: folds 
Eddy9898190: folds 
Uncalled bet ($6) returned to PoKeRaRcSuNY
PoKeRaRcSuNY collected $7.50 from pot
PoKeRaRcSuNY: doesn't show hand 
*** SUMMARY ***
Total pot $7.50 | Rake $0 
Seat 1: PoKeRaRcSuNY collected ($7.50)
Seat 2: 7bekon7 folded before Flop (didn't bet)
Seat 3: Xenicide (button) folded before Flop (didn't bet)
Seat 4: steepfell (small blind) folded before Flop
Seat 5: BeauParleur (big blind) folded before Flop
Seat 6: Eddy9898190 folded before Flop



PokerStars Hand #254557294712:  Hold'em No Limit ($0.50/$1.00 USD) - 2025/01/26 4:15:51 WET [2025/01/25 23:15:51 ET]
Table 'Alsciaukat III' 6-max Seat #4 is the button
Seat 1: PoKeRaRcSuNY ($107.22 in chips) 
Seat 2: 7bekon7 ($100.57 in chips) 
Seat 3: Xenicide ($100 in chips) 
Seat 4: steepfell ($104.50 in chips) 
Seat 5: BeauParleur ($189.16 in chips) 
Seat 6: Eddy9898190 ($41.23 in chips) 
BeauParleur: posts small blind $0.50
Eddy9898190: posts big blind $1
*** HOLE CARDS ***
PoKeRaRcSuNY: folds 
7bekon7: folds 
Xenicide: folds 
steepfell: folds 
BeauParleur: raises $2 to $3
Eddy9898190: calls $2
*** FLOP *** [6s Jc Tc]
BeauParleur: checks 
Eddy9898190: bets $3
BeauParleur: calls $3
*** TURN *** [6s Jc Tc] [Qd]
BeauParleur: checks 
Eddy9898190: bets $4
BeauParleur: folds 
Uncalled bet ($4) returned to Eddy9898190
Eddy9898190 collected $11.40 from pot
*** SUMMARY ***
Total pot $12 | Rake $0.60 
Board [6s Jc Tc Qd]
Seat 1: PoKeRaRcSuNY folded before Flop (didn't bet)
Seat 2: 7bekon7 folded before Flop (didn't bet)
Seat 3: Xenicide folded before Flop (didn't bet)
Seat 4: steepfell (button) folded before Flop (didn't bet)
Seat 5: BeauParleur (small blind) folded on the Turn
Seat 6: Eddy9898190 (big blind) collected ($11.40)



PokerStars Hand #254557300993:  Hold'em No Limit ($0.50/$1.00 USD) - 2025/01/26 4:16:46 WET [2025/01/25 23:16:46 ET]
Table 'Alsciaukat III' 6-max Seat #5 is the button
Seat 1: PoKeRaRcSuNY ($107.22 in chips) 
Seat 2: 7bekon7 ($100.57 in chips) 
Seat 3: Xenicide ($100 in chips) 
Seat 4: steepfell ($104.50 in chips) 
Seat 5: BeauParleur ($183.16 in chips) 
Seat 6: Eddy9898190 ($46.63 in chips) 
Eddy9898190: posts small blind $0.50
PoKeRaRcSuNY: posts big blind $1
*** HOLE CARDS ***
7bekon7: folds 
Xenicide: folds 
steepfell: raises $1.50 to $2.50
BeauParleur: folds 
Eddy9898190: folds 
PoKeRaRcSuNY: calls $1.50
*** FLOP *** [Kd 2h 9h]
PoKeRaRcSuNY: checks 
steepfell: bets $2.61
PoKeRaRcSuNY: calls $2.61
*** TURN *** [Kd 2h 9h] [9c]
PoKeRaRcSuNY: checks 
steepfell: checks 
*** RIVER *** [Kd 2h 9h 9c] [Ac]
PoKeRaRcSuNY: bets $3.36
steepfell: folds 
Uncalled bet ($3.36) returned to PoKeRaRcSuNY
PoKeRaRcSuNY collected $10.18 from pot
PoKeRaRcSuNY: doesn't show hand 
*** SUMMARY ***
Total pot $10.72 | Rake $0.54 
Board [Kd 2h 9h 9c Ac]
Seat 1: PoKeRaRcSuNY (big blind) collected ($10.18)
Seat 2: 7bekon7 folded before Flop (didn't bet)
Seat 3: Xenicide folded before Flop (didn't bet)
Seat 4: steepfell folded on the River
Seat 5: BeauParleur (button) folded before Flop (didn't bet)
Seat 6: Eddy9898190 (small blind) folded before Flop



PokerStars Hand #254557307465:  Hold'em No Limit ($0.50/$1.00 USD) - 2025/01/26 4:17:43 WET [2025/01/25 23:17:43 ET]
Table 'Alsciaukat III' 6-max Seat #6 is the button
Seat 1: PoKeRaRcSuNY ($112.29 in chips) 
Seat 2: 7bekon7 ($100.57 in chips) 
Seat 3: Xenicide ($100 in chips) 
Seat 4: steepfell ($100 in chips) 
Seat 5: BeauParleur ($183.16 in chips) 
Seat 6: Eddy9898190 ($46.13 in chips) 
PoKeRaRcSuNY: posts small blind $0.50
7bekon7: posts big blind $1
*** HOLE CARDS ***
Xenicide: folds 
steepfell: folds 
BeauParleur: folds 
Eddy9898190: folds 
PoKeRaRcSuNY: folds 
Uncalled bet ($0.50) returned to 7bekon7
7bekon7 collected $1 from pot
7bekon7: doesn't show hand 
*** SUMMARY ***
Total pot $1 | Rake $0 
Seat 1: PoKeRaRcSuNY (small blind) folded before Flop
Seat 2: 7bekon7 (big blind) collected ($1)
Seat 3: Xenicide folded before Flop (didn't bet)
Seat 4: steepfell folded before Flop (didn't bet)
Seat 5: BeauParleur folded before Flop (didn't bet)
Seat 6: Eddy9898190 (button) folded before Flop (didn't bet)



PokerStars Hand #254557309257:  Hold'em No Limit ($0.50/$1.00 USD) - 2025/01/26 4:17:59 WET [2025/01/25 23:17:59 ET]
Table 'Alsciaukat III' 6-max Seat #1 is the button
Seat 1: PoKeRaRcSuNY ($111.79 in chips) 
Seat 2: 7bekon7 ($101.07 in chips) 
Seat 3: Xenicide ($100 in chips) 
Seat 4: steepfell ($100 in chips) 
Seat 5: BeauParleur ($183.16 in chips) 
Seat 6: Eddy9898190 ($46.13 in chips) 
7bekon7: posts small blind $0.50
Xenicide: posts big blind $1
*** HOLE CARDS ***
steepfell: folds 
BeauParleur: folds 
Eddy9898190: raises $2 to $3
PoKeRaRcSuNY: folds 
7bekon7: raises $7 to $10
Xenicide: folds 
Eddy9898190: folds 
Uncalled bet ($7) returned to 7bekon7
7bekon7 collected $7 from pot
7bekon7: doesn't show hand 
*** SUMMARY ***
Total pot $7 | Rake $0 
Seat 1: PoKeRaRcSuNY (button) folded before Flop (didn't bet)
Seat 2: 7bekon7 (small blind) collected ($7)
Seat 3: Xenicide (big blind) folded before Flop
Seat 4: steepfell folded before Flop (didn't bet)
Seat 5: BeauParleur folded before Flop (didn't bet)
Seat 6: Eddy9898190 folded before Flop



PokerStars Hand #254557312211:  Hold'em No Limit ($0.50/$1.00 USD) - 2025/01/26 4:18:26 WET [2025/01/25 23:18:26 ET]
Table 'Alsciaukat III' 6-max Seat #2 is the button
Seat 1: PoKeRaRcSuNY ($111.79 in chips) 
Seat 2: 7bekon7 ($105.07 in chips) 
Seat 3: Xenicide ($100 in chips) 
Seat 4: steepfell ($100 in chips) 
Seat 5: BeauParleur ($183.16 in chips) 
Seat 6: Eddy9898190 ($43.13 in chips) 
Xenicide: posts small blind $0.50
steepfell: posts big blind $1
*** HOLE CARDS ***
BeauParleur: raises $1 to $2
Eddy9898190: folds 
PoKeRaRcSuNY: folds 
7bekon7: folds 
Xenicide: folds 
steepfell: calls $1
*** FLOP *** [3d Ah 8s]
steepfell: checks 
BeauParleur: bets $1.41
steepfell: folds 
Uncalled bet ($1.41) returned to BeauParleur
BeauParleur collected $4.28 from pot
BeauParleur: doesn't show hand 
*** SUMMARY ***
Total pot $4.50 | Rake $0.22 
Board [3d Ah 8s]
Seat 1: PoKeRaRcSuNY folded before Flop (didn't bet)
Seat 2: 7bekon7 (button) folded before Flop (didn't bet)
Seat 3: Xenicide (small blind) folded before Flop
Seat 4: steepfell (big blind) folded on the Flop
Seat 5: BeauParleur collected ($4.28)
Seat 6: Eddy9898190 folded before Flop (didn't bet)



PokerStars Hand #254557315357:  Hold'em No Limit ($0.50/$1.00 USD) - 2025/01/26 4:18:53 WET [2025/01/25 23:18:53 ET]
Table 'Alsciaukat III' 6-max Seat #3 is the button
Seat 1: PoKeRaRcSuNY ($111.79 in chips) 
Seat 2: 7bekon7 ($105.07 in chips) 
Seat 3: Xenicide ($100 in chips) 
Seat 4: steepfell ($100 in chips) 
Seat 5: BeauParleur ($185.44 in chips) 
Seat 6: Eddy9898190 ($43.13 in chips) 
steepfell: posts small blind $0.50
BeauParleur: posts big blind $1
*** HOLE CARDS ***
Eddy9898190: folds 
PoKeRaRcSuNY: folds 
7bekon7: raises $1.25 to $2.25
Xenicide: folds 
steepfell: folds 
BeauParleur: folds 
Uncalled bet ($1.25) returned to 7bekon7
7bekon7 collected $2.50 from pot
7bekon7: doesn't show hand 
*** SUMMARY ***
Total pot $2.50 | Rake $0 
Seat 1: PoKeRaRcSuNY folded before Flop (didn't bet)
Seat 2: 7bekon7 collected ($2.50)
Seat 3: Xenicide (button) folded before Flop (didn't bet)
Seat 4: steepfell (small blind) folded before Flop
Seat 5: BeauParleur (big blind) folded before Flop
Seat 6: Eddy9898190 folded before Flop (didn't bet)



PokerStars Hand #254557318349:  Hold'em No Limit ($0.50/$1.00 USD) - 2025/01/26 4:19:20 WET [2025/01/25 23:19:20 ET]
Table 'Alsciaukat III' 6-max Seat #4 is the button
Seat 1: PoKeRaRcSuNY ($111.79 in chips) 
Seat 2: 7bekon7 ($106.57 in chips) 
Seat 3: Xenicide ($100 in chips) 
Seat 4: steepfell ($100 in chips) 
Seat 5: BeauParleur ($184.44 in chips) 
Seat 6: Eddy9898190 ($43.13 in chips) 
BeauParleur: posts small blind $0.50
Eddy9898190: posts big blind $1
*** HOLE CARDS ***
PoKeRaRcSuNY: folds 
7bekon7: raises $1.50 to $2.50
Xenicide: folds 
steepfell: folds 
BeauParleur: folds 
Eddy9898190: calls $1.50
*** FLOP *** [Kh Ac Tc]
Eddy9898190: checks 
7bekon7: bets $3.92
Eddy9898190: calls $3.92
*** TURN *** [Kh Ac Tc] [2h]
Eddy9898190: checks 
7bekon7: bets $9.50
Eddy9898190: raises $27.21 to $36.71 and is all-in
7bekon7: calls $27.21
*** RIVER *** [Kh Ac Tc 2h] [6s]
*** SHOW DOWN ***
Eddy9898190: shows [Ks 8s] (a pair of Kings)
7bekon7: shows [Qc Ah] (a pair of Aces)
7bekon7 collected $84.26 from pot
Eddy9898190 cashed out the hand for $9.39 | Cash Out Fee $0.19
*** SUMMARY ***
Total pot $86.76 | Rake $2.50 
Board [Kh Ac Tc 2h 6s]
Seat 1: PoKeRaRcSuNY folded before Flop (didn't bet)
Seat 2: 7bekon7 showed [Qc Ah] and won ($84.26) with a pair of Aces
Seat 3: Xenicide folded before Flop (didn't bet)
Seat 4: steepfell (button) folded before Flop (didn't bet)
Seat 5: BeauParleur (small blind) folded before Flop
Seat 6: Eddy9898190 (big blind) showed [Ks 8s] and lost with a pair of Kings (cashed out).



PokerStars Hand #254557326432:  Hold'em No Limit ($0.50/$1.00 USD) - 2025/01/26 4:20:33 WET [2025/01/25 23:20:33 ET]
Table 'Alsciaukat III' 6-max Seat #5 is the button
Seat 1: PoKeRaRcSuNY ($111.79 in chips) 
Seat 2: 7bekon7 ($147.70 in chips) 
Seat 3: Xenicide ($100 in chips) 
Seat 4: steepfell ($100 in chips) 
Seat 5: BeauParleur ($183.94 in chips) 
Seat 6: Eddy9898190 ($9.39 in chips) 
Eddy9898190: posts small blind $0.50
PoKeRaRcSuNY: posts big blind $1
*** HOLE CARDS ***
7bekon7: raises $1.25 to $2.25
Xenicide: folds 
steepfell: folds 
BeauParleur: folds 
Eddy9898190: raises $7.14 to $9.39 and is all-in
PoKeRaRcSuNY: folds 
7bekon7: calls $7.14
*** FLOP *** [2h 3h 3s]
*** TURN *** [2h 3h 3s] [5h]
*** RIVER *** [2h 3h 3s 5h] [9d]
*** SHOW DOWN ***
Eddy9898190: shows [Ks 5s] (two pair, Fives and Threes)
7bekon7: shows [Th Kd] (a pair of Threes)
Eddy9898190 collected $18.79 from pot
*** SUMMARY ***
Total pot $19.78 | Rake $0.99 
Board [2h 3h 3s 5h 9d]
Seat 1: PoKeRaRcSuNY (big blind) folded before Flop
Seat 2: 7bekon7 showed [Th Kd] and lost with a pair of Threes
Seat 3: Xenicide folded before Flop (didn't bet)
Seat 4: steepfell folded before Flop (didn't bet)
Seat 5: BeauParleur (button) folded before Flop (didn't bet)
Seat 6: Eddy9898190 (small blind) showed [Ks 5s] and won ($18.79) with two pair, Fives and Threes



PokerStars Hand #254557330571:  Hold'em No Limit ($0.50/$1.00 USD) - 2025/01/26 4:21:10 WET [2025/01/25 23:21:10 ET]
Table 'Alsciaukat III' 6-max Seat #6 is the button
Seat 1: PoKeRaRcSuNY ($110.79 in chips) 
Seat 2: 7bekon7 ($138.31 in chips) 
Seat 3: Xenicide ($100 in chips) 
Seat 4: steepfell ($100 in chips) 
Seat 5: BeauParleur ($183.94 in chips) 
Seat 6: Eddy9898190 ($18.79 in chips) 
PoKeRaRcSuNY: posts small blind $0.50
7bekon7: posts big blind $1
*** HOLE CARDS ***
Xenicide: folds 
steepfell: folds 
BeauParleur: folds 
Eddy9898190: folds 
PoKeRaRcSuNY: folds 
Uncalled bet ($0.50) returned to 7bekon7
7bekon7 collected $1 from pot
7bekon7: doesn't show hand 
*** SUMMARY ***
Total pot $1 | Rake $0 
Seat 1: PoKeRaRcSuNY (small blind) folded before Flop
Seat 2: 7bekon7 (big blind) collected ($1)
Seat 3: Xenicide folded before Flop (didn't bet)
Seat 4: steepfell folded before Flop (didn't bet)
Seat 5: BeauParleur folded before Flop (didn't bet)
Seat 6: Eddy9898190 (button) folded before Flop (didn't bet)



