PokerStars Hand #254557590929:  Hold'em No Limit ($0.50/$1.00 USD) - 2025/01/26 5:03:32 WET [2025/01/26 0:03:32 ET]
Table 'Procyon IV' 6-max Seat #6 is the button
Seat 1: ChipsAhoy591 ($100 in chips) 
Seat 2: csddan ($46.79 in chips) 
Seat 3: m0nTTu ($100 in chips) 
Seat 4: reeqar ($112.25 in chips) 
Seat 5: p0pa4poker ($98.50 in chips) 
Seat 6: CashfishT ($129.93 in chips) 
ChipsAhoy591: posts small blind $0.50
csddan: posts big blind $1
*** HOLE CARDS ***
m0nTTu: folds 
reeqar: folds 
p0pa4poker: folds 
CashfishT: raises $1.20 to $2.20
ChipsAhoy591: raises $6.80 to $9
csddan: folds 
CashfishT: calls $6.80
*** FLOP *** [4d 5c 2h]
csddan leaves the table
ChipsAhoy591: checks 
AlexEliseev7 joins the table at seat #2 
CashfishT: bets $5.96
ChipsAhoy591: calls $5.96
*** TURN *** [4d 5c 2h] [5s]
ChipsAhoy591: checks 
CashfishT: checks 
*** RIVER *** [4d 5c 2h 5s] [6h]
ChipsAhoy591: checks 
CashfishT: bets $19.38
ChipsAhoy591: calls $19.38
*** SHOW DOWN ***
CashfishT: shows [Ad Qs] (a pair of Fives)
ChipsAhoy591: shows [Ah Qc] (a pair of Fives)
ChipsAhoy591 collected $33.59 from pot
CashfishT collected $33.59 from pot
*** SUMMARY ***
Total pot $69.68 | Rake $2.50 
Board [4d 5c 2h 5s 6h]
Seat 1: ChipsAhoy591 (small blind) showed [Ah Qc] and won ($33.59) with a pair of Fives
Seat 2: csddan (big blind) folded before Flop
Seat 3: m0nTTu folded before Flop (didn't bet)
Seat 4: reeqar folded before Flop (didn't bet)
Seat 5: p0pa4poker folded before Flop (didn't bet)
Seat 6: CashfishT (button) showed [Ad Qs] and won ($33.59) with a pair of Fives



PokerStars Hand #254557600208:  Hold'em No Limit ($0.50/$1.00 USD) - 2025/01/26 5:05:09 WET [2025/01/26 0:05:09 ET]
Table 'Procyon IV' 6-max Seat #1 is the button
Seat 2: AlexEliseev7 ($100 in chips) is sitting out
Seat 1: ChipsAhoy591 ($100 in chips) 
Seat 3: m0nTTu ($100 in chips) 
Seat 4: reeqar ($112.25 in chips) 
Seat 5: p0pa4poker ($100 in chips) 
Seat 6: CashfishT ($129.18 in chips) 
m0nTTu: posts small blind $0.50
reeqar: posts big blind $1
*** HOLE CARDS ***
p0pa4poker: raises $1 to $2
CashfishT: folds 
ChipsAhoy591: folds 
m0nTTu: folds 
reeqar: raises $9 to $11
p0pa4poker: folds 
Uncalled bet ($9) returned to reeqar
reeqar collected $4.50 from pot
reeqar: doesn't show hand 
*** SUMMARY ***
Total pot $4.50 | Rake $0 
Seat 2: AlexEliseev7
Seat 1: ChipsAhoy591 (button) folded before Flop (didn't bet)
Seat 3: m0nTTu (small blind) folded before Flop
Seat 4: reeqar (big blind) collected ($4.50)
Seat 5: p0pa4poker folded before Flop
Seat 6: CashfishT folded before Flop (didn't bet)



PokerStars Hand #254557605191:  Hold'em No Limit ($0.50/$1.00 USD) - 2025/01/26 5:06:01 WET [2025/01/26 0:06:01 ET]
Table 'Procyon IV' 6-max Seat #3 is the button
Seat 2: AlexEliseev7 ($100 in chips) is sitting out
Seat 1: ChipsAhoy591 ($100 in chips) 
Seat 3: m0nTTu ($100 in chips) 
Seat 4: reeqar ($114.75 in chips) 
Seat 5: p0pa4poker ($98 in chips) 
Seat 6: CashfishT ($129.18 in chips) 
reeqar: posts small blind $0.50
p0pa4poker: posts big blind $1
AlexEliseev7: sits out 
*** HOLE CARDS ***
CashfishT: folds 
ChipsAhoy591: folds 
m0nTTu: folds 
reeqar: folds 
Uncalled bet ($0.50) returned to p0pa4poker
p0pa4poker collected $1 from pot
p0pa4poker: doesn't show hand 
*** SUMMARY ***
Total pot $1 | Rake $0 
Seat 2: AlexEliseev7
Seat 1: ChipsAhoy591 folded before Flop (didn't bet)
Seat 3: m0nTTu (button) folded before Flop (didn't bet)
Seat 4: reeqar (small blind) folded before Flop
Seat 5: p0pa4poker (big blind) collected ($1)
Seat 6: CashfishT folded before Flop (didn't bet)



PokerStars Hand #254557606709:  Hold'em No Limit ($0.50/$1.00 USD) - 2025/01/26 5:06:16 WET [2025/01/26 0:06:16 ET]
Table 'Procyon IV' 6-max Seat #4 is the button
Seat 2: AlexEliseev7 ($100 in chips) is sitting out
Seat 1: ChipsAhoy591 ($100 in chips) 
Seat 3: m0nTTu ($100 in chips) 
Seat 4: reeqar ($114.25 in chips) 
Seat 5: p0pa4poker ($100 in chips) 
Seat 6: CashfishT ($129.18 in chips) 
p0pa4poker: posts small blind $0.50
CashfishT: posts big blind $1
AlexEliseev7: sits out 
*** HOLE CARDS ***
ChipsAhoy591: raises $1.50 to $2.50
m0nTTu: folds 
reeqar: folds 
p0pa4poker: raises $8.50 to $11
CashfishT: folds 
ChipsAhoy591: folds 
Uncalled bet ($8.50) returned to p0pa4poker
p0pa4poker collected $6 from pot
p0pa4poker: doesn't show hand 
*** SUMMARY ***
Total pot $6 | Rake $0 
Seat 2: AlexEliseev7
Seat 1: ChipsAhoy591 folded before Flop
Seat 3: m0nTTu folded before Flop (didn't bet)
Seat 4: reeqar (button) folded before Flop (didn't bet)
Seat 5: p0pa4poker (small blind) collected ($6)
Seat 6: CashfishT (big blind) folded before Flop



PokerStars Hand #254557609607:  Hold'em No Limit ($0.50/$1.00 USD) - 2025/01/26 5:06:46 WET [2025/01/26 0:06:46 ET]
Table 'Procyon IV' 6-max Seat #5 is the button
Seat 2: AlexEliseev7 ($100 in chips) is sitting out
Seat 1: ChipsAhoy591 ($100 in chips) 
Seat 3: m0nTTu ($100 in chips) 
Seat 4: reeqar ($114.25 in chips) 
Seat 5: p0pa4poker ($103.50 in chips) 
Seat 6: CashfishT ($128.18 in chips) 
CashfishT: posts small blind $0.50
ChipsAhoy591: posts big blind $1
AlexEliseev7: sits out 
*** HOLE CARDS ***
m0nTTu: raises $1.50 to $2.50
reeqar: folds 
p0pa4poker: folds 
CashfishT: folds 
ChipsAhoy591: calls $1.50
*** FLOP *** [2h Jc 8d]
ChipsAhoy591: checks 
m0nTTu: bets $3.92
ChipsAhoy591: calls $3.92
*** TURN *** [2h Jc 8d] [5h]
ChipsAhoy591: checks 
m0nTTu: bets $19.05
ChipsAhoy591: folds 
Uncalled bet ($19.05) returned to m0nTTu
m0nTTu collected $12.67 from pot
m0nTTu: doesn't show hand 
*** SUMMARY ***
Total pot $13.34 | Rake $0.67 
Board [2h Jc 8d 5h]
Seat 2: AlexEliseev7
Seat 1: ChipsAhoy591 (big blind) folded on the Turn
Seat 3: m0nTTu collected ($12.67)
Seat 4: reeqar folded before Flop (didn't bet)
Seat 5: p0pa4poker (button) folded before Flop (didn't bet)
Seat 6: CashfishT (small blind) folded before Flop



PokerStars Hand #254557616690:  Hold'em No Limit ($0.50/$1.00 USD) - 2025/01/26 5:07:58 WET [2025/01/26 0:07:58 ET]
Table 'Procyon IV' 6-max Seat #6 is the button
Seat 1: ChipsAhoy591 ($100 in chips) 
Seat 2: AlexEliseev7 ($100 in chips) 
Seat 3: m0nTTu ($106.25 in chips) 
Seat 4: reeqar ($114.25 in chips) 
Seat 5: p0pa4poker ($103.50 in chips) 
Seat 6: CashfishT ($127.68 in chips) 
ChipsAhoy591: posts small blind $0.50
AlexEliseev7: posts big blind $1
*** HOLE CARDS ***
m0nTTu: folds 
reeqar: folds 
p0pa4poker: raises $1.30 to $2.30
CashfishT: folds 
ChipsAhoy591: folds 
AlexEliseev7: folds 
Uncalled bet ($1.30) returned to p0pa4poker
p0pa4poker collected $2.50 from pot
p0pa4poker: doesn't show hand 
*** SUMMARY ***
Total pot $2.50 | Rake $0 
Seat 1: ChipsAhoy591 (small blind) folded before Flop
Seat 2: AlexEliseev7 (big blind) folded before Flop
Seat 3: m0nTTu folded before Flop (didn't bet)
Seat 4: reeqar folded before Flop (didn't bet)
Seat 5: p0pa4poker collected ($2.50)
Seat 6: CashfishT (button) folded before Flop (didn't bet)



PokerStars Hand #254557617939:  Hold'em No Limit ($0.50/$1.00 USD) - 2025/01/26 5:08:11 WET [2025/01/26 0:08:11 ET]
Table 'Procyon IV' 6-max Seat #1 is the button
Seat 3: m0nTTu ($106.25 in chips) is sitting out
Seat 4: reeqar ($114.25 in chips) is sitting out
Seat 1: ChipsAhoy591 ($100 in chips) 
Seat 2: AlexEliseev7 ($100 in chips) 
Seat 5: p0pa4poker ($105 in chips) 
Seat 6: CashfishT ($127.68 in chips) 
AlexEliseev7: posts small blind $0.50
m0nTTu: is sitting out 
reeqar: is sitting out 
p0pa4poker: posts big blind $1
*** HOLE CARDS ***
m0nTTu leaves the table
CashfishT: folds 
ChipsAhoy591: raises $2 to $3
reeqar leaves the table
7bekon7 joins the table at seat #3 
AlexEliseev7: folds 
p0pa4poker: folds 
Uncalled bet ($2) returned to ChipsAhoy591
ChipsAhoy591 collected $2.50 from pot
ChipsAhoy591: doesn't show hand 
*** SUMMARY ***
Total pot $2.50 | Rake $0 
Seat 3: m0nTTu
Seat 4: reeqar
Seat 1: ChipsAhoy591 (button) collected ($2.50)
Seat 2: AlexEliseev7 (small blind) folded before Flop
Seat 5: p0pa4poker (big blind) folded before Flop
Seat 6: CashfishT folded before Flop (didn't bet)



PokerStars Hand #254557619795:  Hold'em No Limit ($0.50/$1.00 USD) - 2025/01/26 5:08:31 WET [2025/01/26 0:08:31 ET]
Table 'Procyon IV' 6-max Seat #2 is the button
Seat 3: 7bekon7 ($100 in chips) is sitting out
Seat 1: ChipsAhoy591 ($101.50 in chips) 
Seat 2: AlexEliseev7 ($100 in chips) 
Seat 5: p0pa4poker ($104 in chips) 
Seat 6: CashfishT ($127.68 in chips) 
p0pa4poker: posts small blind $0.50
CashfishT: posts big blind $1
*** HOLE CARDS ***
ChipsAhoy591: raises $1.50 to $2.50
AlexEliseev7: folds 
p0pa4poker: folds 
CashfishT: folds 
Uncalled bet ($1.50) returned to ChipsAhoy591
ChipsAhoy591 collected $2.50 from pot
ChipsAhoy591: doesn't show hand 
*** SUMMARY ***
Total pot $2.50 | Rake $0 
Seat 3: 7bekon7
Seat 1: ChipsAhoy591 collected ($2.50)
Seat 2: AlexEliseev7 (button) folded before Flop (didn't bet)
Seat 5: p0pa4poker (small blind) folded before Flop
Seat 6: CashfishT (big blind) folded before Flop



PokerStars Hand #254557621099:  Hold'em No Limit ($0.50/$1.00 USD) - 2025/01/26 5:08:44 WET [2025/01/26 0:08:44 ET]
Table 'Procyon IV' 6-max Seat #5 is the button
Seat 3: 7bekon7 ($100 in chips) is sitting out
Seat 1: ChipsAhoy591 ($103 in chips) 
Seat 2: AlexEliseev7 ($100 in chips) 
Seat 5: p0pa4poker ($103.50 in chips) 
Seat 6: CashfishT ($126.68 in chips) 
CashfishT: posts small blind $0.50
ChipsAhoy591: posts big blind $1
7bekon7: sits out 
*** HOLE CARDS ***
AlexEliseev7: folds 
AlexEliseev7 leaves the table
p0pa4poker: raises $1.50 to $2.50
CashfishT: folds 
ChipsAhoy591: calls $1.50
*** FLOP *** [Qh Jd 9h]
ChipsAhoy591: checks 
p0pa4poker: checks 
*** TURN *** [Qh Jd 9h] [3s]
ChipsAhoy591: bets $1.04
jamesmillwal joins the table at seat #2 
p0pa4poker: raises $8.96 to $10
ChipsAhoy591: folds 
Uncalled bet ($8.96) returned to p0pa4poker
p0pa4poker collected $7.20 from pot
p0pa4poker: doesn't show hand 
*** SUMMARY ***
Total pot $7.58 | Rake $0.38 
Board [Qh Jd 9h 3s]
Seat 3: 7bekon7
Seat 1: ChipsAhoy591 (big blind) folded on the Turn
Seat 2: AlexEliseev7 folded before Flop (didn't bet)
Seat 5: p0pa4poker (button) collected ($7.20)
Seat 6: CashfishT (small blind) folded before Flop



PokerStars Hand #254557624234:  Hold'em No Limit ($0.50/$1.00 USD) - 2025/01/26 5:09:17 WET [2025/01/26 0:09:17 ET]
Table 'Procyon IV' 6-max Seat #6 is the button
Seat 3: 7bekon7 ($100 in chips) is sitting out
Seat 1: ChipsAhoy591 ($100 in chips) 
Seat 2: jamesmillwal ($60.93 in chips) 
Seat 5: p0pa4poker ($107.16 in chips) 
Seat 6: CashfishT ($126.18 in chips) 
ChipsAhoy591: posts small blind $0.50
jamesmillwal: posts big blind $1
7bekon7: sits out 
*** HOLE CARDS ***
p0pa4poker: raises $1.30 to $2.30
CashfishT: raises $4.70 to $7
ChipsAhoy591: calls $6.50
jamesmillwal: folds 
p0pa4poker: folds 
*** FLOP *** [7c Qd 8s]
ChipsAhoy591: checks 
CashfishT: bets $9
ChipsAhoy591: folds 
Uncalled bet ($9) returned to CashfishT
CashfishT collected $16.44 from pot
CashfishT: doesn't show hand 
*** SUMMARY ***
Total pot $17.30 | Rake $0.86 
Board [7c Qd 8s]
Seat 3: 7bekon7
Seat 1: ChipsAhoy591 (small blind) folded on the Flop
Seat 2: jamesmillwal (big blind) folded before Flop
Seat 5: p0pa4poker folded before Flop
Seat 6: CashfishT (button) collected ($16.44)



PokerStars Hand #254557629106:  Hold'em No Limit ($0.50/$1.00 USD) - 2025/01/26 5:10:07 WET [2025/01/26 0:10:07 ET]
Table 'Procyon IV' 6-max Seat #1 is the button
Seat 1: ChipsAhoy591 ($100 in chips) 
Seat 2: jamesmillwal ($59.93 in chips) 
Seat 3: 7bekon7 ($100 in chips) 
Seat 5: p0pa4poker ($104.86 in chips) 
Seat 6: CashfishT ($135.62 in chips) 
jamesmillwal: posts small blind $0.50
7bekon7: posts big blind $1
*** HOLE CARDS ***
p0pa4poker: folds 
CashfishT: raises $1.20 to $2.20
ChipsAhoy591: calls $2.20
jamesmillwal: calls $1.70
iTrustU21 joins the table at seat #4 
7bekon7: folds 
*** FLOP *** [Jd 2c Ah]
jamesmillwal: checks 
CashfishT: checks 
ChipsAhoy591: checks 
*** TURN *** [Jd 2c Ah] [5d]
jamesmillwal: bets $2
CashfishT: calls $2
ChipsAhoy591: folds 
*** RIVER *** [Jd 2c Ah 5d] [Ad]
jamesmillwal: bets $10
CashfishT: folds 
Uncalled bet ($10) returned to jamesmillwal
jamesmillwal collected $11.02 from pot
jamesmillwal: doesn't show hand 
*** SUMMARY ***
Total pot $11.60 | Rake $0.58 
Board [Jd 2c Ah 5d Ad]
Seat 1: ChipsAhoy591 (button) folded on the Turn
Seat 2: jamesmillwal (small blind) collected ($11.02)
Seat 3: 7bekon7 (big blind) folded before Flop
Seat 5: p0pa4poker folded before Flop (didn't bet)
Seat 6: CashfishT folded on the River



PokerStars Hand #254557635866:  Hold'em No Limit ($0.50/$1.00 USD) - 2025/01/26 5:11:18 WET [2025/01/26 0:11:18 ET]
Table 'Procyon IV' 6-max Seat #2 is the button
Seat 1: ChipsAhoy591 ($100 in chips) 
Seat 2: jamesmillwal ($66.75 in chips) 
Seat 3: 7bekon7 ($100 in chips) 
Seat 4: iTrustU21 ($100 in chips) 
Seat 5: p0pa4poker ($104.86 in chips) 
Seat 6: CashfishT ($131.42 in chips) 
7bekon7: posts small blind $0.50
iTrustU21: posts big blind $1
*** HOLE CARDS ***
p0pa4poker: raises $1 to $2
CashfishT: folds 
ChipsAhoy591: folds 
jamesmillwal: folds 
7bekon7: folds 
iTrustU21: folds 
Uncalled bet ($1) returned to p0pa4poker
p0pa4poker collected $2.50 from pot
p0pa4poker: doesn't show hand 
*** SUMMARY ***
Total pot $2.50 | Rake $0 
Seat 1: ChipsAhoy591 folded before Flop (didn't bet)
Seat 2: jamesmillwal (button) folded before Flop (didn't bet)
Seat 3: 7bekon7 (small blind) folded before Flop
Seat 4: iTrustU21 (big blind) folded before Flop
Seat 5: p0pa4poker collected ($2.50)
Seat 6: CashfishT folded before Flop (didn't bet)



PokerStars Hand #254557637487:  Hold'em No Limit ($0.50/$1.00 USD) - 2025/01/26 5:11:34 WET [2025/01/26 0:11:34 ET]
Table 'Procyon IV' 6-max Seat #3 is the button
Seat 1: ChipsAhoy591 ($100 in chips) 
Seat 2: jamesmillwal ($66.75 in chips) 
Seat 3: 7bekon7 ($100 in chips) 
Seat 4: iTrustU21 ($100 in chips) 
Seat 5: p0pa4poker ($106.36 in chips) 
Seat 6: CashfishT ($131.42 in chips) 
iTrustU21: posts small blind $0.50
p0pa4poker: posts big blind $1
*** HOLE CARDS ***
CashfishT: raises $1.20 to $2.20
ChipsAhoy591: folds 
jamesmillwal: folds 
7bekon7: folds 
iTrustU21: folds 
p0pa4poker: calls $1.20
*** FLOP *** [Jd 4h Qd]
p0pa4poker: checks 
CashfishT: bets $1.54
p0pa4poker: folds 
Uncalled bet ($1.54) returned to CashfishT
CashfishT collected $4.66 from pot
CashfishT: doesn't show hand 
*** SUMMARY ***
Total pot $4.90 | Rake $0.24 
Board [Jd 4h Qd]
Seat 1: ChipsAhoy591 folded before Flop (didn't bet)
Seat 2: jamesmillwal folded before Flop (didn't bet)
Seat 3: 7bekon7 (button) folded before Flop (didn't bet)
Seat 4: iTrustU21 (small blind) folded before Flop
Seat 5: p0pa4poker (big blind) folded on the Flop
Seat 6: CashfishT collected ($4.66)



PokerStars Hand #254557641503:  Hold'em No Limit ($0.50/$1.00 USD) - 2025/01/26 5:12:17 WET [2025/01/26 0:12:17 ET]
Table 'Procyon IV' 6-max Seat #4 is the button
Seat 1: ChipsAhoy591 ($100 in chips) 
Seat 2: jamesmillwal ($66.75 in chips) 
Seat 3: 7bekon7 ($100 in chips) 
Seat 4: iTrustU21 ($100 in chips) 
Seat 5: p0pa4poker ($104.16 in chips) 
Seat 6: CashfishT ($133.88 in chips) 
p0pa4poker: posts small blind $0.50
CashfishT: posts big blind $1
*** HOLE CARDS ***
ChipsAhoy591: folds 
jamesmillwal: folds 
7bekon7: folds 
iTrustU21: folds 
p0pa4poker: folds 
Uncalled bet ($0.50) returned to CashfishT
CashfishT collected $1 from pot
CashfishT: doesn't show hand 
*** SUMMARY ***
Total pot $1 | Rake $0 
Seat 1: ChipsAhoy591 folded before Flop (didn't bet)
Seat 2: jamesmillwal folded before Flop (didn't bet)
Seat 3: 7bekon7 folded before Flop (didn't bet)
Seat 4: iTrustU21 (button) folded before Flop (didn't bet)
Seat 5: p0pa4poker (small blind) folded before Flop
Seat 6: CashfishT (big blind) collected ($1)



PokerStars Hand #254557642888:  Hold'em No Limit ($0.50/$1.00 USD) - 2025/01/26 5:12:32 WET [2025/01/26 0:12:32 ET]
Table 'Procyon IV' 6-max Seat #5 is the button
Seat 1: ChipsAhoy591 ($100 in chips) 
Seat 2: jamesmillwal ($66.75 in chips) 
Seat 3: 7bekon7 ($100 in chips) 
Seat 4: iTrustU21 ($100 in chips) 
Seat 5: p0pa4poker ($103.66 in chips) 
Seat 6: CashfishT ($134.38 in chips) 
CashfishT: posts small blind $0.50
ChipsAhoy591: posts big blind $1
*** HOLE CARDS ***
jamesmillwal: folds 
7bekon7: folds 
iTrustU21: folds 
p0pa4poker: raises $1.50 to $2.50
CashfishT: folds 
ChipsAhoy591: calls $1.50
*** FLOP *** [Th 5d 9h]
ChipsAhoy591: checks 
p0pa4poker: bets $1.72
ChipsAhoy591: folds 
Uncalled bet ($1.72) returned to p0pa4poker
p0pa4poker collected $5.22 from pot
p0pa4poker: doesn't show hand 
*** SUMMARY ***
Total pot $5.50 | Rake $0.28 
Board [Th 5d 9h]
Seat 1: ChipsAhoy591 (big blind) folded on the Flop
Seat 2: jamesmillwal folded before Flop (didn't bet)
Seat 3: 7bekon7 folded before Flop (didn't bet)
Seat 4: iTrustU21 folded before Flop (didn't bet)
Seat 5: p0pa4poker (button) collected ($5.22)
Seat 6: CashfishT (small blind) folded before Flop



PokerStars Hand #254557645817:  Hold'em No Limit ($0.50/$1.00 USD) - 2025/01/26 5:13:02 WET [2025/01/26 0:13:02 ET]
Table 'Procyon IV' 6-max Seat #6 is the button
Seat 1: ChipsAhoy591 ($100 in chips) 
Seat 2: jamesmillwal ($66.75 in chips) 
Seat 3: 7bekon7 ($100 in chips) 
Seat 4: iTrustU21 ($100 in chips) 
Seat 5: p0pa4poker ($106.38 in chips) 
Seat 6: CashfishT ($133.88 in chips) 
ChipsAhoy591: posts small blind $0.50
jamesmillwal: posts big blind $1
*** HOLE CARDS ***
7bekon7: raises $1.25 to $2.25
iTrustU21: folds 
p0pa4poker: folds 
CashfishT: calls $2.25
ChipsAhoy591: folds 
jamesmillwal: calls $1.25
*** FLOP *** [8c Ah 6d]
jamesmillwal: checks 
7bekon7: bets $1.72
CashfishT: raises $5.17 to $6.89
jamesmillwal: calls $6.89
7bekon7: folds 
*** TURN *** [8c Ah 6d] [4d]
jamesmillwal: checks 
CashfishT: bets $16.21
jamesmillwal: folds 
Uncalled bet ($16.21) returned to CashfishT
CashfishT collected $21.61 from pot
CashfishT: doesn't show hand 
*** SUMMARY ***
Total pot $22.75 | Rake $1.14 
Board [8c Ah 6d 4d]
Seat 1: ChipsAhoy591 (small blind) folded before Flop
Seat 2: jamesmillwal (big blind) folded on the Turn
Seat 3: 7bekon7 folded on the Flop
Seat 4: iTrustU21 folded before Flop (didn't bet)
Seat 5: p0pa4poker folded before Flop (didn't bet)
Seat 6: CashfishT (button) collected ($21.61)



PokerStars Hand #254557653044:  Hold'em No Limit ($0.50/$1.00 USD) - 2025/01/26 5:14:19 WET [2025/01/26 0:14:19 ET]
Table 'Procyon IV' 6-max Seat #1 is the button
Seat 1: ChipsAhoy591 ($100 in chips) 
Seat 2: jamesmillwal ($57.61 in chips) 
Seat 3: 7bekon7 ($100 in chips) 
Seat 4: iTrustU21 ($100 in chips) 
Seat 5: p0pa4poker ($106.38 in chips) 
Seat 6: CashfishT ($146.35 in chips) 
jamesmillwal: posts small blind $0.50
7bekon7: posts big blind $1
*** HOLE CARDS ***
iTrustU21: folds 
p0pa4poker: folds 
CashfishT: folds 
ChipsAhoy591: folds 
jamesmillwal: raises $1 to $2
7bekon7: calls $1
*** FLOP *** [4d 9d 5s]
jamesmillwal: bets $2
7bekon7: calls $2
*** TURN *** [4d 9d 5s] [7c]
jamesmillwal: bets $4
7bekon7: calls $4
*** RIVER *** [4d 9d 5s 7c] [8c]
jamesmillwal: bets $7
7bekon7: calls $7
*** SHOW DOWN ***
jamesmillwal: shows [Ks Ac] (high card Ace)
7bekon7: shows [8d 5d] (two pair, Eights and Fives)
7bekon7 collected $28.50 from pot
*** SUMMARY ***
Total pot $30 | Rake $1.50 
Board [4d 9d 5s 7c 8c]
Seat 1: ChipsAhoy591 (button) folded before Flop (didn't bet)
Seat 2: jamesmillwal (small blind) showed [Ks Ac] and lost with high card Ace
Seat 3: 7bekon7 (big blind) showed [8d 5d] and won ($28.50) with two pair, Eights and Fives
Seat 4: iTrustU21 folded before Flop (didn't bet)
Seat 5: p0pa4poker folded before Flop (didn't bet)
Seat 6: CashfishT folded before Flop (didn't bet)



PokerStars Hand #254557659671:  Hold'em No Limit ($0.50/$1.00 USD) - 2025/01/26 5:15:30 WET [2025/01/26 0:15:30 ET]
Table 'Procyon IV' 6-max Seat #2 is the button
Seat 1: ChipsAhoy591 ($100 in chips) 
Seat 2: jamesmillwal ($42.61 in chips) 
Seat 3: 7bekon7 ($113.50 in chips) 
Seat 4: iTrustU21 ($100 in chips) 
Seat 5: p0pa4poker ($106.38 in chips) 
Seat 6: CashfishT ($146.35 in chips) 
7bekon7: posts small blind $0.50
iTrustU21: posts big blind $1
*** HOLE CARDS ***
p0pa4poker: raises $1 to $2
CashfishT: folds 
ChipsAhoy591: folds 
jamesmillwal: folds 
7bekon7: folds 
iTrustU21: folds 
Uncalled bet ($1) returned to p0pa4poker
p0pa4poker collected $2.50 from pot
p0pa4poker: doesn't show hand 
*** SUMMARY ***
Total pot $2.50 | Rake $0 
Seat 1: ChipsAhoy591 folded before Flop (didn't bet)
Seat 2: jamesmillwal (button) folded before Flop (didn't bet)
Seat 3: 7bekon7 (small blind) folded before Flop
Seat 4: iTrustU21 (big blind) folded before Flop
Seat 5: p0pa4poker collected ($2.50)
Seat 6: CashfishT folded before Flop (didn't bet)



PokerStars Hand #254557661380:  Hold'em No Limit ($0.50/$1.00 USD) - 2025/01/26 5:15:48 WET [2025/01/26 0:15:48 ET]
Table 'Procyon IV' 6-max Seat #3 is the button
Seat 1: ChipsAhoy591 ($100 in chips) 
Seat 2: jamesmillwal ($42.61 in chips) 
Seat 3: 7bekon7 ($113 in chips) 
Seat 4: iTrustU21 ($100 in chips) 
Seat 5: p0pa4poker ($107.88 in chips) 
Seat 6: CashfishT ($146.35 in chips) 
iTrustU21: posts small blind $0.50
p0pa4poker: posts big blind $1
*** HOLE CARDS ***
CashfishT: folds 
ChipsAhoy591: folds 
jamesmillwal: folds 
7bekon7: raises $1.25 to $2.25
iTrustU21: folds 
p0pa4poker: calls $1.25
*** FLOP *** [3c Ad Ah]
p0pa4poker: checks 
7bekon7: bets $1.19
p0pa4poker: folds 
Uncalled bet ($1.19) returned to 7bekon7
7bekon7 collected $4.75 from pot
7bekon7: doesn't show hand 
*** SUMMARY ***
Total pot $5 | Rake $0.25 
Board [3c Ad Ah]
Seat 1: ChipsAhoy591 folded before Flop (didn't bet)
Seat 2: jamesmillwal folded before Flop (didn't bet)
Seat 3: 7bekon7 (button) collected ($4.75)
Seat 4: iTrustU21 (small blind) folded before Flop
Seat 5: p0pa4poker (big blind) folded on the Flop
Seat 6: CashfishT folded before Flop (didn't bet)



PokerStars Hand #254557665404:  Hold'em No Limit ($0.50/$1.00 USD) - 2025/01/26 5:16:31 WET [2025/01/26 0:16:31 ET]
Table 'Procyon IV' 6-max Seat #4 is the button
Seat 1: ChipsAhoy591 ($100 in chips) 
Seat 2: jamesmillwal ($42.61 in chips) 
Seat 3: 7bekon7 ($115.50 in chips) 
Seat 4: iTrustU21 ($100 in chips) 
Seat 5: p0pa4poker ($105.63 in chips) 
Seat 6: CashfishT ($146.35 in chips) 
p0pa4poker: posts small blind $0.50
CashfishT: posts big blind $1
*** HOLE CARDS ***
ChipsAhoy591: raises $1.50 to $2.50
jamesmillwal: calls $2.50
7bekon7: folds 
iTrustU21: folds 
p0pa4poker: folds 
CashfishT: folds 
*** FLOP *** [As 9h Ts]
ChipsAhoy591: checks 
jamesmillwal: bets $2
ChipsAhoy591: folds 
Uncalled bet ($2) returned to jamesmillwal
jamesmillwal collected $6.18 from pot
jamesmillwal: doesn't show hand 
*** SUMMARY ***
Total pot $6.50 | Rake $0.32 
Board [As 9h Ts]
Seat 1: ChipsAhoy591 folded on the Flop
Seat 2: jamesmillwal collected ($6.18)
Seat 3: 7bekon7 folded before Flop (didn't bet)
Seat 4: iTrustU21 (button) folded before Flop (didn't bet)
Seat 5: p0pa4poker (small blind) folded before Flop
Seat 6: CashfishT (big blind) folded before Flop



PokerStars Hand #254557668206:  Hold'em No Limit ($0.50/$1.00 USD) - 2025/01/26 5:17:01 WET [2025/01/26 0:17:01 ET]
Table 'Procyon IV' 6-max Seat #5 is the button
Seat 1: ChipsAhoy591 ($100 in chips) 
Seat 2: jamesmillwal ($46.29 in chips) 
Seat 3: 7bekon7 ($115.50 in chips) 
Seat 4: iTrustU21 ($100 in chips) 
Seat 5: p0pa4poker ($105.13 in chips) 
Seat 6: CashfishT ($145.35 in chips) 
CashfishT: posts small blind $0.50
ChipsAhoy591: posts big blind $1
*** HOLE CARDS ***
jamesmillwal: raises $1 to $2
7bekon7: folds 
iTrustU21: folds 
p0pa4poker: folds 
CashfishT: folds 
ChipsAhoy591: folds 
Uncalled bet ($1) returned to jamesmillwal
jamesmillwal collected $2.50 from pot
jamesmillwal: doesn't show hand 
*** SUMMARY ***
Total pot $2.50 | Rake $0 
Seat 1: ChipsAhoy591 (big blind) folded before Flop
Seat 2: jamesmillwal collected ($2.50)
Seat 3: 7bekon7 folded before Flop (didn't bet)
Seat 4: iTrustU21 folded before Flop (didn't bet)
Seat 5: p0pa4poker (button) folded before Flop (didn't bet)
Seat 6: CashfishT (small blind) folded before Flop



PokerStars Hand #254557669546:  Hold'em No Limit ($0.50/$1.00 USD) - 2025/01/26 5:17:15 WET [2025/01/26 0:17:15 ET]
Table 'Procyon IV' 6-max Seat #6 is the button
Seat 1: ChipsAhoy591 ($100 in chips) 
Seat 2: jamesmillwal ($47.79 in chips) 
Seat 3: 7bekon7 ($115.50 in chips) 
Seat 4: iTrustU21 ($100 in chips) 
Seat 5: p0pa4poker ($105.13 in chips) 
Seat 6: CashfishT ($144.85 in chips) 
ChipsAhoy591: posts small blind $0.50
jamesmillwal: posts big blind $1
*** HOLE CARDS ***
7bekon7: folds 
iTrustU21: folds 
p0pa4poker: raises $1.30 to $2.30
CashfishT: folds 
ChipsAhoy591: folds 
jamesmillwal: calls $1.30
*** FLOP *** [2c Qh Ks]
jamesmillwal: checks 
p0pa4poker: bets $3.73
jamesmillwal: folds 
Uncalled bet ($3.73) returned to p0pa4poker
p0pa4poker collected $4.84 from pot
p0pa4poker: doesn't show hand 
*** SUMMARY ***
Total pot $5.10 | Rake $0.26 
Board [2c Qh Ks]
Seat 1: ChipsAhoy591 (small blind) folded before Flop
Seat 2: jamesmillwal (big blind) folded on the Flop
Seat 3: 7bekon7 folded before Flop (didn't bet)
Seat 4: iTrustU21 folded before Flop (didn't bet)
Seat 5: p0pa4poker collected ($4.84)
Seat 6: CashfishT (button) folded before Flop (didn't bet)



PokerStars Hand #254557673855:  Hold'em No Limit ($0.50/$1.00 USD) - 2025/01/26 5:18:02 WET [2025/01/26 0:18:02 ET]
Table 'Procyon IV' 6-max Seat #1 is the button
Seat 1: ChipsAhoy591 ($100 in chips) 
Seat 2: jamesmillwal ($45.49 in chips) 
Seat 3: 7bekon7 ($115.50 in chips) 
Seat 4: iTrustU21 ($100 in chips) 
Seat 5: p0pa4poker ($107.67 in chips) 
Seat 6: CashfishT ($144.85 in chips) 
jamesmillwal: posts small blind $0.50
7bekon7: posts big blind $1
*** HOLE CARDS ***
iTrustU21: folds 
iTrustU21 leaves the table
p0pa4poker has timed out
p0pa4poker: folds 
CashfishT: folds 
ChipsAhoy591: folds 
jamesmillwal: folds 
Uncalled bet ($0.50) returned to 7bekon7
7bekon7 collected $1 from pot
7bekon7: doesn't show hand 
*** SUMMARY ***
Total pot $1 | Rake $0 
Seat 1: ChipsAhoy591 (button) folded before Flop (didn't bet)
Seat 2: jamesmillwal (small blind) folded before Flop
Seat 3: 7bekon7 (big blind) collected ($1)
Seat 4: iTrustU21 folded before Flop (didn't bet)
Seat 5: p0pa4poker folded before Flop (didn't bet)
Seat 6: CashfishT folded before Flop (didn't bet)



PokerStars Hand #254557676437:  Hold'em No Limit ($0.50/$1.00 USD) - 2025/01/26 5:18:29 WET [2025/01/26 0:18:29 ET]
Table 'Procyon IV' 6-max Seat #2 is the button
Seat 5: p0pa4poker ($107.67 in chips) is sitting out
Seat 1: ChipsAhoy591 ($100 in chips) 
Seat 2: jamesmillwal ($44.99 in chips) 
Seat 3: 7bekon7 ($116 in chips) 
Seat 6: CashfishT ($144.85 in chips) 
7bekon7: posts small blind $0.50
CashfishT: posts big blind $1
*** HOLE CARDS ***
ChipsAhoy591: folds 
jamesmillwal: folds 
7bekon7: folds 
Uncalled bet ($0.50) returned to CashfishT
CashfishT collected $1 from pot
CashfishT: doesn't show hand 
*** SUMMARY ***
Total pot $1 | Rake $0 
Seat 5: p0pa4poker
Seat 1: ChipsAhoy591 folded before Flop (didn't bet)
Seat 2: jamesmillwal (button) folded before Flop (didn't bet)
Seat 3: 7bekon7 (small blind) folded before Flop
Seat 6: CashfishT (big blind) collected ($1)



PokerStars Hand #254557677564:  Hold'em No Limit ($0.50/$1.00 USD) - 2025/01/26 5:18:42 WET [2025/01/26 0:18:42 ET]
Table 'Procyon IV' 6-max Seat #3 is the button
Seat 5: p0pa4poker ($107.67 in chips) is sitting out
Seat 1: ChipsAhoy591 ($100 in chips) 
Seat 2: jamesmillwal ($44.99 in chips) 
Seat 3: 7bekon7 ($115.50 in chips) 
Seat 6: CashfishT ($145.35 in chips) 
CashfishT: posts small blind $0.50
ChipsAhoy591: posts big blind $1
*** HOLE CARDS ***
jamesmillwal: folds 
7bekon7: raises $1.25 to $2.25
CashfishT: folds 
ChipsAhoy591: folds 
Uncalled bet ($1.25) returned to 7bekon7
7bekon7 collected $2.50 from pot
7bekon7: doesn't show hand 
jamesmillwal leaves the table
*** SUMMARY ***
Total pot $2.50 | Rake $0 
Seat 5: p0pa4poker
Seat 1: ChipsAhoy591 (big blind) folded before Flop
Seat 2: jamesmillwal folded before Flop (didn't bet)
Seat 3: 7bekon7 (button) collected ($2.50)
Seat 6: CashfishT (small blind) folded before Flop



PokerStars Hand #254557679373:  Hold'em No Limit ($0.50/$1.00 USD) - 2025/01/26 5:19:01 WET [2025/01/26 0:19:01 ET]
Table 'Procyon IV' 6-max Seat #6 is the button
Seat 5: p0pa4poker ($107.67 in chips) is sitting out
Seat 1: ChipsAhoy591 ($100 in chips) 
Seat 3: 7bekon7 ($117 in chips) 
Seat 6: CashfishT ($144.85 in chips) 
ChipsAhoy591: posts small blind $0.50
7bekon7: posts big blind $1
p0pa4poker: sits out 
*** HOLE CARDS ***
CashfishT: folds 
ChipsAhoy591: raises $2.50 to $3.50
7bekon7: raises $7 to $10.50
ChipsAhoy591: calls $7
*** FLOP *** [7h 9s 5c]
ChipsAhoy591: checks 
7bekon7: checks 
*** TURN *** [7h 9s 5c] [Th]
ChipsAhoy591: bets $12
7bekon7: calls $12
*** RIVER *** [7h 9s 5c Th] [Kd]
ChipsAhoy591: checks 
7bekon7: checks 
*** SHOW DOWN ***
ChipsAhoy591: shows [Jd Jh] (a pair of Jacks)
7bekon7: mucks hand 
ChipsAhoy591 collected $44 from pot
*** SUMMARY ***
Total pot $45 | Rake $1 
Board [7h 9s 5c Th Kd]
Seat 5: p0pa4poker
Seat 1: ChipsAhoy591 (small blind) showed [Jd Jh] and won ($44) with a pair of Jacks
Seat 3: 7bekon7 (big blind) mucked
Seat 6: CashfishT (button) folded before Flop (didn't bet)



PokerStars Hand #254557685743:  Hold'em No Limit ($0.50/$1.00 USD) - 2025/01/26 5:20:10 WET [2025/01/26 0:20:10 ET]
Table 'Procyon IV' 6-max Seat #1 is the button
Seat 1: ChipsAhoy591 ($121.50 in chips) 
Seat 3: 7bekon7 ($100 in chips) 
Seat 5: p0pa4poker ($107.67 in chips) 
Seat 6: CashfishT ($144.85 in chips) 
7bekon7: posts small blind $0.50
p0pa4poker: posts big blind $1
*** HOLE CARDS ***
CashfishT: raises $1.20 to $2.20
ChipsAhoy591: raises $5.10 to $7.30
7bekon7: folds 
p0pa4poker: folds 
CashfishT: folds 
Uncalled bet ($5.10) returned to ChipsAhoy591
ChipsAhoy591 collected $5.90 from pot
ChipsAhoy591: doesn't show hand 
*** SUMMARY ***
Total pot $5.90 | Rake $0 
Seat 1: ChipsAhoy591 (button) collected ($5.90)
Seat 3: 7bekon7 (small blind) folded before Flop
Seat 5: p0pa4poker (big blind) folded before Flop
Seat 6: CashfishT folded before Flop



PokerStars Hand #254557688896:  Hold'em No Limit ($0.50/$1.00 USD) - 2025/01/26 5:20:44 WET [2025/01/26 0:20:44 ET]
Table 'Procyon IV' 6-max Seat #3 is the button
Seat 1: ChipsAhoy591 ($125.20 in chips) 
Seat 3: 7bekon7 ($100 in chips) 
Seat 5: p0pa4poker ($106.67 in chips) 
Seat 6: CashfishT ($142.65 in chips) 
p0pa4poker: posts small blind $0.50
CashfishT: posts big blind $1
*** HOLE CARDS ***
ChipsAhoy591: folds 
7bekon7: folds 
p0pa4poker: folds 
Uncalled bet ($0.50) returned to CashfishT
CashfishT collected $1 from pot
CashfishT: doesn't show hand 
*** SUMMARY ***
Total pot $1 | Rake $0 
Seat 1: ChipsAhoy591 folded before Flop (didn't bet)
Seat 3: 7bekon7 (button) folded before Flop (didn't bet)
Seat 5: p0pa4poker (small blind) folded before Flop
Seat 6: CashfishT (big blind) collected ($1)



PokerStars Hand #254557690372:  Hold'em No Limit ($0.50/$1.00 USD) - 2025/01/26 5:21:00 WET [2025/01/26 0:21:00 ET]
Table 'Procyon IV' 6-max Seat #5 is the button
Seat 1: ChipsAhoy591 ($125.20 in chips) 
Seat 3: 7bekon7 ($100 in chips) 
Seat 5: p0pa4poker ($106.17 in chips) 
Seat 6: CashfishT ($143.15 in chips) 
CashfishT: posts small blind $0.50
ChipsAhoy591: posts big blind $1
*** HOLE CARDS ***
7bekon7: raises $1.25 to $2.25
p0pa4poker: folds 
CashfishT: folds 
ChipsAhoy591: calls $1.25
*** FLOP *** [4c 7c 5d]
ChipsAhoy591: checks 
7bekon7: checks 
*** TURN *** [4c 7c 5d] [Ah]
ChipsAhoy591: checks 
7bekon7: bets $1.19
ChipsAhoy591: raises $6.20 to $7.39
7bekon7: calls $6.20
*** RIVER *** [4c 7c 5d Ah] [Kc]
ChipsAhoy591: bets $3.76
7bekon7: calls $3.76
*** SHOW DOWN ***
ChipsAhoy591: shows [5h 4h] (two pair, Fives and Fours)
7bekon7: mucks hand 
ChipsAhoy591 collected $26.30 from pot
*** SUMMARY ***
Total pot $27.30 | Rake $1 
Board [4c 7c 5d Ah Kc]
Seat 1: ChipsAhoy591 (big blind) showed [5h 4h] and won ($26.30) with two pair, Fives and Fours
Seat 3: 7bekon7 mucked
Seat 5: p0pa4poker (button) folded before Flop (didn't bet)
Seat 6: CashfishT (small blind) folded before Flop



PokerStars Hand #254557697885:  Hold'em No Limit ($0.50/$1.00 USD) - 2025/01/26 5:22:21 WET [2025/01/26 0:22:21 ET]
Table 'Procyon IV' 6-max Seat #6 is the button
Seat 3: 7bekon7 ($100 in chips) is sitting out
Seat 1: ChipsAhoy591 ($138.10 in chips) 
Seat 5: p0pa4poker ($106.17 in chips) 
Seat 6: CashfishT ($142.65 in chips) 
ChipsAhoy591: posts small blind $0.50
7bekon7: is sitting out 
p0pa4poker: posts big blind $1
*** HOLE CARDS ***
7bekon7 leaves the table
CashfishT: raises $1.20 to $2.20
ChipsAhoy591: folds 
p0pa4poker: calls $1.20
*** FLOP *** [Td Qc Js]
p0pa4poker: checks 
CashfishT: bets $1.54
p0pa4poker: folds 
Uncalled bet ($1.54) returned to CashfishT
CashfishT collected $4.66 from pot
CashfishT: doesn't show hand 
*** SUMMARY ***
Total pot $4.90 | Rake $0.24 
Board [Td Qc Js]
Seat 3: 7bekon7
Seat 1: ChipsAhoy591 (small blind) folded before Flop
Seat 5: p0pa4poker (big blind) folded on the Flop
Seat 6: CashfishT (button) collected ($4.66)



PokerStars Hand #254557727840:  Hold'em No Limit ($0.50/$1.00 USD) - 2025/01/26 5:27:46 WET [2025/01/26 0:27:46 ET]
Table 'Procyon IV' 6-max Seat #5 is the button
Seat 3: avlee1 ($100 in chips) is sitting out
Seat 1: ChipsAhoy591 ($238.57 in chips) 
Seat 2: Manifestorr ($100 in chips) 
Seat 5: p0pa4poker ($100 in chips) 
Seat 6: CashfishT ($145.62 in chips) 
CashfishT: posts small blind $0.50
ChipsAhoy591: posts big blind $1
avlee1: sits out 
*** HOLE CARDS ***
Manifestorr: folds 
p0pa4poker: folds 
CashfishT: raises $2 to $3
ChipsAhoy591: calls $2
*** FLOP *** [Qs Qd 3h]
CashfishT: bets $1.43
ChipsAhoy591: calls $1.43
*** TURN *** [Qs Qd 3h] [2s]
CashfishT: checks 
ChipsAhoy591: bets $6.20
CashfishT: folds 
Uncalled bet ($6.20) returned to ChipsAhoy591
ChipsAhoy591 collected $8.42 from pot
ChipsAhoy591: doesn't show hand 
*** SUMMARY ***
Total pot $8.86 | Rake $0.44 
Board [Qs Qd 3h 2s]
Seat 3: avlee1
Seat 1: ChipsAhoy591 (big blind) collected ($8.42)
Seat 2: Manifestorr folded before Flop (didn't bet)
Seat 5: p0pa4poker (button) folded before Flop (didn't bet)
Seat 6: CashfishT (small blind) folded on the Turn



PokerStars Hand #254557732600:  Hold'em No Limit ($0.50/$1.00 USD) - 2025/01/26 5:28:38 WET [2025/01/26 0:28:38 ET]
Table 'Procyon IV' 6-max Seat #6 is the button
Seat 3: avlee1 ($100 in chips) is sitting out
Seat 1: ChipsAhoy591 ($242.56 in chips) 
Seat 2: Manifestorr ($100 in chips) 
Seat 5: p0pa4poker ($100 in chips) 
Seat 6: CashfishT ($141.19 in chips) 
ChipsAhoy591: posts small blind $0.50
Manifestorr: posts big blind $1
avlee1: sits out 
*** HOLE CARDS ***
p0pa4poker: folds 
CashfishT: folds 
ChipsAhoy591: calls $0.50
Manifestorr: checks 
*** FLOP *** [Td 5c 4d]
ChipsAhoy591: bets $1
Manifestorr: raises $4.50 to $5.50
ChipsAhoy591: folds 
Uncalled bet ($4.50) returned to Manifestorr
Manifestorr collected $3.80 from pot
*** SUMMARY ***
Total pot $4 | Rake $0.20 
Board [Td 5c 4d]
Seat 3: avlee1
Seat 1: ChipsAhoy591 (small blind) folded on the Flop
Seat 2: Manifestorr (big blind) collected ($3.80)
Seat 5: p0pa4poker folded before Flop (didn't bet)
Seat 6: CashfishT (button) folded before Flop (didn't bet)



PokerStars Hand #254557735556:  Hold'em No Limit ($0.50/$1.00 USD) - 2025/01/26 5:29:10 WET [2025/01/26 0:29:10 ET]
Table 'Procyon IV' 6-max Seat #1 is the button
Seat 3: avlee1 ($100 in chips) is sitting out
Seat 1: ChipsAhoy591 ($240.56 in chips) 
Seat 2: Manifestorr ($101.80 in chips) 
Seat 5: p0pa4poker ($100 in chips) 
Seat 6: CashfishT ($141.19 in chips) 
Manifestorr: posts small blind $0.50
avlee1: is sitting out 
p0pa4poker: posts big blind $1
*** HOLE CARDS ***
CashfishT: raises $1.20 to $2.20
ChipsAhoy591: folds 
Manifestorr: folds 
p0pa4poker: folds 
Uncalled bet ($1.20) returned to CashfishT
CashfishT collected $2.50 from pot
CashfishT: doesn't show hand 
*** SUMMARY ***
Total pot $2.50 | Rake $0 
Seat 3: avlee1
Seat 1: ChipsAhoy591 (button) folded before Flop (didn't bet)
Seat 2: Manifestorr (small blind) folded before Flop
Seat 5: p0pa4poker (big blind) folded before Flop
Seat 6: CashfishT collected ($2.50)



PokerStars Hand #254557736930:  Hold'em No Limit ($0.50/$1.00 USD) - 2025/01/26 5:29:25 WET [2025/01/26 0:29:25 ET]
Table 'Procyon IV' 6-max Seat #2 is the button
Seat 3: avlee1 ($100 in chips) is sitting out
Seat 6: CashfishT ($142.69 in chips) is sitting out
Seat 1: ChipsAhoy591 ($240.56 in chips) 
Seat 2: Manifestorr ($101.30 in chips) 
Seat 5: p0pa4poker ($100 in chips) 
p0pa4poker: posts small blind $0.50
CashfishT: is sitting out 
ChipsAhoy591: posts big blind $1
*** HOLE CARDS ***
Manifestorr: raises $1.20 to $2.20
p0pa4poker: folds 
ChipsAhoy591: calls $1.20
*** FLOP *** [Qc 5c Kc]
ChipsAhoy591: checks 
Manifestorr: checks 
*** TURN *** [Qc 5c Kc] [7d]
ChipsAhoy591: checks 
Manifestorr: checks 
*** RIVER *** [Qc 5c Kc 7d] [7s]
CashfishT leaves the table
ChipsAhoy591: checks 
Manifestorr: bets $3.50
ChipsAhoy591: calls $3.50
*** SHOW DOWN ***
Manifestorr: shows [8c 9s] (a pair of Sevens)
ChipsAhoy591: shows [Qd 6d] (two pair, Queens and Sevens)
ChipsAhoy591 collected $11.30 from pot
*** SUMMARY ***
Total pot $11.90 | Rake $0.60 
Board [Qc 5c Kc 7d 7s]
Seat 3: avlee1
Seat 6: CashfishT
Seat 1: ChipsAhoy591 (big blind) showed [Qd 6d] and won ($11.30) with two pair, Queens and Sevens
Seat 2: Manifestorr (button) showed [8c 9s] and lost with a pair of Sevens
Seat 5: p0pa4poker (small blind) folded before Flop



PokerStars Hand #254557741563:  Hold'em No Limit ($0.50/$1.00 USD) - 2025/01/26 5:30:15 WET [2025/01/26 0:30:15 ET]
Table 'Procyon IV' 6-max Seat #5 is the button
Seat 3: avlee1 ($100 in chips) is sitting out
Seat 1: ChipsAhoy591 ($246.16 in chips) 
Seat 2: Manifestorr ($100 in chips) 
Seat 5: p0pa4poker ($100 in chips) 
ChipsAhoy591: posts small blind $0.50
Manifestorr: posts big blind $1
avlee1: sits out 
*** HOLE CARDS ***
p0pa4poker: raises $1.50 to $2.50
ChipsAhoy591: folds 
Manifestorr: folds 
Uncalled bet ($1.50) returned to p0pa4poker
p0pa4poker collected $2.50 from pot
p0pa4poker: doesn't show hand 
*** SUMMARY ***
Total pot $2.50 | Rake $0 
Seat 3: avlee1
Seat 1: ChipsAhoy591 (small blind) folded before Flop
Seat 2: Manifestorr (big blind) folded before Flop
Seat 5: p0pa4poker (button) collected ($2.50)



PokerStars Hand #254557743116:  Hold'em No Limit ($0.50/$1.00 USD) - 2025/01/26 5:30:32 WET [2025/01/26 0:30:32 ET]
Table 'Procyon IV' 6-max Seat #1 is the button
Seat 1: ChipsAhoy591 ($245.66 in chips) 
Seat 2: Manifestorr ($100 in chips) 
Seat 3: avlee1 ($100 in chips) 
Seat 5: p0pa4poker ($101.50 in chips) 
Manifestorr: posts small blind $0.50
avlee1: posts big blind $1
*** HOLE CARDS ***
p0pa4poker: raises $1.30 to $2.30
ChipsAhoy591: folds 
Manifestorr: folds 
avlee1: calls $1.30
*** FLOP *** [Tc 6h 8h]
avlee1: checks 
p0pa4poker: bets $2.42
avlee1: calls $2.42
*** TURN *** [Tc 6h 8h] [Td]
avlee1: checks 
p0pa4poker: bets $13
avlee1: folds 
Uncalled bet ($13) returned to p0pa4poker
p0pa4poker collected $9.44 from pot
p0pa4poker: doesn't show hand 
*** SUMMARY ***
Total pot $9.94 | Rake $0.50 
Board [Tc 6h 8h Td]
Seat 1: ChipsAhoy591 (button) folded before Flop (didn't bet)
Seat 2: Manifestorr (small blind) folded before Flop
Seat 3: avlee1 (big blind) folded on the Turn
Seat 5: p0pa4poker collected ($9.44)



PokerStars Hand #254557751099:  Hold'em No Limit ($0.50/$1.00 USD) - 2025/01/26 5:32:00 WET [2025/01/26 0:32:00 ET]
Table 'Procyon IV' 6-max Seat #2 is the button
Seat 1: ChipsAhoy591 ($245.66 in chips) 
Seat 2: Manifestorr ($100 in chips) 
Seat 3: avlee1 ($100 in chips) 
Seat 5: p0pa4poker ($106.22 in chips) 
avlee1: posts small blind $0.50
p0pa4poker: posts big blind $1
*** HOLE CARDS ***
ChipsAhoy591: folds 
Manifestorr: raises $1.20 to $2.20
avlee1: folds 
p0pa4poker: calls $1.20
*** FLOP *** [5c 9d 5d]
p0pa4poker: checks 
Manifestorr: bets $1.54
p0pa4poker: raises $4.46 to $6
Manifestorr: calls $4.46
*** TURN *** [5c 9d 5d] [Ac]
p0pa4poker: checks 
Manifestorr: checks 
*** RIVER *** [5c 9d 5d Ac] [Ad]
p0pa4poker: bets $4.18
Manifestorr: calls $4.18
*** SHOW DOWN ***
p0pa4poker: shows [Th Jc] (two pair, Aces and Fives)
Manifestorr: shows [9h Qs] (two pair, Aces and Nines)
Manifestorr collected $24.26 from pot
*** SUMMARY ***
Total pot $25.26 | Rake $1 
Board [5c 9d 5d Ac Ad]
Seat 1: ChipsAhoy591 folded before Flop (didn't bet)
Seat 2: Manifestorr (button) showed [9h Qs] and won ($24.26) with two pair, Aces and Nines
Seat 3: avlee1 (small blind) folded before Flop
Seat 5: p0pa4poker (big blind) showed [Th Jc] and lost with two pair, Aces and Fives



PokerStars Hand #254557758282:  Hold'em No Limit ($0.50/$1.00 USD) - 2025/01/26 5:33:20 WET [2025/01/26 0:33:20 ET]
Table 'Procyon IV' 6-max Seat #3 is the button
Seat 1: ChipsAhoy591 ($245.66 in chips) 
Seat 2: Manifestorr ($111.88 in chips) 
Seat 3: avlee1 ($100 in chips) 
Seat 5: p0pa4poker ($100 in chips) 
p0pa4poker: posts small blind $0.50
ChipsAhoy591: posts big blind $1
*** HOLE CARDS ***
Manifestorr: folds 
avlee1: folds 
p0pa4poker: folds 
Uncalled bet ($0.50) returned to ChipsAhoy591
ChipsAhoy591 collected $1 from pot
ChipsAhoy591: doesn't show hand 
*** SUMMARY ***
Total pot $1 | Rake $0 
Seat 1: ChipsAhoy591 (big blind) collected ($1)
Seat 2: Manifestorr folded before Flop (didn't bet)
Seat 3: avlee1 (button) folded before Flop (didn't bet)
Seat 5: p0pa4poker (small blind) folded before Flop



PokerStars Hand #254557759071:  Hold'em No Limit ($0.50/$1.00 USD) - 2025/01/26 5:33:28 WET [2025/01/26 0:33:28 ET]
Table 'Procyon IV' 6-max Seat #5 is the button
Seat 1: ChipsAhoy591 ($246.16 in chips) 
Seat 2: Manifestorr ($111.88 in chips) 
Seat 3: avlee1 ($100 in chips) 
Seat 5: p0pa4poker ($99.50 in chips) 
ChipsAhoy591: posts small blind $0.50
Manifestorr: posts big blind $1
*** HOLE CARDS ***
avlee1: folds 
avlee1 leaves the table
p0pa4poker: raises $1.50 to $2.50
ChipsAhoy591: folds 
Manifestorr: folds 
Uncalled bet ($1.50) returned to p0pa4poker
p0pa4poker collected $2.50 from pot
p0pa4poker: doesn't show hand 
*** SUMMARY ***
Total pot $2.50 | Rake $0 
Seat 1: ChipsAhoy591 (small blind) folded before Flop
Seat 2: Manifestorr (big blind) folded before Flop
Seat 3: avlee1 folded before Flop (didn't bet)
Seat 5: p0pa4poker (button) collected ($2.50)



PokerStars Hand #254557760329:  Hold'em No Limit ($0.50/$1.00 USD) - 2025/01/26 5:33:42 WET [2025/01/26 0:33:42 ET]
Table 'Procyon IV' 6-max Seat #1 is the button
Seat 1: ChipsAhoy591 ($245.66 in chips) 
Seat 2: Manifestorr ($110.88 in chips) 
Seat 5: p0pa4poker ($101 in chips) 
Manifestorr: posts small blind $0.50
p0pa4poker: posts big blind $1
*** HOLE CARDS ***
ChipsAhoy591: folds 
Manifestorr: folds 
Uncalled bet ($0.50) returned to p0pa4poker
p0pa4poker collected $1 from pot
p0pa4poker: doesn't show hand 
*** SUMMARY ***
Total pot $1 | Rake $0 
Seat 1: ChipsAhoy591 (button) folded before Flop (didn't bet)
Seat 2: Manifestorr (small blind) folded before Flop
Seat 5: p0pa4poker (big blind) collected ($1)



PokerStars Hand #254557761095:  Hold'em No Limit ($0.50/$1.00 USD) - 2025/01/26 5:33:50 WET [2025/01/26 0:33:50 ET]
Table 'Procyon IV' 6-max Seat #2 is the button
Seat 1: ChipsAhoy591 ($245.66 in chips) 
Seat 2: Manifestorr ($110.38 in chips) 
Seat 5: p0pa4poker ($101.50 in chips) 
p0pa4poker: posts small blind $0.50
ChipsAhoy591: posts big blind $1
*** HOLE CARDS ***
Manifestorr: folds 
p0pa4poker: folds 
Uncalled bet ($0.50) returned to ChipsAhoy591
ChipsAhoy591 collected $1 from pot
ChipsAhoy591: doesn't show hand 
*** SUMMARY ***
Total pot $1 | Rake $0 
Seat 1: ChipsAhoy591 (big blind) collected ($1)
Seat 2: Manifestorr (button) folded before Flop (didn't bet)
Seat 5: p0pa4poker (small blind) folded before Flop



PokerStars Hand #254557761766:  Hold'em No Limit ($0.50/$1.00 USD) - 2025/01/26 5:33:57 WET [2025/01/26 0:33:57 ET]
Table 'Procyon IV' 6-max Seat #5 is the button
Seat 1: ChipsAhoy591 ($246.16 in chips) 
Seat 2: Manifestorr ($110.38 in chips) 
Seat 5: p0pa4poker ($101 in chips) 
ChipsAhoy591: posts small blind $0.50
Manifestorr: posts big blind $1
*** HOLE CARDS ***
p0pa4poker: folds 
ChipsAhoy591: calls $0.50
Manifestorr: checks 
*** FLOP *** [Kh Th 9s]
ChipsAhoy591: bets $1
Manifestorr: raises $3.50 to $4.50
ChipsAhoy591: folds 
Uncalled bet ($3.50) returned to Manifestorr
Manifestorr collected $3.80 from pot
*** SUMMARY ***
Total pot $4 | Rake $0.20 
Board [Kh Th 9s]
Seat 1: ChipsAhoy591 (small blind) folded on the Flop
Seat 2: Manifestorr (big blind) collected ($3.80)
Seat 5: p0pa4poker (button) folded before Flop (didn't bet)



PokerStars Hand #254557764116:  Hold'em No Limit ($0.50/$1.00 USD) - 2025/01/26 5:34:23 WET [2025/01/26 0:34:23 ET]
Table 'Procyon IV' 6-max Seat #1 is the button
Seat 1: ChipsAhoy591 ($244.16 in chips) 
Seat 2: Manifestorr ($112.18 in chips) 
Seat 5: p0pa4poker ($101 in chips) 
Manifestorr: posts small blind $0.50
p0pa4poker: posts big blind $1
*** HOLE CARDS ***
ChipsAhoy591: raises $1.50 to $2.50
Manifestorr: folds 
p0pa4poker: raises $7.50 to $10
ChipsAhoy591: folds 
Uncalled bet ($7.50) returned to p0pa4poker
p0pa4poker collected $5.50 from pot
p0pa4poker: doesn't show hand 
*** SUMMARY ***
Total pot $5.50 | Rake $0 
Seat 1: ChipsAhoy591 (button) folded before Flop
Seat 2: Manifestorr (small blind) folded before Flop
Seat 5: p0pa4poker (big blind) collected ($5.50)



PokerStars Hand #254557765858:  Hold'em No Limit ($0.50/$1.00 USD) - 2025/01/26 5:34:43 WET [2025/01/26 0:34:43 ET]
Table 'Procyon IV' 6-max Seat #2 is the button
Seat 1: ChipsAhoy591 ($241.66 in chips) 
Seat 2: Manifestorr ($111.68 in chips) 
Seat 5: p0pa4poker ($104 in chips) 
p0pa4poker: posts small blind $0.50
ChipsAhoy591: posts big blind $1
*** HOLE CARDS ***
Manifestorr: folds 
p0pa4poker: folds 
Uncalled bet ($0.50) returned to ChipsAhoy591
ChipsAhoy591 collected $1 from pot
ChipsAhoy591: doesn't show hand 
*** SUMMARY ***
Total pot $1 | Rake $0 
Seat 1: ChipsAhoy591 (big blind) collected ($1)
Seat 2: Manifestorr (button) folded before Flop (didn't bet)
Seat 5: p0pa4poker (small blind) folded before Flop



PokerStars Hand #254557766473:  Hold'em No Limit ($0.50/$1.00 USD) - 2025/01/26 5:34:50 WET [2025/01/26 0:34:50 ET]
Table 'Procyon IV' 6-max Seat #5 is the button
Seat 1: ChipsAhoy591 ($242.16 in chips) 
Seat 2: Manifestorr ($111.68 in chips) 
Seat 5: p0pa4poker ($103.50 in chips) 
ChipsAhoy591: posts small blind $0.50
Manifestorr: posts big blind $1
*** HOLE CARDS ***
p0pa4poker: folds 
ChipsAhoy591: calls $0.50
Manifestorr: checks 
*** FLOP *** [Th As 3c]
ChipsAhoy591: checks 
Manifestorr: checks 
*** TURN *** [Th As 3c] [8d]
ChipsAhoy591: checks 
Manifestorr: checks 
*** RIVER *** [Th As 3c 8d] [3h]
ChipsAhoy591: checks 
Manifestorr: bets $1.43
ChipsAhoy591: folds 
Uncalled bet ($1.43) returned to Manifestorr
Manifestorr collected $1.90 from pot
*** SUMMARY ***
Total pot $2 | Rake $0.10 
Board [Th As 3c 8d 3h]
Seat 1: ChipsAhoy591 (small blind) folded on the River
Seat 2: Manifestorr (big blind) collected ($1.90)
Seat 5: p0pa4poker (button) folded before Flop (didn't bet)



PokerStars Hand #254557770191:  Hold'em No Limit ($0.50/$1.00 USD) - 2025/01/26 5:35:31 WET [2025/01/26 0:35:31 ET]
Table 'Procyon IV' 6-max Seat #1 is the button
Seat 1: ChipsAhoy591 ($241.16 in chips) 
Seat 2: Manifestorr ($112.58 in chips) 
Seat 5: p0pa4poker ($103.50 in chips) 
Manifestorr: posts small blind $0.50
p0pa4poker: posts big blind $1
*** HOLE CARDS ***
ChipsAhoy591: folds 
Manifestorr: folds 
Uncalled bet ($0.50) returned to p0pa4poker
p0pa4poker collected $1 from pot
p0pa4poker: doesn't show hand 
*** SUMMARY ***
Total pot $1 | Rake $0 
Seat 1: ChipsAhoy591 (button) folded before Flop (didn't bet)
Seat 2: Manifestorr (small blind) folded before Flop
Seat 5: p0pa4poker (big blind) collected ($1)



PokerStars Hand #254557770977:  Hold'em No Limit ($0.50/$1.00 USD) - 2025/01/26 5:35:40 WET [2025/01/26 0:35:40 ET]
Table 'Procyon IV' 6-max Seat #5 is the button
Seat 1: ChipsAhoy591 ($241.16 in chips) is sitting out
Seat 2: Manifestorr ($112.08 in chips) 
Seat 5: p0pa4poker ($104 in chips) 
p0pa4poker: posts small blind $0.50
ChipsAhoy591: is sitting out 
PoKeRaRcSuNY joins the table at seat #3 
Manifestorr: posts big blind $1
*** HOLE CARDS ***
p0pa4poker: folds 
Uncalled bet ($0.50) returned to Manifestorr
Manifestorr collected $1 from pot
PoKeRaRcSuNY leaves the table
*** SUMMARY ***
Total pot $1 | Rake $0 
Seat 1: ChipsAhoy591
Seat 2: Manifestorr (big blind) collected ($1)
Seat 5: p0pa4poker (button) (small blind) folded before Flop



PokerStars Hand #254557771745:  Hold'em No Limit ($0.50/$1.00 USD) - 2025/01/26 5:35:48 WET [2025/01/26 0:35:48 ET]
Table 'Procyon IV' 6-max Seat #2 is the button
Seat 1: ChipsAhoy591 ($241.16 in chips) is sitting out
Seat 2: Manifestorr ($112.58 in chips) 
Seat 5: p0pa4poker ($103.50 in chips) 
Manifestorr: posts small blind $0.50
p0pa4poker: posts big blind $1
*** HOLE CARDS ***
Manifestorr: folds 
Uncalled bet ($0.50) returned to p0pa4poker
p0pa4poker collected $1 from pot
p0pa4poker: doesn't show hand 
ChipsAhoy591 leaves the table
*** SUMMARY ***
Total pot $1 | Rake $0 
Seat 1: ChipsAhoy591
Seat 2: Manifestorr (button) (small blind) folded before Flop
Seat 5: p0pa4poker (big blind) collected ($1)



PokerStars Hand #254557772237:  Hold'em No Limit ($0.50/$1.00 USD) - 2025/01/26 5:35:54 WET [2025/01/26 0:35:54 ET]
Table 'Procyon IV' 6-max Seat #5 is the button
Seat 2: Manifestorr ($112.08 in chips) 
Seat 5: p0pa4poker ($104 in chips) 
p0pa4poker: posts small blind $0.50
Manifestorr: posts big blind $1
*** HOLE CARDS ***
p0pa4poker: raises $1.50 to $2.50
Manifestorr: folds 
Uncalled bet ($1.50) returned to p0pa4poker
p0pa4poker collected $2 from pot
p0pa4poker: doesn't show hand 
Manifestorr leaves the table
*** SUMMARY ***
Total pot $2 | Rake $0 
Seat 2: Manifestorr (big blind) folded before Flop
Seat 5: p0pa4poker (button) (small blind) collected ($2)



PokerStars Hand #254557563956:  Hold'em No Limit ($0.50/$1.00 USD) - 2025/01/26 4:58:28 WET [2025/01/25 23:58:28 ET]
Table 'Procyon IV' 6-max Seat #2 is the button
Seat 5: p0pa4poker ($100 in chips) is sitting out
Seat 6: CashfishT ($100 in chips) is sitting out
Seat 2: csddan ($70.86 in chips) 
Seat 3: m0nTTu ($88.32 in chips) 
Seat 4: reeqar ($100 in chips) 
m0nTTu: posts small blind $0.50
reeqar: posts big blind $1
p0pa4poker: sits out 
CashfishT: sits out 
*** HOLE CARDS ***
csddan: folds 
m0nTTu: folds 
Uncalled bet ($0.50) returned to reeqar
reeqar collected $1 from pot
reeqar: doesn't show hand 
*** SUMMARY ***
Total pot $1 | Rake $0 
Seat 5: p0pa4poker
Seat 6: CashfishT
Seat 2: csddan (button) folded before Flop (didn't bet)
Seat 3: m0nTTu (small blind) folded before Flop
Seat 4: reeqar (big blind) collected ($1)



PokerStars Hand #254557564536:  Hold'em No Limit ($0.50/$1.00 USD) - 2025/01/26 4:58:35 WET [2025/01/25 23:58:35 ET]
Table 'Procyon IV' 6-max Seat #3 is the button
Seat 6: CashfishT ($100 in chips) is sitting out
Seat 2: csddan ($70.86 in chips) 
Seat 3: m0nTTu ($87.82 in chips) 
Seat 4: reeqar ($100.50 in chips) 
Seat 5: p0pa4poker ($100 in chips) 
reeqar: posts small blind $0.50
p0pa4poker: posts big blind $1
CashfishT: sits out 
*** HOLE CARDS ***
csddan: raises $2.50 to $3.50
m0nTTu: folds 
reeqar: folds 
p0pa4poker: folds 
Uncalled bet ($2.50) returned to csddan
csddan collected $2.50 from pot
csddan: doesn't show hand 
*** SUMMARY ***
Total pot $2.50 | Rake $0 
Seat 6: CashfishT
Seat 2: csddan collected ($2.50)
Seat 3: m0nTTu (button) folded before Flop (didn't bet)
Seat 4: reeqar (small blind) folded before Flop
Seat 5: p0pa4poker (big blind) folded before Flop



PokerStars Hand #254557565832:  Hold'em No Limit ($0.50/$1.00 USD) - 2025/01/26 4:58:51 WET [2025/01/25 23:58:51 ET]
Table 'Procyon IV' 6-max Seat #4 is the button
Seat 2: csddan ($72.36 in chips) 
Seat 3: m0nTTu ($87.82 in chips) 
Seat 4: reeqar ($100 in chips) 
Seat 5: p0pa4poker ($99 in chips) 
Seat 6: CashfishT ($100 in chips) 
p0pa4poker: posts small blind $0.50
CashfishT: posts big blind $1
*** HOLE CARDS ***
csddan: calls $1
m0nTTu: folds 
reeqar: folds 
p0pa4poker: raises $4 to $5
CashfishT: calls $4
csddan: calls $4
*** FLOP *** [Qh 9h 3c]
p0pa4poker: bets $7
CashfishT: raises $21.19 to $28.19
csddan: folds 
p0pa4poker: folds 
Uncalled bet ($21.19) returned to CashfishT
CashfishT collected $27.55 from pot
CashfishT: doesn't show hand 
*** SUMMARY ***
Total pot $29 | Rake $1.45 
Board [Qh 9h 3c]
Seat 2: csddan folded on the Flop
Seat 3: m0nTTu folded before Flop (didn't bet)
Seat 4: reeqar (button) folded before Flop (didn't bet)
Seat 5: p0pa4poker (small blind) folded on the Flop
Seat 6: CashfishT (big blind) collected ($27.55)



PokerStars Hand #254557569410:  Hold'em No Limit ($0.50/$1.00 USD) - 2025/01/26 4:59:36 WET [2025/01/25 23:59:36 ET]
Table 'Procyon IV' 6-max Seat #5 is the button
Seat 2: csddan ($67.36 in chips) 
Seat 3: m0nTTu ($87.82 in chips) 
Seat 4: reeqar ($100 in chips) 
Seat 5: p0pa4poker ($100 in chips) 
Seat 6: CashfishT ($115.55 in chips) 
CashfishT: posts small blind $0.50
csddan: posts big blind $1
*** HOLE CARDS ***
m0nTTu: raises $1.50 to $2.50
reeqar: raises $5.50 to $8
p0pa4poker: folds 
CashfishT: folds 
csddan: calls $7
m0nTTu: folds 
*** FLOP *** [2h 4h 3s]
csddan: checks 
ChipsAhoy591 joins the table at seat #1 
reeqar: bets $13.54
csddan: folds 
Uncalled bet ($13.54) returned to reeqar
reeqar collected $18.05 from pot
reeqar: doesn't show hand 
*** SUMMARY ***
Total pot $19 | Rake $0.95 
Board [2h 4h 3s]
Seat 2: csddan (big blind) folded on the Flop
Seat 3: m0nTTu folded before Flop
Seat 4: reeqar collected ($18.05)
Seat 5: p0pa4poker (button) folded before Flop (didn't bet)
Seat 6: CashfishT (small blind) folded before Flop



PokerStars Hand #254557572481:  Hold'em No Limit ($0.50/$1.00 USD) - 2025/01/26 5:00:15 WET [2025/01/26 0:00:15 ET]
Table 'Procyon IV' 6-max Seat #6 is the button
Seat 1: ChipsAhoy591 ($100 in chips) is sitting out
Seat 2: csddan ($59.36 in chips) 
Seat 3: m0nTTu ($85.32 in chips) 
Seat 4: reeqar ($110.05 in chips) 
Seat 5: p0pa4poker ($100 in chips) 
Seat 6: CashfishT ($115.05 in chips) 
csddan: posts small blind $0.50
m0nTTu: posts big blind $1
*** HOLE CARDS ***
reeqar: folds 
p0pa4poker: folds 
CashfishT: folds 
csddan: folds 
Uncalled bet ($0.50) returned to m0nTTu
m0nTTu collected $1 from pot
m0nTTu: doesn't show hand 
*** SUMMARY ***
Total pot $1 | Rake $0 
Seat 1: ChipsAhoy591
Seat 2: csddan (small blind) folded before Flop
Seat 3: m0nTTu (big blind) collected ($1)
Seat 4: reeqar folded before Flop (didn't bet)
Seat 5: p0pa4poker folded before Flop (didn't bet)
Seat 6: CashfishT (button) folded before Flop (didn't bet)



PokerStars Hand #254557573708:  Hold'em No Limit ($0.50/$1.00 USD) - 2025/01/26 5:00:29 WET [2025/01/26 0:00:29 ET]
Table 'Procyon IV' 6-max Seat #2 is the button
Seat 1: ChipsAhoy591 ($100 in chips) 
Seat 2: csddan ($58.86 in chips) 
Seat 3: m0nTTu ($85.82 in chips) 
Seat 4: reeqar ($110.05 in chips) 
Seat 5: p0pa4poker ($100 in chips) 
Seat 6: CashfishT ($115.05 in chips) 
m0nTTu: posts small blind $0.50
reeqar: posts big blind $1
ChipsAhoy591: posts big blind $1
*** HOLE CARDS ***
p0pa4poker: raises $1.30 to $2.30
CashfishT: folds 
ChipsAhoy591: calls $1.30
csddan: calls $2.30
m0nTTu: folds 
reeqar: folds 
*** FLOP *** [Qd 4h Ah]
p0pa4poker: checks 
ChipsAhoy591: checks 
csddan: bets $4
p0pa4poker: folds 
ChipsAhoy591: folds 
Uncalled bet ($4) returned to csddan
csddan collected $7.88 from pot
csddan: doesn't show hand 
*** SUMMARY ***
Total pot $8.40 | Rake $0.52 
Board [Qd 4h Ah]
Seat 1: ChipsAhoy591 folded on the Flop
Seat 2: csddan (button) collected ($7.88)
Seat 3: m0nTTu (small blind) folded before Flop
Seat 4: reeqar (big blind) folded before Flop
Seat 5: p0pa4poker folded on the Flop
Seat 6: CashfishT folded before Flop (didn't bet)



PokerStars Hand #254557577128:  Hold'em No Limit ($0.50/$1.00 USD) - 2025/01/26 5:01:06 WET [2025/01/26 0:01:06 ET]
Table 'Procyon IV' 6-max Seat #3 is the button
Seat 1: ChipsAhoy591 ($97.70 in chips) 
Seat 2: csddan ($64.44 in chips) 
Seat 3: m0nTTu ($100 in chips) 
Seat 4: reeqar ($109.05 in chips) 
Seat 5: p0pa4poker ($100 in chips) 
Seat 6: CashfishT ($115.05 in chips) 
reeqar: posts small blind $0.50
p0pa4poker: posts big blind $1
*** HOLE CARDS ***
CashfishT: raises $1.20 to $2.20
ChipsAhoy591: folds 
csddan: folds 
m0nTTu: folds 
reeqar: raises $7.80 to $10
p0pa4poker: folds 
CashfishT: folds 
Uncalled bet ($7.80) returned to reeqar
reeqar collected $5.40 from pot
reeqar: doesn't show hand 
*** SUMMARY ***
Total pot $5.40 | Rake $0 
Seat 1: ChipsAhoy591 folded before Flop (didn't bet)
Seat 2: csddan folded before Flop (didn't bet)
Seat 3: m0nTTu (button) folded before Flop (didn't bet)
Seat 4: reeqar (small blind) collected ($5.40)
Seat 5: p0pa4poker (big blind) folded before Flop
Seat 6: CashfishT folded before Flop



PokerStars Hand #254557582463:  Hold'em No Limit ($0.50/$1.00 USD) - 2025/01/26 5:02:03 WET [2025/01/26 0:02:03 ET]
Table 'Procyon IV' 6-max Seat #4 is the button
Seat 1: ChipsAhoy591 ($97.70 in chips) 
Seat 2: csddan ($64.44 in chips) 
Seat 3: m0nTTu ($100 in chips) 
Seat 4: reeqar ($112.25 in chips) 
Seat 5: p0pa4poker ($99 in chips) 
Seat 6: CashfishT ($112.85 in chips) 
p0pa4poker: posts small blind $0.50
CashfishT: posts big blind $1
*** HOLE CARDS ***
ChipsAhoy591: folds 
csddan: calls $1
m0nTTu: folds 
reeqar: folds 
p0pa4poker: folds 
CashfishT: raises $4 to $5
csddan: calls $4
*** FLOP *** [7h 9h 6c]
CashfishT: checks 
csddan: bets $3
CashfishT: calls $3
*** TURN *** [7h 9h 6c] [As]
CashfishT: checks 
csddan: checks 
*** RIVER *** [7h 9h 6c As] [4h]
CashfishT: bets $11
csddan: calls $11
*** SHOW DOWN ***
CashfishT: shows [Ah Kd] (a pair of Aces)
csddan: mucks hand 
CashfishT collected $36.58 from pot
*** SUMMARY ***
Total pot $38.50 | Rake $1.92 
Board [7h 9h 6c As 4h]
Seat 1: ChipsAhoy591 folded before Flop (didn't bet)
Seat 2: csddan mucked
Seat 3: m0nTTu folded before Flop (didn't bet)
Seat 4: reeqar (button) folded before Flop (didn't bet)
Seat 5: p0pa4poker (small blind) folded before Flop
Seat 6: CashfishT (big blind) showed [Ah Kd] and won ($36.58) with a pair of Aces



PokerStars Hand #254557587385:  Hold'em No Limit ($0.50/$1.00 USD) - 2025/01/26 5:02:55 WET [2025/01/26 0:02:55 ET]
Table 'Procyon IV' 6-max Seat #5 is the button
Seat 1: ChipsAhoy591 ($100 in chips) 
Seat 2: csddan ($45.44 in chips) 
Seat 3: m0nTTu ($100 in chips) 
Seat 4: reeqar ($112.25 in chips) 
Seat 5: p0pa4poker ($98.50 in chips) 
Seat 6: CashfishT ($130.43 in chips) 
CashfishT: posts small blind $0.50
ChipsAhoy591: posts big blind $1
*** HOLE CARDS ***
csddan: calls $1
m0nTTu: folds 
reeqar: folds 
p0pa4poker: folds 
CashfishT: folds 
ChipsAhoy591: checks 
*** FLOP *** [3s 8s 7h]
ChipsAhoy591: checks 
csddan: checks 
*** TURN *** [3s 8s 7h] [Qh]
ChipsAhoy591: checks 
csddan: checks 
*** RIVER *** [3s 8s 7h Qh] [Js]
ChipsAhoy591: checks 
csddan: bets $2
ChipsAhoy591: folds 
Uncalled bet ($2) returned to csddan
csddan collected $2.35 from pot
csddan: doesn't show hand 
*** SUMMARY ***
Total pot $2.50 | Rake $0.15 
Board [3s 8s 7h Qh Js]
Seat 1: ChipsAhoy591 (big blind) folded on the River
Seat 2: csddan collected ($2.35)
Seat 3: m0nTTu folded before Flop (didn't bet)
Seat 4: reeqar folded before Flop (didn't bet)
Seat 5: p0pa4poker (button) folded before Flop (didn't bet)
Seat 6: CashfishT (small blind) folded before Flop



PokerStars Hand #254557701622:  Hold'em No Limit ($0.50/$1.00 USD) - 2025/01/26 5:23:01 WET [2025/01/26 0:23:01 ET]
Table 'Procyon IV' 6-max Seat #1 is the button
Seat 1: ChipsAhoy591 ($137.60 in chips) 
Seat 5: p0pa4poker ($103.97 in chips) 
Seat 6: CashfishT ($145.11 in chips) 
p0pa4poker: posts small blind $0.50
CashfishT: posts big blind $1
*** HOLE CARDS ***
ChipsAhoy591: raises $1.50 to $2.50
p0pa4poker: raises $9.50 to $12
CashfishT: folds 
ChipsAhoy591: calls $9.50
*** FLOP *** [Qd 4s 5s]
Manifestorr joins the table at seat #2 
p0pa4poker: bets $12
ChipsAhoy591: calls $12
*** TURN *** [Qd 4s 5s] [Tc]
p0pa4poker: bets $15
ChipsAhoy591: raises $66 to $81
p0pa4poker: calls $64.97 and is all-in
Uncalled bet ($1.03) returned to ChipsAhoy591
*** RIVER *** [Qd 4s 5s Tc] [Kc]
*** SHOW DOWN ***
p0pa4poker: shows [Th Ah] (a pair of Tens)
ChipsAhoy591: shows [Qs Kd] (two pair, Kings and Queens)
ChipsAhoy591 collected $207.94 from pot
*** SUMMARY ***
Total pot $208.94 | Rake $1 
Board [Qd 4s 5s Tc Kc]
Seat 1: ChipsAhoy591 (button) showed [Qs Kd] and won ($207.94) with two pair, Kings and Queens
Seat 5: p0pa4poker (small blind) showed [Th Ah] and lost with a pair of Tens
Seat 6: CashfishT (big blind) folded before Flop



PokerStars Hand #254557711489:  Hold'em No Limit ($0.50/$1.00 USD) - 2025/01/26 5:24:48 WET [2025/01/26 0:24:48 ET]
Table 'Procyon IV' 6-max Seat #5 is the button
Seat 2: Manifestorr ($100 in chips) is sitting out
Seat 1: ChipsAhoy591 ($241.57 in chips) 
Seat 5: p0pa4poker ($40 in chips) 
Seat 6: CashfishT ($144.11 in chips) 
CashfishT: posts small blind $0.50
ChipsAhoy591: posts big blind $1
Manifestorr: sits out 
*** HOLE CARDS ***
p0pa4poker: raises $1.50 to $2.50
CashfishT: calls $2
ChipsAhoy591: calls $1.50
*** FLOP *** [4d Qh Kd]
CashfishT: checks 
ChipsAhoy591: checks 
p0pa4poker: bets $2.35
CashfishT: folds 
ChipsAhoy591: folds 
Uncalled bet ($2.35) returned to p0pa4poker
p0pa4poker collected $7.12 from pot
p0pa4poker: doesn't show hand 
*** SUMMARY ***
Total pot $7.50 | Rake $0.38 
Board [4d Qh Kd]
Seat 2: Manifestorr
Seat 1: ChipsAhoy591 (big blind) folded on the Flop
Seat 5: p0pa4poker (button) collected ($7.12)
Seat 6: CashfishT (small blind) folded on the Flop



PokerStars Hand #254557714227:  Hold'em No Limit ($0.50/$1.00 USD) - 2025/01/26 5:25:18 WET [2025/01/26 0:25:18 ET]
Table 'Procyon IV' 6-max Seat #6 is the button
Seat 1: ChipsAhoy591 ($239.07 in chips) 
Seat 2: Manifestorr ($100 in chips) 
Seat 5: p0pa4poker ($44.62 in chips) 
Seat 6: CashfishT ($141.61 in chips) 
ChipsAhoy591: posts small blind $0.50
Manifestorr: posts big blind $1
*** HOLE CARDS ***
p0pa4poker: folds 
CashfishT: folds 
ChipsAhoy591: folds 
Uncalled bet ($0.50) returned to Manifestorr
Manifestorr collected $1 from pot
*** SUMMARY ***
Total pot $1 | Rake $0 
Seat 1: ChipsAhoy591 (small blind) folded before Flop
Seat 2: Manifestorr (big blind) collected ($1)
Seat 5: p0pa4poker folded before Flop (didn't bet)
Seat 6: CashfishT (button) folded before Flop (didn't bet)



PokerStars Hand #254557715095:  Hold'em No Limit ($0.50/$1.00 USD) - 2025/01/26 5:25:28 WET [2025/01/26 0:25:28 ET]
Table 'Procyon IV' 6-max Seat #1 is the button
Seat 1: ChipsAhoy591 ($238.57 in chips) 
Seat 2: Manifestorr ($100.50 in chips) 
Seat 5: p0pa4poker ($100 in chips) 
Seat 6: CashfishT ($141.61 in chips) 
Manifestorr: posts small blind $0.50
p0pa4poker: posts big blind $1
*** HOLE CARDS ***
avlee1 joins the table at seat #3 
CashfishT: raises $1.20 to $2.20
ChipsAhoy591: folds 
Manifestorr: folds 
p0pa4poker: calls $1.20
*** FLOP *** [Ac Th 5s]
p0pa4poker: checks 
CashfishT: bets $1.54
p0pa4poker: calls $1.54
*** TURN *** [Ac Th 5s] [Qs]
p0pa4poker: checks 
CashfishT: checks 
*** RIVER *** [Ac Th 5s Qs] [5d]
p0pa4poker: bets $11
CashfishT: calls $11
*** SHOW DOWN ***
p0pa4poker: shows [5h 2h] (three of a kind, Fives)
CashfishT: mucks hand 
p0pa4poker collected $28.98 from pot
*** SUMMARY ***
Total pot $29.98 | Rake $1 
Board [Ac Th 5s Qs 5d]
Seat 1: ChipsAhoy591 (button) folded before Flop (didn't bet)
Seat 2: Manifestorr (small blind) folded before Flop
Seat 5: p0pa4poker (big blind) showed [5h 2h] and won ($28.98) with three of a kind, Fives
Seat 6: CashfishT mucked



PokerStars Hand #254557719626:  Hold'em No Limit ($0.50/$1.00 USD) - 2025/01/26 5:26:17 WET [2025/01/26 0:26:17 ET]
Table 'Procyon IV' 6-max Seat #2 is the button
Seat 3: avlee1 ($100 in chips) is sitting out
Seat 1: ChipsAhoy591 ($238.57 in chips) 
Seat 2: Manifestorr ($100 in chips) 
Seat 5: p0pa4poker ($114.24 in chips) 
Seat 6: CashfishT ($126.87 in chips) 
p0pa4poker: posts small blind $0.50
CashfishT: posts big blind $1
*** HOLE CARDS ***
ChipsAhoy591: folds 
Manifestorr: folds 
p0pa4poker: raises $2 to $3
CashfishT: calls $2
*** FLOP *** [Jc Ts 8c]
p0pa4poker: checks 
CashfishT: bets $2.85
p0pa4poker: calls $2.85
*** TURN *** [Jc Ts 8c] [3d]
p0pa4poker: checks 
CashfishT: bets $13.90
p0pa4poker: calls $13.90
*** RIVER *** [Jc Ts 8c 3d] [2d]
p0pa4poker: checks 
CashfishT: bets $48.13
p0pa4poker: folds 
Uncalled bet ($48.13) returned to CashfishT
CashfishT collected $38.50 from pot
CashfishT: doesn't show hand 
*** SUMMARY ***
Total pot $39.50 | Rake $1 
Board [Jc Ts 8c 3d 2d]
Seat 3: avlee1
Seat 1: ChipsAhoy591 folded before Flop (didn't bet)
Seat 2: Manifestorr (button) folded before Flop (didn't bet)
Seat 5: p0pa4poker (small blind) folded on the River
Seat 6: CashfishT (big blind) collected ($38.50)



