PokerStars Hand #254568874450:  Hold'em No Limit ($0.50/$1.00 USD) - 2025/01/26 20:44:53 WET [2025/01/26 15:44:53 ET]
Table 'Jugurtha III' 6-max Seat #5 is the button
Seat 2: Mu.Rothbard ($100 in chips) is sitting out
Seat 3: kars0n ($100 in chips) is sitting out
Seat 1: xxxZeka ($198 in chips) 
Seat 4: carlospit300 ($50.76 in chips) 
Seat 5: worker0k ($100 in chips) 
Seat 6: vadjkeee ($100 in chips) 
vadjkeee: posts small blind $0.50
xxxZeka: posts big blind $1
kars0n: sits out 
*** HOLE CARDS ***
carlospit300: raises $1 to $2
worker0k: folds 
vadjkeee: folds 
xxxZeka: folds 
Uncalled bet ($1) returned to carlospit300
carlospit300 collected $2.50 from pot
*** SUMMARY ***
Total pot $2.50 | Rake $0 
Seat 2: Mu.Rothbard
Seat 3: kars0n
Seat 1: xxxZeka (big blind) folded before Flop
Seat 4: carlospit300 collected ($2.50)
Seat 5: worker0k (button) folded before Flop (didn't bet)
Seat 6: vadjkeee (small blind) folded before Flop



PokerStars Hand #254568881035:  Hold'em No Limit ($0.50/$1.00 USD) - 2025/01/26 20:45:11 WET [2025/01/26 15:45:11 ET]
Table 'Jugurtha III' 6-max Seat #6 is the button
Seat 2: Mu.Rothbard ($100 in chips) is sitting out
Seat 1: xxxZeka ($197 in chips) 
Seat 3: kars0n ($100 in chips) 
Seat 4: carlospit300 ($52.26 in chips) 
Seat 5: worker0k ($100 in chips) 
Seat 6: vadjkeee ($100 in chips) 
xxxZeka: posts small blind $0.50
kars0n: posts big blind $1
*** HOLE CARDS ***
carlospit300: folds 
worker0k: folds 
vadjkeee: raises $1.50 to $2.50
xxxZeka: folds 
kars0n: raises $9.50 to $12
vadjkeee: folds 
Uncalled bet ($9.50) returned to kars0n
kars0n collected $5.50 from pot
kars0n: doesn't show hand 
*** SUMMARY ***
Total pot $5.50 | Rake $0 
Seat 2: Mu.Rothbard
Seat 1: xxxZeka (small blind) folded before Flop
Seat 3: kars0n (big blind) collected ($5.50)
Seat 4: carlospit300 folded before Flop (didn't bet)
Seat 5: worker0k folded before Flop (didn't bet)
Seat 6: vadjkeee (button) folded before Flop



PokerStars Hand #254568981291:  Hold'em No Limit ($0.50/$1.00 USD) - 2025/01/26 20:49:37 WET [2025/01/26 15:49:37 ET]
Table 'Jugurtha III' 6-max Seat #6 is the button
Seat 1: xxxZeka ($194 in chips) 
Seat 2: 1DanP5 ($100 in chips) 
Seat 3: kars0n ($107.25 in chips) 
Seat 4: carlospit300 ($67.27 in chips) 
Seat 5: Pippa83 ($101.50 in chips) 
Seat 6: vadjkeee ($101 in chips) 
xxxZeka: posts small blind $0.50
1DanP5: posts big blind $1
*** HOLE CARDS ***
kars0n: folds 
carlospit300: folds 
Pippa83: folds 
vadjkeee: folds 
xxxZeka: folds 
Uncalled bet ($0.50) returned to 1DanP5
1DanP5 collected $1 from pot
1DanP5: doesn't show hand 
*** SUMMARY ***
Total pot $1 | Rake $0 
Seat 1: xxxZeka (small blind) folded before Flop
Seat 2: 1DanP5 (big blind) collected ($1)
Seat 3: kars0n folded before Flop (didn't bet)
Seat 4: carlospit300 folded before Flop (didn't bet)
Seat 5: Pippa83 folded before Flop (didn't bet)
Seat 6: vadjkeee (button) folded before Flop (didn't bet)



PokerStars Hand #254568987906:  Hold'em No Limit ($0.50/$1.00 USD) - 2025/01/26 20:49:55 WET [2025/01/26 15:49:55 ET]
Table 'Jugurtha III' 6-max Seat #1 is the button
Seat 1: xxxZeka ($193.50 in chips) 
Seat 2: 1DanP5 ($100.50 in chips) 
Seat 3: kars0n ($107.25 in chips) 
Seat 4: carlospit300 ($67.27 in chips) 
Seat 5: Pippa83 ($101.50 in chips) 
Seat 6: vadjkeee ($101 in chips) 
1DanP5: posts small blind $0.50
kars0n: posts big blind $1
*** HOLE CARDS ***
carlospit300: raises $1 to $2
Pippa83: folds 
vadjkeee: raises $5 to $7
xxxZeka: folds 
1DanP5: folds 
kars0n: folds 
carlospit300: calls $5
*** FLOP *** [6c Qh 3d]
carlospit300: checks 
vadjkeee: bets $4.86
carlospit300: raises $4.86 to $9.72
vadjkeee: calls $4.86
*** TURN *** [6c Qh 3d] [Kc]
carlospit300: checks 
vadjkeee: bets $17
carlospit300: folds 
Uncalled bet ($17) returned to vadjkeee
vadjkeee collected $33.19 from pot
vadjkeee: doesn't show hand 
*** SUMMARY ***
Total pot $34.94 | Rake $1.75 
Board [6c Qh 3d Kc]
Seat 1: xxxZeka (button) folded before Flop (didn't bet)
Seat 2: 1DanP5 (small blind) folded before Flop
Seat 3: kars0n (big blind) folded before Flop
Seat 4: carlospit300 folded on the Turn
Seat 5: Pippa83 folded before Flop (didn't bet)
Seat 6: vadjkeee collected ($33.19)



PokerStars Hand #254569009083:  Hold'em No Limit ($0.50/$1.00 USD) - 2025/01/26 20:50:51 WET [2025/01/26 15:50:51 ET]
Table 'Jugurtha III' 6-max Seat #2 is the button
Seat 1: xxxZeka ($193.50 in chips) 
Seat 2: 1DanP5 ($100 in chips) 
Seat 3: kars0n ($106.25 in chips) 
Seat 4: carlospit300 ($50.55 in chips) 
Seat 5: Pippa83 ($101.50 in chips) 
Seat 6: vadjkeee ($117.47 in chips) 
kars0n: posts small blind $0.50
carlospit300: posts big blind $1
*** HOLE CARDS ***
Pippa83: folds 
vadjkeee: folds 
xxxZeka: folds 
1DanP5: folds 
kars0n: folds 
Uncalled bet ($0.50) returned to carlospit300
carlospit300 collected $1 from pot
*** SUMMARY ***
Total pot $1 | Rake $0 
Seat 1: xxxZeka folded before Flop (didn't bet)
Seat 2: 1DanP5 (button) folded before Flop (didn't bet)
Seat 3: kars0n (small blind) folded before Flop
Seat 4: carlospit300 (big blind) collected ($1)
Seat 5: Pippa83 folded before Flop (didn't bet)
Seat 6: vadjkeee folded before Flop (didn't bet)



PokerStars Hand #254569013269:  Hold'em No Limit ($0.50/$1.00 USD) - 2025/01/26 20:51:02 WET [2025/01/26 15:51:02 ET]
Table 'Jugurtha III' 6-max Seat #3 is the button
Seat 1: xxxZeka ($193.50 in chips) 
Seat 2: 1DanP5 ($100 in chips) 
Seat 3: kars0n ($105.75 in chips) 
Seat 4: carlospit300 ($51.05 in chips) 
Seat 5: Pippa83 ($101.50 in chips) 
Seat 6: vadjkeee ($117.47 in chips) 
carlospit300: posts small blind $0.50
Pippa83: posts big blind $1
*** HOLE CARDS ***
vadjkeee: folds 
xxxZeka: folds 
1DanP5: folds 
kars0n: folds 
carlospit300: folds 
Uncalled bet ($0.50) returned to Pippa83
Pippa83 collected $1 from pot
Pippa83: doesn't show hand 
*** SUMMARY ***
Total pot $1 | Rake $0 
Seat 1: xxxZeka folded before Flop (didn't bet)
Seat 2: 1DanP5 folded before Flop (didn't bet)
Seat 3: kars0n (button) folded before Flop (didn't bet)
Seat 4: carlospit300 (small blind) folded before Flop
Seat 5: Pippa83 (big blind) collected ($1)
Seat 6: vadjkeee folded before Flop (didn't bet)



PokerStars Hand #254569019144:  Hold'em No Limit ($0.50/$1.00 USD) - 2025/01/26 20:51:18 WET [2025/01/26 15:51:18 ET]
Table 'Jugurtha III' 6-max Seat #4 is the button
Seat 1: xxxZeka ($193.50 in chips) 
Seat 2: 1DanP5 ($100 in chips) 
Seat 3: kars0n ($105.75 in chips) 
Seat 4: carlospit300 ($50.55 in chips) 
Seat 5: Pippa83 ($102 in chips) 
Seat 6: vadjkeee ($117.47 in chips) 
Pippa83: posts small blind $0.50
vadjkeee: posts big blind $1
*** HOLE CARDS ***
xxxZeka: folds 
1DanP5: folds 
kars0n: folds 
carlospit300: folds 
Pippa83: raises $2 to $3
vadjkeee: calls $2
*** FLOP *** [7c 5d Jh]
Pippa83: checks 
vadjkeee: checks 
*** TURN *** [7c 5d Jh] [8s]
Pippa83: bets $4.28
vadjkeee: raises $13.72 to $18
Pippa83: folds 
Uncalled bet ($13.72) returned to vadjkeee
vadjkeee collected $13.83 from pot
vadjkeee: doesn't show hand 
*** SUMMARY ***
Total pot $14.56 | Rake $0.73 
Board [7c 5d Jh 8s]
Seat 1: xxxZeka folded before Flop (didn't bet)
Seat 2: 1DanP5 folded before Flop (didn't bet)
Seat 3: kars0n folded before Flop (didn't bet)
Seat 4: carlospit300 (button) folded before Flop (didn't bet)
Seat 5: Pippa83 (small blind) folded on the Turn
Seat 6: vadjkeee (big blind) collected ($13.83)



PokerStars Hand #254569045974:  Hold'em No Limit ($0.50/$1.00 USD) - 2025/01/26 20:52:30 WET [2025/01/26 15:52:30 ET]
Table 'Jugurtha III' 6-max Seat #5 is the button
Seat 1: xxxZeka ($193.50 in chips) 
Seat 2: 1DanP5 ($100 in chips) 
Seat 3: kars0n ($105.75 in chips) 
Seat 4: carlospit300 ($50.55 in chips) 
Seat 5: Pippa83 ($100 in chips) 
Seat 6: vadjkeee ($124.02 in chips) 
vadjkeee: posts small blind $0.50
xxxZeka: posts big blind $1
*** HOLE CARDS ***
1DanP5: folds 
kars0n: raises $1 to $2
carlospit300: calls $2
Pippa83: folds 
vadjkeee: folds 
xxxZeka: folds 
*** FLOP *** [Qc 5c 7d]
kars0n: bets $1.72
carlospit300: calls $1.72
*** TURN *** [Qc 5c 7d] [8c]
kars0n: bets $6.37
carlospit300: calls $6.37
*** RIVER *** [Qc 5c 7d 8c] [5s]
kars0n: checks 
carlospit300: checks 
*** SHOW DOWN ***
kars0n: shows [Js Ac] (a pair of Fives)
carlospit300: shows [Ah Jh] (a pair of Fives)
kars0n collected $10.30 from pot
carlospit300 collected $10.30 from pot
*** SUMMARY ***
Total pot $21.68 | Rake $1.08 
Board [Qc 5c 7d 8c 5s]
Seat 1: xxxZeka (big blind) folded before Flop
Seat 2: 1DanP5 folded before Flop (didn't bet)
Seat 3: kars0n showed [Js Ac] and won ($10.30) with a pair of Fives
Seat 4: carlospit300 showed [Ah Jh] and won ($10.30) with a pair of Fives
Seat 5: Pippa83 (button) folded before Flop (didn't bet)
Seat 6: vadjkeee (small blind) folded before Flop



PokerStars Hand #254569060988:  Hold'em No Limit ($0.50/$1.00 USD) - 2025/01/26 20:53:10 WET [2025/01/26 15:53:10 ET]
Table 'Jugurtha III' 6-max Seat #6 is the button
Seat 1: xxxZeka ($192.50 in chips) 
Seat 2: 1DanP5 ($100 in chips) 
Seat 3: kars0n ($105.96 in chips) 
Seat 4: carlospit300 ($50.76 in chips) 
Seat 5: Pippa83 ($100 in chips) 
Seat 6: vadjkeee ($123.52 in chips) 
xxxZeka: posts small blind $0.50
1DanP5: posts big blind $1
*** HOLE CARDS ***
kars0n: raises $1 to $2
carlospit300: calls $2
Pippa83: folds 
vadjkeee: folds 
xxxZeka: folds 
1DanP5: folds 
*** FLOP *** [8d Ks 5c]
kars0n: bets $1.72
carlospit300: raises $8.66 to $10.38
kars0n: folds 
Uncalled bet ($8.66) returned to carlospit300
carlospit300 collected $8.49 from pot
*** SUMMARY ***
Total pot $8.94 | Rake $0.45 
Board [8d Ks 5c]
Seat 1: xxxZeka (small blind) folded before Flop
Seat 2: 1DanP5 (big blind) folded before Flop
Seat 3: kars0n folded on the Flop
Seat 4: carlospit300 collected ($8.49)
Seat 5: Pippa83 folded before Flop (didn't bet)
Seat 6: vadjkeee (button) folded before Flop (didn't bet)



PokerStars Hand #254569074787:  Hold'em No Limit ($0.50/$1.00 USD) - 2025/01/26 20:53:47 WET [2025/01/26 15:53:47 ET]
Table 'Jugurtha III' 6-max Seat #1 is the button
Seat 1: xxxZeka ($192 in chips) 
Seat 2: 1DanP5 ($99 in chips) 
Seat 3: kars0n ($102.24 in chips) 
Seat 4: carlospit300 ($55.53 in chips) 
Seat 5: Pippa83 ($100 in chips) 
Seat 6: vadjkeee ($123.52 in chips) 
1DanP5: posts small blind $0.50
kars0n: posts big blind $1
*** HOLE CARDS ***
carlospit300: raises $1 to $2
Pippa83: raises $5 to $7
vadjkeee: folds 
xxxZeka: folds 
1DanP5: folds 
kars0n: folds 
carlospit300: calls $5
*** FLOP *** [7d Kc 6h]
carlospit300: checks 
Pippa83: bets $3.68
carlospit300: calls $3.68
*** TURN *** [7d Kc 6h] [Qd]
carlospit300: checks 
Pippa83: checks 
*** RIVER *** [7d Kc 6h Qd] [5d]
carlospit300: checks 
Pippa83: checks 
*** SHOW DOWN ***
carlospit300: shows [3s 3h] (a pair of Threes)
Pippa83: shows [Tc Ts] (a pair of Tens)
Pippa83 collected $21.72 from pot
*** SUMMARY ***
Total pot $22.86 | Rake $1.14 
Board [7d Kc 6h Qd 5d]
Seat 1: xxxZeka (button) folded before Flop (didn't bet)
Seat 2: 1DanP5 (small blind) folded before Flop
Seat 3: kars0n (big blind) folded before Flop
Seat 4: carlospit300 showed [3s 3h] and lost with a pair of Threes
Seat 5: Pippa83 showed [Tc Ts] and won ($21.72) with a pair of Tens
Seat 6: vadjkeee folded before Flop (didn't bet)



PokerStars Hand #254569096042:  Hold'em No Limit ($0.50/$1.00 USD) - 2025/01/26 20:54:44 WET [2025/01/26 15:54:44 ET]
Table 'Jugurtha III' 6-max Seat #2 is the button
Seat 1: xxxZeka ($192 in chips) 
Seat 2: 1DanP5 ($98.50 in chips) 
Seat 3: kars0n ($101.24 in chips) 
Seat 4: carlospit300 ($44.85 in chips) 
Seat 5: Pippa83 ($111.04 in chips) 
Seat 6: vadjkeee ($123.52 in chips) 
kars0n: posts small blind $0.50
carlospit300: posts big blind $1
*** HOLE CARDS ***
Pippa83: folds 
vadjkeee: folds 
xxxZeka: raises $1.50 to $2.50
1DanP5: folds 
kars0n: folds 
carlospit300: folds 
Uncalled bet ($1.50) returned to xxxZeka
xxxZeka collected $2.50 from pot
xxxZeka: doesn't show hand 
*** SUMMARY ***
Total pot $2.50 | Rake $0 
Seat 1: xxxZeka collected ($2.50)
Seat 2: 1DanP5 (button) folded before Flop (didn't bet)
Seat 3: kars0n (small blind) folded before Flop
Seat 4: carlospit300 (big blind) folded before Flop
Seat 5: Pippa83 folded before Flop (didn't bet)
Seat 6: vadjkeee folded before Flop (didn't bet)



PokerStars Hand #254569102832:  Hold'em No Limit ($0.50/$1.00 USD) - 2025/01/26 20:55:03 WET [2025/01/26 15:55:03 ET]
Table 'Jugurtha III' 6-max Seat #3 is the button
Seat 1: xxxZeka ($193.50 in chips) 
Seat 2: 1DanP5 ($98.50 in chips) 
Seat 3: kars0n ($100.74 in chips) 
Seat 4: carlospit300 ($43.85 in chips) 
Seat 5: Pippa83 ($111.04 in chips) 
Seat 6: vadjkeee ($123.52 in chips) 
carlospit300: posts small blind $0.50
Pippa83: posts big blind $1
*** HOLE CARDS ***
vadjkeee: folds 
xxxZeka: raises $1.50 to $2.50
1DanP5: folds 
kars0n: folds 
carlospit300: folds 
Pippa83: folds 
Uncalled bet ($1.50) returned to xxxZeka
xxxZeka collected $2.50 from pot
xxxZeka: doesn't show hand 
*** SUMMARY ***
Total pot $2.50 | Rake $0 
Seat 1: xxxZeka collected ($2.50)
Seat 2: 1DanP5 folded before Flop (didn't bet)
Seat 3: kars0n (button) folded before Flop (didn't bet)
Seat 4: carlospit300 (small blind) folded before Flop
Seat 5: Pippa83 (big blind) folded before Flop
Seat 6: vadjkeee folded before Flop (didn't bet)



PokerStars Hand #254569108838:  Hold'em No Limit ($0.50/$1.00 USD) - 2025/01/26 20:55:26 WET [2025/01/26 15:55:26 ET]
Table 'Jugurtha III' 6-max Seat #4 is the button
Seat 1: xxxZeka ($195 in chips) 
Seat 2: 1DanP5 ($98.50 in chips) 
Seat 3: kars0n ($100.74 in chips) 
Seat 4: carlospit300 ($43.35 in chips) 
Seat 5: Pippa83 ($110.04 in chips) 
Seat 6: vadjkeee ($123.52 in chips) 
Pippa83: posts small blind $0.50
vadjkeee: posts big blind $1
*** HOLE CARDS ***
xxxZeka: folds 
1DanP5: folds 
kars0n: folds 
carlospit300: raises $2.50 to $3.50
Pippa83: folds 
vadjkeee: calls $2.50
*** FLOP *** [Ts 6c 6d]
vadjkeee: checks 
carlospit300: checks 
*** TURN *** [Ts 6c 6d] [2h]
vadjkeee: checks 
carlospit300: checks 
*** RIVER *** [Ts 6c 6d 2h] [7c]
vadjkeee: bets $2.50
carlospit300: calls $2.50
*** SHOW DOWN ***
vadjkeee: shows [3c 3s] (two pair, Sixes and Threes)
carlospit300: mucks hand 
vadjkeee collected $11.88 from pot
*** SUMMARY ***
Total pot $12.50 | Rake $0.62 
Board [Ts 6c 6d 2h 7c]
Seat 1: xxxZeka folded before Flop (didn't bet)
Seat 2: 1DanP5 folded before Flop (didn't bet)
Seat 3: kars0n folded before Flop (didn't bet)
Seat 4: carlospit300 (button) mucked
Seat 5: Pippa83 (small blind) folded before Flop
Seat 6: vadjkeee (big blind) showed [3c 3s] and won ($11.88) with two pair, Sixes and Threes



PokerStars Hand #254569116278:  Hold'em No Limit ($0.50/$1.00 USD) - 2025/01/26 20:56:02 WET [2025/01/26 15:56:02 ET]
Table 'Jugurtha III' 6-max Seat #5 is the button
Seat 1: xxxZeka ($195 in chips) 
Seat 2: 1DanP5 ($98.50 in chips) 
Seat 3: kars0n ($100.74 in chips) 
Seat 4: carlospit300 ($37.35 in chips) 
Seat 5: Pippa83 ($109.54 in chips) 
Seat 6: vadjkeee ($129.40 in chips) 
vadjkeee: posts small blind $0.50
xxxZeka: posts big blind $1
*** HOLE CARDS ***
1DanP5: folds 
kars0n: folds 
carlospit300: raises $1 to $2
Pippa83: folds 
vadjkeee: folds 
xxxZeka: folds 
Uncalled bet ($1) returned to carlospit300
carlospit300 collected $2.50 from pot
*** SUMMARY ***
Total pot $2.50 | Rake $0 
Seat 1: xxxZeka (big blind) folded before Flop
Seat 2: 1DanP5 folded before Flop (didn't bet)
Seat 3: kars0n folded before Flop (didn't bet)
Seat 4: carlospit300 collected ($2.50)
Seat 5: Pippa83 (button) folded before Flop (didn't bet)
Seat 6: vadjkeee (small blind) folded before Flop



PokerStars Hand #254569121422:  Hold'em No Limit ($0.50/$1.00 USD) - 2025/01/26 20:56:26 WET [2025/01/26 15:56:26 ET]
Table 'Jugurtha III' 6-max Seat #6 is the button
Seat 1: xxxZeka ($194 in chips) 
Seat 2: 1DanP5 ($98.50 in chips) 
Seat 3: kars0n ($100.74 in chips) 
Seat 4: carlospit300 ($38.85 in chips) 
Seat 5: Pippa83 ($109.54 in chips) 
Seat 6: vadjkeee ($128.90 in chips) 
xxxZeka: posts small blind $0.50
1DanP5: posts big blind $1
*** HOLE CARDS ***
kars0n: folds 
carlospit300: folds 
Pippa83: raises $1.50 to $2.50
vadjkeee: folds 
xxxZeka: folds 
1DanP5: calls $1.50
*** FLOP *** [6h 7c 9h]
1DanP5: bets $2.61
Pippa83: folds 
Uncalled bet ($2.61) returned to 1DanP5
1DanP5 collected $5.22 from pot
1DanP5: doesn't show hand 
*** SUMMARY ***
Total pot $5.50 | Rake $0.28 
Board [6h 7c 9h]
Seat 1: xxxZeka (small blind) folded before Flop
Seat 2: 1DanP5 (big blind) collected ($5.22)
Seat 3: kars0n folded before Flop (didn't bet)
Seat 4: carlospit300 folded before Flop (didn't bet)
Seat 5: Pippa83 folded on the Flop
Seat 6: vadjkeee (button) folded before Flop (didn't bet)



PokerStars Hand #254569127260:  Hold'em No Limit ($0.50/$1.00 USD) - 2025/01/26 20:56:53 WET [2025/01/26 15:56:53 ET]
Table 'Jugurtha III' 6-max Seat #1 is the button
Seat 1: xxxZeka ($193.50 in chips) 
Seat 2: 1DanP5 ($101.22 in chips) 
Seat 3: kars0n ($100.74 in chips) 
Seat 4: carlospit300 ($38.85 in chips) 
Seat 5: Pippa83 ($107.04 in chips) 
Seat 6: vadjkeee ($128.90 in chips) 
1DanP5: posts small blind $0.50
kars0n: posts big blind $1
*** HOLE CARDS ***
carlospit300: folds 
Pippa83: raises $1.20 to $2.20
vadjkeee: folds 
xxxZeka: folds 
1DanP5: raises $4.20 to $6.40
kars0n: folds 
Pippa83: calls $4.20
*** FLOP *** [Qc 3d Jd]
1DanP5: bets $6.56
Pippa83: calls $6.56
*** TURN *** [Qc 3d Jd] [9d]
1DanP5: bets $12.79
Pippa83: calls $12.79
*** RIVER *** [Qc 3d Jd 9d] [5c]
1DanP5: checks 
Pippa83: bets $81.29 and is all-in
1DanP5: folds 
Uncalled bet ($81.29) returned to Pippa83
Pippa83 collected $50 from pot
Pippa83: doesn't show hand 
*** SUMMARY ***
Total pot $52.50 | Rake $2.50 
Board [Qc 3d Jd 9d 5c]
Seat 1: xxxZeka (button) folded before Flop (didn't bet)
Seat 2: 1DanP5 (small blind) folded on the River
Seat 3: kars0n (big blind) folded before Flop
Seat 4: carlospit300 folded before Flop (didn't bet)
Seat 5: Pippa83 collected ($50)
Seat 6: vadjkeee folded before Flop (didn't bet)



PokerStars Hand #254569146714:  Hold'em No Limit ($0.50/$1.00 USD) - 2025/01/26 20:58:23 WET [2025/01/26 15:58:23 ET]
Table 'Jugurtha III' 6-max Seat #2 is the button
Seat 1: xxxZeka ($193.50 in chips) 
Seat 2: 1DanP5 ($75.47 in chips) 
Seat 3: kars0n ($100 in chips) 
Seat 4: carlospit300 ($38.85 in chips) 
Seat 5: Pippa83 ($131.29 in chips) 
Seat 6: vadjkeee ($128.90 in chips) 
kars0n: posts small blind $0.50
carlospit300: posts big blind $1
*** HOLE CARDS ***
Pippa83: folds 
vadjkeee: folds 
xxxZeka: folds 
1DanP5: folds 
kars0n: raises $2 to $3
carlospit300: raises $35.85 to $38.85 and is all-in
kars0n: folds 
Uncalled bet ($35.85) returned to carlospit300
carlospit300 collected $6 from pot
*** SUMMARY ***
Total pot $6 | Rake $0 
Seat 1: xxxZeka folded before Flop (didn't bet)
Seat 2: 1DanP5 (button) folded before Flop (didn't bet)
Seat 3: kars0n (small blind) folded before Flop
Seat 4: carlospit300 (big blind) collected ($6)
Seat 5: Pippa83 folded before Flop (didn't bet)
Seat 6: vadjkeee folded before Flop (didn't bet)



PokerStars Hand #254569150847:  Hold'em No Limit ($0.50/$1.00 USD) - 2025/01/26 20:58:42 WET [2025/01/26 15:58:42 ET]
Table 'Jugurtha III' 6-max Seat #3 is the button
Seat 1: xxxZeka ($193.50 in chips) 
Seat 2: 1DanP5 ($75.47 in chips) 
Seat 3: kars0n ($100 in chips) 
Seat 4: carlospit300 ($41.85 in chips) 
Seat 5: Pippa83 ($131.29 in chips) 
Seat 6: vadjkeee ($128.90 in chips) 
carlospit300: posts small blind $0.50
Pippa83: posts big blind $1
*** HOLE CARDS ***
vadjkeee: folds 
xxxZeka: folds 
1DanP5: raises $2 to $3
kars0n: folds 
carlospit300: folds 
Pippa83: folds 
Uncalled bet ($2) returned to 1DanP5
1DanP5 collected $2.50 from pot
1DanP5: doesn't show hand 
*** SUMMARY ***
Total pot $2.50 | Rake $0 
Seat 1: xxxZeka folded before Flop (didn't bet)
Seat 2: 1DanP5 collected ($2.50)
Seat 3: kars0n (button) folded before Flop (didn't bet)
Seat 4: carlospit300 (small blind) folded before Flop
Seat 5: Pippa83 (big blind) folded before Flop
Seat 6: vadjkeee folded before Flop (didn't bet)



PokerStars Hand #254569154532:  Hold'em No Limit ($0.50/$1.00 USD) - 2025/01/26 20:58:59 WET [2025/01/26 15:58:59 ET]
Table 'Jugurtha III' 6-max Seat #4 is the button
Seat 1: xxxZeka ($193.50 in chips) 
Seat 2: 1DanP5 ($76.97 in chips) 
Seat 3: kars0n ($100 in chips) 
Seat 4: carlospit300 ($41.35 in chips) 
Seat 5: Pippa83 ($130.29 in chips) 
Seat 6: vadjkeee ($128.90 in chips) 
Pippa83: posts small blind $0.50
vadjkeee: posts big blind $1
*** HOLE CARDS ***
xxxZeka: folds 
1DanP5: folds 
kars0n: folds 
carlospit300: folds 
Pippa83: folds 
Uncalled bet ($0.50) returned to vadjkeee
vadjkeee collected $1 from pot
vadjkeee: doesn't show hand 
*** SUMMARY ***
Total pot $1 | Rake $0 
Seat 1: xxxZeka folded before Flop (didn't bet)
Seat 2: 1DanP5 folded before Flop (didn't bet)
Seat 3: kars0n folded before Flop (didn't bet)
Seat 4: carlospit300 (button) folded before Flop (didn't bet)
Seat 5: Pippa83 (small blind) folded before Flop
Seat 6: vadjkeee (big blind) collected ($1)



PokerStars Hand #254569157114:  Hold'em No Limit ($0.50/$1.00 USD) - 2025/01/26 20:59:11 WET [2025/01/26 15:59:11 ET]
Table 'Jugurtha III' 6-max Seat #5 is the button
Seat 1: xxxZeka ($193.50 in chips) 
Seat 2: 1DanP5 ($76.97 in chips) 
Seat 3: kars0n ($100 in chips) 
Seat 4: carlospit300 ($41.35 in chips) 
Seat 5: Pippa83 ($129.79 in chips) 
Seat 6: vadjkeee ($129.40 in chips) 
vadjkeee: posts small blind $0.50
xxxZeka: posts big blind $1
*** HOLE CARDS ***
1DanP5: folds 
kars0n: folds 
carlospit300: folds 
Pippa83: raises $1.50 to $2.50
vadjkeee: folds 
xxxZeka: folds 
Uncalled bet ($1.50) returned to Pippa83
Pippa83 collected $2.50 from pot
Pippa83: doesn't show hand 
*** SUMMARY ***
Total pot $2.50 | Rake $0 
Seat 1: xxxZeka (big blind) folded before Flop
Seat 2: 1DanP5 folded before Flop (didn't bet)
Seat 3: kars0n folded before Flop (didn't bet)
Seat 4: carlospit300 folded before Flop (didn't bet)
Seat 5: Pippa83 (button) collected ($2.50)
Seat 6: vadjkeee (small blind) folded before Flop



PokerStars Hand #254569162444:  Hold'em No Limit ($0.50/$1.00 USD) - 2025/01/26 20:59:35 WET [2025/01/26 15:59:35 ET]
Table 'Jugurtha III' 6-max Seat #6 is the button
Seat 1: xxxZeka ($192.50 in chips) 
Seat 2: 1DanP5 ($76.97 in chips) 
Seat 3: kars0n ($100 in chips) 
Seat 4: carlospit300 ($41.35 in chips) 
Seat 5: Pippa83 ($131.29 in chips) 
Seat 6: vadjkeee ($128.90 in chips) 
xxxZeka: posts small blind $0.50
1DanP5: posts big blind $1
*** HOLE CARDS ***
kars0n: raises $1 to $2
carlospit300: folds 
Pippa83: folds 
vadjkeee: folds 
xxxZeka: calls $1.50
1DanP5: folds 
*** FLOP *** [Jh Ad Th]
xxxZeka: checks 
kars0n: checks 
*** TURN *** [Jh Ad Th] [Qs]
xxxZeka: checks 
kars0n: checks 
*** RIVER *** [Jh Ad Th Qs] [Jc]
xxxZeka: bets $2
kars0n: raises $5.50 to $7.50
xxxZeka: folds 
Uncalled bet ($5.50) returned to kars0n
kars0n collected $8.55 from pot
kars0n: doesn't show hand 
*** SUMMARY ***
Total pot $9 | Rake $0.45 
Board [Jh Ad Th Qs Jc]
Seat 1: xxxZeka (small blind) folded on the River
Seat 2: 1DanP5 (big blind) folded before Flop
Seat 3: kars0n collected ($8.55)
Seat 4: carlospit300 folded before Flop (didn't bet)
Seat 5: Pippa83 folded before Flop (didn't bet)
Seat 6: vadjkeee (button) folded before Flop (didn't bet)



PokerStars Hand #254569180776:  Hold'em No Limit ($0.50/$1.00 USD) - 2025/01/26 21:00:55 WET [2025/01/26 16:00:55 ET]
Table 'Jugurtha III' 6-max Seat #1 is the button
Seat 1: xxxZeka ($188.50 in chips) 
Seat 2: 1DanP5 ($75.97 in chips) 
Seat 3: kars0n ($104.55 in chips) 
Seat 4: carlospit300 ($41.35 in chips) 
Seat 5: Pippa83 ($131.29 in chips) 
Seat 6: vadjkeee ($128.90 in chips) 
1DanP5: posts small blind $0.50
kars0n: posts big blind $1
*** HOLE CARDS ***
carlospit300: folds 
Pippa83: raises $1.20 to $2.20
vadjkeee: folds 
xxxZeka: folds 
1DanP5: folds 
kars0n: folds 
Uncalled bet ($1.20) returned to Pippa83
Pippa83 collected $2.50 from pot
Pippa83: doesn't show hand 
*** SUMMARY ***
Total pot $2.50 | Rake $0 
Seat 1: xxxZeka (button) folded before Flop (didn't bet)
Seat 2: 1DanP5 (small blind) folded before Flop
Seat 3: kars0n (big blind) folded before Flop
Seat 4: carlospit300 folded before Flop (didn't bet)
Seat 5: Pippa83 collected ($2.50)
Seat 6: vadjkeee folded before Flop (didn't bet)



PokerStars Hand #254569184916:  Hold'em No Limit ($0.50/$1.00 USD) - 2025/01/26 21:01:11 WET [2025/01/26 16:01:11 ET]
Table 'Jugurtha III' 6-max Seat #2 is the button
Seat 1: xxxZeka ($188.50 in chips) 
Seat 2: 1DanP5 ($75.47 in chips) 
Seat 3: kars0n ($103.55 in chips) 
Seat 4: carlospit300 ($41.35 in chips) 
Seat 5: Pippa83 ($132.79 in chips) 
Seat 6: vadjkeee ($128.90 in chips) 
kars0n: posts small blind $0.50
carlospit300: posts big blind $1
*** HOLE CARDS ***
Pippa83: folds 
vadjkeee: raises $1.50 to $2.50
xxxZeka: folds 
1DanP5: folds 
kars0n: folds 
carlospit300: folds 
Uncalled bet ($1.50) returned to vadjkeee
vadjkeee collected $2.50 from pot
vadjkeee: doesn't show hand 
*** SUMMARY ***
Total pot $2.50 | Rake $0 
Seat 1: xxxZeka folded before Flop (didn't bet)
Seat 2: 1DanP5 (button) folded before Flop (didn't bet)
Seat 3: kars0n (small blind) folded before Flop
Seat 4: carlospit300 (big blind) folded before Flop
Seat 5: Pippa83 folded before Flop (didn't bet)
Seat 6: vadjkeee collected ($2.50)



PokerStars Hand #254569189265:  Hold'em No Limit ($0.50/$1.00 USD) - 2025/01/26 21:01:27 WET [2025/01/26 16:01:27 ET]
Table 'Jugurtha III' 6-max Seat #3 is the button
Seat 1: xxxZeka ($188.50 in chips) 
Seat 2: 1DanP5 ($75.47 in chips) 
Seat 3: kars0n ($103.05 in chips) 
Seat 4: carlospit300 ($40.35 in chips) 
Seat 5: Pippa83 ($132.79 in chips) 
Seat 6: vadjkeee ($130.40 in chips) 
carlospit300: posts small blind $0.50
Pippa83: posts big blind $1
*** HOLE CARDS ***
vadjkeee: folds 
xxxZeka: folds 
1DanP5: folds 
kars0n: raises $1.50 to $2.50
carlospit300: calls $2
Pippa83: calls $1.50
*** FLOP *** [9s 7s Qs]
carlospit300: checks 
Pippa83: checks 
kars0n: checks 
*** TURN *** [9s 7s Qs] [8h]
carlospit300: checks 
Pippa83: bets $5.34
kars0n: folds 
carlospit300: folds 
Uncalled bet ($5.34) returned to Pippa83
Pippa83 collected $7.12 from pot
Pippa83: doesn't show hand 
*** SUMMARY ***
Total pot $7.50 | Rake $0.38 
Board [9s 7s Qs 8h]
Seat 1: xxxZeka folded before Flop (didn't bet)
Seat 2: 1DanP5 folded before Flop (didn't bet)
Seat 3: kars0n (button) folded on the Turn
Seat 4: carlospit300 (small blind) folded on the Turn
Seat 5: Pippa83 (big blind) collected ($7.12)
Seat 6: vadjkeee folded before Flop (didn't bet)



PokerStars Hand #254569204407:  Hold'em No Limit ($0.50/$1.00 USD) - 2025/01/26 21:02:17 WET [2025/01/26 16:02:17 ET]
Table 'Jugurtha III' 6-max Seat #4 is the button
Seat 1: xxxZeka ($188.50 in chips) 
Seat 2: 1DanP5 ($75.47 in chips) 
Seat 3: kars0n ($100.55 in chips) 
Seat 4: carlospit300 ($37.85 in chips) 
Seat 5: Pippa83 ($137.41 in chips) 
Seat 6: vadjkeee ($130.40 in chips) 
Pippa83: posts small blind $0.50
vadjkeee: posts big blind $1
*** HOLE CARDS ***
xxxZeka: folds 
1DanP5: folds 
kars0n: folds 
carlospit300: raises $36.85 to $37.85 and is all-in
Pippa83: folds 
vadjkeee: folds 
Uncalled bet ($36.85) returned to carlospit300
carlospit300 collected $2.50 from pot
*** SUMMARY ***
Total pot $2.50 | Rake $0 
Seat 1: xxxZeka folded before Flop (didn't bet)
Seat 2: 1DanP5 folded before Flop (didn't bet)
Seat 3: kars0n folded before Flop (didn't bet)
Seat 4: carlospit300 (button) collected ($2.50)
Seat 5: Pippa83 (small blind) folded before Flop
Seat 6: vadjkeee (big blind) folded before Flop



PokerStars Hand #254569211206:  Hold'em No Limit ($0.50/$1.00 USD) - 2025/01/26 21:02:37 WET [2025/01/26 16:02:37 ET]
Table 'Jugurtha III' 6-max Seat #5 is the button
Seat 1: xxxZeka ($188.50 in chips) 
Seat 2: 1DanP5 ($75.47 in chips) 
Seat 3: kars0n ($100.55 in chips) 
Seat 4: carlospit300 ($39.35 in chips) 
Seat 5: Pippa83 ($136.91 in chips) 
Seat 6: vadjkeee ($129.40 in chips) 
vadjkeee: posts small blind $0.50
xxxZeka: posts big blind $1
*** HOLE CARDS ***
1DanP5: folds 
kars0n: raises $1 to $2
carlospit300: calls $2
Pippa83: folds 
vadjkeee: folds 
xxxZeka: calls $1
*** FLOP *** [8s Qs Js]
xxxZeka: checks 
kars0n: checks 
carlospit300: checks 
*** TURN *** [8s Qs Js] [3c]
xxxZeka: bets $4.76
kars0n: folds 
carlospit300: folds 
Uncalled bet ($4.76) returned to xxxZeka
xxxZeka collected $6.18 from pot
xxxZeka: doesn't show hand 
*** SUMMARY ***
Total pot $6.50 | Rake $0.32 
Board [8s Qs Js 3c]
Seat 1: xxxZeka (big blind) collected ($6.18)
Seat 2: 1DanP5 folded before Flop (didn't bet)
Seat 3: kars0n folded on the Turn
Seat 4: carlospit300 folded on the Turn
Seat 5: Pippa83 (button) folded before Flop (didn't bet)
Seat 6: vadjkeee (small blind) folded before Flop



PokerStars Hand #254569228772:  Hold'em No Limit ($0.50/$1.00 USD) - 2025/01/26 21:03:25 WET [2025/01/26 16:03:25 ET]
Table 'Jugurtha III' 6-max Seat #6 is the button
Seat 1: xxxZeka ($192.68 in chips) 
Seat 2: 1DanP5 ($75.47 in chips) 
Seat 3: kars0n ($100 in chips) 
Seat 4: carlospit300 ($37.35 in chips) 
Seat 5: Pippa83 ($136.91 in chips) 
Seat 6: vadjkeee ($128.90 in chips) 
xxxZeka: posts small blind $0.50
1DanP5: posts big blind $1
*** HOLE CARDS ***
kars0n: folds 
carlospit300: folds 
Pippa83: raises $1.50 to $2.50
vadjkeee: folds 
xxxZeka: folds 
1DanP5: calls $1.50
*** FLOP *** [2d 5c Js]
1DanP5: checks 
Pippa83: bets $1.31
1DanP5: folds 
Uncalled bet ($1.31) returned to Pippa83
Pippa83 collected $5.22 from pot
Pippa83: doesn't show hand 
*** SUMMARY ***
Total pot $5.50 | Rake $0.28 
Board [2d 5c Js]
Seat 1: xxxZeka (small blind) folded before Flop
Seat 2: 1DanP5 (big blind) folded on the Flop
Seat 3: kars0n folded before Flop (didn't bet)
Seat 4: carlospit300 folded before Flop (didn't bet)
Seat 5: Pippa83 collected ($5.22)
Seat 6: vadjkeee (button) folded before Flop (didn't bet)



PokerStars Hand #254569240942:  Hold'em No Limit ($0.50/$1.00 USD) - 2025/01/26 21:03:57 WET [2025/01/26 16:03:57 ET]
Table 'Jugurtha III' 6-max Seat #1 is the button
Seat 1: xxxZeka ($192.18 in chips) 
Seat 2: 1DanP5 ($72.97 in chips) 
Seat 3: kars0n ($100 in chips) 
Seat 4: carlospit300 ($37.35 in chips) 
Seat 5: Pippa83 ($139.63 in chips) 
Seat 6: vadjkeee ($128.90 in chips) 
1DanP5: posts small blind $0.50
kars0n: posts big blind $1
*** HOLE CARDS ***
carlospit300: calls $1
Pippa83: folds 
vadjkeee: folds 
xxxZeka: raises $3 to $4
1DanP5: folds 
kars0n: folds 
carlospit300: raises $33.35 to $37.35 and is all-in
xxxZeka: folds 
Uncalled bet ($33.35) returned to carlospit300
carlospit300 collected $9.50 from pot
*** SUMMARY ***
Total pot $9.50 | Rake $0 
Seat 1: xxxZeka (button) folded before Flop
Seat 2: 1DanP5 (small blind) folded before Flop
Seat 3: kars0n (big blind) folded before Flop
Seat 4: carlospit300 collected ($9.50)
Seat 5: Pippa83 folded before Flop (didn't bet)
Seat 6: vadjkeee folded before Flop (didn't bet)



PokerStars Hand #254569253941:  Hold'em No Limit ($0.50/$1.00 USD) - 2025/01/26 21:04:32 WET [2025/01/26 16:04:32 ET]
Table 'Jugurtha III' 6-max Seat #2 is the button
Seat 1: xxxZeka ($188.18 in chips) 
Seat 2: 1DanP5 ($72.47 in chips) 
Seat 3: kars0n ($100 in chips) 
Seat 4: carlospit300 ($42.85 in chips) 
Seat 5: Pippa83 ($139.63 in chips) 
Seat 6: vadjkeee ($128.90 in chips) 
kars0n: posts small blind $0.50
carlospit300: posts big blind $1
*** HOLE CARDS ***
Pippa83: raises $1.20 to $2.20
vadjkeee: folds 
xxxZeka: calls $2.20
1DanP5: folds 
kars0n: folds 
carlospit300: calls $1.20
*** FLOP *** [7d 7c 3c]
carlospit300: checks 
Pippa83: checks 
xxxZeka: checks 
*** TURN *** [7d 7c 3c] [6s]
carlospit300: checks 
Pippa83: bets $3.50
xxxZeka: folds 
carlospit300: raises $37.15 to $40.65 and is all-in
Pippa83: folds 
Uncalled bet ($37.15) returned to carlospit300
carlospit300 collected $13.40 from pot
*** SUMMARY ***
Total pot $14.10 | Rake $0.70 
Board [7d 7c 3c 6s]
Seat 1: xxxZeka folded on the Turn
Seat 2: 1DanP5 (button) folded before Flop (didn't bet)
Seat 3: kars0n (small blind) folded before Flop
Seat 4: carlospit300 (big blind) collected ($13.40)
Seat 5: Pippa83 folded on the Turn
Seat 6: vadjkeee folded before Flop (didn't bet)



PokerStars Hand #254569279799:  Hold'em No Limit ($0.50/$1.00 USD) - 2025/01/26 21:05:41 WET [2025/01/26 16:05:41 ET]
Table 'Jugurtha III' 6-max Seat #3 is the button
Seat 1: xxxZeka ($185.98 in chips) 
Seat 2: 1DanP5 ($72.47 in chips) 
Seat 3: kars0n ($100 in chips) 
Seat 4: carlospit300 ($50.55 in chips) 
Seat 5: Pippa83 ($133.93 in chips) 
Seat 6: vadjkeee ($128.90 in chips) 
carlospit300: posts small blind $0.50
Pippa83: posts big blind $1
*** HOLE CARDS ***
vadjkeee: folds 
xxxZeka: raises $1.50 to $2.50
1DanP5: folds 
kars0n: folds 
carlospit300: calls $2
Pippa83: folds 
*** FLOP *** [2c Tc 3s]
carlospit300: checks 
xxxZeka: checks 
*** TURN *** [2c Tc 3s] [6h]
carlospit300: checks 
xxxZeka: bets $3.76
carlospit300: calls $3.76
*** RIVER *** [2c Tc 3s 6h] [5h]
carlospit300: checks 
xxxZeka: checks 
*** SHOW DOWN ***
carlospit300: shows [Qh 8c] (high card Queen)
xxxZeka: shows [9s 9c] (a pair of Nines)
xxxZeka collected $12.84 from pot
*** SUMMARY ***
Total pot $13.52 | Rake $0.68 
Board [2c Tc 3s 6h 5h]
Seat 1: xxxZeka showed [9s 9c] and won ($12.84) with a pair of Nines
Seat 2: 1DanP5 folded before Flop (didn't bet)
Seat 3: kars0n (button) folded before Flop (didn't bet)
Seat 4: carlospit300 (small blind) showed [Qh 8c] and lost with high card Queen
Seat 5: Pippa83 (big blind) folded before Flop
Seat 6: vadjkeee folded before Flop (didn't bet)



PokerStars Hand #254569291148:  Hold'em No Limit ($0.50/$1.00 USD) - 2025/01/26 21:06:11 WET [2025/01/26 16:06:11 ET]
Table 'Jugurtha III' 6-max Seat #4 is the button
Seat 1: xxxZeka ($192.56 in chips) 
Seat 2: 1DanP5 ($72.47 in chips) 
Seat 3: kars0n ($100 in chips) 
Seat 4: carlospit300 ($44.29 in chips) 
Seat 5: Pippa83 ($132.93 in chips) 
Seat 6: vadjkeee ($128.90 in chips) 
Pippa83: posts small blind $0.50
vadjkeee: posts big blind $1
*** HOLE CARDS ***
xxxZeka: raises $1.50 to $2.50
1DanP5: folds 
kars0n: folds 
carlospit300: calls $2.50
Pippa83: folds 
vadjkeee: folds 
*** FLOP *** [3d Jc Qd]
xxxZeka: checks 
carlospit300: bets $3.09
xxxZeka: folds 
Uncalled bet ($3.09) returned to carlospit300
carlospit300 collected $6.18 from pot
*** SUMMARY ***
Total pot $6.50 | Rake $0.32 
Board [3d Jc Qd]
Seat 1: xxxZeka folded on the Flop
Seat 2: 1DanP5 folded before Flop (didn't bet)
Seat 3: kars0n folded before Flop (didn't bet)
Seat 4: carlospit300 (button) collected ($6.18)
Seat 5: Pippa83 (small blind) folded before Flop
Seat 6: vadjkeee (big blind) folded before Flop



PokerStars Hand #254569305303:  Hold'em No Limit ($0.50/$1.00 USD) - 2025/01/26 21:06:48 WET [2025/01/26 16:06:48 ET]
Table 'Jugurtha III' 6-max Seat #5 is the button
Seat 1: xxxZeka ($190.06 in chips) 
Seat 2: 1DanP5 ($72.47 in chips) 
Seat 3: kars0n ($100 in chips) 
Seat 4: carlospit300 ($47.97 in chips) 
Seat 5: Pippa83 ($132.43 in chips) 
Seat 6: vadjkeee ($127.90 in chips) 
vadjkeee: posts small blind $0.50
xxxZeka: posts big blind $1
*** HOLE CARDS ***
1DanP5: folds 
kars0n: raises $1 to $2
carlospit300: folds 
Pippa83: folds 
vadjkeee: folds 
xxxZeka: calls $1
*** FLOP *** [5c Kh Qd]
xxxZeka: checks 
kars0n: checks 
*** TURN *** [5c Kh Qd] [5d]
xxxZeka: checks 
kars0n: checks 
*** RIVER *** [5c Kh Qd 5d] [As]
xxxZeka: bets $1.41
kars0n: calls $1.41
*** SHOW DOWN ***
xxxZeka: shows [Th 9h] (a pair of Fives)
kars0n: shows [Qc Jh] (two pair, Queens and Fives)
kars0n collected $6.95 from pot
*** SUMMARY ***
Total pot $7.32 | Rake $0.37 
Board [5c Kh Qd 5d As]
Seat 1: xxxZeka (big blind) showed [Th 9h] and lost with a pair of Fives
Seat 2: 1DanP5 folded before Flop (didn't bet)
Seat 3: kars0n showed [Qc Jh] and won ($6.95) with two pair, Queens and Fives
Seat 4: carlospit300 folded before Flop (didn't bet)
Seat 5: Pippa83 (button) folded before Flop (didn't bet)
Seat 6: vadjkeee (small blind) folded before Flop



PokerStars Hand #254569331835:  Hold'em No Limit ($0.50/$1.00 USD) - 2025/01/26 21:07:59 WET [2025/01/26 16:07:59 ET]
Table 'Jugurtha III' 6-max Seat #6 is the button
Seat 1: xxxZeka ($186.65 in chips) 
Seat 2: 1DanP5 ($72.47 in chips) 
Seat 3: kars0n ($103.54 in chips) 
Seat 4: carlospit300 ($47.97 in chips) 
Seat 5: Pippa83 ($132.43 in chips) 
Seat 6: vadjkeee ($127.40 in chips) 
xxxZeka: posts small blind $0.50
1DanP5: posts big blind $1
*** HOLE CARDS ***
kars0n: folds 
carlospit300: folds 
Pippa83: folds 
vadjkeee: folds 
xxxZeka: raises $1.50 to $2.50
1DanP5: raises $1.50 to $4
xxxZeka: calls $1.50
*** FLOP *** [6s Th Ac]
xxxZeka: checks 
1DanP5: checks 
*** TURN *** [6s Th Ac] [9h]
xxxZeka: checks 
1DanP5: checks 
*** RIVER *** [6s Th Ac 9h] [9d]
xxxZeka: checks 
kars0n leaves the table
1DanP5: bets $35
xxxZeka: folds 
Uncalled bet ($35) returned to 1DanP5
GibbexV2 joins the table at seat #3 
1DanP5 collected $7.60 from pot
1DanP5: doesn't show hand 
*** SUMMARY ***
Total pot $8 | Rake $0.40 
Board [6s Th Ac 9h 9d]
Seat 1: xxxZeka (small blind) folded on the River
Seat 2: 1DanP5 (big blind) collected ($7.60)
Seat 3: kars0n folded before Flop (didn't bet)
Seat 4: carlospit300 folded before Flop (didn't bet)
Seat 5: Pippa83 folded before Flop (didn't bet)
Seat 6: vadjkeee (button) folded before Flop (didn't bet)



PokerStars Hand #254569371422:  Hold'em No Limit ($0.50/$1.00 USD) - 2025/01/26 21:09:45 WET [2025/01/26 16:09:45 ET]
Table 'Jugurtha III' 6-max Seat #1 is the button
Seat 1: xxxZeka ($182.65 in chips) 
Seat 2: 1DanP5 ($76.07 in chips) 
Seat 3: GibbexV2 ($80 in chips) 
Seat 4: carlospit300 ($47.97 in chips) 
Seat 5: Pippa83 ($132.43 in chips) 
Seat 6: vadjkeee ($127.40 in chips) 
1DanP5: posts small blind $0.50
GibbexV2: posts big blind $1
*** HOLE CARDS ***
carlospit300: raises $1 to $2
Pippa83: folds 
vadjkeee: folds 
xxxZeka: folds 
1DanP5: calls $1.50
GibbexV2: calls $1
*** FLOP *** [7h As Qh]
1DanP5: checks 
GibbexV2: checks 
carlospit300: bets $2.85
1DanP5: folds 
GibbexV2: folds 
Uncalled bet ($2.85) returned to carlospit300
carlospit300 collected $5.70 from pot
*** SUMMARY ***
Total pot $6 | Rake $0.30 
Board [7h As Qh]
Seat 1: xxxZeka (button) folded before Flop (didn't bet)
Seat 2: 1DanP5 (small blind) folded on the Flop
Seat 3: GibbexV2 (big blind) folded on the Flop
Seat 4: carlospit300 collected ($5.70)
Seat 5: Pippa83 folded before Flop (didn't bet)
Seat 6: vadjkeee folded before Flop (didn't bet)



PokerStars Hand #254569387059:  Hold'em No Limit ($0.50/$1.00 USD) - 2025/01/26 21:10:26 WET [2025/01/26 16:10:26 ET]
Table 'Jugurtha III' 6-max Seat #2 is the button
Seat 1: xxxZeka ($182.65 in chips) 
Seat 2: 1DanP5 ($74.07 in chips) 
Seat 3: GibbexV2 ($78 in chips) 
Seat 4: carlospit300 ($51.67 in chips) 
Seat 5: Pippa83 ($132.43 in chips) 
Seat 6: vadjkeee ($127.40 in chips) 
GibbexV2: posts small blind $0.50
carlospit300: posts big blind $1
*** HOLE CARDS ***
Pippa83: folds 
vadjkeee: folds 
xxxZeka: folds 
1DanP5: folds 
GibbexV2: raises $2 to $3
carlospit300: raises $48.67 to $51.67 and is all-in
GibbexV2: folds 
Uncalled bet ($48.67) returned to carlospit300
carlospit300 collected $6 from pot
*** SUMMARY ***
Total pot $6 | Rake $0 
Seat 1: xxxZeka folded before Flop (didn't bet)
Seat 2: 1DanP5 (button) folded before Flop (didn't bet)
Seat 3: GibbexV2 (small blind) folded before Flop
Seat 4: carlospit300 (big blind) collected ($6)
Seat 5: Pippa83 folded before Flop (didn't bet)
Seat 6: vadjkeee folded before Flop (didn't bet)



PokerStars Hand #254569394630:  Hold'em No Limit ($0.50/$1.00 USD) - 2025/01/26 21:10:46 WET [2025/01/26 16:10:46 ET]
Table 'Jugurtha III' 6-max Seat #3 is the button
Seat 1: xxxZeka ($182.65 in chips) 
Seat 2: 1DanP5 ($74.07 in chips) 
Seat 3: GibbexV2 ($75 in chips) 
Seat 4: carlospit300 ($54.67 in chips) 
Seat 5: Pippa83 ($132.43 in chips) 
Seat 6: vadjkeee ($127.40 in chips) 
carlospit300: posts small blind $0.50
Pippa83: posts big blind $1
*** HOLE CARDS ***
vadjkeee: folds 
xxxZeka: folds 
1DanP5: raises $2 to $3
GibbexV2: folds 
carlospit300: calls $2.50
Pippa83: raises $12 to $15
1DanP5: calls $12
carlospit300: raises $39.67 to $54.67 and is all-in
Pippa83: raises $77.76 to $132.43 and is all-in
1DanP5: calls $59.07 and is all-in
Uncalled bet ($58.36) returned to Pippa83
*** FLOP *** [8c 5c Qs]
*** TURN *** [8c 5c Qs] [Ks]
*** RIVER *** [8c 5c Qs Ks] [Td]
*** SHOW DOWN ***
Pippa83: shows [Ad Qh] (a pair of Queens)
1DanP5: shows [9d As] (high card Ace)
Pippa83 collected $38.80 from side pot
carlospit300: shows [9c Jh] (a straight, Nine to King)
carlospit300 cashed out the hand for $38.65 | Cash Out Fee $0.79
*** SUMMARY ***
Total pot $202.81 Main pot $161.51. Side pot $38.80. | Rake $2.50 
Board [8c 5c Qs Ks Td]
Seat 1: xxxZeka folded before Flop (didn't bet)
Seat 2: 1DanP5 showed [9d As] and lost with high card Ace
Seat 3: GibbexV2 (button) folded before Flop (didn't bet)
Seat 4: carlospit300 (small blind) showed [9c Jh] and won ($161.51) with a straight, Nine to King (pot not awarded as player cashed out)
Seat 5: Pippa83 (big blind) showed [Ad Qh] and won ($38.80) with a pair of Queens
Seat 6: vadjkeee folded before Flop (didn't bet)



PokerStars Hand #254569415704:  Hold'em No Limit ($0.50/$1.00 USD) - 2025/01/26 21:11:41 WET [2025/01/26 16:11:41 ET]
Table 'Jugurtha III' 6-max Seat #4 is the button
Seat 2: 1DanP5 ($0 in chips) is sitting out
Seat 1: xxxZeka ($182.65 in chips) 
Seat 3: GibbexV2 ($75 in chips) 
Seat 4: carlospit300 ($38.65 in chips) 
Seat 5: Pippa83 ($100 in chips) 
Seat 6: vadjkeee ($127.40 in chips) 
Pippa83: posts small blind $0.50
vadjkeee: posts big blind $1
*** HOLE CARDS ***
xxxZeka: folds 
1DanP5 leaves the table
GibbexV2: raises $2 to $3
carlospit300: folds 
carlospit300 leaves the table
Pippa83: folds 
vadjkeee: raises $9 to $12
GibbexV2: folds 
Uncalled bet ($9) returned to vadjkeee
vadjkeee collected $6.50 from pot
vadjkeee: doesn't show hand 
*** SUMMARY ***
Total pot $6.50 | Rake $0 
Seat 2: 1DanP5
Seat 1: xxxZeka folded before Flop (didn't bet)
Seat 3: GibbexV2 folded before Flop
Seat 4: carlospit300 (button) folded before Flop (didn't bet)
Seat 5: Pippa83 (small blind) folded before Flop
Seat 6: vadjkeee (big blind) collected ($6.50)



PokerStars Hand #254569424607:  Hold'em No Limit ($0.50/$1.00 USD) - 2025/01/26 21:12:04 WET [2025/01/26 16:12:04 ET]
Table 'Jugurtha III' 6-max Seat #5 is the button
Seat 1: xxxZeka ($182.65 in chips) 
Seat 3: GibbexV2 ($72 in chips) 
Seat 5: Pippa83 ($100 in chips) 
Seat 6: vadjkeee ($130.90 in chips) 
vadjkeee: posts small blind $0.50
xxxZeka: posts big blind $1
*** HOLE CARDS ***
GibbexV2: raises $2 to $3
Pippa83: folds 
vadjkeee: raises $8 to $11
xxxZeka: folds 
GibbexV2: calls $8
*** FLOP *** [Td Qc 9c]
vadjkeee: bets $7.26
GibbexV2: folds 
Uncalled bet ($7.26) returned to vadjkeee
vadjkeee collected $22 from pot
vadjkeee: doesn't show hand 
*** SUMMARY ***
Total pot $23 | Rake $1 
Board [Td Qc 9c]
Seat 1: xxxZeka (big blind) folded before Flop
Seat 3: GibbexV2 folded on the Flop
Seat 5: Pippa83 (button) folded before Flop (didn't bet)
Seat 6: vadjkeee (small blind) collected ($22)



PokerStars Hand #254569442577:  Hold'em No Limit ($0.50/$1.00 USD) - 2025/01/26 21:12:51 WET [2025/01/26 16:12:51 ET]
Table 'Jugurtha III' 6-max Seat #6 is the button
Seat 1: xxxZeka ($181.65 in chips) 
Seat 3: GibbexV2 ($61 in chips) 
Seat 5: Pippa83 ($100 in chips) 
Seat 6: vadjkeee ($141.90 in chips) 
xxxZeka: posts small blind $0.50
GibbexV2: posts big blind $1
*** HOLE CARDS ***
Pippa83: raises $1.50 to $2.50
Maximysss85 joins the table at seat #4 
jemo hood101 joins the table at seat #2 
jemo hood101 is disconnected 
vadjkeee: folds 
xxxZeka: folds 
GibbexV2: calls $1.50
*** FLOP *** [9c Ks Jc]
GibbexV2: checks 
Pippa83: bets $1.31
GibbexV2: calls $1.31
*** TURN *** [9c Ks Jc] [4h]
GibbexV2: checks 
Pippa83: bets $5.78
GibbexV2: folds 
Uncalled bet ($5.78) returned to Pippa83
Pippa83 collected $7.71 from pot
Pippa83: doesn't show hand 
*** SUMMARY ***
Total pot $8.12 | Rake $0.41 
Board [9c Ks Jc 4h]
Seat 1: xxxZeka (small blind) folded before Flop
Seat 3: GibbexV2 (big blind) folded on the Turn
Seat 5: Pippa83 collected ($7.71)
Seat 6: vadjkeee (button) folded before Flop (didn't bet)



PokerStars Hand #254569461164:  Hold'em No Limit ($0.50/$1.00 USD) - 2025/01/26 21:13:40 WET [2025/01/26 16:13:40 ET]
Table 'Jugurtha III' 6-max Seat #1 is the button
Seat 2: jemo hood101 ($100 in chips) is sitting out
Seat 1: xxxZeka ($181.15 in chips) 
Seat 3: GibbexV2 ($57.19 in chips) 
Seat 4: Maximysss85 ($100 in chips) 
Seat 5: Pippa83 ($103.90 in chips) 
Seat 6: vadjkeee ($141.90 in chips) 
GibbexV2: posts small blind $0.50
Maximysss85: posts big blind $1
*** HOLE CARDS ***
Pippa83: raises $1.20 to $2.20
vadjkeee: folds 
xxxZeka: folds 
GibbexV2: folds 
Maximysss85: folds 
Uncalled bet ($1.20) returned to Pippa83
Pippa83 collected $2.50 from pot
Pippa83: doesn't show hand 
*** SUMMARY ***
Total pot $2.50 | Rake $0 
Seat 2: jemo hood101
Seat 1: xxxZeka (button) folded before Flop (didn't bet)
Seat 3: GibbexV2 (small blind) folded before Flop
Seat 4: Maximysss85 (big blind) folded before Flop
Seat 5: Pippa83 collected ($2.50)
Seat 6: vadjkeee folded before Flop (didn't bet)



PokerStars Hand #254569468806:  Hold'em No Limit ($0.50/$1.00 USD) - 2025/01/26 21:14:00 WET [2025/01/26 16:14:00 ET]
Table 'Jugurtha III' 6-max Seat #3 is the button
Seat 1: xxxZeka ($181.15 in chips) 
Seat 2: jemo hood101 ($100 in chips) 
Seat 3: GibbexV2 ($56.69 in chips) 
Seat 4: Maximysss85 ($100 in chips) 
Seat 5: Pippa83 ($105.40 in chips) 
Seat 6: vadjkeee ($141.90 in chips) 
Maximysss85: posts small blind $0.50
Pippa83: posts big blind $1
jemo hood101: posts big blind $1
*** HOLE CARDS ***
vadjkeee: folds 
xxxZeka: raises $3 to $4
jemo hood101: folds 
GibbexV2: folds 
Maximysss85: folds 
Pippa83: folds 
Uncalled bet ($3) returned to xxxZeka
xxxZeka collected $3.50 from pot
xxxZeka: doesn't show hand 
*** SUMMARY ***
Total pot $3.50 | Rake $0 
Seat 1: xxxZeka collected ($3.50)
Seat 2: jemo hood101 folded before Flop (didn't bet)
Seat 3: GibbexV2 (button) folded before Flop (didn't bet)
Seat 4: Maximysss85 (small blind) folded before Flop
Seat 5: Pippa83 (big blind) folded before Flop
Seat 6: vadjkeee folded before Flop (didn't bet)



PokerStars Hand #254569476115:  Hold'em No Limit ($0.50/$1.00 USD) - 2025/01/26 21:14:19 WET [2025/01/26 16:14:19 ET]
Table 'Jugurtha III' 6-max Seat #4 is the button
Seat 1: xxxZeka ($183.65 in chips) 
Seat 2: jemo hood101 ($99 in chips) 
Seat 3: GibbexV2 ($56.69 in chips) 
Seat 4: Maximysss85 ($100 in chips) 
Seat 5: Pippa83 ($104.40 in chips) 
Seat 6: vadjkeee ($141.90 in chips) 
Pippa83: posts small blind $0.50
vadjkeee: posts big blind $1
*** HOLE CARDS ***
xxxZeka: folds 
jemo hood101: folds 
GibbexV2: raises $2 to $3
Maximysss85: folds 
Pippa83: folds 
vadjkeee: folds 
Uncalled bet ($2) returned to GibbexV2
GibbexV2 collected $2.50 from pot
GibbexV2: doesn't show hand 
*** SUMMARY ***
Total pot $2.50 | Rake $0 
Seat 1: xxxZeka folded before Flop (didn't bet)
Seat 2: jemo hood101 folded before Flop (didn't bet)
Seat 3: GibbexV2 collected ($2.50)
Seat 4: Maximysss85 (button) folded before Flop (didn't bet)
Seat 5: Pippa83 (small blind) folded before Flop
Seat 6: vadjkeee (big blind) folded before Flop



PokerStars Hand #254569483362:  Hold'em No Limit ($0.50/$1.00 USD) - 2025/01/26 21:14:38 WET [2025/01/26 16:14:38 ET]
Table 'Jugurtha III' 6-max Seat #5 is the button
Seat 1: xxxZeka ($183.65 in chips) 
Seat 2: jemo hood101 ($99 in chips) 
Seat 3: GibbexV2 ($58.19 in chips) 
Seat 4: Maximysss85 ($100 in chips) 
Seat 5: Pippa83 ($103.90 in chips) 
Seat 6: vadjkeee ($140.90 in chips) 
vadjkeee: posts small blind $0.50
xxxZeka: posts big blind $1
*** HOLE CARDS ***
jemo hood101: raises $1 to $2
GibbexV2: folds 
Maximysss85: raises $5.50 to $7.50
Pippa83: folds 
vadjkeee: folds 
xxxZeka: folds 
jemo hood101: calls $5.50
*** FLOP *** [Td 2s 6h]
jemo hood101: bets $3
Maximysss85: calls $3
*** TURN *** [Td 2s 6h] [Ks]
jemo hood101: bets $3
Maximysss85: raises $15 to $18
jemo hood101: folds 
Uncalled bet ($15) returned to Maximysss85
Maximysss85 collected $27.08 from pot
Maximysss85: doesn't show hand 
*** SUMMARY ***
Total pot $28.50 | Rake $1.42 
Board [Td 2s 6h Ks]
Seat 1: xxxZeka (big blind) folded before Flop
Seat 2: jemo hood101 folded on the Turn
Seat 3: GibbexV2 folded before Flop (didn't bet)
Seat 4: Maximysss85 collected ($27.08)
Seat 5: Pippa83 (button) folded before Flop (didn't bet)
Seat 6: vadjkeee (small blind) folded before Flop



PokerStars Hand #254569500475:  Hold'em No Limit ($0.50/$1.00 USD) - 2025/01/26 21:15:22 WET [2025/01/26 16:15:22 ET]
Table 'Jugurtha III' 6-max Seat #6 is the button
Seat 1: xxxZeka ($182.65 in chips) 
Seat 2: jemo hood101 ($85.50 in chips) 
Seat 3: GibbexV2 ($58.19 in chips) 
Seat 4: Maximysss85 ($113.58 in chips) 
Seat 5: Pippa83 ($103.90 in chips) 
Seat 6: vadjkeee ($140.40 in chips) 
xxxZeka: posts small blind $0.50
jemo hood101: posts big blind $1
*** HOLE CARDS ***
GibbexV2: raises $2 to $3
Maximysss85: folds 
Pippa83: folds 
vadjkeee: folds 
xxxZeka: folds 
jemo hood101: calls $2
*** FLOP *** [8c As 5h]
jemo hood101: checks 
GibbexV2: bets $4
jemo hood101: folds 
Uncalled bet ($4) returned to GibbexV2
GibbexV2 collected $6.18 from pot
GibbexV2: doesn't show hand 
*** SUMMARY ***
Total pot $6.50 | Rake $0.32 
Board [8c As 5h]
Seat 1: xxxZeka (small blind) folded before Flop
Seat 2: jemo hood101 (big blind) folded on the Flop
Seat 3: GibbexV2 collected ($6.18)
Seat 4: Maximysss85 folded before Flop (didn't bet)
Seat 5: Pippa83 folded before Flop (didn't bet)
Seat 6: vadjkeee (button) folded before Flop (didn't bet)



PokerStars Hand #254569509641:  Hold'em No Limit ($0.50/$1.00 USD) - 2025/01/26 21:15:47 WET [2025/01/26 16:15:47 ET]
Table 'Jugurtha III' 6-max Seat #1 is the button
Seat 1: xxxZeka ($182.15 in chips) 
Seat 2: jemo hood101 ($82.50 in chips) 
Seat 3: GibbexV2 ($100 in chips) 
Seat 4: Maximysss85 ($113.58 in chips) 
Seat 5: Pippa83 ($103.90 in chips) 
Seat 6: vadjkeee ($140.40 in chips) 
jemo hood101: posts small blind $0.50
GibbexV2: posts big blind $1
*** HOLE CARDS ***
Maximysss85: folds 
Pippa83: folds 
vadjkeee: raises $2 to $3
xxxZeka: folds 
jemo hood101: folds 
GibbexV2: folds 
Uncalled bet ($2) returned to vadjkeee
vadjkeee collected $2.50 from pot
vadjkeee: doesn't show hand 
*** SUMMARY ***
Total pot $2.50 | Rake $0 
Seat 1: xxxZeka (button) folded before Flop (didn't bet)
Seat 2: jemo hood101 (small blind) folded before Flop
Seat 3: GibbexV2 (big blind) folded before Flop
Seat 4: Maximysss85 folded before Flop (didn't bet)
Seat 5: Pippa83 folded before Flop (didn't bet)
Seat 6: vadjkeee collected ($2.50)



PokerStars Hand #254569513462:  Hold'em No Limit ($0.50/$1.00 USD) - 2025/01/26 21:15:56 WET [2025/01/26 16:15:56 ET]
Table 'Jugurtha III' 6-max Seat #2 is the button
Seat 1: xxxZeka ($182.15 in chips) 
Seat 2: jemo hood101 ($82 in chips) 
Seat 3: GibbexV2 ($99 in chips) 
Seat 4: Maximysss85 ($113.58 in chips) 
Seat 5: Pippa83 ($103.90 in chips) 
Seat 6: vadjkeee ($141.90 in chips) 
GibbexV2: posts small blind $0.50
Maximysss85: posts big blind $1
*** HOLE CARDS ***
Pippa83: folds 
vadjkeee: folds 
xxxZeka: folds 
jemo hood101: calls $1
GibbexV2: calls $0.50
Maximysss85: checks 
*** FLOP *** [2d 9s Td]
GibbexV2: checks 
Maximysss85: checks 
jemo hood101: checks 
*** TURN *** [2d 9s Td] [2h]
GibbexV2: bets $1.93
Maximysss85: folds 
jemo hood101: folds 
Uncalled bet ($1.93) returned to GibbexV2
GibbexV2 collected $2.85 from pot
GibbexV2: doesn't show hand 
*** SUMMARY ***
Total pot $3 | Rake $0.15 
Board [2d 9s Td 2h]
Seat 1: xxxZeka folded before Flop (didn't bet)
Seat 2: jemo hood101 (button) folded on the Turn
Seat 3: GibbexV2 (small blind) collected ($2.85)
Seat 4: Maximysss85 (big blind) folded on the Turn
Seat 5: Pippa83 folded before Flop (didn't bet)
Seat 6: vadjkeee folded before Flop (didn't bet)



PokerStars Hand #254569531809:  Hold'em No Limit ($0.50/$1.00 USD) - 2025/01/26 21:16:44 WET [2025/01/26 16:16:44 ET]
Table 'Jugurtha III' 6-max Seat #3 is the button
Seat 1: xxxZeka ($182.15 in chips) 
Seat 2: jemo hood101 ($81 in chips) 
Seat 3: GibbexV2 ($100.85 in chips) 
Seat 4: Maximysss85 ($112.58 in chips) 
Seat 5: Pippa83 ($103.90 in chips) 
Seat 6: vadjkeee ($141.90 in chips) 
Maximysss85: posts small blind $0.50
Pippa83: posts big blind $1
*** HOLE CARDS ***
vadjkeee: folds 
xxxZeka: folds 
jemo hood101: folds 
GibbexV2: folds 
Maximysss85: raises $2 to $3
Pippa83: calls $2
*** FLOP *** [8d 6c 7c]
Maximysss85: checks 
Pippa83: checks 
*** TURN *** [8d 6c 7c] [Ac]
Maximysss85: checks 
Pippa83: checks 
*** RIVER *** [8d 6c 7c Ac] [4d]
Maximysss85: bets $2.28
Pippa83: calls $2.28
*** SHOW DOWN ***
Maximysss85: shows [Kh 9s] (high card Ace)
Pippa83: shows [Jd Ah] (a pair of Aces)
Pippa83 collected $10.03 from pot
*** SUMMARY ***
Total pot $10.56 | Rake $0.53 
Board [8d 6c 7c Ac 4d]
Seat 1: xxxZeka folded before Flop (didn't bet)
Seat 2: jemo hood101 folded before Flop (didn't bet)
Seat 3: GibbexV2 (button) folded before Flop (didn't bet)
Seat 4: Maximysss85 (small blind) showed [Kh 9s] and lost with high card Ace
Seat 5: Pippa83 (big blind) showed [Jd Ah] and won ($10.03) with a pair of Aces
Seat 6: vadjkeee folded before Flop (didn't bet)



PokerStars Hand #254569551459:  Hold'em No Limit ($0.50/$1.00 USD) - 2025/01/26 21:17:36 WET [2025/01/26 16:17:36 ET]
Table 'Jugurtha III' 6-max Seat #4 is the button
Seat 1: xxxZeka ($182.15 in chips) 
Seat 2: jemo hood101 ($81 in chips) 
Seat 3: GibbexV2 ($100.85 in chips) 
Seat 4: Maximysss85 ($107.30 in chips) 
Seat 5: Pippa83 ($108.65 in chips) 
Seat 6: vadjkeee ($141.90 in chips) 
Pippa83: posts small blind $0.50
vadjkeee: posts big blind $1
*** HOLE CARDS ***
xxxZeka: folds 
jemo hood101: raises $1 to $2
GibbexV2: folds 
Maximysss85: raises $4 to $6
Pippa83: folds 
vadjkeee: folds 
jemo hood101: calls $4
*** FLOP *** [6c 5s 3d]
jemo hood101: checks 
Maximysss85: bets $6.41
jemo hood101: calls $6.41
*** TURN *** [6c 5s 3d] [2d]
jemo hood101: checks 
Maximysss85: checks 
*** RIVER *** [6c 5s 3d 2d] [Tc]
jemo hood101: bets $1
Maximysss85: calls $1
*** SHOW DOWN ***
jemo hood101: shows [6h Ad] (a pair of Sixes)
Maximysss85: mucks hand 
jemo hood101 collected $26.90 from pot
*** SUMMARY ***
Total pot $28.32 | Rake $1.42 
Board [6c 5s 3d 2d Tc]
Seat 1: xxxZeka folded before Flop (didn't bet)
Seat 2: jemo hood101 showed [6h Ad] and won ($26.90) with a pair of Sixes
Seat 3: GibbexV2 folded before Flop (didn't bet)
Seat 4: Maximysss85 (button) mucked
Seat 5: Pippa83 (small blind) folded before Flop
Seat 6: vadjkeee (big blind) folded before Flop



PokerStars Hand #254569574769:  Hold'em No Limit ($0.50/$1.00 USD) - 2025/01/26 21:18:38 WET [2025/01/26 16:18:38 ET]
Table 'Jugurtha III' 6-max Seat #5 is the button
Seat 1: xxxZeka ($182.15 in chips) 
Seat 2: jemo hood101 ($94.49 in chips) 
Seat 3: GibbexV2 ($100.85 in chips) 
Seat 4: Maximysss85 ($100 in chips) 
Seat 5: Pippa83 ($108.15 in chips) 
Seat 6: vadjkeee ($140.90 in chips) 
vadjkeee: posts small blind $0.50
xxxZeka: posts big blind $1
*** HOLE CARDS ***
jemo hood101: folds 
GibbexV2: raises $2 to $3
Maximysss85: folds 
Pippa83: folds 
vadjkeee: folds 
xxxZeka: folds 
Uncalled bet ($2) returned to GibbexV2
GibbexV2 collected $2.50 from pot
GibbexV2: doesn't show hand 
*** SUMMARY ***
Total pot $2.50 | Rake $0 
Seat 1: xxxZeka (big blind) folded before Flop
Seat 2: jemo hood101 folded before Flop (didn't bet)
Seat 3: GibbexV2 collected ($2.50)
Seat 4: Maximysss85 folded before Flop (didn't bet)
Seat 5: Pippa83 (button) folded before Flop (didn't bet)
Seat 6: vadjkeee (small blind) folded before Flop



PokerStars Hand #254569582929:  Hold'em No Limit ($0.50/$1.00 USD) - 2025/01/26 21:19:00 WET [2025/01/26 16:19:00 ET]
Table 'Jugurtha III' 6-max Seat #6 is the button
Seat 1: xxxZeka ($181.15 in chips) 
Seat 2: jemo hood101 ($94.49 in chips) 
Seat 3: GibbexV2 ($102.35 in chips) 
Seat 4: Maximysss85 ($100 in chips) 
Seat 5: Pippa83 ($108.15 in chips) 
Seat 6: vadjkeee ($140.40 in chips) 
xxxZeka: posts small blind $0.50
jemo hood101: posts big blind $1
*** HOLE CARDS ***
GibbexV2: folds 
Maximysss85: folds 
Pippa83: folds 
vadjkeee: raises $2 to $3
xxxZeka: folds 
jemo hood101: calls $2
*** FLOP *** [As Kc 4s]
jemo hood101: checks 
vadjkeee: bets $8
jemo hood101: calls $8
*** TURN *** [As Kc 4s] [5s]
jemo hood101: checks 
vadjkeee: checks 
*** RIVER *** [As Kc 4s 5s] [4d]
jemo hood101: checks 
vadjkeee: checks 
*** SHOW DOWN ***
jemo hood101: shows [8s Ad] (two pair, Aces and Fours)
vadjkeee: mucks hand 
jemo hood101 collected $21.38 from pot
*** SUMMARY ***
Total pot $22.50 | Rake $1.12 
Board [As Kc 4s 5s 4d]
Seat 1: xxxZeka (small blind) folded before Flop
Seat 2: jemo hood101 (big blind) showed [8s Ad] and won ($21.38) with two pair, Aces and Fours
Seat 3: GibbexV2 folded before Flop (didn't bet)
Seat 4: Maximysss85 folded before Flop (didn't bet)
Seat 5: Pippa83 folded before Flop (didn't bet)
Seat 6: vadjkeee (button) mucked



PokerStars Hand #254569607126:  Hold'em No Limit ($0.50/$1.00 USD) - 2025/01/26 21:20:04 WET [2025/01/26 16:20:04 ET]
Table 'Jugurtha III' 6-max Seat #1 is the button
Seat 1: xxxZeka ($180.65 in chips) 
Seat 2: jemo hood101 ($104.87 in chips) 
Seat 3: GibbexV2 ($102.35 in chips) 
Seat 4: Maximysss85 ($100 in chips) 
Seat 5: Pippa83 ($108.15 in chips) 
Seat 6: vadjkeee ($129.40 in chips) 
jemo hood101: posts small blind $0.50
GibbexV2: posts big blind $1
*** HOLE CARDS ***
Maximysss85: folds 
Pippa83: raises $1.20 to $2.20
vadjkeee: folds 
xxxZeka: folds 
jemo hood101: calls $1.70
GibbexV2: calls $1.20
*** FLOP *** [Th 2c 5s]
jemo hood101: checks 
GibbexV2: checks 
Pippa83: checks 
*** TURN *** [Th 2c 5s] [7c]
jemo hood101: bets $1
GibbexV2: raises $5 to $6
Pippa83: folds 
jemo hood101: folds 
Uncalled bet ($5) returned to GibbexV2
GibbexV2 collected $8.17 from pot
GibbexV2: doesn't show hand 
*** SUMMARY ***
Total pot $8.60 | Rake $0.43 
Board [Th 2c 5s 7c]
Seat 1: xxxZeka (button) folded before Flop (didn't bet)
Seat 2: jemo hood101 (small blind) folded on the Turn
Seat 3: GibbexV2 (big blind) collected ($8.17)
Seat 4: Maximysss85 folded before Flop (didn't bet)
Seat 5: Pippa83 folded on the Turn
Seat 6: vadjkeee folded before Flop (didn't bet)



PokerStars Hand #254569634376:  Hold'em No Limit ($0.50/$1.00 USD) - 2025/01/26 21:21:18 WET [2025/01/26 16:21:18 ET]
Table 'Jugurtha III' 6-max Seat #2 is the button
Seat 1: xxxZeka ($180.65 in chips) 
Seat 2: jemo hood101 ($101.67 in chips) 
Seat 3: GibbexV2 ($107.32 in chips) 
Seat 4: Maximysss85 ($100 in chips) 
Seat 5: Pippa83 ($105.95 in chips) 
Seat 6: vadjkeee ($129.40 in chips) 
GibbexV2: posts small blind $0.50
Maximysss85: posts big blind $1
*** HOLE CARDS ***
Pippa83: folds 
vadjkeee: folds 
xxxZeka: folds 
jemo hood101: folds 
GibbexV2: raises $2 to $3
Maximysss85: folds 
Uncalled bet ($2) returned to GibbexV2
GibbexV2 collected $2 from pot
GibbexV2: doesn't show hand 
*** SUMMARY ***
Total pot $2 | Rake $0 
Seat 1: xxxZeka folded before Flop (didn't bet)
Seat 2: jemo hood101 (button) folded before Flop (didn't bet)
Seat 3: GibbexV2 (small blind) collected ($2)
Seat 4: Maximysss85 (big blind) folded before Flop
Seat 5: Pippa83 folded before Flop (didn't bet)
Seat 6: vadjkeee folded before Flop (didn't bet)



PokerStars Hand #254569641225:  Hold'em No Limit ($0.50/$1.00 USD) - 2025/01/26 21:21:36 WET [2025/01/26 16:21:36 ET]
Table 'Jugurtha III' 6-max Seat #3 is the button
Seat 1: xxxZeka ($180.65 in chips) 
Seat 2: jemo hood101 ($101.67 in chips) 
Seat 3: GibbexV2 ($108.32 in chips) 
Seat 4: Maximysss85 ($100 in chips) 
Seat 5: Pippa83 ($105.95 in chips) 
Seat 6: vadjkeee ($129.40 in chips) 
Maximysss85: posts small blind $0.50
Pippa83: posts big blind $1
*** HOLE CARDS ***
vadjkeee: folds 
xxxZeka: folds 
jemo hood101: raises $1 to $2
GibbexV2: folds 
Maximysss85: folds 
Pippa83: folds 
Uncalled bet ($1) returned to jemo hood101
jemo hood101 collected $2.50 from pot
*** SUMMARY ***
Total pot $2.50 | Rake $0 
Seat 1: xxxZeka folded before Flop (didn't bet)
Seat 2: jemo hood101 collected ($2.50)
Seat 3: GibbexV2 (button) folded before Flop (didn't bet)
Seat 4: Maximysss85 (small blind) folded before Flop
Seat 5: Pippa83 (big blind) folded before Flop
Seat 6: vadjkeee folded before Flop (didn't bet)



PokerStars Hand #254569647479:  Hold'em No Limit ($0.50/$1.00 USD) - 2025/01/26 21:21:53 WET [2025/01/26 16:21:53 ET]
Table 'Jugurtha III' 6-max Seat #4 is the button
Seat 1: xxxZeka ($180.65 in chips) 
Seat 2: jemo hood101 ($103.17 in chips) 
Seat 3: GibbexV2 ($108.32 in chips) 
Seat 4: Maximysss85 ($100 in chips) 
Seat 5: Pippa83 ($104.95 in chips) 
Seat 6: vadjkeee ($129.40 in chips) 
Pippa83: posts small blind $0.50
vadjkeee: posts big blind $1
*** HOLE CARDS ***
xxxZeka: raises $1.50 to $2.50
jemo hood101: folds 
GibbexV2: folds 
Maximysss85: folds 
jemo hood101 leaves the table
Pippa83: folds 
vadjkeee: folds 
Uncalled bet ($1.50) returned to xxxZeka
xxxZeka collected $2.50 from pot
xxxZeka: doesn't show hand 
*** SUMMARY ***
Total pot $2.50 | Rake $0 
Seat 1: xxxZeka collected ($2.50)
Seat 2: jemo hood101 folded before Flop (didn't bet)
Seat 3: GibbexV2 folded before Flop (didn't bet)
Seat 4: Maximysss85 (button) folded before Flop (didn't bet)
Seat 5: Pippa83 (small blind) folded before Flop
Seat 6: vadjkeee (big blind) folded before Flop



PokerStars Hand #254569652586:  Hold'em No Limit ($0.50/$1.00 USD) - 2025/01/26 21:22:06 WET [2025/01/26 16:22:06 ET]
Table 'Jugurtha III' 6-max Seat #5 is the button
Seat 1: xxxZeka ($182.15 in chips) 
Seat 3: GibbexV2 ($108.32 in chips) 
Seat 4: Maximysss85 ($100 in chips) 
Seat 5: Pippa83 ($104.45 in chips) 
Seat 6: vadjkeee ($128.40 in chips) 
vadjkeee: posts small blind $0.50
xxxZeka: posts big blind $1
*** HOLE CARDS ***
GibbexV2: folds 
Maximysss85: folds 
Pippa83: folds 
vadjkeee: folds 
Uncalled bet ($0.50) returned to xxxZeka
xxxZeka collected $1 from pot
xxxZeka: doesn't show hand 
*** SUMMARY ***
Total pot $1 | Rake $0 
Seat 1: xxxZeka (big blind) collected ($1)
Seat 3: GibbexV2 folded before Flop (didn't bet)
Seat 4: Maximysss85 folded before Flop (didn't bet)
Seat 5: Pippa83 (button) folded before Flop (didn't bet)
Seat 6: vadjkeee (small blind) folded before Flop



PokerStars Hand #254569656588:  Hold'em No Limit ($0.50/$1.00 USD) - 2025/01/26 21:22:17 WET [2025/01/26 16:22:17 ET]
Table 'Jugurtha III' 6-max Seat #6 is the button
Seat 1: xxxZeka ($182.65 in chips) 
Seat 3: GibbexV2 ($108.32 in chips) 
Seat 4: Maximysss85 ($100 in chips) 
Seat 5: Pippa83 ($104.45 in chips) 
Seat 6: vadjkeee ($127.90 in chips) 
xxxZeka: posts small blind $0.50
GibbexV2: posts big blind $1
*** HOLE CARDS ***
Maximysss85: folds 
kars0n joins the table at seat #2 
Pippa83: folds 
vadjkeee: folds 
xxxZeka: folds 
Uncalled bet ($0.50) returned to GibbexV2
GibbexV2 collected $1 from pot
GibbexV2: doesn't show hand 
*** SUMMARY ***
Total pot $1 | Rake $0 
Seat 1: xxxZeka (small blind) folded before Flop
Seat 3: GibbexV2 (big blind) collected ($1)
Seat 4: Maximysss85 folded before Flop (didn't bet)
Seat 5: Pippa83 folded before Flop (didn't bet)
Seat 6: vadjkeee (button) folded before Flop (didn't bet)



PokerStars Hand #254569660404:  Hold'em No Limit ($0.50/$1.00 USD) - 2025/01/26 21:22:27 WET [2025/01/26 16:22:27 ET]
Table 'Jugurtha III' 6-max Seat #1 is the button
Seat 2: kars0n ($103.54 in chips) is sitting out
Seat 4: Maximysss85 ($100 in chips) is sitting out
Seat 1: xxxZeka ($182.15 in chips) 
Seat 3: GibbexV2 ($108.82 in chips) 
Seat 5: Pippa83 ($104.45 in chips) 
Seat 6: vadjkeee ($127.90 in chips) 
GibbexV2: posts small blind $0.50
Maximysss85: is sitting out 
Pippa83: posts big blind $1
*** HOLE CARDS ***
Maximysss85 leaves the table
vadjkeee: folds 
xxxZeka: folds 
GibbexV2: raises $2 to $3
Pippa83: folds 
Uncalled bet ($2) returned to GibbexV2
GibbexV2 collected $2 from pot
GibbexV2: doesn't show hand 
*** SUMMARY ***
Total pot $2 | Rake $0 
Seat 2: kars0n
Seat 4: Maximysss85
Seat 1: xxxZeka (button) folded before Flop (didn't bet)
Seat 3: GibbexV2 (small blind) collected ($2)
Seat 5: Pippa83 (big blind) folded before Flop
Seat 6: vadjkeee folded before Flop (didn't bet)



PokerStars Hand #254569666035:  Hold'em No Limit ($0.50/$1.00 USD) - 2025/01/26 21:22:43 WET [2025/01/26 16:22:43 ET]
Table 'Jugurtha III' 6-max Seat #3 is the button
Seat 2: kars0n ($103.54 in chips) is sitting out
Seat 1: xxxZeka ($182.15 in chips) 
Seat 3: GibbexV2 ($109.82 in chips) 
Seat 5: Pippa83 ($103.45 in chips) 
Seat 6: vadjkeee ($127.90 in chips) 
Pippa83: posts small blind $0.50
vadjkeee: posts big blind $1
shootingGRID joins the table at seat #4 
kars0n: sits out 
*** HOLE CARDS ***
xxxZeka: folds 
GibbexV2: folds 
Pippa83: raises $2 to $3
vadjkeee: raises $6 to $9
Pippa83: raises $13.50 to $22.50
vadjkeee: calls $13.50
*** FLOP *** [9c Ah 4s]
Pippa83: bets $4.50
vadjkeee: calls $4.50
*** TURN *** [9c Ah 4s] [6c]
Pippa83: checks 
vadjkeee: bets $17.49
Pippa83: calls $17.49
*** RIVER *** [9c Ah 4s 6c] [3h]
Pippa83: checks 
vadjkeee: checks 
*** SHOW DOWN ***
Pippa83: shows [Ad As] (three of a kind, Aces)
vadjkeee: mucks hand 
Pippa83 collected $87.98 from pot
*** SUMMARY ***
Total pot $88.98 | Rake $1 
Board [9c Ah 4s 6c 3h]
Seat 2: kars0n
Seat 1: xxxZeka folded before Flop (didn't bet)
Seat 3: GibbexV2 (button) folded before Flop (didn't bet)
Seat 5: Pippa83 (small blind) showed [Ad As] and won ($87.98) with three of a kind, Aces
Seat 6: vadjkeee (big blind) mucked



PokerStars Hand #254569702510:  Hold'em No Limit ($0.50/$1.00 USD) - 2025/01/26 21:24:19 WET [2025/01/26 16:24:19 ET]
Table 'Jugurtha III' 6-max Seat #5 is the button
Seat 2: kars0n ($103.54 in chips) is sitting out
Seat 4: shootingGRID ($100 in chips) is sitting out
Seat 1: xxxZeka ($182.15 in chips) 
Seat 3: GibbexV2 ($109.82 in chips) 
Seat 5: Pippa83 ($146.94 in chips) 
Seat 6: vadjkeee ($100 in chips) 
vadjkeee: posts small blind $0.50
xxxZeka: posts big blind $1
kars0n: sits out 
shootingGRID: sits out 
*** HOLE CARDS ***
GibbexV2: folds 
Pippa83: folds 
vadjkeee: folds 
Uncalled bet ($0.50) returned to xxxZeka
xxxZeka collected $1 from pot
xxxZeka: doesn't show hand 
*** SUMMARY ***
Total pot $1 | Rake $0 
Seat 2: kars0n
Seat 4: shootingGRID
Seat 1: xxxZeka (big blind) collected ($1)
Seat 3: GibbexV2 folded before Flop (didn't bet)
Seat 5: Pippa83 (button) folded before Flop (didn't bet)
Seat 6: vadjkeee (small blind) folded before Flop



PokerStars Hand #254569710635:  Hold'em No Limit ($0.50/$1.00 USD) - 2025/01/26 21:24:41 WET [2025/01/26 16:24:41 ET]
Table 'Jugurtha III' 6-max Seat #6 is the button
Seat 4: shootingGRID ($100 in chips) is sitting out
Seat 1: xxxZeka ($182.65 in chips) 
Seat 2: kars0n ($103.54 in chips) 
Seat 3: GibbexV2 ($109.82 in chips) 
Seat 5: Pippa83 ($146.94 in chips) 
Seat 6: vadjkeee ($100 in chips) 
xxxZeka: posts small blind $0.50
kars0n: posts big blind $1
shootingGRID: sits out 
*** HOLE CARDS ***
GibbexV2: folds 
Pippa83: folds 
vadjkeee: raises $1.50 to $2.50
xxxZeka: folds 
kars0n: calls $1.50
*** FLOP *** [4d Jc 2h]
kars0n: checks 
vadjkeee: bets $1.72
kars0n: folds 
Uncalled bet ($1.72) returned to vadjkeee
vadjkeee collected $5.22 from pot
vadjkeee: doesn't show hand 
*** SUMMARY ***
Total pot $5.50 | Rake $0.28 
Board [4d Jc 2h]
Seat 4: shootingGRID
Seat 1: xxxZeka (small blind) folded before Flop
Seat 2: kars0n (big blind) folded on the Flop
Seat 3: GibbexV2 folded before Flop (didn't bet)
Seat 5: Pippa83 folded before Flop (didn't bet)
Seat 6: vadjkeee (button) collected ($5.22)



PokerStars Hand #254569720248:  Hold'em No Limit ($0.50/$1.00 USD) - 2025/01/26 21:25:07 WET [2025/01/26 16:25:07 ET]
Table 'Jugurtha III' 6-max Seat #1 is the button
Seat 4: shootingGRID ($100 in chips) is sitting out
Seat 1: xxxZeka ($182.15 in chips) 
Seat 2: kars0n ($101.04 in chips) 
Seat 3: GibbexV2 ($109.82 in chips) 
Seat 5: Pippa83 ($146.94 in chips) 
Seat 6: vadjkeee ($102.72 in chips) 
kars0n: posts small blind $0.50
GibbexV2: posts big blind $1
shootingGRID: sits out 
*** HOLE CARDS ***
Pippa83: raises $1.20 to $2.20
vadjkeee: folds 
xxxZeka: folds 
kars0n: folds 
GibbexV2: folds 
Uncalled bet ($1.20) returned to Pippa83
Pippa83 collected $2.50 from pot
Pippa83: doesn't show hand 
*** SUMMARY ***
Total pot $2.50 | Rake $0 
Seat 4: shootingGRID
Seat 1: xxxZeka (button) folded before Flop (didn't bet)
Seat 2: kars0n (small blind) folded before Flop
Seat 3: GibbexV2 (big blind) folded before Flop
Seat 5: Pippa83 collected ($2.50)
Seat 6: vadjkeee folded before Flop (didn't bet)



PokerStars Hand #254569727806:  Hold'em No Limit ($0.50/$1.00 USD) - 2025/01/26 21:25:27 WET [2025/01/26 16:25:27 ET]
Table 'Jugurtha III' 6-max Seat #2 is the button
Seat 1: xxxZeka ($182.15 in chips) 
Seat 2: kars0n ($100.54 in chips) 
Seat 3: GibbexV2 ($108.82 in chips) 
Seat 4: shootingGRID ($100 in chips) 
Seat 5: Pippa83 ($148.44 in chips) 
Seat 6: vadjkeee ($102.72 in chips) 
GibbexV2: posts small blind $0.50
shootingGRID: posts big blind $1
*** HOLE CARDS ***
Pippa83: raises $1.20 to $2.20
vadjkeee: folds 
xxxZeka: folds 
kars0n: raises $5.30 to $7.50
GibbexV2: folds 
shootingGRID: folds 
Pippa83: folds 
Uncalled bet ($5.30) returned to kars0n
kars0n collected $5.90 from pot
kars0n: doesn't show hand 
*** SUMMARY ***
Total pot $5.90 | Rake $0 
Seat 1: xxxZeka folded before Flop (didn't bet)
Seat 2: kars0n (button) collected ($5.90)
Seat 3: GibbexV2 (small blind) folded before Flop
Seat 4: shootingGRID (big blind) folded before Flop
Seat 5: Pippa83 folded before Flop
Seat 6: vadjkeee folded before Flop (didn't bet)



PokerStars Hand #254569744536:  Hold'em No Limit ($0.50/$1.00 USD) - 2025/01/26 21:26:12 WET [2025/01/26 16:26:12 ET]
Table 'Jugurtha III' 6-max Seat #3 is the button
Seat 1: xxxZeka ($182.15 in chips) 
Seat 2: kars0n ($104.24 in chips) 
Seat 3: GibbexV2 ($108.32 in chips) 
Seat 4: shootingGRID ($100 in chips) 
Seat 5: Pippa83 ($146.24 in chips) 
Seat 6: vadjkeee ($102.72 in chips) 
shootingGRID: posts small blind $0.50
Pippa83: posts big blind $1
*** HOLE CARDS ***
vadjkeee: folds 
xxxZeka: folds 
kars0n: raises $1.50 to $2.50
GibbexV2: folds 
shootingGRID: folds 
Pippa83: calls $1.50
*** FLOP *** [Ts 7h 3h]
Pippa83: checks 
kars0n: bets $2.61
Pippa83: calls $2.61
*** TURN *** [Ts 7h 3h] [Kc]
Pippa83: checks 
kars0n: bets $15.27
Pippa83: folds 
Uncalled bet ($15.27) returned to kars0n
kars0n collected $10.18 from pot
kars0n: doesn't show hand 
*** SUMMARY ***
Total pot $10.72 | Rake $0.54 
Board [Ts 7h 3h Kc]
Seat 1: xxxZeka folded before Flop (didn't bet)
Seat 2: kars0n collected ($10.18)
Seat 3: GibbexV2 (button) folded before Flop (didn't bet)
Seat 4: shootingGRID (small blind) folded before Flop
Seat 5: Pippa83 (big blind) folded on the Turn
Seat 6: vadjkeee folded before Flop (didn't bet)



PokerStars Hand #254569767175:  Hold'em No Limit ($0.50/$1.00 USD) - 2025/01/26 21:27:14 WET [2025/01/26 16:27:14 ET]
Table 'Jugurtha III' 6-max Seat #4 is the button
Seat 1: xxxZeka ($182.15 in chips) 
Seat 2: kars0n ($109.31 in chips) 
Seat 3: GibbexV2 ($108.32 in chips) 
Seat 4: shootingGRID ($100 in chips) 
Seat 5: Pippa83 ($141.13 in chips) 
Seat 6: vadjkeee ($102.72 in chips) 
Pippa83: posts small blind $0.50
vadjkeee: posts big blind $1
*** HOLE CARDS ***
xxxZeka: folds 
kars0n: raises $1 to $2
GibbexV2: folds 
shootingGRID: folds 
Pippa83: folds 
vadjkeee: folds 
Uncalled bet ($1) returned to kars0n
kars0n collected $2.50 from pot
kars0n: doesn't show hand 
*** SUMMARY ***
Total pot $2.50 | Rake $0 
Seat 1: xxxZeka folded before Flop (didn't bet)
Seat 2: kars0n collected ($2.50)
Seat 3: GibbexV2 folded before Flop (didn't bet)
Seat 4: shootingGRID (button) folded before Flop (didn't bet)
Seat 5: Pippa83 (small blind) folded before Flop
Seat 6: vadjkeee (big blind) folded before Flop



PokerStars Hand #254569771945:  Hold'em No Limit ($0.50/$1.00 USD) - 2025/01/26 21:27:27 WET [2025/01/26 16:27:27 ET]
Table 'Jugurtha III' 6-max Seat #5 is the button
Seat 1: xxxZeka ($182.15 in chips) 
Seat 2: kars0n ($110.81 in chips) 
Seat 3: GibbexV2 ($108.32 in chips) 
Seat 4: shootingGRID ($100 in chips) 
Seat 5: Pippa83 ($140.63 in chips) 
Seat 6: vadjkeee ($101.72 in chips) 
vadjkeee: posts small blind $0.50
xxxZeka: posts big blind $1
*** HOLE CARDS ***
kars0n: folds 
GibbexV2: folds 
shootingGRID: folds 
Pippa83: folds 
vadjkeee: folds 
Uncalled bet ($0.50) returned to xxxZeka
xxxZeka collected $1 from pot
xxxZeka: doesn't show hand 
*** SUMMARY ***
Total pot $1 | Rake $0 
Seat 1: xxxZeka (big blind) collected ($1)
Seat 2: kars0n folded before Flop (didn't bet)
Seat 3: GibbexV2 folded before Flop (didn't bet)
Seat 4: shootingGRID folded before Flop (didn't bet)
Seat 5: Pippa83 (button) folded before Flop (didn't bet)
Seat 6: vadjkeee (small blind) folded before Flop



PokerStars Hand #254569778237:  Hold'em No Limit ($0.50/$1.00 USD) - 2025/01/26 21:27:44 WET [2025/01/26 16:27:44 ET]
Table 'Jugurtha III' 6-max Seat #6 is the button
Seat 1: xxxZeka ($182.65 in chips) 
Seat 2: kars0n ($110.81 in chips) 
Seat 3: GibbexV2 ($108.32 in chips) 
Seat 4: shootingGRID ($100 in chips) 
Seat 5: Pippa83 ($140.63 in chips) 
Seat 6: vadjkeee ($101.22 in chips) 
xxxZeka: posts small blind $0.50
kars0n: posts big blind $1
*** HOLE CARDS ***
GibbexV2: folds 
shootingGRID: raises $1.25 to $2.25
Pippa83: folds 
vadjkeee: folds 
xxxZeka: folds 
kars0n: folds 
Uncalled bet ($1.25) returned to shootingGRID
shootingGRID collected $2.50 from pot
*** SUMMARY ***
Total pot $2.50 | Rake $0 
Seat 1: xxxZeka (small blind) folded before Flop
Seat 2: kars0n (big blind) folded before Flop
Seat 3: GibbexV2 folded before Flop (didn't bet)
Seat 4: shootingGRID collected ($2.50)
Seat 5: Pippa83 folded before Flop (didn't bet)
Seat 6: vadjkeee (button) folded before Flop (didn't bet)



PokerStars Hand #254569789103:  Hold'em No Limit ($0.50/$1.00 USD) - 2025/01/26 21:28:14 WET [2025/01/26 16:28:14 ET]
Table 'Jugurtha III' 6-max Seat #1 is the button
Seat 1: xxxZeka ($182.15 in chips) 
Seat 2: kars0n ($109.81 in chips) 
Seat 3: GibbexV2 ($108.32 in chips) 
Seat 4: shootingGRID ($101.50 in chips) 
Seat 5: Pippa83 ($140.63 in chips) 
Seat 6: vadjkeee ($101.22 in chips) 
kars0n: posts small blind $0.50
GibbexV2: posts big blind $1
*** HOLE CARDS ***
shootingGRID: folds 
Pippa83: folds 
vadjkeee: folds 
xxxZeka: folds 
kars0n: folds 
Uncalled bet ($0.50) returned to GibbexV2
GibbexV2 collected $1 from pot
GibbexV2: doesn't show hand 
*** SUMMARY ***
Total pot $1 | Rake $0 
Seat 1: xxxZeka (button) folded before Flop (didn't bet)
Seat 2: kars0n (small blind) folded before Flop
Seat 3: GibbexV2 (big blind) collected ($1)
Seat 4: shootingGRID folded before Flop (didn't bet)
Seat 5: Pippa83 folded before Flop (didn't bet)
Seat 6: vadjkeee folded before Flop (didn't bet)



PokerStars Hand #254569796281:  Hold'em No Limit ($0.50/$1.00 USD) - 2025/01/26 21:28:33 WET [2025/01/26 16:28:33 ET]
Table 'Jugurtha III' 6-max Seat #2 is the button
Seat 1: xxxZeka ($182.15 in chips) 
Seat 2: kars0n ($109.31 in chips) 
Seat 3: GibbexV2 ($108.82 in chips) 
Seat 4: shootingGRID ($101.50 in chips) 
Seat 5: Pippa83 ($140.63 in chips) 
Seat 6: vadjkeee ($101.22 in chips) 
GibbexV2: posts small blind $0.50
shootingGRID: posts big blind $1
*** HOLE CARDS ***
Pippa83: folds 
vadjkeee: raises $2 to $3
xxxZeka: folds 
kars0n: folds 
GibbexV2: calls $2.50
shootingGRID: folds 
*** FLOP *** [Jd 8h 7s]
GibbexV2: checks 
vadjkeee: bets $2.19
GibbexV2: calls $2.19
*** TURN *** [Jd 8h 7s] [4c]
GibbexV2: checks 
vadjkeee: checks 
*** RIVER *** [Jd 8h 7s 4c] [3c]
GibbexV2: bets $9
vadjkeee: folds 
Uncalled bet ($9) returned to GibbexV2
GibbexV2 collected $10.81 from pot
GibbexV2: doesn't show hand 
*** SUMMARY ***
Total pot $11.38 | Rake $0.57 
Board [Jd 8h 7s 4c 3c]
Seat 1: xxxZeka folded before Flop (didn't bet)
Seat 2: kars0n (button) folded before Flop (didn't bet)
Seat 3: GibbexV2 (small blind) collected ($10.81)
Seat 4: shootingGRID (big blind) folded before Flop
Seat 5: Pippa83 folded before Flop (didn't bet)
Seat 6: vadjkeee folded on the River



PokerStars Hand #254569817331:  Hold'em No Limit ($0.50/$1.00 USD) - 2025/01/26 21:29:31 WET [2025/01/26 16:29:31 ET]
Table 'Jugurtha III' 6-max Seat #3 is the button
Seat 1: xxxZeka ($182.15 in chips) 
Seat 2: kars0n ($109.31 in chips) 
Seat 3: GibbexV2 ($114.44 in chips) 
Seat 4: shootingGRID ($100.50 in chips) 
Seat 5: Pippa83 ($140.63 in chips) 
Seat 6: vadjkeee ($100 in chips) 
shootingGRID: posts small blind $0.50
Pippa83: posts big blind $1
*** HOLE CARDS ***
vadjkeee: raises $1.50 to $2.50
xxxZeka: folds 
kars0n: folds 
GibbexV2: folds 
shootingGRID: raises $9.50 to $12
Pippa83: folds 
vadjkeee: calls $9.50
*** FLOP *** [3d Js Qs]
shootingGRID: bets $11.88
vadjkeee: calls $11.88
*** TURN *** [3d Js Qs] [7h]
kars0n leaves the table
shootingGRID: bets $76.62 and is all-in
vadjkeee: calls $76.12 and is all-in
Uncalled bet ($0.50) returned to shootingGRID
*** FIRST RIVER *** [3d Js Qs 7h] [Qd]
*** SECOND RIVER *** [3d Js Qs 7h] [5d]
*** FIRST SHOW DOWN ***
shootingGRID: shows [Ah Qc] (three of a kind, Queens)
vadjkeee: shows [Ad As] (two pair, Aces and Queens)
shootingGRID collected $99.25 from pot
*** SECOND SHOW DOWN ***
shootingGRID: shows [Ah Qc] (a pair of Queens)
vadjkeee: shows [Ad As] (a pair of Aces)
vadjkeee collected $99.25 from pot
*** SUMMARY ***
Total pot $201 | Rake $2.50 
Hand was run twice
FIRST Board [3d Js Qs 7h Qd]
SECOND Board [3d Js Qs 7h 5d]
Seat 1: xxxZeka folded before Flop (didn't bet)
Seat 2: kars0n folded before Flop (didn't bet)
Seat 3: GibbexV2 (button) folded before Flop (didn't bet)
Seat 4: shootingGRID (small blind) showed [Ah Qc] and won ($99.25) with three of a kind, Queens, and lost with a pair of Queens
Seat 5: Pippa83 (big blind) folded before Flop
Seat 6: vadjkeee showed [Ad As] and lost with two pair, Aces and Queens, and won ($99.25) with a pair of Aces



PokerStars Hand #254570025219:  Hold'em No Limit ($0.50/$1.00 USD) - 2025/01/26 21:39:00 WET [2025/01/26 16:39:00 ET]
Table 'Jugurtha III' 6-max Seat #1 is the button
Seat 1: xxxZeka ($187.16 in chips) 
Seat 2: KuningasRane ($96.50 in chips) 
Seat 3: GibbexV2 ($94.66 in chips) 
Seat 4: shootingGRID ($116.13 in chips) 
Seat 5: Pippa83 ($135.88 in chips) 
Seat 6: vadjkeee ($109.98 in chips) 
KuningasRane: posts small blind $0.50
GibbexV2: posts big blind $1
*** HOLE CARDS ***
shootingGRID: raises $1.25 to $2.25
Pippa83: folds 
vadjkeee: folds 
xxxZeka: calls $2.25
KuningasRane: folds 
GibbexV2: folds 
*** FLOP *** [Ac 4d 2c]
shootingGRID: bets $1.88
xxxZeka: folds 
Uncalled bet ($1.88) returned to shootingGRID
shootingGRID collected $5.70 from pot
*** SUMMARY ***
Total pot $6 | Rake $0.30 
Board [Ac 4d 2c]
Seat 1: xxxZeka (button) folded on the Flop
Seat 2: KuningasRane (small blind) folded before Flop
Seat 3: GibbexV2 (big blind) folded before Flop
Seat 4: shootingGRID collected ($5.70)
Seat 5: Pippa83 folded before Flop (didn't bet)
Seat 6: vadjkeee folded before Flop (didn't bet)



PokerStars Hand #254570037464:  Hold'em No Limit ($0.50/$1.00 USD) - 2025/01/26 21:39:34 WET [2025/01/26 16:39:34 ET]
Table 'Jugurtha III' 6-max Seat #2 is the button
Seat 1: xxxZeka ($184.91 in chips) 
Seat 2: KuningasRane ($96 in chips) 
Seat 3: GibbexV2 ($93.66 in chips) 
Seat 4: shootingGRID ($119.58 in chips) 
Seat 5: Pippa83 ($135.88 in chips) 
Seat 6: vadjkeee ($109.98 in chips) 
GibbexV2: posts small blind $0.50
shootingGRID: posts big blind $1
*** HOLE CARDS ***
Pippa83: folds 
vadjkeee: folds 
xxxZeka: folds 
KuningasRane: folds 
GibbexV2: folds 
Uncalled bet ($0.50) returned to shootingGRID
shootingGRID collected $1 from pot
*** SUMMARY ***
Total pot $1 | Rake $0 
Seat 1: xxxZeka folded before Flop (didn't bet)
Seat 2: KuningasRane (button) folded before Flop (didn't bet)
Seat 3: GibbexV2 (small blind) folded before Flop
Seat 4: shootingGRID (big blind) collected ($1)
Seat 5: Pippa83 folded before Flop (didn't bet)
Seat 6: vadjkeee folded before Flop (didn't bet)



PokerStars Hand #254570041031:  Hold'em No Limit ($0.50/$1.00 USD) - 2025/01/26 21:39:44 WET [2025/01/26 16:39:44 ET]
Table 'Jugurtha III' 6-max Seat #3 is the button
Seat 1: xxxZeka ($184.91 in chips) 
Seat 2: KuningasRane ($96 in chips) 
Seat 3: GibbexV2 ($93.16 in chips) 
Seat 4: shootingGRID ($120.08 in chips) 
Seat 5: Pippa83 ($135.88 in chips) 
Seat 6: vadjkeee ($109.98 in chips) 
shootingGRID: posts small blind $0.50
Pippa83: posts big blind $1
*** HOLE CARDS ***
vadjkeee: folds 
xxxZeka: folds 
KuningasRane: raises $1.50 to $2.50
GibbexV2: calls $2.50
shootingGRID: folds 
Pippa83: calls $1.50
*** FLOP *** [2h Jd Ah]
Pippa83: checks 
KuningasRane: bets $3.04
GibbexV2: folds 
Pippa83: calls $3.04
*** TURN *** [2h Jd Ah] [4s]
Pippa83: checks 
KuningasRane: checks 
*** RIVER *** [2h Jd Ah 4s] [Tc]
Pippa83: bets $10.04
KuningasRane: folds 
Uncalled bet ($10.04) returned to Pippa83
Pippa83 collected $13.38 from pot
Pippa83: doesn't show hand 
*** SUMMARY ***
Total pot $14.08 | Rake $0.70 
Board [2h Jd Ah 4s Tc]
Seat 1: xxxZeka folded before Flop (didn't bet)
Seat 2: KuningasRane folded on the River
Seat 3: GibbexV2 (button) folded on the Flop
Seat 4: shootingGRID (small blind) folded before Flop
Seat 5: Pippa83 (big blind) collected ($13.38)
Seat 6: vadjkeee folded before Flop (didn't bet)



PokerStars Hand #254570059452:  Hold'em No Limit ($0.50/$1.00 USD) - 2025/01/26 21:40:36 WET [2025/01/26 16:40:36 ET]
Table 'Jugurtha III' 6-max Seat #4 is the button
Seat 1: xxxZeka ($184.91 in chips) 
Seat 2: KuningasRane ($90.46 in chips) 
Seat 3: GibbexV2 ($90.66 in chips) 
Seat 4: shootingGRID ($119.58 in chips) 
Seat 5: Pippa83 ($143.72 in chips) 
Seat 6: vadjkeee ($109.98 in chips) 
Pippa83: posts small blind $0.50
vadjkeee: posts big blind $1
*** HOLE CARDS ***
xxxZeka: raises $1.50 to $2.50
KuningasRane: folds 
GibbexV2: folds 
shootingGRID: folds 
Pippa83: folds 
vadjkeee: folds 
Uncalled bet ($1.50) returned to xxxZeka
xxxZeka collected $2.50 from pot
xxxZeka: doesn't show hand 
*** SUMMARY ***
Total pot $2.50 | Rake $0 
Seat 1: xxxZeka collected ($2.50)
Seat 2: KuningasRane folded before Flop (didn't bet)
Seat 3: GibbexV2 folded before Flop (didn't bet)
Seat 4: shootingGRID (button) folded before Flop (didn't bet)
Seat 5: Pippa83 (small blind) folded before Flop
Seat 6: vadjkeee (big blind) folded before Flop



PokerStars Hand #254570066129:  Hold'em No Limit ($0.50/$1.00 USD) - 2025/01/26 21:40:55 WET [2025/01/26 16:40:55 ET]
Table 'Jugurtha III' 6-max Seat #5 is the button
Seat 1: xxxZeka ($186.41 in chips) is sitting out
Seat 2: KuningasRane ($90.46 in chips) 
Seat 3: GibbexV2 ($90.66 in chips) 
Seat 4: shootingGRID ($119.58 in chips) 
Seat 5: Pippa83 ($143.22 in chips) 
Seat 6: vadjkeee ($108.98 in chips) 
vadjkeee: posts small blind $0.50
xxxZeka: is sitting out 
KuningasRane: posts big blind $1
*** HOLE CARDS ***
GibbexV2: folds 
shootingGRID: folds 
Pippa83: folds 
vadjkeee: raises $2 to $3
KuningasRane: folds 
Uncalled bet ($2) returned to vadjkeee
vadjkeee collected $2 from pot
vadjkeee: doesn't show hand 
*** SUMMARY ***
Total pot $2 | Rake $0 
Seat 1: xxxZeka
Seat 2: KuningasRane (big blind) folded before Flop
Seat 3: GibbexV2 folded before Flop (didn't bet)
Seat 4: shootingGRID folded before Flop (didn't bet)
Seat 5: Pippa83 (button) folded before Flop (didn't bet)
Seat 6: vadjkeee (small blind) collected ($2)



PokerStars Hand #254570072118:  Hold'em No Limit ($0.50/$1.00 USD) - 2025/01/26 21:41:12 WET [2025/01/26 16:41:12 ET]
Table 'Jugurtha III' 6-max Seat #6 is the button
Seat 1: xxxZeka ($186.41 in chips) is sitting out
Seat 3: GibbexV2 ($90.66 in chips) is sitting out
Seat 2: KuningasRane ($89.46 in chips) 
Seat 4: shootingGRID ($119.58 in chips) 
Seat 5: Pippa83 ($143.22 in chips) 
Seat 6: vadjkeee ($109.98 in chips) 
KuningasRane: posts small blind $0.50
GibbexV2: is sitting out 
shootingGRID: posts big blind $1
*** HOLE CARDS ***
Pippa83: folds 
vadjkeee: raises $1.50 to $2.50
GibbexV2 leaves the table
KuningasRane: calls $2
shootingGRID: folds 
*** FLOP *** [Td Ts 8d]
IREQO joins the table at seat #3 
KuningasRane: checks 
vadjkeee: bets $1.43
KuningasRane: calls $1.43
*** TURN *** [Td Ts 8d] [3c]
KuningasRane: checks 
vadjkeee: bets $6.31
KuningasRane: calls $6.31
*** RIVER *** [Td Ts 8d 3c] [9s]
KuningasRane: checks 
vadjkeee: checks 
*** SHOW DOWN ***
KuningasRane: shows [4c 4d] (two pair, Tens and Fours)
vadjkeee: shows [8h Kc] (two pair, Tens and Eights)
vadjkeee collected $20.48 from pot
*** SUMMARY ***
Total pot $21.48 | Rake $1 
Board [Td Ts 8d 3c 9s]
Seat 1: xxxZeka
Seat 3: GibbexV2
Seat 2: KuningasRane (small blind) showed [4c 4d] and lost with two pair, Tens and Fours
Seat 4: shootingGRID (big blind) folded before Flop
Seat 5: Pippa83 folded before Flop (didn't bet)
Seat 6: vadjkeee (button) showed [8h Kc] and won ($20.48) with two pair, Tens and Eights



PokerStars Hand #254570089186:  Hold'em No Limit ($0.50/$1.00 USD) - 2025/01/26 21:42:00 WET [2025/01/26 16:42:00 ET]
Table 'Jugurtha III' 6-max Seat #2 is the button
Seat 1: xxxZeka ($186.41 in chips) is sitting out
Seat 3: IREQO ($85.54 in chips) is sitting out
Seat 2: KuningasRane ($79.22 in chips) 
Seat 4: shootingGRID ($118.58 in chips) 
Seat 5: Pippa83 ($143.22 in chips) 
Seat 6: vadjkeee ($120.22 in chips) 
shootingGRID: posts small blind $0.50
Pippa83: posts big blind $1
*** HOLE CARDS ***
vadjkeee: raises $1.50 to $2.50
KuningasRane: calls $2.50
shootingGRID: folds 
Pippa83: folds 
*** FLOP *** [Js 4c Jh]
vadjkeee: bets $1.54
KuningasRane: folds 
Uncalled bet ($1.54) returned to vadjkeee
vadjkeee collected $6.18 from pot
vadjkeee: doesn't show hand 
*** SUMMARY ***
Total pot $6.50 | Rake $0.32 
Board [Js 4c Jh]
Seat 1: xxxZeka
Seat 3: IREQO
Seat 2: KuningasRane (button) folded on the Flop
Seat 4: shootingGRID (small blind) folded before Flop
Seat 5: Pippa83 (big blind) folded before Flop
Seat 6: vadjkeee collected ($6.18)



PokerStars Hand #254570101227:  Hold'em No Limit ($0.50/$1.00 USD) - 2025/01/26 21:42:33 WET [2025/01/26 16:42:33 ET]
Table 'Jugurtha III' 6-max Seat #4 is the button
Seat 1: xxxZeka ($186.41 in chips) is sitting out
Seat 3: IREQO ($85.54 in chips) is sitting out
Seat 2: KuningasRane ($76.72 in chips) 
Seat 4: shootingGRID ($118.08 in chips) 
Seat 5: Pippa83 ($142.22 in chips) 
Seat 6: vadjkeee ($123.90 in chips) 
Pippa83: posts small blind $0.50
vadjkeee: posts big blind $1
IREQO: sits out 
*** HOLE CARDS ***
KuningasRane: raises $1.50 to $2.50
shootingGRID: folds 
Pippa83: folds 
vadjkeee: folds 
Uncalled bet ($1.50) returned to KuningasRane
KuningasRane collected $2.50 from pot
KuningasRane: doesn't show hand 
*** SUMMARY ***
Total pot $2.50 | Rake $0 
Seat 1: xxxZeka
Seat 3: IREQO
Seat 2: KuningasRane collected ($2.50)
Seat 4: shootingGRID (button) folded before Flop (didn't bet)
Seat 5: Pippa83 (small blind) folded before Flop
Seat 6: vadjkeee (big blind) folded before Flop



PokerStars Hand #254570107318:  Hold'em No Limit ($0.50/$1.00 USD) - 2025/01/26 21:42:51 WET [2025/01/26 16:42:51 ET]
Table 'Jugurtha III' 6-max Seat #5 is the button
Seat 1: xxxZeka ($186.41 in chips) is sitting out
Seat 3: IREQO ($85.54 in chips) is sitting out
Seat 2: KuningasRane ($78.22 in chips) 
Seat 4: shootingGRID ($118.08 in chips) 
Seat 5: Pippa83 ($141.72 in chips) 
Seat 6: vadjkeee ($122.90 in chips) 
vadjkeee: posts small blind $0.50
KuningasRane: posts big blind $1
IREQO: sits out 
*** HOLE CARDS ***
shootingGRID: raises $1.25 to $2.25
Pippa83: folds 
vadjkeee: folds 
KuningasRane: folds 
Uncalled bet ($1.25) returned to shootingGRID
shootingGRID collected $2.50 from pot
*** SUMMARY ***
Total pot $2.50 | Rake $0 
Seat 1: xxxZeka
Seat 3: IREQO
Seat 2: KuningasRane (big blind) folded before Flop
Seat 4: shootingGRID collected ($2.50)
Seat 5: Pippa83 (button) folded before Flop (didn't bet)
Seat 6: vadjkeee (small blind) folded before Flop



PokerStars Hand #254570113731:  Hold'em No Limit ($0.50/$1.00 USD) - 2025/01/26 21:43:09 WET [2025/01/26 16:43:09 ET]
Table 'Jugurtha III' 6-max Seat #6 is the button
Seat 1: xxxZeka ($186.41 in chips) is sitting out
Seat 2: KuningasRane ($77.22 in chips) 
Seat 3: IREQO ($85.54 in chips) 
Seat 4: shootingGRID ($119.58 in chips) 
Seat 5: Pippa83 ($141.72 in chips) 
Seat 6: vadjkeee ($122.40 in chips) 
KuningasRane: posts small blind $0.50
IREQO: posts big blind $1
*** HOLE CARDS ***
shootingGRID: folds 
Pippa83: folds 
vadjkeee: raises $2 to $3
KuningasRane: folds 
IREQO: folds 
Uncalled bet ($2) returned to vadjkeee
vadjkeee collected $2.50 from pot
vadjkeee: doesn't show hand 
*** SUMMARY ***
Total pot $2.50 | Rake $0 
Seat 1: xxxZeka
Seat 2: KuningasRane (small blind) folded before Flop
Seat 3: IREQO (big blind) folded before Flop
Seat 4: shootingGRID folded before Flop (didn't bet)
Seat 5: Pippa83 folded before Flop (didn't bet)
Seat 6: vadjkeee (button) collected ($2.50)



PokerStars Hand #254570119328:  Hold'em No Limit ($0.50/$1.00 USD) - 2025/01/26 21:43:25 WET [2025/01/26 16:43:25 ET]
Table 'Jugurtha III' 6-max Seat #2 is the button
Seat 1: xxxZeka ($186.41 in chips) is sitting out
Seat 2: KuningasRane ($76.72 in chips) 
Seat 3: IREQO ($84.54 in chips) 
Seat 4: shootingGRID ($119.58 in chips) 
Seat 5: Pippa83 ($141.72 in chips) 
Seat 6: vadjkeee ($123.90 in chips) 
IREQO: posts small blind $0.50
shootingGRID: posts big blind $1
*** HOLE CARDS ***
Pippa83: folds 
vadjkeee: folds 
KuningasRane: folds 
IREQO: raises $1.50 to $2.50
shootingGRID: calls $1.50
*** FLOP *** [Jc As 7h]
IREQO: checks 
shootingGRID: checks 
*** TURN *** [Jc As 7h] [9h]
IREQO: bets $3
shootingGRID: calls $3
*** RIVER *** [Jc As 7h 9h] [Kh]
IREQO: checks 
shootingGRID: bets $11.50
IREQO: folds 
Uncalled bet ($11.50) returned to shootingGRID
shootingGRID collected $10.45 from pot
*** SUMMARY ***
Total pot $11 | Rake $0.55 
Board [Jc As 7h 9h Kh]
Seat 1: xxxZeka
Seat 2: KuningasRane (button) folded before Flop (didn't bet)
Seat 3: IREQO (small blind) folded on the River
Seat 4: shootingGRID (big blind) collected ($10.45)
Seat 5: Pippa83 folded before Flop (didn't bet)
Seat 6: vadjkeee folded before Flop (didn't bet)



PokerStars Hand #254570151744:  Hold'em No Limit ($0.50/$1.00 USD) - 2025/01/26 21:44:57 WET [2025/01/26 16:44:57 ET]
Table 'Jugurtha III' 6-max Seat #3 is the button
Seat 1: xxxZeka ($186.41 in chips) is sitting out
Seat 2: KuningasRane ($100 in chips) 
Seat 3: IREQO ($79.04 in chips) 
Seat 4: shootingGRID ($124.53 in chips) 
Seat 5: Pippa83 ($141.72 in chips) 
Seat 6: vadjkeee ($123.90 in chips) 
shootingGRID: posts small blind $0.50
Pippa83: posts big blind $1
xxxZeka: sits out 
*** HOLE CARDS ***
vadjkeee: folds 
KuningasRane: raises $1.50 to $2.50
IREQO: folds 
shootingGRID: folds 
Pippa83: folds 
Uncalled bet ($1.50) returned to KuningasRane
KuningasRane collected $2.50 from pot
KuningasRane: doesn't show hand 
*** SUMMARY ***
Total pot $2.50 | Rake $0 
Seat 1: xxxZeka
Seat 2: KuningasRane collected ($2.50)
Seat 3: IREQO (button) folded before Flop (didn't bet)
Seat 4: shootingGRID (small blind) folded before Flop
Seat 5: Pippa83 (big blind) folded before Flop
Seat 6: vadjkeee folded before Flop (didn't bet)



PokerStars Hand #254570157744:  Hold'em No Limit ($0.50/$1.00 USD) - 2025/01/26 21:45:14 WET [2025/01/26 16:45:14 ET]
Table 'Jugurtha III' 6-max Seat #4 is the button
Seat 1: xxxZeka ($186.41 in chips) is sitting out
Seat 2: KuningasRane ($101.50 in chips) 
Seat 3: IREQO ($79.04 in chips) 
Seat 4: shootingGRID ($124.03 in chips) 
Seat 5: Pippa83 ($140.72 in chips) 
Seat 6: vadjkeee ($123.90 in chips) 
Pippa83: posts small blind $0.50
vadjkeee: posts big blind $1
xxxZeka: sits out 
*** HOLE CARDS ***
KuningasRane: folds 
IREQO: raises $1.50 to $2.50
shootingGRID: folds 
Pippa83: folds 
vadjkeee: raises $7.50 to $10
IREQO: calls $7.50
*** FLOP *** [8d 4c 5c]
vadjkeee: checks 
IREQO: bets $6.43
vadjkeee: folds 
Uncalled bet ($6.43) returned to IREQO
IREQO collected $19.48 from pot
IREQO: doesn't show hand 
*** SUMMARY ***
Total pot $20.50 | Rake $1.02 
Board [8d 4c 5c]
Seat 1: xxxZeka
Seat 2: KuningasRane folded before Flop (didn't bet)
Seat 3: IREQO collected ($19.48)
Seat 4: shootingGRID (button) folded before Flop (didn't bet)
Seat 5: Pippa83 (small blind) folded before Flop
Seat 6: vadjkeee (big blind) folded on the Flop



PokerStars Hand #254570183925:  Hold'em No Limit ($0.50/$1.00 USD) - 2025/01/26 21:46:28 WET [2025/01/26 16:46:28 ET]
Table 'Jugurtha III' 6-max Seat #5 is the button
Seat 1: xxxZeka ($186.41 in chips) 
Seat 2: KuningasRane ($101.50 in chips) 
Seat 3: IREQO ($88.52 in chips) 
Seat 4: shootingGRID ($124.03 in chips) 
Seat 5: Pippa83 ($140.22 in chips) 
Seat 6: vadjkeee ($113.90 in chips) 
vadjkeee: posts small blind $0.50
xxxZeka: posts big blind $1
*** HOLE CARDS ***
KuningasRane: folds 
IREQO: raises $1.50 to $2.50
shootingGRID: folds 
Pippa83: folds 
vadjkeee: folds 
xxxZeka: folds 
Uncalled bet ($1.50) returned to IREQO
IREQO collected $2.50 from pot
IREQO: doesn't show hand 
*** SUMMARY ***
Total pot $2.50 | Rake $0 
Seat 1: xxxZeka (big blind) folded before Flop
Seat 2: KuningasRane folded before Flop (didn't bet)
Seat 3: IREQO collected ($2.50)
Seat 4: shootingGRID folded before Flop (didn't bet)
Seat 5: Pippa83 (button) folded before Flop (didn't bet)
Seat 6: vadjkeee (small blind) folded before Flop



PokerStars Hand #254570193142:  Hold'em No Limit ($0.50/$1.00 USD) - 2025/01/26 21:46:53 WET [2025/01/26 16:46:53 ET]
Table 'Jugurtha III' 6-max Seat #6 is the button
Seat 1: xxxZeka ($185.41 in chips) 
Seat 2: KuningasRane ($101.50 in chips) 
Seat 3: IREQO ($90.02 in chips) 
Seat 4: shootingGRID ($124.03 in chips) 
Seat 5: Pippa83 ($140.22 in chips) 
Seat 6: vadjkeee ($113.40 in chips) 
xxxZeka: posts small blind $0.50
KuningasRane: posts big blind $1
*** HOLE CARDS ***
IREQO: folds 
shootingGRID: folds 
Pippa83: folds 
vadjkeee: folds 
xxxZeka: folds 
Uncalled bet ($0.50) returned to KuningasRane
KuningasRane collected $1 from pot
KuningasRane: doesn't show hand 
*** SUMMARY ***
Total pot $1 | Rake $0 
Seat 1: xxxZeka (small blind) folded before Flop
Seat 2: KuningasRane (big blind) collected ($1)
Seat 3: IREQO folded before Flop (didn't bet)
Seat 4: shootingGRID folded before Flop (didn't bet)
Seat 5: Pippa83 folded before Flop (didn't bet)
Seat 6: vadjkeee (button) folded before Flop (didn't bet)



PokerStars Hand #254570197247:  Hold'em No Limit ($0.50/$1.00 USD) - 2025/01/26 21:47:05 WET [2025/01/26 16:47:05 ET]
Table 'Jugurtha III' 6-max Seat #1 is the button
Seat 3: IREQO ($90.02 in chips) is sitting out
Seat 1: xxxZeka ($184.91 in chips) 
Seat 2: KuningasRane ($102 in chips) 
Seat 4: shootingGRID ($124.03 in chips) 
Seat 5: Pippa83 ($140.22 in chips) 
Seat 6: vadjkeee ($113.40 in chips) 
KuningasRane: posts small blind $0.50
IREQO: is sitting out 
shootingGRID: posts big blind $1
*** HOLE CARDS ***
Pippa83: folds 
vadjkeee: folds 
xxxZeka: raises $1.50 to $2.50
KuningasRane: calls $2
IREQO leaves the table
shootingGRID: folds 
*** FLOP *** [Ks 2s 5c]
KuningasRane: checks 
xxxZeka: bets $1.70
KuningasRane: calls $1.70
*** TURN *** [Ks 2s 5c] [5s]
beshece11harf joins the table at seat #3 
KuningasRane: checks 
xxxZeka: bets $7.20
KuningasRane: folds 
Uncalled bet ($7.20) returned to xxxZeka
xxxZeka collected $8.93 from pot
xxxZeka: doesn't show hand 
*** SUMMARY ***
Total pot $9.40 | Rake $0.47 
Board [Ks 2s 5c 5s]
Seat 3: IREQO
Seat 1: xxxZeka (button) collected ($8.93)
Seat 2: KuningasRane (small blind) folded on the Turn
Seat 4: shootingGRID (big blind) folded before Flop
Seat 5: Pippa83 folded before Flop (didn't bet)
Seat 6: vadjkeee folded before Flop (didn't bet)



PokerStars Hand #254570214945:  Hold'em No Limit ($0.50/$1.00 USD) - 2025/01/26 21:47:55 WET [2025/01/26 16:47:55 ET]
Table 'Jugurtha III' 6-max Seat #2 is the button
Seat 3: beshece11harf ($100 in chips) is sitting out
Seat 1: xxxZeka ($189.64 in chips) 
Seat 2: KuningasRane ($97.80 in chips) 
Seat 4: shootingGRID ($123.03 in chips) 
Seat 5: Pippa83 ($140.22 in chips) 
Seat 6: vadjkeee ($113.40 in chips) 
shootingGRID: posts small blind $0.50
Pippa83: posts big blind $1
*** HOLE CARDS ***
vadjkeee: folds 
xxxZeka: folds 
KuningasRane: raises $1.50 to $2.50
shootingGRID: folds 
Pippa83: calls $1.50
*** FLOP *** [6h 4c 4h]
Pippa83: checks 
KuningasRane: bets $2
Pippa83: folds 
Uncalled bet ($2) returned to KuningasRane
KuningasRane collected $5.22 from pot
KuningasRane: doesn't show hand 
*** SUMMARY ***
Total pot $5.50 | Rake $0.28 
Board [6h 4c 4h]
Seat 3: beshece11harf
Seat 1: xxxZeka folded before Flop (didn't bet)
Seat 2: KuningasRane (button) collected ($5.22)
Seat 4: shootingGRID (small blind) folded before Flop
Seat 5: Pippa83 (big blind) folded on the Flop
Seat 6: vadjkeee folded before Flop (didn't bet)



PokerStars Hand #254570226562:  Hold'em No Limit ($0.50/$1.00 USD) - 2025/01/26 21:48:27 WET [2025/01/26 16:48:27 ET]
Table 'Jugurtha III' 6-max Seat #4 is the button
Seat 3: beshece11harf ($100 in chips) is sitting out
Seat 6: vadjkeee ($113.40 in chips) is sitting out
Seat 1: xxxZeka ($189.64 in chips) 
Seat 2: KuningasRane ($100.52 in chips) 
Seat 4: shootingGRID ($122.53 in chips) 
Seat 5: Pippa83 ($137.72 in chips) 
Pippa83: posts small blind $0.50
vadjkeee: is sitting out 
xxxZeka: posts big blind $1
beshece11harf: sits out 
*** HOLE CARDS ***
KuningasRane: folds 
shootingGRID: folds 
Pippa83: folds 
Uncalled bet ($0.50) returned to xxxZeka
xxxZeka collected $1 from pot
xxxZeka: doesn't show hand 
*** SUMMARY ***
Total pot $1 | Rake $0 
Seat 3: beshece11harf
Seat 6: vadjkeee
Seat 1: xxxZeka (big blind) collected ($1)
Seat 2: KuningasRane folded before Flop (didn't bet)
Seat 4: shootingGRID (button) folded before Flop (didn't bet)
Seat 5: Pippa83 (small blind) folded before Flop



PokerStars Hand #254570234139:  Hold'em No Limit ($0.50/$1.00 USD) - 2025/01/26 21:48:48 WET [2025/01/26 16:48:48 ET]
Table 'Jugurtha III' 6-max Seat #5 is the button
Seat 3: beshece11harf ($100 in chips) is sitting out
Seat 6: vadjkeee ($113.40 in chips) is sitting out
Seat 1: xxxZeka ($190.14 in chips) 
Seat 2: KuningasRane ($100.52 in chips) 
Seat 4: shootingGRID ($122.53 in chips) 
Seat 5: Pippa83 ($137.22 in chips) 
xxxZeka: posts small blind $0.50
KuningasRane: posts big blind $1
beshece11harf: sits out 
*** HOLE CARDS ***
shootingGRID: folds 
Pippa83: folds 
xxxZeka: folds 
Uncalled bet ($0.50) returned to KuningasRane
KuningasRane collected $1 from pot
KuningasRane: doesn't show hand 
*** SUMMARY ***
Total pot $1 | Rake $0 
Seat 3: beshece11harf
Seat 6: vadjkeee
Seat 1: xxxZeka (small blind) folded before Flop
Seat 2: KuningasRane (big blind) collected ($1)
Seat 4: shootingGRID folded before Flop (didn't bet)
Seat 5: Pippa83 (button) folded before Flop (didn't bet)



PokerStars Hand #254570242951:  Hold'em No Limit ($0.50/$1.00 USD) - 2025/01/26 21:49:13 WET [2025/01/26 16:49:13 ET]
Table 'Jugurtha III' 6-max Seat #1 is the button
Seat 6: vadjkeee ($113.40 in chips) is sitting out
Seat 1: xxxZeka ($189.64 in chips) 
Seat 2: KuningasRane ($101.02 in chips) 
Seat 3: beshece11harf ($100 in chips) 
Seat 4: shootingGRID ($122.53 in chips) 
Seat 5: Pippa83 ($137.22 in chips) 
KuningasRane: posts small blind $0.50
beshece11harf: posts big blind $1
*** HOLE CARDS ***
shootingGRID: folds 
Pippa83: folds 
xxxZeka: folds 
KuningasRane: folds 
Uncalled bet ($0.50) returned to beshece11harf
beshece11harf collected $1 from pot
beshece11harf: doesn't show hand 
*** SUMMARY ***
Total pot $1 | Rake $0 
Seat 6: vadjkeee
Seat 1: xxxZeka (button) folded before Flop (didn't bet)
Seat 2: KuningasRane (small blind) folded before Flop
Seat 3: beshece11harf (big blind) collected ($1)
Seat 4: shootingGRID folded before Flop (didn't bet)
Seat 5: Pippa83 folded before Flop (didn't bet)



PokerStars Hand #254570249608:  Hold'em No Limit ($0.50/$1.00 USD) - 2025/01/26 21:49:32 WET [2025/01/26 16:49:32 ET]
Table 'Jugurtha III' 6-max Seat #2 is the button
Seat 6: vadjkeee ($113.40 in chips) is sitting out
Seat 1: xxxZeka ($189.64 in chips) 
Seat 2: KuningasRane ($100.52 in chips) 
Seat 3: beshece11harf ($100.50 in chips) 
Seat 4: shootingGRID ($122.53 in chips) 
Seat 5: Pippa83 ($137.22 in chips) 
beshece11harf: posts small blind $0.50
shootingGRID: posts big blind $1
*** HOLE CARDS ***
Pippa83: folds 
xxxZeka: folds 
KuningasRane: raises $1.50 to $2.50
beshece11harf: folds 
shootingGRID: calls $1.50
*** FLOP *** [Th Qs 8s]
shootingGRID: checks 
KuningasRane: checks 
*** TURN *** [Th Qs 8s] [7c]
shootingGRID: bets $3.45
KuningasRane: folds 
Uncalled bet ($3.45) returned to shootingGRID
shootingGRID collected $5.22 from pot
*** SUMMARY ***
Total pot $5.50 | Rake $0.28 
Board [Th Qs 8s 7c]
Seat 6: vadjkeee
Seat 1: xxxZeka folded before Flop (didn't bet)
Seat 2: KuningasRane (button) folded on the Turn
Seat 3: beshece11harf (small blind) folded before Flop
Seat 4: shootingGRID (big blind) collected ($5.22)
Seat 5: Pippa83 folded before Flop (didn't bet)



PokerStars Hand #254570269587:  Hold'em No Limit ($0.50/$1.00 USD) - 2025/01/26 21:50:29 WET [2025/01/26 16:50:29 ET]
Table 'Jugurtha III' 6-max Seat #3 is the button
Seat 6: vadjkeee ($113.40 in chips) is sitting out
Seat 1: xxxZeka ($189.64 in chips) 
Seat 2: KuningasRane ($98.02 in chips) 
Seat 3: beshece11harf ($100 in chips) 
Seat 4: shootingGRID ($125.25 in chips) 
Seat 5: Pippa83 ($137.22 in chips) 
shootingGRID: posts small blind $0.50
Pippa83: posts big blind $1
*** HOLE CARDS ***
xxxZeka: folds 
KuningasRane: folds 
beshece11harf: folds 
shootingGRID: folds 
Uncalled bet ($0.50) returned to Pippa83
Pippa83 collected $1 from pot
Pippa83: doesn't show hand 
*** SUMMARY ***
Total pot $1 | Rake $0 
Seat 6: vadjkeee
Seat 1: xxxZeka folded before Flop (didn't bet)
Seat 2: KuningasRane folded before Flop (didn't bet)
Seat 3: beshece11harf (button) folded before Flop (didn't bet)
Seat 4: shootingGRID (small blind) folded before Flop
Seat 5: Pippa83 (big blind) collected ($1)



PokerStars Hand #254570275530:  Hold'em No Limit ($0.50/$1.00 USD) - 2025/01/26 21:50:46 WET [2025/01/26 16:50:46 ET]
Table 'Jugurtha III' 6-max Seat #4 is the button
Seat 1: xxxZeka ($189.64 in chips) is sitting out
Seat 6: vadjkeee ($113.40 in chips) is sitting out
Seat 2: KuningasRane ($98.02 in chips) 
Seat 3: beshece11harf ($100 in chips) 
Seat 4: shootingGRID ($124.75 in chips) 
Seat 5: Pippa83 ($137.72 in chips) 
Pippa83: posts small blind $0.50
xxxZeka: is sitting out 
KuningasRane: posts big blind $1
*** HOLE CARDS ***
beshece11harf: folds 
shootingGRID: folds 
Pippa83: folds 
Uncalled bet ($0.50) returned to KuningasRane
KuningasRane collected $1 from pot
KuningasRane: doesn't show hand 
*** SUMMARY ***
Total pot $1 | Rake $0 
Seat 1: xxxZeka
Seat 6: vadjkeee
Seat 2: KuningasRane (big blind) collected ($1)
Seat 3: beshece11harf folded before Flop (didn't bet)
Seat 4: shootingGRID (button) folded before Flop (didn't bet)
Seat 5: Pippa83 (small blind) folded before Flop



PokerStars Hand #254570281234:  Hold'em No Limit ($0.50/$1.00 USD) - 2025/01/26 21:51:03 WET [2025/01/26 16:51:03 ET]
Table 'Jugurtha III' 6-max Seat #5 is the button
Seat 1: xxxZeka ($189.64 in chips) is sitting out
Seat 6: vadjkeee ($113.40 in chips) is sitting out
Seat 2: KuningasRane ($98.52 in chips) 
Seat 3: beshece11harf ($100 in chips) 
Seat 4: shootingGRID ($124.75 in chips) 
Seat 5: Pippa83 ($137.22 in chips) 
KuningasRane: posts small blind $0.50
beshece11harf: posts big blind $1
*** HOLE CARDS ***
shootingGRID: folds 
xxxZeka leaves the table
Pippa83: raises $1.50 to $2.50
KuningasRane: folds 
beshece11harf: raises $10 to $12.50
Pippa83: folds 
Uncalled bet ($10) returned to beshece11harf
vadjkeee leaves the table
beshece11harf collected $5.50 from pot
beshece11harf: doesn't show hand 
*** SUMMARY ***
Total pot $5.50 | Rake $0 
Seat 1: xxxZeka
Seat 6: vadjkeee
Seat 2: KuningasRane (small blind) folded before Flop
Seat 3: beshece11harf (big blind) collected ($5.50)
Seat 4: shootingGRID folded before Flop (didn't bet)
Seat 5: Pippa83 (button) folded before Flop



PokerStars Hand #254570289017:  Hold'em No Limit ($0.50/$1.00 USD) - 2025/01/26 21:51:25 WET [2025/01/26 16:51:25 ET]
Table 'Jugurtha III' 6-max Seat #2 is the button
Seat 2: KuningasRane ($98.02 in chips) 
Seat 3: beshece11harf ($103 in chips) 
Seat 4: shootingGRID ($124.75 in chips) 
Seat 5: Pippa83 ($134.72 in chips) 
beshece11harf: posts small blind $0.50
shootingGRID: posts big blind $1
*** HOLE CARDS ***
Pippa83: folds 
Pippa83 leaves the table
KuningasRane: folds 
beshece11harf: folds 
Uncalled bet ($0.50) returned to shootingGRID
shootingGRID collected $1 from pot
*** SUMMARY ***
Total pot $1 | Rake $0 
Seat 2: KuningasRane (button) folded before Flop (didn't bet)
Seat 3: beshece11harf (small blind) folded before Flop
Seat 4: shootingGRID (big blind) collected ($1)
Seat 5: Pippa83 folded before Flop (didn't bet)



PokerStars Hand #254570293481:  Hold'em No Limit ($0.50/$1.00 USD) - 2025/01/26 21:51:37 WET [2025/01/26 16:51:37 ET]
Table 'Jugurtha III' 6-max Seat #3 is the button
Seat 2: KuningasRane ($98.02 in chips) 
Seat 3: beshece11harf ($102.50 in chips) 
Seat 4: shootingGRID ($125.25 in chips) 
shootingGRID: posts small blind $0.50
KuningasRane: posts big blind $1
*** HOLE CARDS ***
beshece11harf: raises $1.50 to $2.50
shootingGRID: folds 
KuningasRane: folds 
Uncalled bet ($1.50) returned to beshece11harf
beshece11harf collected $2.50 from pot
beshece11harf: doesn't show hand 
*** SUMMARY ***
Total pot $2.50 | Rake $0 
Seat 2: KuningasRane (big blind) folded before Flop
Seat 3: beshece11harf (button) collected ($2.50)
Seat 4: shootingGRID (small blind) folded before Flop



PokerStars Hand #254570298394:  Hold'em No Limit ($0.50/$1.00 USD) - 2025/01/26 21:51:51 WET [2025/01/26 16:51:51 ET]
Table 'Jugurtha III' 6-max Seat #4 is the button
Seat 2: KuningasRane ($97.02 in chips) 
Seat 3: beshece11harf ($104 in chips) 
Seat 4: shootingGRID ($124.75 in chips) 
KuningasRane: posts small blind $0.50
beshece11harf: posts big blind $1
*** HOLE CARDS ***
shootingGRID: folds 
KuningasRane: calls $0.50
beshece11harf: checks 
*** FLOP *** [As Qd 3h]
KuningasRane: bets $1
beshece11harf: calls $1
*** TURN *** [As Qd 3h] [3d]
KuningasRane: bets $2
beshece11harf: raises $5 to $7
KuningasRane: folds 
Uncalled bet ($5) returned to beshece11harf
beshece11harf collected $7.60 from pot
beshece11harf: doesn't show hand 
*** SUMMARY ***
Total pot $8 | Rake $0.40 
Board [As Qd 3h 3d]
Seat 2: KuningasRane (small blind) folded on the Turn
Seat 3: beshece11harf (big blind) collected ($7.60)
Seat 4: shootingGRID (button) folded before Flop (didn't bet)



PokerStars Hand #254570320798:  Hold'em No Limit ($0.50/$1.00 USD) - 2025/01/26 21:52:56 WET [2025/01/26 16:52:56 ET]
Table 'Jugurtha III' 6-max Seat #2 is the button
Seat 2: KuningasRane ($93.02 in chips) 
Seat 3: beshece11harf ($107.60 in chips) 
Seat 4: shootingGRID ($124.75 in chips) 
beshece11harf: posts small blind $0.50
shootingGRID: posts big blind $1
*** HOLE CARDS ***
KuningasRane: folds 
beshece11harf: raises $2 to $3
shootingGRID: raises $6 to $9
Manifestorr joins the table at seat #5 
KuningasRane leaves the table
beshece11harf: raises $13 to $22
shootingGRID: folds 
Uncalled bet ($13) returned to beshece11harf
beshece11harf collected $18 from pot
beshece11harf: doesn't show hand 
*** SUMMARY ***
Total pot $18 | Rake $0 
Seat 2: KuningasRane (button) folded before Flop (didn't bet)
Seat 3: beshece11harf (small blind) collected ($18)
Seat 4: shootingGRID (big blind) folded before Flop



PokerStars Hand #254570330072:  Hold'em No Limit ($0.50/$1.00 USD) - 2025/01/26 21:53:23 WET [2025/01/26 16:53:23 ET]
Table 'Jugurtha III' 6-max Seat #3 is the button
Seat 3: beshece11harf ($116.60 in chips) 
Seat 4: shootingGRID ($115.75 in chips) 
Seat 5: Manifestorr ($100 in chips) 
shootingGRID: posts small blind $0.50
Manifestorr: posts big blind $1
*** HOLE CARDS ***
beshece11harf: folds 
shootingGRID: raises $2 to $3
Manifestorr: folds 
Uncalled bet ($2) returned to shootingGRID
shootingGRID collected $2 from pot
*** SUMMARY ***
Total pot $2 | Rake $0 
Seat 3: beshece11harf (button) folded before Flop (didn't bet)
Seat 4: shootingGRID (small blind) collected ($2)
Seat 5: Manifestorr (big blind) folded before Flop



PokerStars Hand #254570514332:  Hold'em No Limit ($0.50/$1.00 USD) - 2025/01/26 22:04:38 WET [2025/01/26 17:04:38 ET]
Table 'Jugurtha III' 6-max Seat #4 is the button
Seat 2: Aleqseuka ($100 in chips) 
Seat 4: shootingGRID ($116.75 in chips) 
Seat 6: Supermegopro ($100 in chips) 
Supermegopro: posts small blind $0.50
Aleqseuka: posts big blind $1
*** HOLE CARDS ***
shootingGRID: raises $1.50 to $2.50
Supermegopro: folds 
Aleqseuka: raises $10.50 to $13
shootingGRID: folds 
Uncalled bet ($10.50) returned to Aleqseuka
Aleqseuka collected $5.50 from pot
Aleqseuka: doesn't show hand 
*** SUMMARY ***
Total pot $5.50 | Rake $0 
Seat 2: Aleqseuka (big blind) collected ($5.50)
Seat 4: shootingGRID (button) folded before Flop
Seat 6: Supermegopro (small blind) folded before Flop



PokerStars Hand #254570524965:  Hold'em No Limit ($0.50/$1.00 USD) - 2025/01/26 22:05:09 WET [2025/01/26 17:05:09 ET]
Table 'Jugurtha III' 6-max Seat #6 is the button
Seat 2: Aleqseuka ($103 in chips) 
Seat 4: shootingGRID ($114.25 in chips) 
Seat 6: Supermegopro ($100 in chips) 
Aleqseuka: posts small blind $0.50
shootingGRID: posts big blind $1
*** HOLE CARDS ***
Supermegopro: folds 
Aleqseuka: folds 
Uncalled bet ($0.50) returned to shootingGRID
shootingGRID collected $1 from pot
*** SUMMARY ***
Total pot $1 | Rake $0 
Seat 2: Aleqseuka (small blind) folded before Flop
Seat 4: shootingGRID (big blind) collected ($1)
Seat 6: Supermegopro (button) folded before Flop (didn't bet)



PokerStars Hand #254570526964:  Hold'em No Limit ($0.50/$1.00 USD) - 2025/01/26 22:05:15 WET [2025/01/26 17:05:15 ET]
Table 'Jugurtha III' 6-max Seat #2 is the button
Seat 2: Aleqseuka ($102.50 in chips) 
Seat 4: shootingGRID ($114.75 in chips) 
Seat 6: Supermegopro ($100 in chips) 
shootingGRID: posts small blind $0.50
Supermegopro: posts big blind $1
*** HOLE CARDS ***
Aleqseuka: folds 
shootingGRID: folds 
Uncalled bet ($0.50) returned to Supermegopro
Supermegopro collected $1 from pot
Supermegopro: doesn't show hand 
*** SUMMARY ***
Total pot $1 | Rake $0 
Seat 2: Aleqseuka (button) folded before Flop (didn't bet)
Seat 4: shootingGRID (small blind) folded before Flop
Seat 6: Supermegopro (big blind) collected ($1)



PokerStars Hand #254570530117:  Hold'em No Limit ($0.50/$1.00 USD) - 2025/01/26 22:05:23 WET [2025/01/26 17:05:23 ET]
Table 'Jugurtha III' 6-max Seat #4 is the button
Seat 2: Aleqseuka ($102.50 in chips) 
Seat 4: shootingGRID ($114.25 in chips) 
shootingGRID: posts small blind $0.50
Aleqseuka: posts big blind $1
*** HOLE CARDS ***
shootingGRID: raises $1.25 to $2.25
Aleqseuka: calls $1.25
*** FLOP *** [Qc Ks Ah]
Aleqseuka: checks 
shootingGRID: bets $1.41
Aleqseuka: folds 
Uncalled bet ($1.41) returned to shootingGRID
shootingGRID collected $4.28 from pot
*** SUMMARY ***
Total pot $4.50 | Rake $0.22 
Board [Qc Ks Ah]
Seat 2: Aleqseuka (big blind) folded on the Flop
Seat 4: shootingGRID (button) (small blind) collected ($4.28)



PokerStars Hand #254570540990:  Hold'em No Limit ($0.50/$1.00 USD) - 2025/01/26 22:05:55 WET [2025/01/26 17:05:55 ET]
Table 'Jugurtha III' 6-max Seat #2 is the button
Seat 2: Aleqseuka ($100.25 in chips) 
Seat 4: shootingGRID ($116.28 in chips) 
Aleqseuka: posts small blind $0.50
shootingGRID: posts big blind $1
*** HOLE CARDS ***
Aleqseuka: raises $1.50 to $2.50
shootingGRID: calls $1.50
*** FLOP *** [5s Jc Qs]
shootingGRID: checks 
Aleqseuka: checks 
*** TURN *** [5s Jc Qs] [2c]
shootingGRID: checks 
Aleqseuka: checks 
*** RIVER *** [5s Jc Qs 2c] [Kc]
shootingGRID: checks 
Aleqseuka: checks 
*** SHOW DOWN ***
shootingGRID: shows [7d 6h] (high card King)
Aleqseuka: shows [Ac 5d] (a pair of Fives)
Aleqseuka collected $4.75 from pot
*** SUMMARY ***
Total pot $5 | Rake $0.25 
Board [5s Jc Qs 2c Kc]
Seat 2: Aleqseuka (button) (small blind) showed [Ac 5d] and won ($4.75) with a pair of Fives
Seat 4: shootingGRID (big blind) showed [7d 6h] and lost with high card King



