PokerStars Hand #254570750268:  Hold'em No Limit ($0.50/$1.00 USD) - 2025/01/26 22:16:09 WET [2025/01/26 17:16:09 ET]
Table 'Selene IV' 6-max Seat #5 is the button
Seat 1: m0nTTu ($80.50 in chips) 
Seat 3: nikalas22 ($100 in chips) 
Seat 5: Aleqseuka ($100 in chips) 
m0nTTu: posts small blind $0.50
nikalas22: posts big blind $1
*** HOLE CARDS ***
Aleqseuka: raises $1.50 to $2.50
m0nTTu: folds 
nikalas22: calls $1.50
*** FLOP *** [7h 7d 4s]
nikalas22: checks 
Aleqseuka: checks 
*** TURN *** [7h 7d 4s] [2h]
nikalas22: checks 
Aleqseuka: checks 
*** RIVER *** [7h 7d 4s 2h] [6d]
nikalas22: checks 
Aleqseuka: checks 
*** SHOW DOWN ***
nikalas22: shows [As Td] (a pair of Sevens)
Aleqseuka: shows [Tc Ah] (a pair of Sevens)
nikalas22 collected $2.61 from pot
Aleqseuka collected $2.61 from pot
*** SUMMARY ***
Total pot $5.50 | Rake $0.28 
Board [7h 7d 4s 2h 6d]
Seat 1: m0nTTu (small blind) folded before Flop
Seat 3: nikalas22 (big blind) showed [As Td] and won ($2.61) with a pair of Sevens
Seat 5: Aleqseuka (button) showed [Tc Ah] and won ($2.61) with a pair of Sevens



PokerStars Hand #254570764682:  Hold'em No Limit ($0.50/$1.00 USD) - 2025/01/26 22:16:52 WET [2025/01/26 17:16:52 ET]
Table 'Selene IV' 6-max Seat #1 is the button
Seat 1: m0nTTu ($100 in chips) 
Seat 3: nikalas22 ($100.11 in chips) 
Seat 5: Aleqseuka ($100.11 in chips) 
nikalas22: posts small blind $0.50
Aleqseuka: posts big blind $1
*** HOLE CARDS ***
m0nTTu: raises $1.50 to $2.50
nikalas22: raises $9.50 to $12
Aleqseuka: folds 
m0nTTu: folds 
Uncalled bet ($9.50) returned to nikalas22
nikalas22 collected $6 from pot
nikalas22: doesn't show hand 
*** SUMMARY ***
Total pot $6 | Rake $0 
Seat 1: m0nTTu (button) folded before Flop
Seat 3: nikalas22 (small blind) collected ($6)
Seat 5: Aleqseuka (big blind) folded before Flop



PokerStars Hand #254570775644:  Hold'em No Limit ($0.50/$1.00 USD) - 2025/01/26 22:17:25 WET [2025/01/26 17:17:25 ET]
Table 'Selene IV' 6-max Seat #3 is the button
Seat 1: m0nTTu ($97.50 in chips) 
Seat 3: nikalas22 ($103.61 in chips) 
Seat 5: Aleqseuka ($100 in chips) 
Aleqseuka: posts small blind $0.50
m0nTTu: posts big blind $1
*** HOLE CARDS ***
nikalas22: folds 
Aleqseuka: folds 
Uncalled bet ($0.50) returned to m0nTTu
m0nTTu collected $1 from pot
m0nTTu: doesn't show hand 
*** SUMMARY ***
Total pot $1 | Rake $0 
Seat 1: m0nTTu (big blind) collected ($1)
Seat 3: nikalas22 (button) folded before Flop (didn't bet)
Seat 5: Aleqseuka (small blind) folded before Flop



PokerStars Hand #254570778447:  Hold'em No Limit ($0.50/$1.00 USD) - 2025/01/26 22:17:33 WET [2025/01/26 17:17:33 ET]
Table 'Selene IV' 6-max Seat #5 is the button
Seat 1: m0nTTu ($98 in chips) 
Seat 3: nikalas22 ($103.61 in chips) 
Seat 5: Aleqseuka ($100 in chips) 
m0nTTu: posts small blind $0.50
nikalas22: posts big blind $1
*** HOLE CARDS ***
Aleqseuka: raises $1.50 to $2.50
m0nTTu: folds 
nikalas22: calls $1.50
*** FLOP *** [6d Qh 6s]
nikalas22: checks 
Aleqseuka: bets $1.72
nikalas22: calls $1.72
*** TURN *** [6d Qh 6s] [Js]
nikalas22: checks 
Aleqseuka: checks 
*** RIVER *** [6d Qh 6s Js] [Qc]
nikalas22: checks 
Aleqseuka: bets $8.49
nikalas22: folds 
Uncalled bet ($8.49) returned to Aleqseuka
Aleqseuka collected $8.49 from pot
Aleqseuka: doesn't show hand 
*** SUMMARY ***
Total pot $8.94 | Rake $0.45 
Board [6d Qh 6s Js Qc]
Seat 1: m0nTTu (small blind) folded before Flop
Seat 3: nikalas22 (big blind) folded on the River
Seat 5: Aleqseuka (button) collected ($8.49)



PokerStars Hand #254570803871:  Hold'em No Limit ($0.50/$1.00 USD) - 2025/01/26 22:18:49 WET [2025/01/26 17:18:49 ET]
Table 'Selene IV' 6-max Seat #1 is the button
Seat 1: m0nTTu ($100 in chips) 
Seat 3: nikalas22 ($100 in chips) 
Seat 5: Aleqseuka ($104.27 in chips) 
nikalas22: posts small blind $0.50
Aleqseuka: posts big blind $1
*** HOLE CARDS ***
m0nTTu: raises $1.50 to $2.50
nikalas22: folds 
Aleqseuka: folds 
Uncalled bet ($1.50) returned to m0nTTu
m0nTTu collected $2.50 from pot
m0nTTu: doesn't show hand 
*** SUMMARY ***
Total pot $2.50 | Rake $0 
Seat 1: m0nTTu (button) collected ($2.50)
Seat 3: nikalas22 (small blind) folded before Flop
Seat 5: Aleqseuka (big blind) folded before Flop



PokerStars Hand #254570809858:  Hold'em No Limit ($0.50/$1.00 USD) - 2025/01/26 22:19:07 WET [2025/01/26 17:19:07 ET]
Table 'Selene IV' 6-max Seat #3 is the button
Seat 1: m0nTTu ($101.50 in chips) 
Seat 3: nikalas22 ($100 in chips) 
Seat 5: Aleqseuka ($103.27 in chips) 
Aleqseuka: posts small blind $0.50
m0nTTu: posts big blind $1
*** HOLE CARDS ***
nikalas22: folds 
Aleqseuka: folds 
Uncalled bet ($0.50) returned to m0nTTu
m0nTTu collected $1 from pot
m0nTTu: doesn't show hand 
*** SUMMARY ***
Total pot $1 | Rake $0 
Seat 1: m0nTTu (big blind) collected ($1)
Seat 3: nikalas22 (button) folded before Flop (didn't bet)
Seat 5: Aleqseuka (small blind) folded before Flop



PokerStars Hand #254570813247:  Hold'em No Limit ($0.50/$1.00 USD) - 2025/01/26 22:19:18 WET [2025/01/26 17:19:18 ET]
Table 'Selene IV' 6-max Seat #5 is the button
Seat 1: m0nTTu ($102 in chips) 
Seat 3: nikalas22 ($100 in chips) 
Seat 5: Aleqseuka ($102.77 in chips) 
m0nTTu: posts small blind $0.50
nikalas22: posts big blind $1
*** HOLE CARDS ***
Aleqseuka: folds 
m0nTTu has timed out
m0nTTu: folds 
Uncalled bet ($0.50) returned to nikalas22
nikalas22 collected $1 from pot
nikalas22: doesn't show hand 
*** SUMMARY ***
Total pot $1 | Rake $0 
Seat 1: m0nTTu (small blind) folded before Flop
Seat 3: nikalas22 (big blind) collected ($1)
Seat 5: Aleqseuka (button) folded before Flop (didn't bet)



PokerStars Hand #254570822325:  Hold'em No Limit ($0.50/$1.00 USD) - 2025/01/26 22:19:45 WET [2025/01/26 17:19:45 ET]
Table 'Selene IV' 6-max Seat #1 is the button
Seat 1: m0nTTu ($101.50 in chips) 
Seat 3: nikalas22 ($100.50 in chips) 
Seat 5: Aleqseuka ($102.77 in chips) 
nikalas22: posts small blind $0.50
Aleqseuka: posts big blind $1
*** HOLE CARDS ***
m0nTTu: folds 
nikalas22: folds 
Uncalled bet ($0.50) returned to Aleqseuka
Aleqseuka collected $1 from pot
Aleqseuka: doesn't show hand 
*** SUMMARY ***
Total pot $1 | Rake $0 
Seat 1: m0nTTu (button) folded before Flop (didn't bet)
Seat 3: nikalas22 (small blind) folded before Flop
Seat 5: Aleqseuka (big blind) collected ($1)



PokerStars Hand #254570827654:  Hold'em No Limit ($0.50/$1.00 USD) - 2025/01/26 22:20:01 WET [2025/01/26 17:20:01 ET]
Table 'Selene IV' 6-max Seat #5 is the button
Seat 1: m0nTTu ($101.50 in chips) is sitting out
Seat 3: nikalas22 ($100 in chips) 
Seat 5: Aleqseuka ($103.27 in chips) 
Aleqseuka: posts small blind $0.50
m0nTTu: is sitting out 
nikalas22: posts big blind $1
*** HOLE CARDS ***
Aleqseuka: raises $1.50 to $2.50
m0nTTu leaves the table
nikalas22: folds 
Uncalled bet ($1.50) returned to Aleqseuka
Aleqseuka collected $2 from pot
Aleqseuka: doesn't show hand 
*** SUMMARY ***
Total pot $2 | Rake $0 
Seat 1: m0nTTu
Seat 3: nikalas22 (big blind) folded before Flop
Seat 5: Aleqseuka (button) (small blind) collected ($2)



PokerStars Hand #254570830387:  Hold'em No Limit ($0.50/$1.00 USD) - 2025/01/26 22:20:09 WET [2025/01/26 17:20:09 ET]
Table 'Selene IV' 6-max Seat #3 is the button
Seat 3: nikalas22 ($100 in chips) 
Seat 5: Aleqseuka ($104.27 in chips) 
nikalas22: posts small blind $0.50
Aleqseuka: posts big blind $1
*** HOLE CARDS ***
m0nTTu joins the table at seat #1 
nikalas22: raises $1.50 to $2.50
Aleqseuka: calls $1.50
*** FLOP *** [Kh 2s 2d]
Aleqseuka: checks 
nikalas22: bets $1.43
Aleqseuka: folds 
Uncalled bet ($1.43) returned to nikalas22
nikalas22 collected $4.75 from pot
nikalas22: doesn't show hand 
*** SUMMARY ***
Total pot $5 | Rake $0.25 
Board [Kh 2s 2d]
Seat 3: nikalas22 (button) (small blind) collected ($4.75)
Seat 5: Aleqseuka (big blind) folded on the Flop



PokerStars Hand #254570844518:  Hold'em No Limit ($0.50/$1.00 USD) - 2025/01/26 22:20:52 WET [2025/01/26 17:20:52 ET]
Table 'Selene IV' 6-max Seat #3 is the button
Seat 1: m0nTTu ($101.50 in chips) 
Seat 3: nikalas22 ($102.25 in chips) 
Seat 5: Aleqseuka ($101.77 in chips) 
Aleqseuka: posts small blind $0.50
m0nTTu: posts big blind $1
*** HOLE CARDS ***
nikalas22: raises $1.50 to $2.50
Aleqseuka: folds 
m0nTTu: raises $9.50 to $12
nikalas22: raises $14 to $26
KpyDaniel joins the table at seat #2 
KpyDaniel is disconnected 
m0nTTu: calls $14
*** FLOP *** [8d 4s 6s]
Aleqseuka leaves the table
m0nTTu: checks 
CaHek-Ty3 joins the table at seat #4 
EasyGamerrr joins the table at seat #5 
aoish30 joins the table at seat #6 
nikalas22: bets $14
m0nTTu: folds 
Uncalled bet ($14) returned to nikalas22
nikalas22 collected $51.50 from pot
nikalas22: doesn't show hand 
*** SUMMARY ***
Total pot $52.50 | Rake $1 
Board [8d 4s 6s]
Seat 1: m0nTTu (big blind) folded on the Flop
Seat 3: nikalas22 (button) collected ($51.50)
Seat 5: Aleqseuka (small blind) folded before Flop



PokerStars Hand #254570864615:  Hold'em No Limit ($0.50/$1.00 USD) - 2025/01/26 22:21:54 WET [2025/01/26 17:21:54 ET]
Table 'Selene IV' 6-max Seat #1 is the button
Seat 2: KpyDaniel ($100 in chips) is sitting out
Seat 5: EasyGamerrr ($100 in chips) is sitting out
Seat 6: aoish30 ($100 in chips) is sitting out
Seat 1: m0nTTu ($75.50 in chips) 
Seat 3: nikalas22 ($127.75 in chips) 
Seat 4: CaHek-Ty3 ($100 in chips) 
nikalas22: posts small blind $0.50
CaHek-Ty3: posts big blind $1
EasyGamerrr: sits out 
aoish30: sits out 
*** HOLE CARDS ***
m0nTTu: raises $1.50 to $2.50
nikalas22: raises $9.50 to $12
CaHek-Ty3: folds 
m0nTTu: folds 
Uncalled bet ($9.50) returned to nikalas22
nikalas22 collected $6 from pot
nikalas22: doesn't show hand 
*** SUMMARY ***
Total pot $6 | Rake $0 
Seat 2: KpyDaniel
Seat 5: EasyGamerrr
Seat 6: aoish30
Seat 1: m0nTTu (button) folded before Flop
Seat 3: nikalas22 (small blind) collected ($6)
Seat 4: CaHek-Ty3 (big blind) folded before Flop



PokerStars Hand #254570871775:  Hold'em No Limit ($0.50/$1.00 USD) - 2025/01/26 22:22:16 WET [2025/01/26 17:22:16 ET]
Table 'Selene IV' 6-max Seat #3 is the button
Seat 6: aoish30 ($100 in chips) is sitting out
Seat 1: m0nTTu ($73 in chips) 
Seat 2: KpyDaniel ($100 in chips) 
Seat 3: nikalas22 ($131.25 in chips) 
Seat 4: CaHek-Ty3 ($100 in chips) 
Seat 5: EasyGamerrr ($100 in chips) 
CaHek-Ty3: posts small blind $0.50
EasyGamerrr: posts big blind $1
aoish30: sits out 
KpyDaniel: posts big blind $1
*** HOLE CARDS ***
m0nTTu: folds 
KpyDaniel: checks 
nikalas22: folds 
CaHek-Ty3: raises $3 to $4
EasyGamerrr: folds 
KpyDaniel: calls $3
*** FLOP *** [9h 3c 6d]
CaHek-Ty3: bets $2.82
KpyDaniel: calls $2.82
*** TURN *** [9h 3c 6d] [Qd]
CaHek-Ty3: bets $10.43
KpyDaniel: calls $10.43
*** RIVER *** [9h 3c 6d Qd] [Jc]
CaHek-Ty3: bets $15.29
KpyDaniel: folds 
Uncalled bet ($15.29) returned to CaHek-Ty3
CaHek-Ty3 collected $33.72 from pot
*** SUMMARY ***
Total pot $35.50 | Rake $1.78 
Board [9h 3c 6d Qd Jc]
Seat 6: aoish30
Seat 1: m0nTTu folded before Flop (didn't bet)
Seat 2: KpyDaniel folded on the River
Seat 3: nikalas22 (button) folded before Flop (didn't bet)
Seat 4: CaHek-Ty3 (small blind) collected ($33.72)
Seat 5: EasyGamerrr (big blind) folded before Flop



PokerStars Hand #254570888991:  Hold'em No Limit ($0.50/$1.00 USD) - 2025/01/26 22:23:09 WET [2025/01/26 17:23:09 ET]
Table 'Selene IV' 6-max Seat #4 is the button
Seat 1: m0nTTu ($73 in chips) 
Seat 2: KpyDaniel ($82.75 in chips) 
Seat 3: nikalas22 ($131.25 in chips) 
Seat 4: CaHek-Ty3 ($116.47 in chips) 
Seat 5: EasyGamerrr ($100 in chips) 
Seat 6: aoish30 ($100 in chips) 
EasyGamerrr: posts small blind $0.50
aoish30: posts big blind $1
*** HOLE CARDS ***
m0nTTu: folds 
KpyDaniel: calls $1
nikalas22: folds 
CaHek-Ty3: folds 
EasyGamerrr: folds 
aoish30: checks 
*** FLOP *** [7h 5h 9d]
aoish30: checks 
KpyDaniel: bets $2.38
aoish30: calls $2.38
*** TURN *** [7h 5h 9d] [5c]
aoish30: checks 
KpyDaniel: checks 
*** RIVER *** [7h 5h 9d 5c] [8h]
aoish30: checks 
KpyDaniel: checks 
*** SHOW DOWN ***
aoish30: shows [Th 5d] (three of a kind, Fives)
KpyDaniel: mucks hand 
aoish30 collected $6.90 from pot
*** SUMMARY ***
Total pot $7.26 | Rake $0.36 
Board [7h 5h 9d 5c 8h]
Seat 1: m0nTTu folded before Flop (didn't bet)
Seat 2: KpyDaniel mucked
Seat 3: nikalas22 folded before Flop (didn't bet)
Seat 4: CaHek-Ty3 (button) folded before Flop (didn't bet)
Seat 5: EasyGamerrr (small blind) folded before Flop
Seat 6: aoish30 (big blind) showed [Th 5d] and won ($6.90) with three of a kind, Fives



PokerStars Hand #254570903775:  Hold'em No Limit ($0.50/$1.00 USD) - 2025/01/26 22:23:54 WET [2025/01/26 17:23:54 ET]
Table 'Selene IV' 6-max Seat #5 is the button
Seat 1: m0nTTu ($73 in chips) 
Seat 2: KpyDaniel ($79.37 in chips) 
Seat 3: nikalas22 ($131.25 in chips) 
Seat 4: CaHek-Ty3 ($116.47 in chips) 
Seat 5: EasyGamerrr ($100 in chips) 
Seat 6: aoish30 ($103.52 in chips) 
aoish30: posts small blind $0.50
m0nTTu: posts big blind $1
*** HOLE CARDS ***
KpyDaniel: raises $1 to $2
nikalas22: calls $2
CaHek-Ty3: raises $10 to $12
EasyGamerrr: folds 
aoish30: folds 
m0nTTu: folds 
KpyDaniel: calls $10
nikalas22: folds 
*** FLOP *** [Ah Ad 9h]
KpyDaniel: bets $26.12
CaHek-Ty3: folds 
Uncalled bet ($26.12) returned to KpyDaniel
KpyDaniel collected $26.12 from pot
*** SUMMARY ***
Total pot $27.50 | Rake $1.38 
Board [Ah Ad 9h]
Seat 1: m0nTTu (big blind) folded before Flop
Seat 2: KpyDaniel collected ($26.12)
Seat 3: nikalas22 folded before Flop
Seat 4: CaHek-Ty3 folded on the Flop
Seat 5: EasyGamerrr (button) folded before Flop (didn't bet)
Seat 6: aoish30 (small blind) folded before Flop



PokerStars Hand #254570915843:  Hold'em No Limit ($0.50/$1.00 USD) - 2025/01/26 22:24:31 WET [2025/01/26 17:24:31 ET]
Table 'Selene IV' 6-max Seat #6 is the button
Seat 1: m0nTTu ($72 in chips) 
Seat 2: KpyDaniel ($93.49 in chips) 
Seat 3: nikalas22 ($129.25 in chips) 
Seat 4: CaHek-Ty3 ($104.47 in chips) 
Seat 5: EasyGamerrr ($100 in chips) 
Seat 6: aoish30 ($103.02 in chips) 
m0nTTu: posts small blind $0.50
KpyDaniel: posts big blind $1
*** HOLE CARDS ***
nikalas22: folds 
CaHek-Ty3: folds 
EasyGamerrr: folds 
aoish30: folds 
m0nTTu: raises $2 to $3
KpyDaniel: calls $2
*** FLOP *** [Js Qd 2s]
m0nTTu: bets $1.88
KpyDaniel: folds 
Uncalled bet ($1.88) returned to m0nTTu
m0nTTu collected $5.70 from pot
m0nTTu: doesn't show hand 
*** SUMMARY ***
Total pot $6 | Rake $0.30 
Board [Js Qd 2s]
Seat 1: m0nTTu (small blind) collected ($5.70)
Seat 2: KpyDaniel (big blind) folded on the Flop
Seat 3: nikalas22 folded before Flop (didn't bet)
Seat 4: CaHek-Ty3 folded before Flop (didn't bet)
Seat 5: EasyGamerrr folded before Flop (didn't bet)
Seat 6: aoish30 (button) folded before Flop (didn't bet)



PokerStars Hand #254570928236:  Hold'em No Limit ($0.50/$1.00 USD) - 2025/01/26 22:25:09 WET [2025/01/26 17:25:09 ET]
Table 'Selene IV' 6-max Seat #1 is the button
Seat 1: m0nTTu ($100 in chips) 
Seat 2: KpyDaniel ($90.49 in chips) 
Seat 3: nikalas22 ($129.25 in chips) 
Seat 4: CaHek-Ty3 ($104.47 in chips) 
Seat 5: EasyGamerrr ($100 in chips) 
Seat 6: aoish30 ($103.02 in chips) 
KpyDaniel: posts small blind $0.50
nikalas22: posts big blind $1
*** HOLE CARDS ***
CaHek-Ty3: folds 
EasyGamerrr: folds 
aoish30: raises $1.50 to $2.50
m0nTTu: folds 
KpyDaniel: calls $2
nikalas22: folds 
*** FLOP *** [7s Ac 9d]
KpyDaniel: checks 
aoish30: checks 
*** TURN *** [7s Ac 9d] [2s]
KpyDaniel: checks 
aoish30: checks 
*** RIVER *** [7s Ac 9d 2s] [4d]
KpyDaniel: checks 
aoish30: checks 
*** SHOW DOWN ***
KpyDaniel: shows [Qd Jc] (high card Ace)
aoish30: shows [6c 7c] (a pair of Sevens)
aoish30 collected $5.70 from pot
*** SUMMARY ***
Total pot $6 | Rake $0.30 
Board [7s Ac 9d 2s 4d]
Seat 1: m0nTTu (button) folded before Flop (didn't bet)
Seat 2: KpyDaniel (small blind) showed [Qd Jc] and lost with high card Ace
Seat 3: nikalas22 (big blind) folded before Flop
Seat 4: CaHek-Ty3 folded before Flop (didn't bet)
Seat 5: EasyGamerrr folded before Flop (didn't bet)
Seat 6: aoish30 showed [6c 7c] and won ($5.70) with a pair of Sevens



PokerStars Hand #254570948245:  Hold'em No Limit ($0.50/$1.00 USD) - 2025/01/26 22:26:11 WET [2025/01/26 17:26:11 ET]
Table 'Selene IV' 6-max Seat #2 is the button
Seat 1: m0nTTu ($100 in chips) 
Seat 2: KpyDaniel ($87.99 in chips) 
Seat 3: nikalas22 ($128.25 in chips) 
Seat 4: CaHek-Ty3 ($104.47 in chips) 
Seat 5: EasyGamerrr ($100 in chips) 
Seat 6: aoish30 ($106.22 in chips) 
nikalas22: posts small blind $0.50
CaHek-Ty3: posts big blind $1
*** HOLE CARDS ***
EasyGamerrr: folds 
aoish30: folds 
m0nTTu: folds 
KpyDaniel: raises $1 to $2
nikalas22: folds 
CaHek-Ty3: raises $7 to $9
KpyDaniel: calls $7
*** FLOP *** [As 2s 2c]
CaHek-Ty3: bets $5.80
KpyDaniel: raises $29.18 to $34.98
CaHek-Ty3: calls $29.18
*** TURN *** [As 2s 2c] [Jc]
CaHek-Ty3: checks 
KpyDaniel: checks 
*** RIVER *** [As 2s 2c Jc] [Ac]
CaHek-Ty3: checks 
KpyDaniel: bets $44.01 and is all-in
CaHek-Ty3: calls $44.01
*** SHOW DOWN ***
KpyDaniel: shows [Ad 3d] (a full house, Aces full of Deuces)
CaHek-Ty3: shows [Qc Ah] (a full house, Aces full of Deuces)
CaHek-Ty3 collected $86.99 from pot
KpyDaniel collected $86.99 from pot
*** SUMMARY ***
Total pot $176.48 | Rake $2.50 
Board [As 2s 2c Jc Ac]
Seat 1: m0nTTu folded before Flop (didn't bet)
Seat 2: KpyDaniel (button) showed [Ad 3d] and won ($86.99) with a full house, Aces full of Deuces
Seat 3: nikalas22 (small blind) folded before Flop
Seat 4: CaHek-Ty3 (big blind) showed [Qc Ah] and won ($86.99) with a full house, Aces full of Deuces
Seat 5: EasyGamerrr folded before Flop (didn't bet)
Seat 6: aoish30 folded before Flop (didn't bet)



PokerStars Hand #254570962936:  Hold'em No Limit ($0.50/$1.00 USD) - 2025/01/26 22:26:57 WET [2025/01/26 17:26:57 ET]
Table 'Selene IV' 6-max Seat #3 is the button
Seat 1: m0nTTu ($100 in chips) 
Seat 2: KpyDaniel ($86.99 in chips) 
Seat 3: nikalas22 ($127.75 in chips) 
Seat 4: CaHek-Ty3 ($103.47 in chips) 
Seat 5: EasyGamerrr ($100 in chips) 
Seat 6: aoish30 ($106.22 in chips) 
CaHek-Ty3: posts small blind $0.50
EasyGamerrr: posts big blind $1
*** HOLE CARDS ***
aoish30: folds 
m0nTTu: folds 
KpyDaniel: calls $1
nikalas22: raises $3.50 to $4.50
CaHek-Ty3: folds 
EasyGamerrr: folds 
KpyDaniel: calls $3.50
*** FLOP *** [Td 2h Jd]
KpyDaniel: checks 
nikalas22: checks 
*** TURN *** [Td 2h Jd] [7h]
KpyDaniel: checks 
nikalas22: checks 
*** RIVER *** [Td 2h Jd 7h] [4h]
KpyDaniel: bets $4.99
nikalas22: calls $4.99
*** SHOW DOWN ***
KpyDaniel: shows [6c 8c] (high card Jack)
nikalas22: shows [7c Ac] (a pair of Sevens)
nikalas22 collected $19.46 from pot
*** SUMMARY ***
Total pot $20.48 | Rake $1.02 
Board [Td 2h Jd 7h 4h]
Seat 1: m0nTTu folded before Flop (didn't bet)
Seat 2: KpyDaniel showed [6c 8c] and lost with high card Jack
Seat 3: nikalas22 (button) showed [7c Ac] and won ($19.46) with a pair of Sevens
Seat 4: CaHek-Ty3 (small blind) folded before Flop
Seat 5: EasyGamerrr (big blind) folded before Flop
Seat 6: aoish30 folded before Flop (didn't bet)



PokerStars Hand #254570975948:  Hold'em No Limit ($0.50/$1.00 USD) - 2025/01/26 22:27:37 WET [2025/01/26 17:27:37 ET]
Table 'Selene IV' 6-max Seat #4 is the button
Seat 1: m0nTTu ($100 in chips) 
Seat 2: KpyDaniel ($77.50 in chips) 
Seat 3: nikalas22 ($137.72 in chips) 
Seat 4: CaHek-Ty3 ($102.97 in chips) 
Seat 5: EasyGamerrr ($100 in chips) 
Seat 6: aoish30 ($106.22 in chips) 
EasyGamerrr: posts small blind $0.50
aoish30: posts big blind $1
*** HOLE CARDS ***
m0nTTu: raises $1.50 to $2.50
KpyDaniel: calls $2.50
nikalas22: folds 
CaHek-Ty3: raises $9.50 to $12
EasyGamerrr: folds 
aoish30: folds 
m0nTTu: calls $9.50
KpyDaniel: calls $9.50
*** FLOP *** [6d 2h 3s]
m0nTTu: checks 
KpyDaniel: bets $17.81
CaHek-Ty3: folds 
m0nTTu: raises $70.19 to $88 and is all-in
KpyDaniel: calls $47.69 and is all-in
Uncalled bet ($22.50) returned to m0nTTu
*** TURN *** [6d 2h 3s] [2c]
*** RIVER *** [6d 2h 3s 2c] [3c]
*** SHOW DOWN ***
m0nTTu: shows [Qs Qc] (two pair, Queens and Threes)
KpyDaniel: shows [3d 4d] (a full house, Threes full of Deuces)
KpyDaniel collected $166 from pot
*** SUMMARY ***
Total pot $168.50 | Rake $2.50 
Board [6d 2h 3s 2c 3c]
Seat 1: m0nTTu showed [Qs Qc] and lost with two pair, Queens and Threes
Seat 2: KpyDaniel showed [3d 4d] and won ($166) with a full house, Threes full of Deuces
Seat 3: nikalas22 folded before Flop (didn't bet)
Seat 4: CaHek-Ty3 (button) folded on the Flop
Seat 5: EasyGamerrr (small blind) folded before Flop
Seat 6: aoish30 (big blind) folded before Flop



PokerStars Hand #254570999676:  Hold'em No Limit ($0.50/$1.00 USD) - 2025/01/26 22:28:52 WET [2025/01/26 17:28:52 ET]
Table 'Selene IV' 6-max Seat #5 is the button
Seat 1: m0nTTu ($22.50 in chips) 
Seat 2: KpyDaniel ($166 in chips) 
Seat 3: nikalas22 ($137.72 in chips) 
Seat 4: CaHek-Ty3 ($100 in chips) 
Seat 5: EasyGamerrr ($100 in chips) 
Seat 6: aoish30 ($105.22 in chips) 
aoish30: posts small blind $0.50
m0nTTu: posts big blind $1
*** HOLE CARDS ***
KpyDaniel: calls $1
nikalas22: folds 
CaHek-Ty3: folds 
EasyGamerrr: raises $2.50 to $3.50
aoish30: folds 
m0nTTu: folds 
KpyDaniel: calls $2.50
*** FLOP *** [5h 5d 4d]
KpyDaniel: checks 
EasyGamerrr: bets $2.91
KpyDaniel: folds 
Uncalled bet ($2.91) returned to EasyGamerrr
EasyGamerrr collected $8.08 from pot
EasyGamerrr: doesn't show hand 
*** SUMMARY ***
Total pot $8.50 | Rake $0.42 
Board [5h 5d 4d]
Seat 1: m0nTTu (big blind) folded before Flop
Seat 2: KpyDaniel folded on the Flop
Seat 3: nikalas22 folded before Flop (didn't bet)
Seat 4: CaHek-Ty3 folded before Flop (didn't bet)
Seat 5: EasyGamerrr (button) collected ($8.08)
Seat 6: aoish30 (small blind) folded before Flop



PokerStars Hand #254571010143:  Hold'em No Limit ($0.50/$1.00 USD) - 2025/01/26 22:29:25 WET [2025/01/26 17:29:25 ET]
Table 'Selene IV' 6-max Seat #6 is the button
Seat 1: m0nTTu ($21.50 in chips) 
Seat 2: KpyDaniel ($162.50 in chips) 
Seat 3: nikalas22 ($137.72 in chips) 
Seat 4: CaHek-Ty3 ($100 in chips) 
Seat 5: EasyGamerrr ($104.58 in chips) 
Seat 6: aoish30 ($104.72 in chips) 
m0nTTu: posts small blind $0.50
KpyDaniel: posts big blind $1
*** HOLE CARDS ***
nikalas22: folds 
CaHek-Ty3: folds 
EasyGamerrr: folds 
aoish30: raises $1.50 to $2.50
m0nTTu: raises $19 to $21.50 and is all-in
KpyDaniel: calls $20.50
aoish30: folds 
*** FLOP *** [5c 5h 3h]
*** TURN *** [5c 5h 3h] [8d]
*** RIVER *** [5c 5h 3h 8d] [Ac]
*** SHOW DOWN ***
m0nTTu: shows [Ts As] (two pair, Aces and Fives)
KpyDaniel: shows [Qd Qc] (two pair, Queens and Fives)
m0nTTu collected $43.22 from pot
*** SUMMARY ***
Total pot $45.50 | Rake $2.28 
Board [5c 5h 3h 8d Ac]
Seat 1: m0nTTu (small blind) showed [Ts As] and won ($43.22) with two pair, Aces and Fives
Seat 2: KpyDaniel (big blind) showed [Qd Qc] and lost with two pair, Queens and Fives
Seat 3: nikalas22 folded before Flop (didn't bet)
Seat 4: CaHek-Ty3 folded before Flop (didn't bet)
Seat 5: EasyGamerrr folded before Flop (didn't bet)
Seat 6: aoish30 (button) folded before Flop



PokerStars Hand #254570740434:  Hold'em No Limit ($0.50/$1.00 USD) - 2025/01/26 22:15:40 WET [2025/01/26 17:15:40 ET]
Table 'Selene IV' 6-max Seat #1 is the button
Seat 1: m0nTTu ($80 in chips) 
Seat 3: nikalas22 ($100 in chips) 
Seat 5: Aleqseuka ($100 in chips) 
nikalas22: posts small blind $0.50
Aleqseuka: posts big blind $1
*** HOLE CARDS ***
m0nTTu: folds 
nikalas22: folds 
Uncalled bet ($0.50) returned to Aleqseuka
Aleqseuka collected $1 from pot
Aleqseuka: doesn't show hand 
*** SUMMARY ***
Total pot $1 | Rake $0 
Seat 1: m0nTTu (button) folded before Flop (didn't bet)
Seat 3: nikalas22 (small blind) folded before Flop
Seat 5: Aleqseuka (big blind) collected ($1)



PokerStars Hand #254570748068:  Hold'em No Limit ($0.50/$1.00 USD) - 2025/01/26 22:16:02 WET [2025/01/26 17:16:02 ET]
Table 'Selene IV' 6-max Seat #3 is the button
Seat 1: m0nTTu ($80 in chips) 
Seat 3: nikalas22 ($100 in chips) 
Seat 5: Aleqseuka ($100.50 in chips) 
Aleqseuka: posts small blind $0.50
m0nTTu: posts big blind $1
*** HOLE CARDS ***
nikalas22: folds 
Aleqseuka: folds 
Uncalled bet ($0.50) returned to m0nTTu
m0nTTu collected $1 from pot
m0nTTu: doesn't show hand 
*** SUMMARY ***
Total pot $1 | Rake $0 
Seat 1: m0nTTu (big blind) collected ($1)
Seat 3: nikalas22 (button) folded before Flop (didn't bet)
Seat 5: Aleqseuka (small blind) folded before Flop



PokerStars Hand #254571162326:  Hold'em No Limit ($0.50/$1.00 USD) - 2025/01/26 22:37:30 WET [2025/01/26 17:37:30 ET]
Table 'Selene IV' 6-max Seat #1 is the button
Seat 1: m0nTTu ($97 in chips) 
Seat 2: KpyDaniel ($161.75 in chips) 
Seat 3: nikalas22 ($142.79 in chips) 
Seat 4: CaHek-Ty3 ($113.24 in chips) 
Seat 5: EasyGamerrr ($100 in chips) 
Seat 6: aoish30 ($105.50 in chips) 
KpyDaniel: posts small blind $0.50
nikalas22: posts big blind $1
*** HOLE CARDS ***
CaHek-Ty3: folds 
EasyGamerrr: raises $1 to $2
aoish30: folds 
m0nTTu: calls $2
KpyDaniel: calls $1.50
nikalas22: folds 
*** FLOP *** [4d Tc Td]
KpyDaniel: checks 
EasyGamerrr: bets $2.19
m0nTTu: folds 
KpyDaniel: folds 
Uncalled bet ($2.19) returned to EasyGamerrr
EasyGamerrr collected $6.65 from pot
EasyGamerrr: doesn't show hand 
*** SUMMARY ***
Total pot $7 | Rake $0.35 
Board [4d Tc Td]
Seat 1: m0nTTu (button) folded on the Flop
Seat 2: KpyDaniel (small blind) folded on the Flop
Seat 3: nikalas22 (big blind) folded before Flop
Seat 4: CaHek-Ty3 folded before Flop (didn't bet)
Seat 5: EasyGamerrr collected ($6.65)
Seat 6: aoish30 folded before Flop (didn't bet)



PokerStars Hand #254571176197:  Hold'em No Limit ($0.50/$1.00 USD) - 2025/01/26 22:38:16 WET [2025/01/26 17:38:16 ET]
Table 'Selene IV' 6-max Seat #2 is the button
Seat 1: m0nTTu ($95 in chips) 
Seat 2: KpyDaniel ($159.75 in chips) 
Seat 3: nikalas22 ($141.79 in chips) 
Seat 4: CaHek-Ty3 ($113.24 in chips) 
Seat 5: EasyGamerrr ($104.65 in chips) 
Seat 6: aoish30 ($105.50 in chips) 
nikalas22: posts small blind $0.50
CaHek-Ty3: posts big blind $1
*** HOLE CARDS ***
EasyGamerrr: folds 
aoish30: raises $1.10 to $2.10
m0nTTu: folds 
KpyDaniel: calls $2.10
nikalas22: folds 
CaHek-Ty3: folds 
*** FLOP *** [4s 2c 4c]
aoish30: bets $1.79
KpyDaniel: folds 
Uncalled bet ($1.79) returned to aoish30
aoish30 collected $5.42 from pot
aoish30: doesn't show hand 
*** SUMMARY ***
Total pot $5.70 | Rake $0.28 
Board [4s 2c 4c]
Seat 1: m0nTTu folded before Flop (didn't bet)
Seat 2: KpyDaniel (button) folded on the Flop
Seat 3: nikalas22 (small blind) folded before Flop
Seat 4: CaHek-Ty3 (big blind) folded before Flop
Seat 5: EasyGamerrr folded before Flop (didn't bet)
Seat 6: aoish30 collected ($5.42)



PokerStars Hand #254571183557:  Hold'em No Limit ($0.50/$1.00 USD) - 2025/01/26 22:38:40 WET [2025/01/26 17:38:40 ET]
Table 'Selene IV' 6-max Seat #3 is the button
Seat 1: m0nTTu ($95 in chips) 
Seat 2: KpyDaniel ($157.65 in chips) 
Seat 3: nikalas22 ($141.29 in chips) 
Seat 4: CaHek-Ty3 ($112.24 in chips) 
Seat 5: EasyGamerrr ($104.65 in chips) 
Seat 6: aoish30 ($108.82 in chips) 
CaHek-Ty3: posts small blind $0.50
EasyGamerrr: posts big blind $1
*** HOLE CARDS ***
aoish30: folds 
m0nTTu: folds 
KpyDaniel: calls $1
nikalas22: folds 
CaHek-Ty3: calls $0.50
EasyGamerrr: checks 
*** FLOP *** [4h Tc 5c]
CaHek-Ty3: checks 
EasyGamerrr: checks 
KpyDaniel: checks 
*** TURN *** [4h Tc 5c] [Js]
CaHek-Ty3: bets $11.24
EasyGamerrr: folds 
KpyDaniel: folds 
Uncalled bet ($11.24) returned to CaHek-Ty3
CaHek-Ty3 collected $2.85 from pot
*** SUMMARY ***
Total pot $3 | Rake $0.15 
Board [4h Tc 5c Js]
Seat 1: m0nTTu folded before Flop (didn't bet)
Seat 2: KpyDaniel folded on the Turn
Seat 3: nikalas22 (button) folded before Flop (didn't bet)
Seat 4: CaHek-Ty3 (small blind) collected ($2.85)
Seat 5: EasyGamerrr (big blind) folded on the Turn
Seat 6: aoish30 folded before Flop (didn't bet)



PokerStars Hand #254571196812:  Hold'em No Limit ($0.50/$1.00 USD) - 2025/01/26 22:39:24 WET [2025/01/26 17:39:24 ET]
Table 'Selene IV' 6-max Seat #4 is the button
Seat 1: m0nTTu ($95 in chips) 
Seat 2: KpyDaniel ($156.65 in chips) 
Seat 3: nikalas22 ($141.29 in chips) 
Seat 4: CaHek-Ty3 ($114.09 in chips) 
Seat 5: EasyGamerrr ($103.65 in chips) 
Seat 6: aoish30 ($108.82 in chips) 
EasyGamerrr: posts small blind $0.50
aoish30: posts big blind $1
*** HOLE CARDS ***
m0nTTu: folds 
KpyDaniel: calls $1
nikalas22: folds 
CaHek-Ty3: folds 
EasyGamerrr: folds 
aoish30: checks 
*** FLOP *** [7d Ah 5s]
aoish30: checks 
KpyDaniel: checks 
*** TURN *** [7d Ah 5s] [Ts]
aoish30: checks 
KpyDaniel: checks 
*** RIVER *** [7d Ah 5s Ts] [4c]
aoish30: checks 
KpyDaniel: bets $1
aoish30: calls $1
*** SHOW DOWN ***
KpyDaniel: shows [2d 4h] (a pair of Fours)
aoish30: shows [7c Kh] (a pair of Sevens)
aoish30 collected $4.28 from pot
*** SUMMARY ***
Total pot $4.50 | Rake $0.22 
Board [7d Ah 5s Ts 4c]
Seat 1: m0nTTu folded before Flop (didn't bet)
Seat 2: KpyDaniel showed [2d 4h] and lost with a pair of Fours
Seat 3: nikalas22 folded before Flop (didn't bet)
Seat 4: CaHek-Ty3 (button) folded before Flop (didn't bet)
Seat 5: EasyGamerrr (small blind) folded before Flop
Seat 6: aoish30 (big blind) showed [7c Kh] and won ($4.28) with a pair of Sevens



PokerStars Hand #254571210905:  Hold'em No Limit ($0.50/$1.00 USD) - 2025/01/26 22:40:11 WET [2025/01/26 17:40:11 ET]
Table 'Selene IV' 6-max Seat #5 is the button
Seat 1: m0nTTu ($95 in chips) 
Seat 2: KpyDaniel ($154.65 in chips) 
Seat 3: nikalas22 ($141.29 in chips) 
Seat 4: CaHek-Ty3 ($114.09 in chips) 
Seat 5: EasyGamerrr ($103.15 in chips) 
Seat 6: aoish30 ($111.10 in chips) 
aoish30: posts small blind $0.50
m0nTTu: posts big blind $1
*** HOLE CARDS ***
KpyDaniel: calls $1
nikalas22: folds 
CaHek-Ty3: folds 
EasyGamerrr: raises $2.50 to $3.50
aoish30: folds 
m0nTTu: folds 
KpyDaniel: calls $2.50
*** FLOP *** [Qc 9s 2h]
KpyDaniel: checks 
EasyGamerrr: bets $2.91
KpyDaniel: calls $2.91
*** TURN *** [Qc 9s 2h] [5d]
KpyDaniel: checks 
EasyGamerrr: bets $10.20
KpyDaniel: folds 
Uncalled bet ($10.20) returned to EasyGamerrr
EasyGamerrr collected $13.60 from pot
EasyGamerrr: doesn't show hand 
*** SUMMARY ***
Total pot $14.32 | Rake $0.72 
Board [Qc 9s 2h 5d]
Seat 1: m0nTTu (big blind) folded before Flop
Seat 2: KpyDaniel folded on the Turn
Seat 3: nikalas22 folded before Flop (didn't bet)
Seat 4: CaHek-Ty3 folded before Flop (didn't bet)
Seat 5: EasyGamerrr (button) collected ($13.60)
Seat 6: aoish30 (small blind) folded before Flop



PokerStars Hand #254571227113:  Hold'em No Limit ($0.50/$1.00 USD) - 2025/01/26 22:41:05 WET [2025/01/26 17:41:05 ET]
Table 'Selene IV' 6-max Seat #6 is the button
Seat 1: m0nTTu ($94 in chips) 
Seat 2: KpyDaniel ($148.24 in chips) 
Seat 3: nikalas22 ($141.29 in chips) 
Seat 4: CaHek-Ty3 ($114.09 in chips) 
Seat 5: EasyGamerrr ($110.34 in chips) 
Seat 6: aoish30 ($110.60 in chips) 
m0nTTu: posts small blind $0.50
KpyDaniel: posts big blind $1
*** HOLE CARDS ***
nikalas22: folds 
CaHek-Ty3: folds 
EasyGamerrr: folds 
aoish30: raises $1.50 to $2.50
m0nTTu: folds 
KpyDaniel: calls $1.50
*** FLOP *** [Th 6d 3h]
KpyDaniel: checks 
aoish30: bets $1.72
KpyDaniel: calls $1.72
*** TURN *** [Th 6d 3h] [Kd]
KpyDaniel: checks 
aoish30: bets $6.37
KpyDaniel: folds 
Uncalled bet ($6.37) returned to aoish30
aoish30 collected $8.49 from pot
aoish30: doesn't show hand 
*** SUMMARY ***
Total pot $8.94 | Rake $0.45 
Board [Th 6d 3h Kd]
Seat 1: m0nTTu (small blind) folded before Flop
Seat 2: KpyDaniel (big blind) folded on the Turn
Seat 3: nikalas22 folded before Flop (didn't bet)
Seat 4: CaHek-Ty3 folded before Flop (didn't bet)
Seat 5: EasyGamerrr folded before Flop (didn't bet)
Seat 6: aoish30 (button) collected ($8.49)



PokerStars Hand #254571239290:  Hold'em No Limit ($0.50/$1.00 USD) - 2025/01/26 22:41:46 WET [2025/01/26 17:41:46 ET]
Table 'Selene IV' 6-max Seat #1 is the button
Seat 1: m0nTTu ($100 in chips) 
Seat 2: KpyDaniel ($144.02 in chips) 
Seat 3: nikalas22 ($141.29 in chips) 
Seat 4: CaHek-Ty3 ($114.09 in chips) 
Seat 5: EasyGamerrr ($110.34 in chips) 
Seat 6: aoish30 ($114.87 in chips) 
KpyDaniel: posts small blind $0.50
nikalas22: posts big blind $1
*** HOLE CARDS ***
CaHek-Ty3: folds 
EasyGamerrr: folds 
aoish30: folds 
m0nTTu: folds 
KpyDaniel: calls $0.50
nikalas22: checks 
*** FLOP *** [Qd Ks Qh]
KpyDaniel: bets $1
nikalas22: folds 
Uncalled bet ($1) returned to KpyDaniel
KpyDaniel collected $1.90 from pot
*** SUMMARY ***
Total pot $2 | Rake $0.10 
Board [Qd Ks Qh]
Seat 1: m0nTTu (button) folded before Flop (didn't bet)
Seat 2: KpyDaniel (small blind) collected ($1.90)
Seat 3: nikalas22 (big blind) folded on the Flop
Seat 4: CaHek-Ty3 folded before Flop (didn't bet)
Seat 5: EasyGamerrr folded before Flop (didn't bet)
Seat 6: aoish30 folded before Flop (didn't bet)



PokerStars Hand #254571247162:  Hold'em No Limit ($0.50/$1.00 USD) - 2025/01/26 22:42:12 WET [2025/01/26 17:42:12 ET]
Table 'Selene IV' 6-max Seat #2 is the button
Seat 1: m0nTTu ($100 in chips) 
Seat 2: KpyDaniel ($144.92 in chips) 
Seat 3: nikalas22 ($140.29 in chips) 
Seat 4: CaHek-Ty3 ($114.09 in chips) 
Seat 5: EasyGamerrr ($110.34 in chips) 
Seat 6: aoish30 ($114.87 in chips) 
nikalas22: posts small blind $0.50
CaHek-Ty3: posts big blind $1
*** HOLE CARDS ***
EasyGamerrr: folds 
aoish30: folds 
m0nTTu: folds 
KpyDaniel: calls $1
nikalas22: folds 
CaHek-Ty3: checks 
*** FLOP *** [Ad Qh 6s]
CaHek-Ty3: checks 
KpyDaniel: checks 
*** TURN *** [Ad Qh 6s] [5d]
CaHek-Ty3: bets $1
KpyDaniel: calls $1
*** RIVER *** [Ad Qh 6s 5d] [6h]
CaHek-Ty3: bets $5.29
KpyDaniel: calls $5.29
*** SHOW DOWN ***
CaHek-Ty3: shows [8s 9s] (a pair of Sixes)
KpyDaniel: shows [Qs 2c] (two pair, Queens and Sixes)
KpyDaniel collected $14.33 from pot
*** SUMMARY ***
Total pot $15.08 | Rake $0.75 
Board [Ad Qh 6s 5d 6h]
Seat 1: m0nTTu folded before Flop (didn't bet)
Seat 2: KpyDaniel (button) showed [Qs 2c] and won ($14.33) with two pair, Queens and Sixes
Seat 3: nikalas22 (small blind) folded before Flop
Seat 4: CaHek-Ty3 (big blind) showed [8s 9s] and lost with a pair of Sixes
Seat 5: EasyGamerrr folded before Flop (didn't bet)
Seat 6: aoish30 folded before Flop (didn't bet)



PokerStars Hand #254571259928:  Hold'em No Limit ($0.50/$1.00 USD) - 2025/01/26 22:42:55 WET [2025/01/26 17:42:55 ET]
Table 'Selene IV' 6-max Seat #3 is the button
Seat 1: m0nTTu ($100 in chips) 
Seat 2: KpyDaniel ($151.96 in chips) 
Seat 3: nikalas22 ($139.79 in chips) 
Seat 4: CaHek-Ty3 ($106.80 in chips) 
Seat 5: EasyGamerrr ($110.34 in chips) 
Seat 6: aoish30 ($114.87 in chips) 
CaHek-Ty3: posts small blind $0.50
EasyGamerrr: posts big blind $1
*** HOLE CARDS ***
aoish30: raises $1.10 to $2.10
m0nTTu: folds 
KpyDaniel: calls $2.10
nikalas22: folds 
CaHek-Ty3: folds 
EasyGamerrr: folds 
*** FLOP *** [4s Jh 9c]
aoish30: checks 
KpyDaniel: bets $5.42
aoish30: folds 
Uncalled bet ($5.42) returned to KpyDaniel
KpyDaniel collected $5.42 from pot
*** SUMMARY ***
Total pot $5.70 | Rake $0.28 
Board [4s Jh 9c]
Seat 1: m0nTTu folded before Flop (didn't bet)
Seat 2: KpyDaniel collected ($5.42)
Seat 3: nikalas22 (button) folded before Flop (didn't bet)
Seat 4: CaHek-Ty3 (small blind) folded before Flop
Seat 5: EasyGamerrr (big blind) folded before Flop
Seat 6: aoish30 folded on the Flop



PokerStars Hand #254571272115:  Hold'em No Limit ($0.50/$1.00 USD) - 2025/01/26 22:43:36 WET [2025/01/26 17:43:36 ET]
Table 'Selene IV' 6-max Seat #4 is the button
Seat 1: m0nTTu ($100 in chips) 
Seat 2: KpyDaniel ($155.28 in chips) 
Seat 3: nikalas22 ($139.79 in chips) 
Seat 4: CaHek-Ty3 ($106.30 in chips) 
Seat 5: EasyGamerrr ($109.34 in chips) 
Seat 6: aoish30 ($112.77 in chips) 
EasyGamerrr: posts small blind $0.50
aoish30: posts big blind $1
*** HOLE CARDS ***
m0nTTu: folds 
KpyDaniel: calls $1
nikalas22: folds 
CaHek-Ty3: raises $3 to $4
EasyGamerrr: folds 
aoish30: folds 
KpyDaniel: calls $3
*** FLOP *** [4c 4h Qc]
KpyDaniel: checks 
CaHek-Ty3: bets $2.98
KpyDaniel: calls $2.98
*** TURN *** [4c 4h Qc] [3d]
KpyDaniel: checks 
CaHek-Ty3: bets $11.02
KpyDaniel: folds 
Uncalled bet ($11.02) returned to CaHek-Ty3
CaHek-Ty3 collected $14.69 from pot
*** SUMMARY ***
Total pot $15.46 | Rake $0.77 
Board [4c 4h Qc 3d]
Seat 1: m0nTTu folded before Flop (didn't bet)
Seat 2: KpyDaniel folded on the Turn
Seat 3: nikalas22 folded before Flop (didn't bet)
Seat 4: CaHek-Ty3 (button) collected ($14.69)
Seat 5: EasyGamerrr (small blind) folded before Flop
Seat 6: aoish30 (big blind) folded before Flop



PokerStars Hand #254571285608:  Hold'em No Limit ($0.50/$1.00 USD) - 2025/01/26 22:44:22 WET [2025/01/26 17:44:22 ET]
Table 'Selene IV' 6-max Seat #5 is the button
Seat 1: m0nTTu ($100 in chips) 
Seat 2: KpyDaniel ($148.30 in chips) 
Seat 3: nikalas22 ($139.79 in chips) 
Seat 4: CaHek-Ty3 ($114.01 in chips) 
Seat 5: EasyGamerrr ($108.84 in chips) 
Seat 6: aoish30 ($111.77 in chips) 
aoish30: posts small blind $0.50
m0nTTu: posts big blind $1
*** HOLE CARDS ***
KpyDaniel: calls $1
nikalas22: folds 
CaHek-Ty3: folds 
EasyGamerrr: folds 
aoish30: folds 
m0nTTu: checks 
*** FLOP *** [Jd 3d 6h]
m0nTTu: checks 
KpyDaniel: bets $2.38
m0nTTu: calls $2.38
*** TURN *** [Jd 3d 6h] [4h]
m0nTTu: checks 
KpyDaniel: checks 
*** RIVER *** [Jd 3d 6h 4h] [6d]
m0nTTu: checks 
KpyDaniel: bets $6.90
m0nTTu: calls $6.90
*** SHOW DOWN ***
KpyDaniel: shows [9c 5s] (a pair of Sixes)
m0nTTu: shows [Jc Ks] (two pair, Jacks and Sixes)
m0nTTu collected $20.01 from pot
*** SUMMARY ***
Total pot $21.06 | Rake $1.05 
Board [Jd 3d 6h 4h 6d]
Seat 1: m0nTTu (big blind) showed [Jc Ks] and won ($20.01) with two pair, Jacks and Sixes
Seat 2: KpyDaniel showed [9c 5s] and lost with a pair of Sixes
Seat 3: nikalas22 folded before Flop (didn't bet)
Seat 4: CaHek-Ty3 folded before Flop (didn't bet)
Seat 5: EasyGamerrr (button) folded before Flop (didn't bet)
Seat 6: aoish30 (small blind) folded before Flop



PokerStars Hand #254571305122:  Hold'em No Limit ($0.50/$1.00 USD) - 2025/01/26 22:45:28 WET [2025/01/26 17:45:28 ET]
Table 'Selene IV' 6-max Seat #6 is the button
Seat 1: m0nTTu ($109.73 in chips) 
Seat 2: KpyDaniel ($138.02 in chips) 
Seat 3: nikalas22 ($139.79 in chips) 
Seat 4: CaHek-Ty3 ($114.01 in chips) 
Seat 5: EasyGamerrr ($108.84 in chips) 
Seat 6: aoish30 ($111.27 in chips) 
m0nTTu: posts small blind $0.50
KpyDaniel: posts big blind $1
*** HOLE CARDS ***
nikalas22: folds 
CaHek-Ty3: folds 
EasyGamerrr: folds 
aoish30: folds 
m0nTTu: folds 
Uncalled bet ($0.50) returned to KpyDaniel
KpyDaniel collected $1 from pot
*** SUMMARY ***
Total pot $1 | Rake $0 
Seat 1: m0nTTu (small blind) folded before Flop
Seat 2: KpyDaniel (big blind) collected ($1)
Seat 3: nikalas22 folded before Flop (didn't bet)
Seat 4: CaHek-Ty3 folded before Flop (didn't bet)
Seat 5: EasyGamerrr folded before Flop (didn't bet)
Seat 6: aoish30 (button) folded before Flop (didn't bet)



PokerStars Hand #254571313748:  Hold'em No Limit ($0.50/$1.00 USD) - 2025/01/26 22:45:57 WET [2025/01/26 17:45:57 ET]
Table 'Selene IV' 6-max Seat #1 is the button
Seat 1: m0nTTu ($109.23 in chips) 
Seat 2: KpyDaniel ($138.52 in chips) 
Seat 3: nikalas22 ($139.79 in chips) 
Seat 4: CaHek-Ty3 ($114.01 in chips) 
Seat 5: EasyGamerrr ($108.84 in chips) 
Seat 6: aoish30 ($111.27 in chips) 
KpyDaniel: posts small blind $0.50
nikalas22: posts big blind $1
*** HOLE CARDS ***
CaHek-Ty3: folds 
EasyGamerrr: folds 
aoish30: folds 
m0nTTu: folds 
KpyDaniel: calls $0.50
nikalas22: raises $4 to $5
KpyDaniel: calls $4
*** FLOP *** [Kd 9h 5d]
KpyDaniel: checks 
nikalas22: bets $2.85
KpyDaniel: calls $2.85
*** TURN *** [Kd 9h 5d] [Td]
KpyDaniel: checks 
nikalas22: checks 
*** RIVER *** [Kd 9h 5d Td] [Th]
KpyDaniel: bets $14.92
nikalas22: folds 
Uncalled bet ($14.92) returned to KpyDaniel
KpyDaniel collected $14.92 from pot
*** SUMMARY ***
Total pot $15.70 | Rake $0.78 
Board [Kd 9h 5d Td Th]
Seat 1: m0nTTu (button) folded before Flop (didn't bet)
Seat 2: KpyDaniel (small blind) collected ($14.92)
Seat 3: nikalas22 (big blind) folded on the River
Seat 4: CaHek-Ty3 folded before Flop (didn't bet)
Seat 5: EasyGamerrr folded before Flop (didn't bet)
Seat 6: aoish30 folded before Flop (didn't bet)



PokerStars Hand #254571327586:  Hold'em No Limit ($0.50/$1.00 USD) - 2025/01/26 22:46:44 WET [2025/01/26 17:46:44 ET]
Table 'Selene IV' 6-max Seat #2 is the button
Seat 1: m0nTTu ($109.23 in chips) 
Seat 2: KpyDaniel ($145.59 in chips) 
Seat 3: nikalas22 ($131.94 in chips) 
Seat 4: CaHek-Ty3 ($114.01 in chips) 
Seat 5: EasyGamerrr ($108.84 in chips) 
Seat 6: aoish30 ($111.27 in chips) 
nikalas22: posts small blind $0.50
CaHek-Ty3: posts big blind $1
*** HOLE CARDS ***
EasyGamerrr: folds 
aoish30: folds 
m0nTTu: folds 
KpyDaniel: calls $1
nikalas22: raises $3 to $4
CaHek-Ty3: folds 
KpyDaniel: calls $3
*** FLOP *** [Js 3s 6d]
nikalas22: bets $2.57
KpyDaniel: raises $13.69 to $16.26
nikalas22: folds 
Uncalled bet ($13.69) returned to KpyDaniel
KpyDaniel collected $13.43 from pot
*** SUMMARY ***
Total pot $14.14 | Rake $0.71 
Board [Js 3s 6d]
Seat 1: m0nTTu folded before Flop (didn't bet)
Seat 2: KpyDaniel (button) collected ($13.43)
Seat 3: nikalas22 (small blind) folded on the Flop
Seat 4: CaHek-Ty3 (big blind) folded before Flop
Seat 5: EasyGamerrr folded before Flop (didn't bet)
Seat 6: aoish30 folded before Flop (didn't bet)



PokerStars Hand #254571341581:  Hold'em No Limit ($0.50/$1.00 USD) - 2025/01/26 22:47:32 WET [2025/01/26 17:47:32 ET]
Table 'Selene IV' 6-max Seat #3 is the button
Seat 1: m0nTTu ($109.23 in chips) 
Seat 2: KpyDaniel ($152.45 in chips) 
Seat 3: nikalas22 ($125.37 in chips) 
Seat 4: CaHek-Ty3 ($113.01 in chips) 
Seat 5: EasyGamerrr ($108.84 in chips) 
Seat 6: aoish30 ($111.27 in chips) 
CaHek-Ty3: posts small blind $0.50
EasyGamerrr: posts big blind $1
*** HOLE CARDS ***
aoish30: raises $1.10 to $2.10
m0nTTu: folds 
KpyDaniel: calls $2.10
nikalas22: folds 
CaHek-Ty3: folds 
EasyGamerrr: folds 
*** FLOP *** [5s 6h 6s]
aoish30: checks 
KpyDaniel: bets $5.42
aoish30: folds 
Uncalled bet ($5.42) returned to KpyDaniel
KpyDaniel collected $5.42 from pot
*** SUMMARY ***
Total pot $5.70 | Rake $0.28 
Board [5s 6h 6s]
Seat 1: m0nTTu folded before Flop (didn't bet)
Seat 2: KpyDaniel collected ($5.42)
Seat 3: nikalas22 (button) folded before Flop (didn't bet)
Seat 4: CaHek-Ty3 (small blind) folded before Flop
Seat 5: EasyGamerrr (big blind) folded before Flop
Seat 6: aoish30 folded on the Flop



PokerStars Hand #254571349502:  Hold'em No Limit ($0.50/$1.00 USD) - 2025/01/26 22:47:59 WET [2025/01/26 17:47:59 ET]
Table 'Selene IV' 6-max Seat #4 is the button
Seat 1: m0nTTu ($109.23 in chips) 
Seat 2: KpyDaniel ($155.77 in chips) 
Seat 3: nikalas22 ($125.37 in chips) 
Seat 4: CaHek-Ty3 ($112.51 in chips) 
Seat 5: EasyGamerrr ($107.84 in chips) 
Seat 6: aoish30 ($109.17 in chips) 
EasyGamerrr: posts small blind $0.50
aoish30: posts big blind $1
*** HOLE CARDS ***
m0nTTu: folds 
KpyDaniel: calls $1
nikalas22: folds 
CaHek-Ty3: raises $3 to $4
EasyGamerrr: folds 
aoish30: folds 
KpyDaniel: calls $3
*** FLOP *** [2c Ks 4h]
KpyDaniel: checks 
CaHek-Ty3: bets $6.77
KpyDaniel: calls $6.77
*** TURN *** [2c Ks 4h] [Qd]
KpyDaniel: checks 
CaHek-Ty3: bets $18.22
KpyDaniel: raises $18.22 to $36.44
CaHek-Ty3: calls $18.22
*** RIVER *** [2c Ks 4h Qd] [9c]
KpyDaniel: checks 
CaHek-Ty3: bets $59.50
KpyDaniel: raises $49.06 to $108.56 and is all-in
CaHek-Ty3: calls $5.80 and is all-in
Uncalled bet ($43.26) returned to KpyDaniel
*** SHOW DOWN ***
KpyDaniel: shows [Kc 4d] (two pair, Kings and Fours)
CaHek-Ty3: shows [4c 4s] (three of a kind, Fours)
CaHek-Ty3 collected $224.02 from pot
*** SUMMARY ***
Total pot $226.52 | Rake $2.50 
Board [2c Ks 4h Qd 9c]
Seat 1: m0nTTu folded before Flop (didn't bet)
Seat 2: KpyDaniel showed [Kc 4d] and lost with two pair, Kings and Fours
Seat 3: nikalas22 folded before Flop (didn't bet)
Seat 4: CaHek-Ty3 (button) showed [4c 4s] and won ($224.02) with three of a kind, Fours
Seat 5: EasyGamerrr (small blind) folded before Flop
Seat 6: aoish30 (big blind) folded before Flop



PokerStars Hand #254571373323:  Hold'em No Limit ($0.50/$1.00 USD) - 2025/01/26 22:49:19 WET [2025/01/26 17:49:19 ET]
Table 'Selene IV' 6-max Seat #5 is the button
Seat 1: m0nTTu ($109.23 in chips) 
Seat 2: KpyDaniel ($43.26 in chips) 
Seat 3: nikalas22 ($125.37 in chips) 
Seat 4: CaHek-Ty3 ($224.02 in chips) 
Seat 5: EasyGamerrr ($107.34 in chips) 
Seat 6: aoish30 ($108.17 in chips) 
aoish30: posts small blind $0.50
m0nTTu: posts big blind $1
*** HOLE CARDS ***
KpyDaniel: calls $1
nikalas22: folds 
CaHek-Ty3: folds 
EasyGamerrr: folds 
aoish30: folds 
m0nTTu: checks 
*** FLOP *** [Js Ks Qs]
m0nTTu: checks 
KpyDaniel: bets $2.38
m0nTTu: folds 
Uncalled bet ($2.38) returned to KpyDaniel
KpyDaniel collected $2.38 from pot
*** SUMMARY ***
Total pot $2.50 | Rake $0.12 
Board [Js Ks Qs]
Seat 1: m0nTTu (big blind) folded on the Flop
Seat 2: KpyDaniel collected ($2.38)
Seat 3: nikalas22 folded before Flop (didn't bet)
Seat 4: CaHek-Ty3 folded before Flop (didn't bet)
Seat 5: EasyGamerrr (button) folded before Flop (didn't bet)
Seat 6: aoish30 (small blind) folded before Flop



PokerStars Hand #254571382754:  Hold'em No Limit ($0.50/$1.00 USD) - 2025/01/26 22:49:51 WET [2025/01/26 17:49:51 ET]
Table 'Selene IV' 6-max Seat #6 is the button
Seat 1: m0nTTu ($108.23 in chips) 
Seat 2: KpyDaniel ($44.64 in chips) 
Seat 3: nikalas22 ($125.37 in chips) 
Seat 4: CaHek-Ty3 ($224.02 in chips) 
Seat 5: EasyGamerrr ($107.34 in chips) 
Seat 6: aoish30 ($107.67 in chips) 
m0nTTu: posts small blind $0.50
KpyDaniel: posts big blind $1
*** HOLE CARDS ***
nikalas22: folds 
CaHek-Ty3: folds 
EasyGamerrr: folds 
aoish30: raises $1.50 to $2.50
m0nTTu: raises $7.50 to $10
KpyDaniel: calls $9
aoish30: calls $7.50
*** FLOP *** [Qs Jd 9h]
m0nTTu: bets $4.85
KpyDaniel: folds 
aoish30: calls $4.85
*** TURN *** [Qs Jd 9h] [7d]
m0nTTu: checks 
aoish30: bets $12.45
m0nTTu: folds 
Uncalled bet ($12.45) returned to aoish30
aoish30 collected $37.72 from pot
aoish30: doesn't show hand 
*** SUMMARY ***
Total pot $39.70 | Rake $1.98 
Board [Qs Jd 9h 7d]
Seat 1: m0nTTu (small blind) folded on the Turn
Seat 2: KpyDaniel (big blind) folded on the Flop
Seat 3: nikalas22 folded before Flop (didn't bet)
Seat 4: CaHek-Ty3 folded before Flop (didn't bet)
Seat 5: EasyGamerrr folded before Flop (didn't bet)
Seat 6: aoish30 (button) collected ($37.72)



PokerStars Hand #254571409109:  Hold'em No Limit ($0.50/$1.00 USD) - 2025/01/26 22:51:22 WET [2025/01/26 17:51:22 ET]
Table 'Selene IV' 6-max Seat #1 is the button
Seat 1: m0nTTu ($100 in chips) 
Seat 2: KpyDaniel ($34.64 in chips) 
Seat 3: nikalas22 ($125.37 in chips) 
Seat 4: CaHek-Ty3 ($224.02 in chips) 
Seat 5: EasyGamerrr ($107.34 in chips) 
Seat 6: aoish30 ($130.54 in chips) 
KpyDaniel: posts small blind $0.50
nikalas22: posts big blind $1
*** HOLE CARDS ***
CaHek-Ty3: folds 
EasyGamerrr: raises $1.50 to $2.50
aoish30: folds 
m0nTTu: folds 
KpyDaniel: raises $1.50 to $4
nikalas22: folds 
EasyGamerrr: calls $1.50
*** FLOP *** [4s 7h Jd]
KpyDaniel: bets $8.55
EasyGamerrr: calls $8.55
*** TURN *** [4s 7h Jd] [8c]
KpyDaniel: bets $22.09 and is all-in
EasyGamerrr: folds 
Uncalled bet ($22.09) returned to KpyDaniel
KpyDaniel collected $24.80 from pot
*** SUMMARY ***
Total pot $26.10 | Rake $1.30 
Board [4s 7h Jd 8c]
Seat 1: m0nTTu (button) folded before Flop (didn't bet)
Seat 2: KpyDaniel (small blind) collected ($24.80)
Seat 3: nikalas22 (big blind) folded before Flop
Seat 4: CaHek-Ty3 folded before Flop (didn't bet)
Seat 5: EasyGamerrr folded on the Turn
Seat 6: aoish30 folded before Flop (didn't bet)



PokerStars Hand #254571424464:  Hold'em No Limit ($0.50/$1.00 USD) - 2025/01/26 22:52:15 WET [2025/01/26 17:52:15 ET]
Table 'Selene IV' 6-max Seat #2 is the button
Seat 1: m0nTTu ($100 in chips) 
Seat 2: KpyDaniel ($46.89 in chips) 
Seat 3: nikalas22 ($124.37 in chips) 
Seat 4: CaHek-Ty3 ($224.02 in chips) 
Seat 5: EasyGamerrr ($100 in chips) 
Seat 6: aoish30 ($130.54 in chips) 
nikalas22: posts small blind $0.50
CaHek-Ty3: posts big blind $1
*** HOLE CARDS ***
EasyGamerrr: folds 
aoish30: folds 
m0nTTu: folds 
KpyDaniel: raises $11 to $12
nikalas22: folds 
CaHek-Ty3: raises $212.02 to $224.02 and is all-in
KpyDaniel: calls $34.89 and is all-in
Uncalled bet ($177.13) returned to CaHek-Ty3
*** FLOP *** [2d 9c Ts]
*** TURN *** [2d 9c Ts] [2s]
*** RIVER *** [2d 9c Ts 2s] [4s]
*** SHOW DOWN ***
CaHek-Ty3: shows [Qc Qh] (two pair, Queens and Deuces)
KpyDaniel: shows [Ad 7c] (a pair of Deuces)
CaHek-Ty3 collected $91.78 from pot
*** SUMMARY ***
Total pot $94.28 | Rake $2.50 
Board [2d 9c Ts 2s 4s]
Seat 1: m0nTTu folded before Flop (didn't bet)
Seat 2: KpyDaniel (button) showed [Ad 7c] and lost with a pair of Deuces
Seat 3: nikalas22 (small blind) folded before Flop
Seat 4: CaHek-Ty3 (big blind) showed [Qc Qh] and won ($91.78) with two pair, Queens and Deuces
Seat 5: EasyGamerrr folded before Flop (didn't bet)
Seat 6: aoish30 folded before Flop (didn't bet)



PokerStars Hand #254571438863:  Hold'em No Limit ($0.50/$1.00 USD) - 2025/01/26 22:53:06 WET [2025/01/26 17:53:06 ET]
Table 'Selene IV' 6-max Seat #3 is the button
Seat 2: KpyDaniel ($0 in chips) is sitting out
Seat 1: m0nTTu ($100 in chips) 
Seat 3: nikalas22 ($123.87 in chips) 
Seat 4: CaHek-Ty3 ($268.91 in chips) 
Seat 5: EasyGamerrr ($100 in chips) 
Seat 6: aoish30 ($130.54 in chips) 
CaHek-Ty3: posts small blind $0.50
EasyGamerrr: posts big blind $1
*** HOLE CARDS ***
KpyDaniel is disconnected 
aoish30: raises $1.10 to $2.10
m0nTTu: folds 
nikalas22: folds 
CaHek-Ty3: folds 
EasyGamerrr: folds 
Uncalled bet ($1.10) returned to aoish30
aoish30 collected $2.50 from pot
aoish30: doesn't show hand 
*** SUMMARY ***
Total pot $2.50 | Rake $0 
Seat 2: KpyDaniel
Seat 1: m0nTTu folded before Flop (didn't bet)
Seat 3: nikalas22 (button) folded before Flop (didn't bet)
Seat 4: CaHek-Ty3 (small blind) folded before Flop
Seat 5: EasyGamerrr (big blind) folded before Flop
Seat 6: aoish30 collected ($2.50)



PokerStars Hand #254571447783:  Hold'em No Limit ($0.50/$1.00 USD) - 2025/01/26 22:53:36 WET [2025/01/26 17:53:36 ET]
Table 'Selene IV' 6-max Seat #4 is the button
Seat 2: KpyDaniel ($0 in chips) is sitting out
Seat 1: m0nTTu ($100 in chips) 
Seat 3: nikalas22 ($123.87 in chips) 
Seat 4: CaHek-Ty3 ($268.41 in chips) 
Seat 5: EasyGamerrr ($100 in chips) 
Seat 6: aoish30 ($132.04 in chips) 
EasyGamerrr: posts small blind $0.50
aoish30: posts big blind $1
*** HOLE CARDS ***
m0nTTu: folds 
nikalas22: folds 
CaHek-Ty3: folds 
EasyGamerrr: folds 
Uncalled bet ($0.50) returned to aoish30
aoish30 collected $1 from pot
aoish30: doesn't show hand 
*** SUMMARY ***
Total pot $1 | Rake $0 
Seat 2: KpyDaniel
Seat 1: m0nTTu folded before Flop (didn't bet)
Seat 3: nikalas22 folded before Flop (didn't bet)
Seat 4: CaHek-Ty3 (button) folded before Flop (didn't bet)
Seat 5: EasyGamerrr (small blind) folded before Flop
Seat 6: aoish30 (big blind) collected ($1)



PokerStars Hand #254571452361:  Hold'em No Limit ($0.50/$1.00 USD) - 2025/01/26 22:53:52 WET [2025/01/26 17:53:52 ET]
Table 'Selene IV' 6-max Seat #5 is the button
Seat 2: KpyDaniel ($0 in chips) is sitting out
Seat 1: m0nTTu ($100 in chips) 
Seat 3: nikalas22 ($123.87 in chips) 
Seat 4: CaHek-Ty3 ($268.41 in chips) 
Seat 5: EasyGamerrr ($100 in chips) 
Seat 6: aoish30 ($132.54 in chips) 
aoish30: posts small blind $0.50
m0nTTu: posts big blind $1
*** HOLE CARDS ***
nikalas22: folds 
CaHek-Ty3: folds 
EasyGamerrr: folds 
aoish30: raises $2 to $3
KpyDaniel leaves the table
nikalas22 leaves the table
m0nTTu: folds 
Uncalled bet ($2) returned to aoish30
aoish30 collected $2 from pot
aoish30: doesn't show hand 
*** SUMMARY ***
Total pot $2 | Rake $0 
Seat 2: KpyDaniel
Seat 1: m0nTTu (big blind) folded before Flop
Seat 3: nikalas22 folded before Flop (didn't bet)
Seat 4: CaHek-Ty3 folded before Flop (didn't bet)
Seat 5: EasyGamerrr (button) folded before Flop (didn't bet)
Seat 6: aoish30 (small blind) collected ($2)



PokerStars Hand #254571460300:  Hold'em No Limit ($0.50/$1.00 USD) - 2025/01/26 22:54:20 WET [2025/01/26 17:54:20 ET]
Table 'Selene IV' 6-max Seat #6 is the button
Seat 1: m0nTTu ($99 in chips) 
Seat 4: CaHek-Ty3 ($268.41 in chips) 
Seat 5: EasyGamerrr ($100 in chips) 
Seat 6: aoish30 ($133.54 in chips) 
m0nTTu: posts small blind $0.50
CaHek-Ty3: posts big blind $1
*** HOLE CARDS ***
EasyGamerrr: raises $1.50 to $2.50
rrrro joins the table at seat #3 
aoish30: folds 
m0nTTu: folds 
CaHek-Ty3: calls $1.50
*** FLOP *** [Ts 3d 9d]
CaHek-Ty3: checks 
EasyGamerrr: bets $3.92
CaHek-Ty3: folds 
Uncalled bet ($3.92) returned to EasyGamerrr
EasyGamerrr collected $5.22 from pot
EasyGamerrr: doesn't show hand 
*** SUMMARY ***
Total pot $5.50 | Rake $0.28 
Board [Ts 3d 9d]
Seat 1: m0nTTu (small blind) folded before Flop
Seat 4: CaHek-Ty3 (big blind) folded on the Flop
Seat 5: EasyGamerrr collected ($5.22)
Seat 6: aoish30 (button) folded before Flop (didn't bet)



PokerStars Hand #254571756030:  Hold'em No Limit ($0.50/$1.00 USD) - 2025/01/26 23:13:49 WET [2025/01/26 18:13:49 ET]
Table 'Selene IV' 6-max Seat #1 is the button
Seat 1: nikalas22 ($123.87 in chips) 
Seat 5: m0nTTu ($100 in chips) 
nikalas22: posts small blind $0.50
m0nTTu: posts big blind $1
*** HOLE CARDS ***
nikalas22: folds 
Uncalled bet ($0.50) returned to m0nTTu
m0nTTu collected $1 from pot
m0nTTu: doesn't show hand 
*** SUMMARY ***
Total pot $1 | Rake $0 
Seat 1: nikalas22 (button) (small blind) folded before Flop
Seat 5: m0nTTu (big blind) collected ($1)



PokerStars Hand #254571758189:  Hold'em No Limit ($0.50/$1.00 USD) - 2025/01/26 23:13:57 WET [2025/01/26 18:13:57 ET]
Table 'Selene IV' 6-max Seat #5 is the button
Seat 1: nikalas22 ($123.37 in chips) 
Seat 5: m0nTTu ($100.50 in chips) 
m0nTTu: posts small blind $0.50
nikalas22: posts big blind $1
*** HOLE CARDS ***
m0nTTu: raises $1.50 to $2.50
nikalas22: calls $1.50
*** FLOP *** [7s 6c 3c]
nikalas22: checks 
m0nTTu: bets $3.56
nikalas22: calls $3.56
*** TURN *** [7s 6c 3c] [8h]
nikalas22: checks 
m0nTTu: bets $8.63
nikalas22: calls $8.63
*** RIVER *** [7s 6c 3c 8h] [3s]
nikalas22: checks 
m0nTTu: bets $42.60
nikalas22: folds 
Uncalled bet ($42.60) returned to m0nTTu
m0nTTu collected $28.38 from pot
m0nTTu: doesn't show hand 
*** SUMMARY ***
Total pot $29.38 | Rake $1 
Board [7s 6c 3c 8h 3s]
Seat 1: nikalas22 (big blind) folded on the River
Seat 5: m0nTTu (button) (small blind) collected ($28.38)



PokerStars Hand #254571798525:  Hold'em No Limit ($0.50/$1.00 USD) - 2025/01/26 23:16:26 WET [2025/01/26 18:16:26 ET]
Table 'Selene IV' 6-max Seat #1 is the button
Seat 1: nikalas22 ($108.68 in chips) 
Seat 5: m0nTTu ($114.19 in chips) 
nikalas22: posts small blind $0.50
m0nTTu: posts big blind $1
*** HOLE CARDS ***
nikalas22: raises $1.50 to $2.50
m0nTTu: folds 
Uncalled bet ($1.50) returned to nikalas22
nikalas22 collected $2 from pot
nikalas22: doesn't show hand 
*** SUMMARY ***
Total pot $2 | Rake $0 
Seat 1: nikalas22 (button) (small blind) collected ($2)
Seat 5: m0nTTu (big blind) folded before Flop



PokerStars Hand #254571801384:  Hold'em No Limit ($0.50/$1.00 USD) - 2025/01/26 23:16:37 WET [2025/01/26 18:16:37 ET]
Table 'Selene IV' 6-max Seat #5 is the button
Seat 1: nikalas22 ($109.68 in chips) 
Seat 5: m0nTTu ($113.19 in chips) 
m0nTTu: posts small blind $0.50
nikalas22: posts big blind $1
*** HOLE CARDS ***
m0nTTu: raises $1.50 to $2.50
nikalas22: calls $1.50
*** FLOP *** [2h Th Ac]
nikalas22: checks 
m0nTTu: bets $1.57
nikalas22: folds 
Uncalled bet ($1.57) returned to m0nTTu
m0nTTu collected $4.75 from pot
m0nTTu: doesn't show hand 
*** SUMMARY ***
Total pot $5 | Rake $0.25 
Board [2h Th Ac]
Seat 1: nikalas22 (big blind) folded on the Flop
Seat 5: m0nTTu (button) (small blind) collected ($4.75)



PokerStars Hand #254571811314:  Hold'em No Limit ($0.50/$1.00 USD) - 2025/01/26 23:17:14 WET [2025/01/26 18:17:14 ET]
Table 'Selene IV' 6-max Seat #1 is the button
Seat 1: nikalas22 ($107.18 in chips) 
Seat 5: m0nTTu ($115.44 in chips) 
nikalas22: posts small blind $0.50
m0nTTu: posts big blind $1
*** HOLE CARDS ***
nikalas22: raises $1.50 to $2.50
m0nTTu: folds 
Uncalled bet ($1.50) returned to nikalas22
nikalas22 collected $2 from pot
nikalas22: doesn't show hand 
*** SUMMARY ***
Total pot $2 | Rake $0 
Seat 1: nikalas22 (button) (small blind) collected ($2)
Seat 5: m0nTTu (big blind) folded before Flop



PokerStars Hand #254571813873:  Hold'em No Limit ($0.50/$1.00 USD) - 2025/01/26 23:17:23 WET [2025/01/26 18:17:23 ET]
Table 'Selene IV' 6-max Seat #5 is the button
Seat 1: nikalas22 ($108.18 in chips) 
Seat 5: m0nTTu ($114.44 in chips) 
m0nTTu: posts small blind $0.50
nikalas22: posts big blind $1
*** HOLE CARDS ***
m0nTTu: raises $1 to $2
nikalas22: folds 
Uncalled bet ($1) returned to m0nTTu
m0nTTu collected $2 from pot
m0nTTu: doesn't show hand 
*** SUMMARY ***
Total pot $2 | Rake $0 
Seat 1: nikalas22 (big blind) folded before Flop
Seat 5: m0nTTu (button) (small blind) collected ($2)



PokerStars Hand #254571816648:  Hold'em No Limit ($0.50/$1.00 USD) - 2025/01/26 23:17:33 WET [2025/01/26 18:17:33 ET]
Table 'Selene IV' 6-max Seat #1 is the button
Seat 1: nikalas22 ($107.18 in chips) 
Seat 5: m0nTTu ($115.44 in chips) 
nikalas22: posts small blind $0.50
m0nTTu: posts big blind $1
*** HOLE CARDS ***
nikalas22: raises $1.50 to $2.50
m0nTTu: folds 
Uncalled bet ($1.50) returned to nikalas22
nikalas22 collected $2 from pot
nikalas22: doesn't show hand 
*** SUMMARY ***
Total pot $2 | Rake $0 
Seat 1: nikalas22 (button) (small blind) collected ($2)
Seat 5: m0nTTu (big blind) folded before Flop



PokerStars Hand #254571819127:  Hold'em No Limit ($0.50/$1.00 USD) - 2025/01/26 23:17:43 WET [2025/01/26 18:17:43 ET]
Table 'Selene IV' 6-max Seat #5 is the button
Seat 1: nikalas22 ($108.18 in chips) 
Seat 5: m0nTTu ($114.44 in chips) 
m0nTTu: posts small blind $0.50
nikalas22: posts big blind $1
*** HOLE CARDS ***
m0nTTu: raises $1.50 to $2.50
nikalas22: folds 
Uncalled bet ($1.50) returned to m0nTTu
m0nTTu collected $2 from pot
m0nTTu: doesn't show hand 
*** SUMMARY ***
Total pot $2 | Rake $0 
Seat 1: nikalas22 (big blind) folded before Flop
Seat 5: m0nTTu (button) (small blind) collected ($2)



PokerStars Hand #254571821933:  Hold'em No Limit ($0.50/$1.00 USD) - 2025/01/26 23:17:53 WET [2025/01/26 18:17:53 ET]
Table 'Selene IV' 6-max Seat #1 is the button
Seat 1: nikalas22 ($107.18 in chips) 
Seat 5: m0nTTu ($115.44 in chips) 
nikalas22: posts small blind $0.50
m0nTTu: posts big blind $1
*** HOLE CARDS ***
nikalas22: folds 
Uncalled bet ($0.50) returned to m0nTTu
m0nTTu collected $1 from pot
m0nTTu: doesn't show hand 
*** SUMMARY ***
Total pot $1 | Rake $0 
Seat 1: nikalas22 (button) (small blind) folded before Flop
Seat 5: m0nTTu (big blind) collected ($1)



PokerStars Hand #254571824436:  Hold'em No Limit ($0.50/$1.00 USD) - 2025/01/26 23:18:02 WET [2025/01/26 18:18:02 ET]
Table 'Selene IV' 6-max Seat #5 is the button
Seat 1: nikalas22 ($106.68 in chips) 
Seat 5: m0nTTu ($115.94 in chips) 
m0nTTu: posts small blind $0.50
nikalas22: posts big blind $1
*** HOLE CARDS ***
m0nTTu: raises $1.50 to $2.50
nikalas22: folds 
Uncalled bet ($1.50) returned to m0nTTu
m0nTTu collected $2 from pot
m0nTTu: doesn't show hand 
*** SUMMARY ***
Total pot $2 | Rake $0 
Seat 1: nikalas22 (big blind) folded before Flop
Seat 5: m0nTTu (button) (small blind) collected ($2)



PokerStars Hand #254571827222:  Hold'em No Limit ($0.50/$1.00 USD) - 2025/01/26 23:18:13 WET [2025/01/26 18:18:13 ET]
Table 'Selene IV' 6-max Seat #1 is the button
Seat 1: nikalas22 ($105.68 in chips) 
Seat 5: m0nTTu ($116.94 in chips) 
nikalas22: posts small blind $0.50
m0nTTu: posts big blind $1
*** HOLE CARDS ***
nikalas22: folds 
Uncalled bet ($0.50) returned to m0nTTu
m0nTTu collected $1 from pot
m0nTTu: doesn't show hand 
*** SUMMARY ***
Total pot $1 | Rake $0 
Seat 1: nikalas22 (button) (small blind) folded before Flop
Seat 5: m0nTTu (big blind) collected ($1)



PokerStars Hand #254571828867:  Hold'em No Limit ($0.50/$1.00 USD) - 2025/01/26 23:18:19 WET [2025/01/26 18:18:19 ET]
Table 'Selene IV' 6-max Seat #5 is the button
Seat 1: nikalas22 ($105.18 in chips) 
Seat 5: m0nTTu ($117.44 in chips) 
m0nTTu: posts small blind $0.50
nikalas22: posts big blind $1
*** HOLE CARDS ***
maver200981 joins the table at seat #4 
SorinS28 joins the table at seat #6 
m0nTTu: raises $1.50 to $2.50
nikalas22: folds 
Uncalled bet ($1.50) returned to m0nTTu
m0nTTu collected $2 from pot
m0nTTu: doesn't show hand 
*** SUMMARY ***
Total pot $2 | Rake $0 
Seat 1: nikalas22 (big blind) folded before Flop
Seat 5: m0nTTu (button) (small blind) collected ($2)



PokerStars Hand #254571833503:  Hold'em No Limit ($0.50/$1.00 USD) - 2025/01/26 23:18:36 WET [2025/01/26 18:18:36 ET]
Table 'Selene IV' 6-max Seat #1 is the button
Seat 4: maver200981 ($80 in chips) is sitting out
Seat 1: nikalas22 ($104.18 in chips) 
Seat 5: m0nTTu ($118.44 in chips) 
Seat 6: SorinS28 ($100 in chips) 
m0nTTu: posts small blind $0.50
SorinS28: posts big blind $1
*** HOLE CARDS ***
nikalas22: folds 
m0nTTu: folds 
Uncalled bet ($0.50) returned to SorinS28
SorinS28 collected $1 from pot
SorinS28: doesn't show hand 
*** SUMMARY ***
Total pot $1 | Rake $0 
Seat 4: maver200981
Seat 1: nikalas22 (button) folded before Flop (didn't bet)
Seat 5: m0nTTu (small blind) folded before Flop
Seat 6: SorinS28 (big blind) collected ($1)



PokerStars Hand #254571836289:  Hold'em No Limit ($0.50/$1.00 USD) - 2025/01/26 23:18:46 WET [2025/01/26 18:18:46 ET]
Table 'Selene IV' 6-max Seat #5 is the button
Seat 4: maver200981 ($80 in chips) is sitting out
Seat 1: nikalas22 ($104.18 in chips) 
Seat 5: m0nTTu ($117.94 in chips) 
Seat 6: SorinS28 ($100.50 in chips) 
SorinS28: posts small blind $0.50
nikalas22: posts big blind $1
maver200981: sits out 
*** HOLE CARDS ***
m0nTTu: raises $1.50 to $2.50
SorinS28: folds 
jermit121212 joins the table at seat #2 
nikalas22: folds 
Uncalled bet ($1.50) returned to m0nTTu
jermit121212 is disconnected 
m0nTTu collected $2.50 from pot
m0nTTu: doesn't show hand 
*** SUMMARY ***
Total pot $2.50 | Rake $0 
Seat 4: maver200981
Seat 1: nikalas22 (big blind) folded before Flop
Seat 5: m0nTTu (button) collected ($2.50)
Seat 6: SorinS28 (small blind) folded before Flop



PokerStars Hand #254571840965:  Hold'em No Limit ($0.50/$1.00 USD) - 2025/01/26 23:19:04 WET [2025/01/26 18:19:04 ET]
Table 'Selene IV' 6-max Seat #6 is the button
Seat 4: maver200981 ($80 in chips) is sitting out
Seat 1: nikalas22 ($103.18 in chips) 
Seat 2: jermit121212 ($67.47 in chips) 
Seat 5: m0nTTu ($119.44 in chips) 
Seat 6: SorinS28 ($100 in chips) 
nikalas22: posts small blind $0.50
jermit121212: posts big blind $1
maver200981: sits out 
*** HOLE CARDS ***
m0nTTu: folds 
SorinS28: raises $1.50 to $2.50
nikalas22: raises $9.50 to $12
XneferX joins the table at seat #3 
jermit121212: folds 
SorinS28: folds 
Uncalled bet ($9.50) returned to nikalas22
nikalas22 collected $6 from pot
nikalas22: doesn't show hand 
*** SUMMARY ***
Total pot $6 | Rake $0 
Seat 4: maver200981
Seat 1: nikalas22 (small blind) collected ($6)
Seat 2: jermit121212 (big blind) folded before Flop
Seat 5: m0nTTu folded before Flop (didn't bet)
Seat 6: SorinS28 (button) folded before Flop



PokerStars Hand #254571850083:  Hold'em No Limit ($0.50/$1.00 USD) - 2025/01/26 23:19:38 WET [2025/01/26 18:19:38 ET]
Table 'Selene IV' 6-max Seat #1 is the button
Seat 4: maver200981 ($80 in chips) is sitting out
Seat 1: nikalas22 ($106.68 in chips) 
Seat 2: jermit121212 ($66.47 in chips) 
Seat 3: XneferX ($100 in chips) 
Seat 5: m0nTTu ($119.44 in chips) 
Seat 6: SorinS28 ($100 in chips) 
jermit121212: posts small blind $0.50
XneferX: posts big blind $1
maver200981: sits out 
*** HOLE CARDS ***
m0nTTu: folds 
SorinS28: folds 
nikalas22: folds 
jermit121212: calls $0.50
XneferX: checks 
*** FLOP *** [Qs Tc Ac]
jermit121212: bets $1
XneferX: folds 
Uncalled bet ($1) returned to jermit121212
jermit121212 collected $1.90 from pot
*** SUMMARY ***
Total pot $2 | Rake $0.10 
Board [Qs Tc Ac]
Seat 4: maver200981
Seat 1: nikalas22 (button) folded before Flop (didn't bet)
Seat 2: jermit121212 (small blind) collected ($1.90)
Seat 3: XneferX (big blind) folded on the Flop
Seat 5: m0nTTu folded before Flop (didn't bet)
Seat 6: SorinS28 folded before Flop (didn't bet)



PokerStars Hand #254571857487:  Hold'em No Limit ($0.50/$1.00 USD) - 2025/01/26 23:20:06 WET [2025/01/26 18:20:06 ET]
Table 'Selene IV' 6-max Seat #2 is the button
Seat 1: nikalas22 ($106.68 in chips) 
Seat 2: jermit121212 ($67.37 in chips) 
Seat 3: XneferX ($100 in chips) 
Seat 4: maver200981 ($80 in chips) 
Seat 5: m0nTTu ($119.44 in chips) 
Seat 6: SorinS28 ($100 in chips) 
XneferX: posts small blind $0.50
maver200981: posts big blind $1
*** HOLE CARDS ***
m0nTTu: folds 
SorinS28: folds 
nikalas22: folds 
jermit121212: calls $1
XneferX: folds 
maver200981: checks 
*** FLOP *** [Kh 5c 3d]
maver200981: checks 
jermit121212: bets $1
maver200981: calls $1
*** TURN *** [Kh 5c 3d] [Ah]
maver200981: checks 
jermit121212: bets $1
maver200981: calls $1
*** RIVER *** [Kh 5c 3d Ah] [6s]
maver200981: checks 
jermit121212: checks 
*** SHOW DOWN ***
maver200981: shows [Js 5d] (a pair of Fives)
jermit121212: shows [Jh Kc] (a pair of Kings)
jermit121212 collected $6.18 from pot
*** SUMMARY ***
Total pot $6.50 | Rake $0.32 
Board [Kh 5c 3d Ah 6s]
Seat 1: nikalas22 folded before Flop (didn't bet)
Seat 2: jermit121212 (button) showed [Jh Kc] and won ($6.18) with a pair of Kings
Seat 3: XneferX (small blind) folded before Flop
Seat 4: maver200981 (big blind) showed [Js 5d] and lost with a pair of Fives
Seat 5: m0nTTu folded before Flop (didn't bet)
Seat 6: SorinS28 folded before Flop (didn't bet)



PokerStars Hand #254571873979:  Hold'em No Limit ($0.50/$1.00 USD) - 2025/01/26 23:21:08 WET [2025/01/26 18:21:08 ET]
Table 'Selene IV' 6-max Seat #3 is the button
Seat 5: m0nTTu ($119.44 in chips) is sitting out
Seat 1: nikalas22 ($106.68 in chips) 
Seat 2: jermit121212 ($70.55 in chips) 
Seat 3: XneferX ($100 in chips) 
Seat 4: maver200981 ($77 in chips) 
Seat 6: SorinS28 ($100 in chips) 
maver200981: posts small blind $0.50
m0nTTu: is sitting out 
SorinS28: posts big blind $1
*** HOLE CARDS ***
m0nTTu leaves the table
nikalas22: folds 
jermit121212: calls $1
XneferX: folds 
maver200981: folds 
SorinS28: checks 
*** FLOP *** [7s 5d 6d]
SorinS28: checks 
rrrro joins the table at seat #5 
jermit121212: bets $1
SorinS28: raises $2.19 to $3.19
jermit121212: folds 
Uncalled bet ($2.19) returned to SorinS28
SorinS28 collected $4.28 from pot
SorinS28: doesn't show hand 
*** SUMMARY ***
Total pot $4.50 | Rake $0.22 
Board [7s 5d 6d]
Seat 5: m0nTTu
Seat 1: nikalas22 folded before Flop (didn't bet)
Seat 2: jermit121212 folded on the Flop
Seat 3: XneferX (button) folded before Flop (didn't bet)
Seat 4: maver200981 (small blind) folded before Flop
Seat 6: SorinS28 (big blind) collected ($4.28)



PokerStars Hand #254571889545:  Hold'em No Limit ($0.50/$1.00 USD) - 2025/01/26 23:22:06 WET [2025/01/26 18:22:06 ET]
Table 'Selene IV' 6-max Seat #4 is the button
Seat 5: rrrro ($100 in chips) is sitting out
Seat 1: nikalas22 ($106.68 in chips) 
Seat 2: jermit121212 ($68.55 in chips) 
Seat 3: XneferX ($100 in chips) 
Seat 4: maver200981 ($76.50 in chips) 
Seat 6: SorinS28 ($102.28 in chips) 
SorinS28: posts small blind $0.50
nikalas22: posts big blind $1
*** HOLE CARDS ***
jermit121212: calls $1
XneferX: raises $3 to $4
maver200981: folds 
SorinS28: folds 
nikalas22: folds 
jermit121212: folds 
Uncalled bet ($3) returned to XneferX
XneferX collected $3.50 from pot
XneferX: doesn't show hand 
*** SUMMARY ***
Total pot $3.50 | Rake $0 
Seat 5: rrrro
Seat 1: nikalas22 (big blind) folded before Flop
Seat 2: jermit121212 folded before Flop
Seat 3: XneferX collected ($3.50)
Seat 4: maver200981 (button) folded before Flop (didn't bet)
Seat 6: SorinS28 (small blind) folded before Flop



PokerStars Hand #254571900186:  Hold'em No Limit ($0.50/$1.00 USD) - 2025/01/26 23:22:46 WET [2025/01/26 18:22:46 ET]
Table 'Selene IV' 6-max Seat #6 is the button
Seat 5: rrrro ($100 in chips) is sitting out
Seat 1: nikalas22 ($105.68 in chips) 
Seat 2: jermit121212 ($67.55 in chips) 
Seat 3: XneferX ($102.50 in chips) 
Seat 4: maver200981 ($76.50 in chips) 
Seat 6: SorinS28 ($101.78 in chips) 
nikalas22: posts small blind $0.50
jermit121212: posts big blind $1
rrrro: sits out 
*** HOLE CARDS ***
XneferX: folds 
maver200981: folds 
SorinS28: raises $1.50 to $2.50
nikalas22: folds 
jermit121212: calls $1.50
*** FLOP *** [2c 9d 2s]
jermit121212: bets $1
SorinS28: raises $3.61 to $4.61
jermit121212: folds 
Uncalled bet ($3.61) returned to SorinS28
SorinS28 collected $7.12 from pot
SorinS28: doesn't show hand 
*** SUMMARY ***
Total pot $7.50 | Rake $0.38 
Board [2c 9d 2s]
Seat 5: rrrro
Seat 1: nikalas22 (small blind) folded before Flop
Seat 2: jermit121212 (big blind) folded on the Flop
Seat 3: XneferX folded before Flop (didn't bet)
Seat 4: maver200981 folded before Flop (didn't bet)
Seat 6: SorinS28 (button) collected ($7.12)



PokerStars Hand #254571907766:  Hold'em No Limit ($0.50/$1.00 USD) - 2025/01/26 23:23:15 WET [2025/01/26 18:23:15 ET]
Table 'Selene IV' 6-max Seat #1 is the button
Seat 5: rrrro ($100 in chips) is sitting out
Seat 1: nikalas22 ($105.18 in chips) 
Seat 2: jermit121212 ($64.05 in chips) 
Seat 3: XneferX ($102.50 in chips) 
Seat 4: maver200981 ($76.50 in chips) 
Seat 6: SorinS28 ($105.40 in chips) 
jermit121212: posts small blind $0.50
XneferX: posts big blind $1
rrrro: sits out 
*** HOLE CARDS ***
maver200981: folds 
SorinS28: folds 
nikalas22: raises $1.50 to $2.50
jermit121212: folds 
XneferX: raises $10.50 to $13
nikalas22: folds 
Uncalled bet ($10.50) returned to XneferX
XneferX collected $5.50 from pot
XneferX: doesn't show hand 
*** SUMMARY ***
Total pot $5.50 | Rake $0 
Seat 5: rrrro
Seat 1: nikalas22 (button) folded before Flop
Seat 2: jermit121212 (small blind) folded before Flop
Seat 3: XneferX (big blind) collected ($5.50)
Seat 4: maver200981 folded before Flop (didn't bet)
Seat 6: SorinS28 folded before Flop (didn't bet)



PokerStars Hand #254571918468:  Hold'em No Limit ($0.50/$1.00 USD) - 2025/01/26 23:23:55 WET [2025/01/26 18:23:55 ET]
Table 'Selene IV' 6-max Seat #2 is the button
Seat 5: rrrro ($100 in chips) is sitting out
Seat 1: nikalas22 ($102.68 in chips) 
Seat 2: jermit121212 ($63.55 in chips) 
Seat 3: XneferX ($105.50 in chips) 
Seat 4: maver200981 ($76.50 in chips) 
Seat 6: SorinS28 ($105.40 in chips) 
XneferX: posts small blind $0.50
maver200981: posts big blind $1
rrrro: sits out 
*** HOLE CARDS ***
SorinS28: folds 
nikalas22: raises $1.50 to $2.50
jermit121212: folds 
XneferX: folds 
maver200981: folds 
Uncalled bet ($1.50) returned to nikalas22
nikalas22 collected $2.50 from pot
nikalas22: doesn't show hand 
*** SUMMARY ***
Total pot $2.50 | Rake $0 
Seat 5: rrrro
Seat 1: nikalas22 collected ($2.50)
Seat 2: jermit121212 (button) folded before Flop (didn't bet)
Seat 3: XneferX (small blind) folded before Flop
Seat 4: maver200981 (big blind) folded before Flop
Seat 6: SorinS28 folded before Flop (didn't bet)



PokerStars Hand #254571928244:  Hold'em No Limit ($0.50/$1.00 USD) - 2025/01/26 23:24:32 WET [2025/01/26 18:24:32 ET]
Table 'Selene IV' 6-max Seat #3 is the button
Seat 1: nikalas22 ($104.18 in chips) 
Seat 2: jermit121212 ($63.55 in chips) 
Seat 3: XneferX ($105 in chips) 
Seat 4: maver200981 ($75.50 in chips) 
Seat 5: rrrro ($100 in chips) 
Seat 6: SorinS28 ($105.40 in chips) 
maver200981: posts small blind $0.50
rrrro: posts big blind $1
*** HOLE CARDS ***
SorinS28: folds 
nikalas22: folds 
jermit121212: folds 
XneferX: folds 
maver200981: folds 
Uncalled bet ($0.50) returned to rrrro
rrrro collected $1 from pot
rrrro: doesn't show hand 
*** SUMMARY ***
Total pot $1 | Rake $0 
Seat 1: nikalas22 folded before Flop (didn't bet)
Seat 2: jermit121212 folded before Flop (didn't bet)
Seat 3: XneferX (button) folded before Flop (didn't bet)
Seat 4: maver200981 (small blind) folded before Flop
Seat 5: rrrro (big blind) collected ($1)
Seat 6: SorinS28 folded before Flop (didn't bet)



PokerStars Hand #254571932735:  Hold'em No Limit ($0.50/$1.00 USD) - 2025/01/26 23:24:48 WET [2025/01/26 18:24:48 ET]
Table 'Selene IV' 6-max Seat #4 is the button
Seat 1: nikalas22 ($104.18 in chips) 
Seat 2: jermit121212 ($63.55 in chips) 
Seat 3: XneferX ($105 in chips) 
Seat 4: maver200981 ($75 in chips) 
Seat 5: rrrro ($100.50 in chips) 
Seat 6: SorinS28 ($105.40 in chips) 
rrrro: posts small blind $0.50
SorinS28: posts big blind $1
*** HOLE CARDS ***
nikalas22: folds 
jermit121212: folds 
XneferX: folds 
maver200981: raises $1 to $2
rrrro: folds 
SorinS28: raises $10 to $12
maver200981: folds 
Uncalled bet ($10) returned to SorinS28
SorinS28 collected $4.50 from pot
SorinS28: doesn't show hand 
*** SUMMARY ***
Total pot $4.50 | Rake $0 
Seat 1: nikalas22 folded before Flop (didn't bet)
Seat 2: jermit121212 folded before Flop (didn't bet)
Seat 3: XneferX folded before Flop (didn't bet)
Seat 4: maver200981 (button) folded before Flop
Seat 5: rrrro (small blind) folded before Flop
Seat 6: SorinS28 (big blind) collected ($4.50)



PokerStars Hand #254571939800:  Hold'em No Limit ($0.50/$1.00 USD) - 2025/01/26 23:25:15 WET [2025/01/26 18:25:15 ET]
Table 'Selene IV' 6-max Seat #5 is the button
Seat 1: nikalas22 ($104.18 in chips) 
Seat 2: jermit121212 ($63.55 in chips) 
Seat 3: XneferX ($105 in chips) 
Seat 4: maver200981 ($73 in chips) 
Seat 5: rrrro ($100 in chips) 
Seat 6: SorinS28 ($107.90 in chips) 
SorinS28: posts small blind $0.50
nikalas22: posts big blind $1
*** HOLE CARDS ***
jermit121212: raises $1 to $2
XneferX: folds 
maver200981: calls $2
rrrro: folds 
SorinS28: calls $1.50
nikalas22: folds 
*** FLOP *** [Qd Kd 4h]
SorinS28: checks 
jermit121212: checks 
maver200981: bets $3.33
SorinS28: calls $3.33
jermit121212: folds 
*** TURN *** [Qd Kd 4h] [4c]
SorinS28: checks 
maver200981: bets $6.49
SorinS28: calls $6.49
*** RIVER *** [Qd Kd 4h 4c] [8c]
SorinS28: bets $18.98
maver200981: calls $18.98
*** SHOW DOWN ***
SorinS28: shows [Td 7d] (a pair of Fours)
maver200981: shows [Ks Th] (two pair, Kings and Fours)
maver200981 collected $62.10 from pot
*** SUMMARY ***
Total pot $64.60 | Rake $2.50 
Board [Qd Kd 4h 4c 8c]
Seat 1: nikalas22 (big blind) folded before Flop
Seat 2: jermit121212 folded on the Flop
Seat 3: XneferX folded before Flop (didn't bet)
Seat 4: maver200981 showed [Ks Th] and won ($62.10) with two pair, Kings and Fours
Seat 5: rrrro (button) folded before Flop (didn't bet)
Seat 6: SorinS28 (small blind) showed [Td 7d] and lost with a pair of Fours



PokerStars Hand #254571958934:  Hold'em No Limit ($0.50/$1.00 USD) - 2025/01/26 23:26:27 WET [2025/01/26 18:26:27 ET]
Table 'Selene IV' 6-max Seat #6 is the button
Seat 1: nikalas22 ($103.18 in chips) 
Seat 2: jermit121212 ($61.55 in chips) 
Seat 3: XneferX ($105 in chips) 
Seat 4: maver200981 ($104.30 in chips) 
Seat 5: rrrro ($100 in chips) 
Seat 6: SorinS28 ($100 in chips) 
nikalas22: posts small blind $0.50
jermit121212: posts big blind $1
*** HOLE CARDS ***
XneferX: folds 
maver200981: folds 
rrrro: raises $1.30 to $2.30
SorinS28: folds 
nikalas22: folds 
jermit121212: folds 
Uncalled bet ($1.30) returned to rrrro
rrrro collected $2.50 from pot
rrrro: doesn't show hand 
*** SUMMARY ***
Total pot $2.50 | Rake $0 
Seat 1: nikalas22 (small blind) folded before Flop
Seat 2: jermit121212 (big blind) folded before Flop
Seat 3: XneferX folded before Flop (didn't bet)
Seat 4: maver200981 folded before Flop (didn't bet)
Seat 5: rrrro collected ($2.50)
Seat 6: SorinS28 (button) folded before Flop (didn't bet)



PokerStars Hand #254571963835:  Hold'em No Limit ($0.50/$1.00 USD) - 2025/01/26 23:26:45 WET [2025/01/26 18:26:45 ET]
Table 'Selene IV' 6-max Seat #1 is the button
Seat 1: nikalas22 ($102.68 in chips) 
Seat 2: jermit121212 ($60.55 in chips) 
Seat 3: XneferX ($105 in chips) 
Seat 4: maver200981 ($104.30 in chips) 
Seat 5: rrrro ($101.50 in chips) 
Seat 6: SorinS28 ($100 in chips) 
jermit121212: posts small blind $0.50
XneferX: posts big blind $1
*** HOLE CARDS ***
maver200981: folds 
rrrro: folds 
SorinS28: folds 
nikalas22: raises $1.50 to $2.50
jermit121212: calls $2
XneferX: folds 
*** FLOP *** [9s Ac 3h]
jermit121212: checks 
nikalas22: bets $1.71
jermit121212: folds 
Uncalled bet ($1.71) returned to nikalas22
nikalas22 collected $5.70 from pot
nikalas22: doesn't show hand 
*** SUMMARY ***
Total pot $6 | Rake $0.30 
Board [9s Ac 3h]
Seat 1: nikalas22 (button) collected ($5.70)
Seat 2: jermit121212 (small blind) folded on the Flop
Seat 3: XneferX (big blind) folded before Flop
Seat 4: maver200981 folded before Flop (didn't bet)
Seat 5: rrrro folded before Flop (didn't bet)
Seat 6: SorinS28 folded before Flop (didn't bet)



PokerStars Hand #254571971666:  Hold'em No Limit ($0.50/$1.00 USD) - 2025/01/26 23:27:15 WET [2025/01/26 18:27:15 ET]
Table 'Selene IV' 6-max Seat #2 is the button
Seat 1: nikalas22 ($105.88 in chips) 
Seat 2: jermit121212 ($58.05 in chips) 
Seat 3: XneferX ($104 in chips) 
Seat 4: maver200981 ($104.30 in chips) 
Seat 5: rrrro ($101.50 in chips) 
Seat 6: SorinS28 ($100 in chips) 
XneferX: posts small blind $0.50
maver200981: posts big blind $1
*** HOLE CARDS ***
rrrro: calls $1
SorinS28: folds 
nikalas22: folds 
jermit121212: calls $1
XneferX: folds 
maver200981: checks 
*** FLOP *** [Ks 4d Tc]
maver200981: checks 
rrrro: checks 
jermit121212: checks 
*** TURN *** [Ks 4d Tc] [6d]
maver200981: bets $2.66
rrrro: calls $2.66
jermit121212: folds 
*** RIVER *** [Ks 4d Tc 6d] [Ah]
maver200981: bets $8.38
rrrro: calls $8.38
*** SHOW DOWN ***
maver200981: shows [Qs Jh] (a straight, Ten to Ace)
rrrro: mucks hand 
maver200981 collected $24.30 from pot
*** SUMMARY ***
Total pot $25.58 | Rake $1.28 
Board [Ks 4d Tc 6d Ah]
Seat 1: nikalas22 folded before Flop (didn't bet)
Seat 2: jermit121212 (button) folded on the Turn
Seat 3: XneferX (small blind) folded before Flop
Seat 4: maver200981 (big blind) showed [Qs Jh] and won ($24.30) with a straight, Ten to Ace
Seat 5: rrrro mucked
Seat 6: SorinS28 folded before Flop (didn't bet)



PokerStars Hand #254571987445:  Hold'em No Limit ($0.50/$1.00 USD) - 2025/01/26 23:28:15 WET [2025/01/26 18:28:15 ET]
Table 'Selene IV' 6-max Seat #3 is the button
Seat 1: nikalas22 ($105.88 in chips) 
Seat 2: jermit121212 ($57.05 in chips) 
Seat 3: XneferX ($103.50 in chips) 
Seat 4: maver200981 ($116.56 in chips) 
Seat 5: rrrro ($100 in chips) 
Seat 6: SorinS28 ($100 in chips) 
maver200981: posts small blind $0.50
rrrro: posts big blind $1
*** HOLE CARDS ***
SorinS28: folds 
nikalas22: folds 
jermit121212: folds 
XneferX: folds 
maver200981: raises $1 to $2
rrrro: calls $1
*** FLOP *** [7d 6c Ah]
maver200981: bets $3.80
rrrro: folds 
Uncalled bet ($3.80) returned to maver200981
maver200981 collected $3.80 from pot
maver200981: doesn't show hand 
*** SUMMARY ***
Total pot $4 | Rake $0.20 
Board [7d 6c Ah]
Seat 1: nikalas22 folded before Flop (didn't bet)
Seat 2: jermit121212 folded before Flop (didn't bet)
Seat 3: XneferX (button) folded before Flop (didn't bet)
Seat 4: maver200981 (small blind) collected ($3.80)
Seat 5: rrrro (big blind) folded on the Flop
Seat 6: SorinS28 folded before Flop (didn't bet)



PokerStars Hand #254571994248:  Hold'em No Limit ($0.50/$1.00 USD) - 2025/01/26 23:28:40 WET [2025/01/26 18:28:40 ET]
Table 'Selene IV' 6-max Seat #4 is the button
Seat 1: nikalas22 ($105.88 in chips) 
Seat 2: jermit121212 ($57.05 in chips) 
Seat 3: XneferX ($103.50 in chips) 
Seat 4: maver200981 ($118.36 in chips) 
Seat 5: rrrro ($100 in chips) 
Seat 6: SorinS28 ($100 in chips) 
rrrro: posts small blind $0.50
SorinS28: posts big blind $1
*** HOLE CARDS ***
nikalas22: raises $1.50 to $2.50
jermit121212: folds 
XneferX: folds 
maver200981: folds 
rrrro: folds 
SorinS28: folds 
Uncalled bet ($1.50) returned to nikalas22
nikalas22 collected $2.50 from pot
nikalas22: doesn't show hand 
*** SUMMARY ***
Total pot $2.50 | Rake $0 
Seat 1: nikalas22 collected ($2.50)
Seat 2: jermit121212 folded before Flop (didn't bet)
Seat 3: XneferX folded before Flop (didn't bet)
Seat 4: maver200981 (button) folded before Flop (didn't bet)
Seat 5: rrrro (small blind) folded before Flop
Seat 6: SorinS28 (big blind) folded before Flop



PokerStars Hand #254572001430:  Hold'em No Limit ($0.50/$1.00 USD) - 2025/01/26 23:29:07 WET [2025/01/26 18:29:07 ET]
Table 'Selene IV' 6-max Seat #5 is the button
Seat 1: nikalas22 ($107.38 in chips) 
Seat 2: jermit121212 ($57.05 in chips) 
Seat 3: XneferX ($103.50 in chips) 
Seat 4: maver200981 ($118.36 in chips) 
Seat 5: rrrro ($100 in chips) 
Seat 6: SorinS28 ($100 in chips) 
SorinS28: posts small blind $0.50
nikalas22: posts big blind $1
*** HOLE CARDS ***
jermit121212: raises $1 to $2
XneferX: folds 
maver200981: raises $1 to $3
rrrro: folds 
SorinS28: folds 
nikalas22: folds 
jermit121212: calls $1
*** FLOP *** [9h Ks Jc]
jermit121212 has timed out
jermit121212: checks 
maver200981: bets $3.56
jermit121212: calls $3.56
*** TURN *** [9h Ks Jc] [Td]
jermit121212: bets $3
maver200981: folds 
Uncalled bet ($3) returned to jermit121212
jermit121212 collected $13.89 from pot
*** SUMMARY ***
Total pot $14.62 | Rake $0.73 
Board [9h Ks Jc Td]
Seat 1: nikalas22 (big blind) folded before Flop
Seat 2: jermit121212 collected ($13.89)
Seat 3: XneferX folded before Flop (didn't bet)
Seat 4: maver200981 folded on the Turn
Seat 5: rrrro (button) folded before Flop (didn't bet)
Seat 6: SorinS28 (small blind) folded before Flop



PokerStars Hand #254572026131:  Hold'em No Limit ($0.50/$1.00 USD) - 2025/01/26 23:30:40 WET [2025/01/26 18:30:40 ET]
Table 'Selene IV' 6-max Seat #6 is the button
Seat 1: nikalas22 ($106.38 in chips) 
Seat 2: jermit121212 ($64.38 in chips) 
Seat 3: XneferX ($103.50 in chips) 
Seat 4: maver200981 ($111.80 in chips) 
Seat 5: rrrro ($100 in chips) 
Seat 6: SorinS28 ($100 in chips) 
nikalas22: posts small blind $0.50
jermit121212: posts big blind $1
*** HOLE CARDS ***
XneferX: folds 
maver200981: folds 
rrrro: raises $1.30 to $2.30
SorinS28: raises $6.20 to $8.50
nikalas22: folds 
jermit121212: folds 
rrrro: folds 
Uncalled bet ($6.20) returned to SorinS28
SorinS28 collected $6.10 from pot
SorinS28: doesn't show hand 
*** SUMMARY ***
Total pot $6.10 | Rake $0 
Seat 1: nikalas22 (small blind) folded before Flop
Seat 2: jermit121212 (big blind) folded before Flop
Seat 3: XneferX folded before Flop (didn't bet)
Seat 4: maver200981 folded before Flop (didn't bet)
Seat 5: rrrro folded before Flop
Seat 6: SorinS28 (button) collected ($6.10)



PokerStars Hand #254572033966:  Hold'em No Limit ($0.50/$1.00 USD) - 2025/01/26 23:31:10 WET [2025/01/26 18:31:10 ET]
Table 'Selene IV' 6-max Seat #1 is the button
Seat 1: nikalas22 ($105.88 in chips) 
Seat 2: jermit121212 ($63.38 in chips) 
Seat 3: XneferX ($103.50 in chips) 
Seat 4: maver200981 ($111.80 in chips) 
Seat 5: rrrro ($100 in chips) 
Seat 6: SorinS28 ($103.80 in chips) 
jermit121212: posts small blind $0.50
XneferX: posts big blind $1
*** HOLE CARDS ***
maver200981: folds 
rrrro: raises $1 to $2
SorinS28: folds 
nikalas22: calls $2
jermit121212: folds 
XneferX: calls $1
*** FLOP *** [2d 9h 6h]
XneferX: checks 
rrrro: checks 
nikalas22: checks 
*** TURN *** [2d 9h 6h] [5h]
XneferX: checks 
rrrro: checks 
nikalas22: bets $1.85
XneferX: folds 
rrrro: folds 
Uncalled bet ($1.85) returned to nikalas22
nikalas22 collected $6.18 from pot
nikalas22: doesn't show hand 
*** SUMMARY ***
Total pot $6.50 | Rake $0.32 
Board [2d 9h 6h 5h]
Seat 1: nikalas22 (button) collected ($6.18)
Seat 2: jermit121212 (small blind) folded before Flop
Seat 3: XneferX (big blind) folded on the Turn
Seat 4: maver200981 folded before Flop (didn't bet)
Seat 5: rrrro folded on the Turn
Seat 6: SorinS28 folded before Flop (didn't bet)



PokerStars Hand #254572051518:  Hold'em No Limit ($0.50/$1.00 USD) - 2025/01/26 23:32:17 WET [2025/01/26 18:32:17 ET]
Table 'Selene IV' 6-max Seat #2 is the button
Seat 1: nikalas22 ($110.06 in chips) 
Seat 2: jermit121212 ($62.88 in chips) 
Seat 3: XneferX ($101.50 in chips) 
Seat 4: maver200981 ($111.80 in chips) 
Seat 5: rrrro ($100 in chips) 
Seat 6: SorinS28 ($103.80 in chips) 
XneferX: posts small blind $0.50
maver200981: posts big blind $1
*** HOLE CARDS ***
rrrro: folds 
SorinS28: raises $1.02 to $2.02
nikalas22: folds 
jermit121212: folds 
XneferX: folds 
maver200981: calls $1.02
*** FLOP *** [Th 5h 5c]
maver200981: checks 
SorinS28: bets $1.21
maver200981: folds 
Uncalled bet ($1.21) returned to SorinS28
SorinS28 collected $4.31 from pot
SorinS28: doesn't show hand 
*** SUMMARY ***
Total pot $4.54 | Rake $0.23 
Board [Th 5h 5c]
Seat 1: nikalas22 folded before Flop (didn't bet)
Seat 2: jermit121212 (button) folded before Flop (didn't bet)
Seat 3: XneferX (small blind) folded before Flop
Seat 4: maver200981 (big blind) folded on the Flop
Seat 5: rrrro folded before Flop (didn't bet)
Seat 6: SorinS28 collected ($4.31)



PokerStars Hand #254572063269:  Hold'em No Limit ($0.50/$1.00 USD) - 2025/01/26 23:33:02 WET [2025/01/26 18:33:02 ET]
Table 'Selene IV' 6-max Seat #3 is the button
Seat 1: nikalas22 ($110.06 in chips) 
Seat 2: jermit121212 ($62.88 in chips) 
Seat 3: XneferX ($101 in chips) 
Seat 4: maver200981 ($109.78 in chips) 
Seat 5: rrrro ($100 in chips) 
Seat 6: SorinS28 ($106.09 in chips) 
maver200981: posts small blind $0.50
rrrro: posts big blind $1
*** HOLE CARDS ***
SorinS28: raises $1.02 to $2.02
nikalas22: folds 
jermit121212: folds 
XneferX: folds 
maver200981: folds 
rrrro: folds 
Uncalled bet ($1.02) returned to SorinS28
SorinS28 collected $2.50 from pot
SorinS28: doesn't show hand 
*** SUMMARY ***
Total pot $2.50 | Rake $0 
Seat 1: nikalas22 folded before Flop (didn't bet)
Seat 2: jermit121212 folded before Flop (didn't bet)
Seat 3: XneferX (button) folded before Flop (didn't bet)
Seat 4: maver200981 (small blind) folded before Flop
Seat 5: rrrro (big blind) folded before Flop
Seat 6: SorinS28 collected ($2.50)



PokerStars Hand #254572070156:  Hold'em No Limit ($0.50/$1.00 USD) - 2025/01/26 23:33:28 WET [2025/01/26 18:33:28 ET]
Table 'Selene IV' 6-max Seat #4 is the button
Seat 1: nikalas22 ($110.06 in chips) 
Seat 2: jermit121212 ($62.88 in chips) 
Seat 3: XneferX ($101 in chips) 
Seat 4: maver200981 ($109.28 in chips) 
Seat 5: rrrro ($100 in chips) 
Seat 6: SorinS28 ($107.59 in chips) 
rrrro: posts small blind $0.50
SorinS28: posts big blind $1
*** HOLE CARDS ***
nikalas22: folds 
jermit121212: calls $1
XneferX: raises $3 to $4
maver200981: folds 
rrrro: calls $3.50
SorinS28: folds 
jermit121212: calls $3
*** FLOP *** [7s 9c 3d]
rrrro: checks 
jermit121212: checks 
XneferX: checks 
*** TURN *** [7s 9c 3d] [6d]
rrrro: checks 
jermit121212: checks 
XneferX: checks 
*** RIVER *** [7s 9c 3d 6d] [4c]
rrrro: checks 
jermit121212: checks 
XneferX: checks 
*** SHOW DOWN ***
rrrro: shows [9d 9s] (three of a kind, Nines)
jermit121212: mucks hand 
XneferX: mucks hand 
rrrro collected $12.35 from pot
*** SUMMARY ***
Total pot $13 | Rake $0.65 
Board [7s 9c 3d 6d 4c]
Seat 1: nikalas22 folded before Flop (didn't bet)
Seat 2: jermit121212 mucked
Seat 3: XneferX mucked
Seat 4: maver200981 (button) folded before Flop (didn't bet)
Seat 5: rrrro (small blind) showed [9d 9s] and won ($12.35) with three of a kind, Nines
Seat 6: SorinS28 (big blind) folded before Flop



PokerStars Hand #254572098476:  Hold'em No Limit ($0.50/$1.00 USD) - 2025/01/26 23:35:18 WET [2025/01/26 18:35:18 ET]
Table 'Selene IV' 6-max Seat #5 is the button
Seat 1: nikalas22 ($110.06 in chips) 
Seat 2: jermit121212 ($58.88 in chips) 
Seat 3: XneferX ($100 in chips) 
Seat 4: maver200981 ($109.28 in chips) 
Seat 5: rrrro ($108.35 in chips) 
Seat 6: SorinS28 ($106.59 in chips) 
SorinS28: posts small blind $0.50
nikalas22: posts big blind $1
*** HOLE CARDS ***
jermit121212: folds 
XneferX: raises $1.10 to $2.10
maver200981: folds 
rrrro: folds 
SorinS28: folds 
nikalas22: folds 
Uncalled bet ($1.10) returned to XneferX
XneferX collected $2.50 from pot
XneferX: doesn't show hand 
*** SUMMARY ***
Total pot $2.50 | Rake $0 
Seat 1: nikalas22 (big blind) folded before Flop
Seat 2: jermit121212 folded before Flop (didn't bet)
Seat 3: XneferX collected ($2.50)
Seat 4: maver200981 folded before Flop (didn't bet)
Seat 5: rrrro (button) folded before Flop (didn't bet)
Seat 6: SorinS28 (small blind) folded before Flop



PokerStars Hand #254572104304:  Hold'em No Limit ($0.50/$1.00 USD) - 2025/01/26 23:35:41 WET [2025/01/26 18:35:41 ET]
Table 'Selene IV' 6-max Seat #6 is the button
Seat 1: nikalas22 ($109.06 in chips) 
Seat 2: jermit121212 ($58.88 in chips) 
Seat 3: XneferX ($101.50 in chips) 
Seat 4: maver200981 ($109.28 in chips) 
Seat 5: rrrro ($108.35 in chips) 
Seat 6: SorinS28 ($106.09 in chips) 
nikalas22: posts small blind $0.50
jermit121212: posts big blind $1
*** HOLE CARDS ***
XneferX: folds 
maver200981: raises $2 to $3
rrrro: folds 
SorinS28: folds 
nikalas22: folds 
jermit121212: calls $2
*** FLOP *** [Js Qh Ts]
jermit121212: bets $1
maver200981: raises $4.09 to $5.09
jermit121212: folds 
Uncalled bet ($4.09) returned to maver200981
maver200981 collected $8.08 from pot
maver200981: doesn't show hand 
*** SUMMARY ***
Total pot $8.50 | Rake $0.42 
Board [Js Qh Ts]
Seat 1: nikalas22 (small blind) folded before Flop
Seat 2: jermit121212 (big blind) folded on the Flop
Seat 3: XneferX folded before Flop (didn't bet)
Seat 4: maver200981 collected ($8.08)
Seat 5: rrrro folded before Flop (didn't bet)
Seat 6: SorinS28 (button) folded before Flop (didn't bet)



PokerStars Hand #254572113413:  Hold'em No Limit ($0.50/$1.00 USD) - 2025/01/26 23:36:17 WET [2025/01/26 18:36:17 ET]
Table 'Selene IV' 6-max Seat #1 is the button
Seat 1: nikalas22 ($108.56 in chips) 
Seat 2: jermit121212 ($54.88 in chips) 
Seat 3: XneferX ($101.50 in chips) 
Seat 4: maver200981 ($113.36 in chips) 
Seat 5: rrrro ($108.35 in chips) 
Seat 6: SorinS28 ($106.09 in chips) 
jermit121212: posts small blind $0.50
XneferX: posts big blind $1
*** HOLE CARDS ***
maver200981: raises $1 to $2
rrrro: folds 
SorinS28: raises $5 to $7
nikalas22: folds 
jermit121212: folds 
XneferX: folds 
maver200981: folds 
Uncalled bet ($5) returned to SorinS28
SorinS28 collected $5.50 from pot
SorinS28: doesn't show hand 
*** SUMMARY ***
Total pot $5.50 | Rake $0 
Seat 1: nikalas22 (button) folded before Flop (didn't bet)
Seat 2: jermit121212 (small blind) folded before Flop
Seat 3: XneferX (big blind) folded before Flop
Seat 4: maver200981 folded before Flop
Seat 5: rrrro folded before Flop (didn't bet)
Seat 6: SorinS28 collected ($5.50)



PokerStars Hand #254572120851:  Hold'em No Limit ($0.50/$1.00 USD) - 2025/01/26 23:36:46 WET [2025/01/26 18:36:46 ET]
Table 'Selene IV' 6-max Seat #2 is the button
Seat 1: nikalas22 ($108.56 in chips) 
Seat 2: jermit121212 ($54.38 in chips) 
Seat 3: XneferX ($100.50 in chips) 
Seat 4: maver200981 ($111.36 in chips) 
Seat 5: rrrro ($108.35 in chips) 
Seat 6: SorinS28 ($109.59 in chips) 
XneferX: posts small blind $0.50
maver200981: posts big blind $1
*** HOLE CARDS ***
rrrro: raises $1 to $2
SorinS28: folds 
nikalas22: folds 
jermit121212: raises $1 to $3
XneferX: folds 
maver200981: folds 
rrrro: calls $1
*** FLOP *** [Ac 8c Kh]
rrrro: checks 
jermit121212: checks 
*** TURN *** [Ac 8c Kh] [Js]
rrrro: checks 
jermit121212: checks 
*** RIVER *** [Ac 8c Kh Js] [Qc]
rrrro: bets $3.56
jermit121212: raises $3.56 to $7.12
rrrro: calls $3.56
*** SHOW DOWN ***
jermit121212: shows [9c Kc] (a flush, Ace high)
rrrro: mucks hand 
jermit121212 collected $20.65 from pot
*** SUMMARY ***
Total pot $21.74 | Rake $1.09 
Board [Ac 8c Kh Js Qc]
Seat 1: nikalas22 folded before Flop (didn't bet)
Seat 2: jermit121212 (button) showed [9c Kc] and won ($20.65) with a flush, Ace high
Seat 3: XneferX (small blind) folded before Flop
Seat 4: maver200981 (big blind) folded before Flop
Seat 5: rrrro mucked
Seat 6: SorinS28 folded before Flop (didn't bet)



PokerStars Hand #254572138143:  Hold'em No Limit ($0.50/$1.00 USD) - 2025/01/26 23:37:54 WET [2025/01/26 18:37:54 ET]
Table 'Selene IV' 6-max Seat #3 is the button
Seat 1: nikalas22 ($108.56 in chips) 
Seat 2: jermit121212 ($64.91 in chips) 
Seat 3: XneferX ($100 in chips) 
Seat 4: maver200981 ($110.36 in chips) 
Seat 5: rrrro ($100 in chips) 
Seat 6: SorinS28 ($109.59 in chips) 
maver200981: posts small blind $0.50
rrrro: posts big blind $1
*** HOLE CARDS ***
SorinS28: folds 
nikalas22: raises $1.50 to $2.50
jermit121212: folds 
XneferX: folds 
maver200981: calls $2
rrrro: folds 
*** FLOP *** [7c 4s Td]
maver200981: checks 
nikalas22: bets $4.28
maver200981: folds 
Uncalled bet ($4.28) returned to nikalas22
nikalas22 collected $5.70 from pot
nikalas22: doesn't show hand 
*** SUMMARY ***
Total pot $6 | Rake $0.30 
Board [7c 4s Td]
Seat 1: nikalas22 collected ($5.70)
Seat 2: jermit121212 folded before Flop (didn't bet)
Seat 3: XneferX (button) folded before Flop (didn't bet)
Seat 4: maver200981 (small blind) folded on the Flop
Seat 5: rrrro (big blind) folded before Flop
Seat 6: SorinS28 folded before Flop (didn't bet)



PokerStars Hand #254572148947:  Hold'em No Limit ($0.50/$1.00 USD) - 2025/01/26 23:38:37 WET [2025/01/26 18:38:37 ET]
Table 'Selene IV' 6-max Seat #4 is the button
Seat 1: nikalas22 ($111.76 in chips) 
Seat 2: jermit121212 ($64.91 in chips) 
Seat 3: XneferX ($100 in chips) 
Seat 4: maver200981 ($107.86 in chips) 
Seat 5: rrrro ($100 in chips) 
Seat 6: SorinS28 ($109.59 in chips) 
rrrro: posts small blind $0.50
SorinS28: posts big blind $1
*** HOLE CARDS ***
nikalas22: folds 
jermit121212: calls $1
XneferX: folds 
maver200981: folds 
rrrro: folds 
SorinS28: checks 
*** FLOP *** [7h Td Qh]
SorinS28: checks 
jermit121212: bets $1
SorinS28: calls $1
*** TURN *** [7h Td Qh] [4h]
SorinS28: checks 
jermit121212: bets $1
SorinS28: calls $1
*** RIVER *** [7h Td Qh 4h] [8s]
SorinS28: checks 
jermit121212: checks 
*** SHOW DOWN ***
SorinS28: shows [6c 7s] (a pair of Sevens)
jermit121212: shows [Ts Ad] (a pair of Tens)
jermit121212 collected $6.18 from pot
*** SUMMARY ***
Total pot $6.50 | Rake $0.32 
Board [7h Td Qh 4h 8s]
Seat 1: nikalas22 folded before Flop (didn't bet)
Seat 2: jermit121212 showed [Ts Ad] and won ($6.18) with a pair of Tens
Seat 3: XneferX folded before Flop (didn't bet)
Seat 4: maver200981 (button) folded before Flop (didn't bet)
Seat 5: rrrro (small blind) folded before Flop
Seat 6: SorinS28 (big blind) showed [6c 7s] and lost with a pair of Sevens



PokerStars Hand #254572157957:  Hold'em No Limit ($0.50/$1.00 USD) - 2025/01/26 23:39:13 WET [2025/01/26 18:39:13 ET]
Table 'Selene IV' 6-max Seat #5 is the button
Seat 1: nikalas22 ($111.76 in chips) 
Seat 2: jermit121212 ($68.09 in chips) 
Seat 3: XneferX ($100 in chips) 
Seat 4: maver200981 ($107.86 in chips) 
Seat 5: rrrro ($100 in chips) 
Seat 6: SorinS28 ($106.59 in chips) 
SorinS28: posts small blind $0.50
nikalas22: posts big blind $1
*** HOLE CARDS ***
jermit121212: raises $1 to $2
XneferX: folds 
maver200981: folds 
rrrro: folds 
SorinS28: raises $8 to $10
nikalas22: folds 
jermit121212: calls $8
*** FLOP *** [7d Js 4c]
SorinS28: bets $6.58
jermit121212: folds 
Uncalled bet ($6.58) returned to SorinS28
SorinS28 collected $19.95 from pot
SorinS28: doesn't show hand 
*** SUMMARY ***
Total pot $21 | Rake $1.05 
Board [7d Js 4c]
Seat 1: nikalas22 (big blind) folded before Flop
Seat 2: jermit121212 folded on the Flop
Seat 3: XneferX folded before Flop (didn't bet)
Seat 4: maver200981 folded before Flop (didn't bet)
Seat 5: rrrro (button) folded before Flop (didn't bet)
Seat 6: SorinS28 (small blind) collected ($19.95)



PokerStars Hand #254572171453:  Hold'em No Limit ($0.50/$1.00 USD) - 2025/01/26 23:40:08 WET [2025/01/26 18:40:08 ET]
Table 'Selene IV' 6-max Seat #6 is the button
Seat 1: nikalas22 ($110.76 in chips) 
Seat 2: jermit121212 ($58.09 in chips) 
Seat 3: XneferX ($100 in chips) 
Seat 4: maver200981 ($107.86 in chips) 
Seat 5: rrrro ($100 in chips) 
Seat 6: SorinS28 ($116.54 in chips) 
nikalas22: posts small blind $0.50
jermit121212: posts big blind $1
*** HOLE CARDS ***
XneferX: folds 
maver200981: folds 
rrrro: raises $1.30 to $2.30
SorinS28: raises $5.70 to $8
nikalas22: folds 
jermit121212: folds 
rrrro: raises $14 to $22
SorinS28: folds 
Uncalled bet ($14) returned to rrrro
rrrro collected $17.50 from pot
rrrro: doesn't show hand 
*** SUMMARY ***
Total pot $17.50 | Rake $0 
Seat 1: nikalas22 (small blind) folded before Flop
Seat 2: jermit121212 (big blind) folded before Flop
Seat 3: XneferX folded before Flop (didn't bet)
Seat 4: maver200981 folded before Flop (didn't bet)
Seat 5: rrrro collected ($17.50)
Seat 6: SorinS28 (button) folded before Flop



PokerStars Hand #254572183216:  Hold'em No Limit ($0.50/$1.00 USD) - 2025/01/26 23:40:56 WET [2025/01/26 18:40:56 ET]
Table 'Selene IV' 6-max Seat #1 is the button
Seat 1: nikalas22 ($110.26 in chips) 
Seat 2: jermit121212 ($57.09 in chips) 
Seat 3: XneferX ($100 in chips) 
Seat 4: maver200981 ($107.86 in chips) 
Seat 5: rrrro ($109.50 in chips) 
Seat 6: SorinS28 ($108.54 in chips) 
jermit121212: posts small blind $0.50
XneferX: posts big blind $1
*** HOLE CARDS ***
maver200981: folds 
rrrro: raises $1 to $2
SorinS28: folds 
nikalas22: folds 
jermit121212: folds 
XneferX: folds 
Uncalled bet ($1) returned to rrrro
rrrro collected $2.50 from pot
rrrro: doesn't show hand 
*** SUMMARY ***
Total pot $2.50 | Rake $0 
Seat 1: nikalas22 (button) folded before Flop (didn't bet)
Seat 2: jermit121212 (small blind) folded before Flop
Seat 3: XneferX (big blind) folded before Flop
Seat 4: maver200981 folded before Flop (didn't bet)
Seat 5: rrrro collected ($2.50)
Seat 6: SorinS28 folded before Flop (didn't bet)



PokerStars Hand #254572187381:  Hold'em No Limit ($0.50/$1.00 USD) - 2025/01/26 23:41:13 WET [2025/01/26 18:41:13 ET]
Table 'Selene IV' 6-max Seat #2 is the button
Seat 1: nikalas22 ($110.26 in chips) 
Seat 2: jermit121212 ($56.59 in chips) 
Seat 3: XneferX ($100 in chips) 
Seat 4: maver200981 ($107.86 in chips) 
Seat 5: rrrro ($111 in chips) 
Seat 6: SorinS28 ($108.54 in chips) 
XneferX: posts small blind $0.50
maver200981: posts big blind $1
*** HOLE CARDS ***
rrrro: folds 
SorinS28: folds 
nikalas22: raises $1.50 to $2.50
jermit121212 has timed out
jermit121212: folds 
XneferX: folds 
maver200981: folds 
Uncalled bet ($1.50) returned to nikalas22
nikalas22 collected $2.50 from pot
nikalas22: doesn't show hand 
*** SUMMARY ***
Total pot $2.50 | Rake $0 
Seat 1: nikalas22 collected ($2.50)
Seat 2: jermit121212 (button) folded before Flop (didn't bet)
Seat 3: XneferX (small blind) folded before Flop
Seat 4: maver200981 (big blind) folded before Flop
Seat 5: rrrro folded before Flop (didn't bet)
Seat 6: SorinS28 folded before Flop (didn't bet)



PokerStars Hand #254572203881:  Hold'em No Limit ($0.50/$1.00 USD) - 2025/01/26 23:42:20 WET [2025/01/26 18:42:20 ET]
Table 'Selene IV' 6-max Seat #3 is the button
Seat 1: nikalas22 ($111.76 in chips) 
Seat 2: jermit121212 ($56.59 in chips) 
Seat 3: XneferX ($100 in chips) 
Seat 4: maver200981 ($106.86 in chips) 
Seat 5: rrrro ($111 in chips) 
Seat 6: SorinS28 ($108.54 in chips) 
maver200981: posts small blind $0.50
rrrro: posts big blind $1
*** HOLE CARDS ***
SorinS28: folds 
nikalas22: folds 
jermit121212: folds 
XneferX: raises $1.77 to $2.77
maver200981: folds 
rrrro: folds 
Uncalled bet ($1.77) returned to XneferX
XneferX collected $2.50 from pot
XneferX: doesn't show hand 
*** SUMMARY ***
Total pot $2.50 | Rake $0 
Seat 1: nikalas22 folded before Flop (didn't bet)
Seat 2: jermit121212 folded before Flop (didn't bet)
Seat 3: XneferX (button) collected ($2.50)
Seat 4: maver200981 (small blind) folded before Flop
Seat 5: rrrro (big blind) folded before Flop
Seat 6: SorinS28 folded before Flop (didn't bet)



PokerStars Hand #254572213721:  Hold'em No Limit ($0.50/$1.00 USD) - 2025/01/26 23:43:00 WET [2025/01/26 18:43:00 ET]
Table 'Selene IV' 6-max Seat #4 is the button
Seat 1: nikalas22 ($111.76 in chips) 
Seat 2: jermit121212 ($56.59 in chips) 
Seat 3: XneferX ($101.50 in chips) 
Seat 4: maver200981 ($106.36 in chips) 
Seat 5: rrrro ($110 in chips) 
Seat 6: SorinS28 ($108.54 in chips) 
rrrro: posts small blind $0.50
SorinS28: posts big blind $1
*** HOLE CARDS ***
nikalas22: raises $1.50 to $2.50
jermit121212: folds 
XneferX: folds 
maver200981: folds 
rrrro: folds 
SorinS28: folds 
Uncalled bet ($1.50) returned to nikalas22
nikalas22 collected $2.50 from pot
nikalas22: doesn't show hand 
*** SUMMARY ***
Total pot $2.50 | Rake $0 
Seat 1: nikalas22 collected ($2.50)
Seat 2: jermit121212 folded before Flop (didn't bet)
Seat 3: XneferX folded before Flop (didn't bet)
Seat 4: maver200981 (button) folded before Flop (didn't bet)
Seat 5: rrrro (small blind) folded before Flop
Seat 6: SorinS28 (big blind) folded before Flop



PokerStars Hand #254572220788:  Hold'em No Limit ($0.50/$1.00 USD) - 2025/01/26 23:43:29 WET [2025/01/26 18:43:29 ET]
Table 'Selene IV' 6-max Seat #5 is the button
Seat 2: jermit121212 ($56.59 in chips) 
Seat 3: XneferX ($101.50 in chips) 
Seat 4: maver200981 ($106.36 in chips) 
Seat 5: rrrro ($109.50 in chips) 
Seat 6: SorinS28 ($107.54 in chips) 
SorinS28: posts small blind $0.50
jermit121212: posts big blind $1
*** HOLE CARDS ***
XneferX: folds 
maver200981: folds 
rrrro: raises $1.50 to $2.50
SorinS28: folds 
jermit121212: folds 
Uncalled bet ($1.50) returned to rrrro
rrrro collected $2.50 from pot
rrrro: doesn't show hand 
*** SUMMARY ***
Total pot $2.50 | Rake $0 
Seat 2: jermit121212 (big blind) folded before Flop
Seat 3: XneferX folded before Flop (didn't bet)
Seat 4: maver200981 folded before Flop (didn't bet)
Seat 5: rrrro (button) collected ($2.50)
Seat 6: SorinS28 (small blind) folded before Flop



PokerStars Hand #254572224386:  Hold'em No Limit ($0.50/$1.00 USD) - 2025/01/26 23:43:43 WET [2025/01/26 18:43:43 ET]
Table 'Selene IV' 6-max Seat #6 is the button
Seat 2: jermit121212 ($55.59 in chips) 
Seat 3: XneferX ($101.50 in chips) 
Seat 4: maver200981 ($106.36 in chips) 
Seat 5: rrrro ($111 in chips) 
Seat 6: SorinS28 ($107.04 in chips) 
jermit121212: posts small blind $0.50
XneferX: posts big blind $1
*** HOLE CARDS ***
maver200981: folds 
rrrro: folds 
SorinS28: raises $1.50 to $2.50
jermit121212 has timed out
jermit121212: folds 
XneferX: calls $1.50
*** FLOP *** [2s Qd 8c]
XneferX: checks 
SorinS28: bets $1.46
ru_ruu_ru joins the table at seat #1 
XneferX: calls $1.46
*** TURN *** [2s Qd 8c] [Kh]
XneferX: checks 
SorinS28: checks 
*** RIVER *** [2s Qd 8c Kh] [Ah]
XneferX: checks 
SorinS28: bets $4
XneferX: folds 
Uncalled bet ($4) returned to SorinS28
SorinS28 collected $8 from pot
SorinS28: doesn't show hand 
*** SUMMARY ***
Total pot $8.42 | Rake $0.42 
Board [2s Qd 8c Kh Ah]
Seat 2: jermit121212 (small blind) folded before Flop
Seat 3: XneferX (big blind) folded on the River
Seat 4: maver200981 folded before Flop (didn't bet)
Seat 5: rrrro folded before Flop (didn't bet)
Seat 6: SorinS28 (button) collected ($8)



PokerStars Hand #254572254201:  Hold'em No Limit ($0.50/$1.00 USD) - 2025/01/26 23:45:46 WET [2025/01/26 18:45:46 ET]
Table 'Selene IV' 6-max Seat #2 is the button
Seat 1: ru_ruu_ru ($100 in chips) is sitting out
Seat 2: jermit121212 ($55.09 in chips) 
Seat 3: XneferX ($100 in chips) 
Seat 4: maver200981 ($106.36 in chips) 
Seat 5: rrrro ($111 in chips) 
Seat 6: SorinS28 ($111.08 in chips) 
XneferX: posts small blind $0.50
maver200981: posts big blind $1
ru_ruu_ru: sits out 
*** HOLE CARDS ***
rrrro: folds 
SorinS28: folds 
jermit121212: calls $1
XneferX: folds 
maver200981: checks 
*** FLOP *** [Th Qc Tc]
maver200981: checks 
jermit121212: checks 
*** TURN *** [Th Qc Tc] [Qd]
maver200981: checks 
jermit121212: checks 
*** RIVER *** [Th Qc Tc Qd] [Kc]
maver200981: checks 
jermit121212: checks 
*** SHOW DOWN ***
maver200981: shows [6d Ad] (two pair, Queens and Tens)
jermit121212: mucks hand 
maver200981 collected $2.38 from pot
*** SUMMARY ***
Total pot $2.50 | Rake $0.12 
Board [Th Qc Tc Qd Kc]
Seat 1: ru_ruu_ru
Seat 2: jermit121212 (button) mucked
Seat 3: XneferX (small blind) folded before Flop
Seat 4: maver200981 (big blind) showed [6d Ad] and won ($2.38) with two pair, Queens and Tens
Seat 5: rrrro folded before Flop (didn't bet)
Seat 6: SorinS28 folded before Flop (didn't bet)



PokerStars Hand #254572262217:  Hold'em No Limit ($0.50/$1.00 USD) - 2025/01/26 23:46:20 WET [2025/01/26 18:46:20 ET]
Table 'Selene IV' 6-max Seat #3 is the button
Seat 1: ru_ruu_ru ($100 in chips) is sitting out
Seat 2: jermit121212 ($54.09 in chips) 
Seat 3: XneferX ($100 in chips) 
Seat 4: maver200981 ($107.74 in chips) 
Seat 5: rrrro ($111 in chips) 
Seat 6: SorinS28 ($111.08 in chips) 
maver200981: posts small blind $0.50
rrrro: posts big blind $1
ru_ruu_ru: sits out 
*** HOLE CARDS ***
SorinS28: folds 
jermit121212: calls $1
XneferX: raises $3 to $4
maver200981: calls $3.50
rrrro: folds 
jermit121212: calls $3
*** FLOP *** [Ks 7h 8h]
maver200981: checks 
jermit121212: checks 
XneferX: bets $3.21
maver200981: folds 
jermit121212: folds 
Uncalled bet ($3.21) returned to XneferX
XneferX collected $12.35 from pot
XneferX: doesn't show hand 
*** SUMMARY ***
Total pot $13 | Rake $0.65 
Board [Ks 7h 8h]
Seat 1: ru_ruu_ru
Seat 2: jermit121212 folded on the Flop
Seat 3: XneferX (button) collected ($12.35)
Seat 4: maver200981 (small blind) folded on the Flop
Seat 5: rrrro (big blind) folded before Flop
Seat 6: SorinS28 folded before Flop (didn't bet)



PokerStars Hand #254572274744:  Hold'em No Limit ($0.50/$1.00 USD) - 2025/01/26 23:47:12 WET [2025/01/26 18:47:12 ET]
Table 'Selene IV' 6-max Seat #4 is the button
Seat 1: ru_ruu_ru ($100 in chips) is sitting out
Seat 2: jermit121212 ($50.09 in chips) 
Seat 3: XneferX ($108.35 in chips) 
Seat 4: maver200981 ($103.74 in chips) 
Seat 5: rrrro ($110 in chips) 
Seat 6: SorinS28 ($111.08 in chips) 
rrrro: posts small blind $0.50
SorinS28: posts big blind $1
ru_ruu_ru: sits out 
*** HOLE CARDS ***
jermit121212: raises $1 to $2
XneferX: folds 
maver200981: folds 
rrrro: folds 
SorinS28: folds 
Uncalled bet ($1) returned to jermit121212
jermit121212 collected $2.50 from pot
*** SUMMARY ***
Total pot $2.50 | Rake $0 
Seat 1: ru_ruu_ru
Seat 2: jermit121212 collected ($2.50)
Seat 3: XneferX folded before Flop (didn't bet)
Seat 4: maver200981 (button) folded before Flop (didn't bet)
Seat 5: rrrro (small blind) folded before Flop
Seat 6: SorinS28 (big blind) folded before Flop



PokerStars Hand #254572280575:  Hold'em No Limit ($0.50/$1.00 USD) - 2025/01/26 23:47:37 WET [2025/01/26 18:47:37 ET]
Table 'Selene IV' 6-max Seat #5 is the button
Seat 1: ru_ruu_ru ($100 in chips) 
Seat 2: jermit121212 ($51.59 in chips) 
Seat 3: XneferX ($108.35 in chips) 
Seat 4: maver200981 ($103.74 in chips) 
Seat 5: rrrro ($109.50 in chips) 
Seat 6: SorinS28 ($110.08 in chips) 
SorinS28: posts small blind $0.50
ru_ruu_ru: posts big blind $1
*** HOLE CARDS ***
jermit121212 has timed out
jermit121212: folds 
XneferX: folds 
maver200981: raises $2 to $3
rrrro: folds 
SorinS28: folds 
ru_ruu_ru: folds 
Uncalled bet ($2) returned to maver200981
maver200981 collected $2.50 from pot
maver200981: doesn't show hand 
*** SUMMARY ***
Total pot $2.50 | Rake $0 
Seat 1: ru_ruu_ru (big blind) folded before Flop
Seat 2: jermit121212 folded before Flop (didn't bet)
Seat 3: XneferX folded before Flop (didn't bet)
Seat 4: maver200981 collected ($2.50)
Seat 5: rrrro (button) folded before Flop (didn't bet)
Seat 6: SorinS28 (small blind) folded before Flop



PokerStars Hand #254572286627:  Hold'em No Limit ($0.50/$1.00 USD) - 2025/01/26 23:48:02 WET [2025/01/26 18:48:02 ET]
Table 'Selene IV' 6-max Seat #6 is the button
Seat 1: ru_ruu_ru ($100 in chips) 
Seat 2: jermit121212 ($51.59 in chips) 
Seat 3: XneferX ($108.35 in chips) 
Seat 4: maver200981 ($105.24 in chips) 
Seat 5: rrrro ($109.50 in chips) 
Seat 6: SorinS28 ($109.58 in chips) 
ru_ruu_ru: posts small blind $0.50
jermit121212: posts big blind $1
*** HOLE CARDS ***
XneferX: folds 
maver200981: raises $1 to $2
rrrro: folds 
SorinS28: calls $2
ru_ruu_ru: folds 
jermit121212: calls $1
*** FLOP *** [3h Kc 9s]
jermit121212: checks 
maver200981: checks 
SorinS28: bets $3.09
jermit121212: folds 
maver200981: folds 
Uncalled bet ($3.09) returned to SorinS28
SorinS28 collected $6.18 from pot
SorinS28: doesn't show hand 
*** SUMMARY ***
Total pot $6.50 | Rake $0.32 
Board [3h Kc 9s]
Seat 1: ru_ruu_ru (small blind) folded before Flop
Seat 2: jermit121212 (big blind) folded on the Flop
Seat 3: XneferX folded before Flop (didn't bet)
Seat 4: maver200981 folded on the Flop
Seat 5: rrrro folded before Flop (didn't bet)
Seat 6: SorinS28 (button) collected ($6.18)



PokerStars Hand #254572296816:  Hold'em No Limit ($0.50/$1.00 USD) - 2025/01/26 23:48:45 WET [2025/01/26 18:48:45 ET]
Table 'Selene IV' 6-max Seat #1 is the button
Seat 1: ru_ruu_ru ($100 in chips) 
Seat 2: jermit121212 ($49.59 in chips) 
Seat 3: XneferX ($108.35 in chips) 
Seat 4: maver200981 ($103.24 in chips) 
Seat 5: rrrro ($109.50 in chips) 
Seat 6: SorinS28 ($113.76 in chips) 
jermit121212: posts small blind $0.50
XneferX: posts big blind $1
*** HOLE CARDS ***
maver200981: folds 
rrrro: folds 
SorinS28: folds 
ru_ruu_ru: raises $1.50 to $2.50
jermit121212: calls $2
XneferX: folds 
*** FLOP *** [7d 3s 8c]
jermit121212: checks 
ru_ruu_ru: bets $2.85
jermit121212: folds 
Uncalled bet ($2.85) returned to ru_ruu_ru
ru_ruu_ru collected $5.70 from pot
ru_ruu_ru: doesn't show hand 
*** SUMMARY ***
Total pot $6 | Rake $0.30 
Board [7d 3s 8c]
Seat 1: ru_ruu_ru (button) collected ($5.70)
Seat 2: jermit121212 (small blind) folded on the Flop
Seat 3: XneferX (big blind) folded before Flop
Seat 4: maver200981 folded before Flop (didn't bet)
Seat 5: rrrro folded before Flop (didn't bet)
Seat 6: SorinS28 folded before Flop (didn't bet)



PokerStars Hand #254572306596:  Hold'em No Limit ($0.50/$1.00 USD) - 2025/01/26 23:49:27 WET [2025/01/26 18:49:27 ET]
Table 'Selene IV' 6-max Seat #2 is the button
Seat 1: ru_ruu_ru ($103.20 in chips) 
Seat 2: jermit121212 ($47.09 in chips) 
Seat 3: XneferX ($107.35 in chips) 
Seat 4: maver200981 ($103.24 in chips) 
Seat 5: rrrro ($109.50 in chips) 
Seat 6: SorinS28 ($113.76 in chips) 
XneferX: posts small blind $0.50
maver200981: posts big blind $1
*** HOLE CARDS ***
rrrro: folds 
SorinS28: folds 
ru_ruu_ru: folds 
jermit121212: folds 
XneferX: folds 
Uncalled bet ($0.50) returned to maver200981
maver200981 collected $1 from pot
maver200981: doesn't show hand 
*** SUMMARY ***
Total pot $1 | Rake $0 
Seat 1: ru_ruu_ru folded before Flop (didn't bet)
Seat 2: jermit121212 (button) folded before Flop (didn't bet)
Seat 3: XneferX (small blind) folded before Flop
Seat 4: maver200981 (big blind) collected ($1)
Seat 5: rrrro folded before Flop (didn't bet)
Seat 6: SorinS28 folded before Flop (didn't bet)



PokerStars Hand #254572309811:  Hold'em No Limit ($0.50/$1.00 USD) - 2025/01/26 23:49:41 WET [2025/01/26 18:49:41 ET]
Table 'Selene IV' 6-max Seat #3 is the button
Seat 1: ru_ruu_ru ($103.20 in chips) 
Seat 2: jermit121212 ($47.09 in chips) 
Seat 3: XneferX ($106.85 in chips) 
Seat 4: maver200981 ($103.74 in chips) 
Seat 5: rrrro ($109.50 in chips) 
Seat 6: SorinS28 ($113.76 in chips) 
maver200981: posts small blind $0.50
rrrro: posts big blind $1
*** HOLE CARDS ***
SorinS28: folds 
ru_ruu_ru: folds 
jermit121212: folds 
XneferX: folds 
maver200981: folds 
Uncalled bet ($0.50) returned to rrrro
rrrro collected $1 from pot
rrrro: doesn't show hand 
*** SUMMARY ***
Total pot $1 | Rake $0 
Seat 1: ru_ruu_ru folded before Flop (didn't bet)
Seat 2: jermit121212 folded before Flop (didn't bet)
Seat 3: XneferX (button) folded before Flop (didn't bet)
Seat 4: maver200981 (small blind) folded before Flop
Seat 5: rrrro (big blind) collected ($1)
Seat 6: SorinS28 folded before Flop (didn't bet)



PokerStars Hand #254572313921:  Hold'em No Limit ($0.50/$1.00 USD) - 2025/01/26 23:49:58 WET [2025/01/26 18:49:58 ET]
Table 'Selene IV' 6-max Seat #4 is the button
Seat 1: ru_ruu_ru ($103.20 in chips) 
Seat 2: jermit121212 ($47.09 in chips) 
Seat 3: XneferX ($106.85 in chips) 
Seat 4: maver200981 ($103.24 in chips) 
Seat 5: rrrro ($110 in chips) 
Seat 6: SorinS28 ($113.76 in chips) 
rrrro: posts small blind $0.50
SorinS28: posts big blind $1
*** HOLE CARDS ***
ru_ruu_ru: folds 
jermit121212 has timed out
jermit121212: folds 
XneferX: raises $1.30 to $2.30
maver200981: folds 
rrrro: folds 
SorinS28: folds 
Uncalled bet ($1.30) returned to XneferX
XneferX collected $2.50 from pot
XneferX: doesn't show hand 
*** SUMMARY ***
Total pot $2.50 | Rake $0 
Seat 1: ru_ruu_ru folded before Flop (didn't bet)
Seat 2: jermit121212 folded before Flop (didn't bet)
Seat 3: XneferX collected ($2.50)
Seat 4: maver200981 (button) folded before Flop (didn't bet)
Seat 5: rrrro (small blind) folded before Flop
Seat 6: SorinS28 (big blind) folded before Flop



PokerStars Hand #254572320243:  Hold'em No Limit ($0.50/$1.00 USD) - 2025/01/26 23:50:25 WET [2025/01/26 18:50:25 ET]
Table 'Selene IV' 6-max Seat #5 is the button
Seat 1: ru_ruu_ru ($103.20 in chips) 
Seat 2: jermit121212 ($47.09 in chips) 
Seat 3: XneferX ($108.35 in chips) 
Seat 4: maver200981 ($103.24 in chips) 
Seat 5: rrrro ($109.50 in chips) 
Seat 6: SorinS28 ($112.76 in chips) 
SorinS28: posts small blind $0.50
ru_ruu_ru: posts big blind $1
*** HOLE CARDS ***
jermit121212: calls $1
XneferX: folds 
maver200981: folds 
rrrro: raises $3.50 to $4.50
SorinS28: folds 
ru_ruu_ru: folds 
jermit121212: folds 
Uncalled bet ($3.50) returned to rrrro
rrrro collected $3.50 from pot
rrrro: doesn't show hand 
*** SUMMARY ***
Total pot $3.50 | Rake $0 
Seat 1: ru_ruu_ru (big blind) folded before Flop
Seat 2: jermit121212 folded before Flop
Seat 3: XneferX folded before Flop (didn't bet)
Seat 4: maver200981 folded before Flop (didn't bet)
Seat 5: rrrro (button) collected ($3.50)
Seat 6: SorinS28 (small blind) folded before Flop



PokerStars Hand #254572324490:  Hold'em No Limit ($0.50/$1.00 USD) - 2025/01/26 23:50:44 WET [2025/01/26 18:50:44 ET]
Table 'Selene IV' 6-max Seat #6 is the button
Seat 1: ru_ruu_ru ($102.20 in chips) 
Seat 2: jermit121212 ($46.09 in chips) 
Seat 3: XneferX ($108.35 in chips) 
Seat 4: maver200981 ($103.24 in chips) 
Seat 5: rrrro ($112 in chips) 
Seat 6: SorinS28 ($112.26 in chips) 
ru_ruu_ru: posts small blind $0.50
jermit121212: posts big blind $1
*** HOLE CARDS ***
XneferX: folds 
maver200981: folds 
rrrro: folds 
SorinS28: raises $1.50 to $2.50
ru_ruu_ru: folds 
jermit121212: calls $1.50
*** FLOP *** [Kh 2h 4d]
jermit121212: bets $1
SorinS28: folds 
Uncalled bet ($1) returned to jermit121212
jermit121212 collected $5.22 from pot
*** SUMMARY ***
Total pot $5.50 | Rake $0.28 
Board [Kh 2h 4d]
Seat 1: ru_ruu_ru (small blind) folded before Flop
Seat 2: jermit121212 (big blind) collected ($5.22)
Seat 3: XneferX folded before Flop (didn't bet)
Seat 4: maver200981 folded before Flop (didn't bet)
Seat 5: rrrro folded before Flop (didn't bet)
Seat 6: SorinS28 (button) folded on the Flop



PokerStars Hand #254572330556:  Hold'em No Limit ($0.50/$1.00 USD) - 2025/01/26 23:51:11 WET [2025/01/26 18:51:11 ET]
Table 'Selene IV' 6-max Seat #1 is the button
Seat 1: ru_ruu_ru ($101.70 in chips) 
Seat 2: jermit121212 ($48.81 in chips) 
Seat 3: XneferX ($108.35 in chips) 
Seat 4: maver200981 ($103.24 in chips) 
Seat 5: rrrro ($112 in chips) 
Seat 6: SorinS28 ($109.76 in chips) 
jermit121212: posts small blind $0.50
XneferX: posts big blind $1
*** HOLE CARDS ***
maver200981: folds 
rrrro: folds 
SorinS28: raises $1.30 to $2.30
ru_ruu_ru: raises $4.60 to $6.90
jermit121212: folds 
XneferX: folds 
SorinS28: raises $12.10 to $19
ru_ruu_ru: calls $12.10
*** FLOP *** [6c 3c Js]
SorinS28: bets $7.88
ru_ruu_ru: calls $7.88
*** TURN *** [6c 3c Js] [4s]
SorinS28: bets $17.41
ru_ruu_ru: calls $17.41
*** RIVER *** [6c 3c Js 4s] [2s]
SorinS28: bets $65.47 and is all-in
ru_ruu_ru: folds 
Uncalled bet ($65.47) returned to SorinS28
SorinS28 collected $87.58 from pot
SorinS28: doesn't show hand 
*** SUMMARY ***
Total pot $90.08 | Rake $2.50 
Board [6c 3c Js 4s 2s]
Seat 1: ru_ruu_ru (button) folded on the River
Seat 2: jermit121212 (small blind) folded before Flop
Seat 3: XneferX (big blind) folded before Flop
Seat 4: maver200981 folded before Flop (didn't bet)
Seat 5: rrrro folded before Flop (didn't bet)
Seat 6: SorinS28 collected ($87.58)



PokerStars Hand #254572365724:  Hold'em No Limit ($0.50/$1.00 USD) - 2025/01/26 23:53:43 WET [2025/01/26 18:53:43 ET]
Table 'Selene IV' 6-max Seat #2 is the button
Seat 1: ru_ruu_ru ($100 in chips) 
Seat 2: jermit121212 ($48.31 in chips) 
Seat 3: XneferX ($107.35 in chips) 
Seat 4: maver200981 ($103.24 in chips) 
Seat 5: rrrro ($112 in chips) 
Seat 6: SorinS28 ($153.05 in chips) 
XneferX: posts small blind $0.50
maver200981: posts big blind $1
*** HOLE CARDS ***
rrrro: folds 
SorinS28: folds 
ru_ruu_ru: raises $1.50 to $2.50
jermit121212: folds 
XneferX: folds 
maver200981: calls $1.50
*** FLOP *** [9h Qh Jh]
maver200981: checks 
ru_ruu_ru: bets $2.61
maver200981: calls $2.61
*** TURN *** [9h Qh Jh] [6d]
maver200981: checks 
ru_ruu_ru: bets $8.65
maver200981: calls $8.65
*** RIVER *** [9h Qh Jh 6d] [Jc]
maver200981: checks 
ru_ruu_ru: bets $22.63
maver200981: calls $22.63
*** SHOW DOWN ***
ru_ruu_ru: shows [8h 6h] (a flush, Queen high)
maver200981: mucks hand 
ru_ruu_ru collected $70.78 from pot
*** SUMMARY ***
Total pot $73.28 | Rake $2.50 
Board [9h Qh Jh 6d Jc]
Seat 1: ru_ruu_ru showed [8h 6h] and won ($70.78) with a flush, Queen high
Seat 2: jermit121212 (button) folded before Flop (didn't bet)
Seat 3: XneferX (small blind) folded before Flop
Seat 4: maver200981 (big blind) mucked
Seat 5: rrrro folded before Flop (didn't bet)
Seat 6: SorinS28 folded before Flop (didn't bet)



PokerStars Hand #254572379280:  Hold'em No Limit ($0.50/$1.00 USD) - 2025/01/26 23:54:43 WET [2025/01/26 18:54:43 ET]
Table 'Selene IV' 6-max Seat #3 is the button
Seat 1: ru_ruu_ru ($134.39 in chips) 
Seat 2: jermit121212 ($48.31 in chips) 
Seat 3: XneferX ($106.85 in chips) 
Seat 4: maver200981 ($66.85 in chips) 
Seat 5: rrrro ($112 in chips) 
Seat 6: SorinS28 ($153.05 in chips) 
maver200981: posts small blind $0.50
rrrro: posts big blind $1
*** HOLE CARDS ***
SorinS28: folds 
ru_ruu_ru: folds 
jermit121212 has timed out
jermit121212: folds 
XneferX: raises $1.77 to $2.77
maver200981: raises $6.54 to $9.31
rrrro: folds 
XneferX: folds 
Uncalled bet ($6.54) returned to maver200981
maver200981 collected $6.54 from pot
maver200981: doesn't show hand 
*** SUMMARY ***
Total pot $6.54 | Rake $0 
Seat 1: ru_ruu_ru folded before Flop (didn't bet)
Seat 2: jermit121212 folded before Flop (didn't bet)
Seat 3: XneferX (button) folded before Flop
Seat 4: maver200981 (small blind) collected ($6.54)
Seat 5: rrrro (big blind) folded before Flop
Seat 6: SorinS28 folded before Flop (didn't bet)



PokerStars Hand #254572387946:  Hold'em No Limit ($0.50/$1.00 USD) - 2025/01/26 23:55:26 WET [2025/01/26 18:55:26 ET]
Table 'Selene IV' 6-max Seat #4 is the button
Seat 1: ru_ruu_ru ($134.39 in chips) 
Seat 2: jermit121212 ($48.31 in chips) 
Seat 3: XneferX ($104.08 in chips) 
Seat 4: maver200981 ($70.62 in chips) 
Seat 5: rrrro ($111 in chips) 
Seat 6: SorinS28 ($153.05 in chips) 
rrrro: posts small blind $0.50
SorinS28: posts big blind $1
*** HOLE CARDS ***
ru_ruu_ru: folds 
jermit121212 has timed out
jermit121212: folds 
XneferX: folds 
maver200981: raises $1 to $2
rrrro: folds 
SorinS28: folds 
Uncalled bet ($1) returned to maver200981
maver200981 collected $2.50 from pot
maver200981: doesn't show hand 
*** SUMMARY ***
Total pot $2.50 | Rake $0 
Seat 1: ru_ruu_ru folded before Flop (didn't bet)
Seat 2: jermit121212 folded before Flop (didn't bet)
Seat 3: XneferX folded before Flop (didn't bet)
Seat 4: maver200981 (button) collected ($2.50)
Seat 5: rrrro (small blind) folded before Flop
Seat 6: SorinS28 (big blind) folded before Flop



PokerStars Hand #254572394461:  Hold'em No Limit ($0.50/$1.00 USD) - 2025/01/26 23:56:06 WET [2025/01/26 18:56:06 ET]
Table 'Selene IV' 6-max Seat #5 is the button
Seat 1: ru_ruu_ru ($134.39 in chips) 
Seat 2: jermit121212 ($48.31 in chips) 
Seat 3: XneferX ($104.08 in chips) 
Seat 4: maver200981 ($72.12 in chips) 
Seat 5: rrrro ($110.50 in chips) 
Seat 6: SorinS28 ($152.05 in chips) 
SorinS28: posts small blind $0.50
ru_ruu_ru: posts big blind $1
*** HOLE CARDS ***
jermit121212: folds 
XneferX: folds 
maver200981: folds 
rrrro: raises $1.50 to $2.50
SorinS28: folds 
ru_ruu_ru: folds 
Uncalled bet ($1.50) returned to rrrro
rrrro collected $2.50 from pot
rrrro: doesn't show hand 
*** SUMMARY ***
Total pot $2.50 | Rake $0 
Seat 1: ru_ruu_ru (big blind) folded before Flop
Seat 2: jermit121212 folded before Flop (didn't bet)
Seat 3: XneferX folded before Flop (didn't bet)
Seat 4: maver200981 folded before Flop (didn't bet)
Seat 5: rrrro (button) collected ($2.50)
Seat 6: SorinS28 (small blind) folded before Flop



PokerStars Hand #254572397599:  Hold'em No Limit ($0.50/$1.00 USD) - 2025/01/26 23:56:25 WET [2025/01/26 18:56:25 ET]
Table 'Selene IV' 6-max Seat #6 is the button
Seat 1: ru_ruu_ru ($133.39 in chips) 
Seat 2: jermit121212 ($48.31 in chips) 
Seat 3: XneferX ($104.08 in chips) 
Seat 4: maver200981 ($72.12 in chips) 
Seat 5: rrrro ($112 in chips) 
Seat 6: SorinS28 ($151.55 in chips) 
ru_ruu_ru: posts small blind $0.50
jermit121212: posts big blind $1
*** HOLE CARDS ***
XneferX: folds 
maver200981: folds 
rrrro: raises $1.30 to $2.30
SorinS28: folds 
ru_ruu_ru: folds 
jermit121212: folds 
Uncalled bet ($1.30) returned to rrrro
rrrro collected $2.50 from pot
rrrro: doesn't show hand 
*** SUMMARY ***
Total pot $2.50 | Rake $0 
Seat 1: ru_ruu_ru (small blind) folded before Flop
Seat 2: jermit121212 (big blind) folded before Flop
Seat 3: XneferX folded before Flop (didn't bet)
Seat 4: maver200981 folded before Flop (didn't bet)
Seat 5: rrrro collected ($2.50)
Seat 6: SorinS28 (button) folded before Flop (didn't bet)



PokerStars Hand #254572399891:  Hold'em No Limit ($0.50/$1.00 USD) - 2025/01/26 23:56:40 WET [2025/01/26 18:56:40 ET]
Table 'Selene IV' 6-max Seat #1 is the button
Seat 1: ru_ruu_ru ($132.89 in chips) 
Seat 2: jermit121212 ($47.31 in chips) 
Seat 3: XneferX ($104.08 in chips) 
Seat 4: maver200981 ($72.12 in chips) 
Seat 5: rrrro ($113.50 in chips) 
Seat 6: SorinS28 ($151.55 in chips) 
jermit121212: posts small blind $0.50
XneferX: posts big blind $1
*** HOLE CARDS ***
maver200981: folds 
rrrro: folds 
SorinS28: folds 
ru_ruu_ru: raises $1.50 to $2.50
jermit121212: raises $1.50 to $4
XneferX: folds 
ru_ruu_ru: calls $1.50
*** FLOP *** [8h 3s 7c]
jermit121212: bets $1
ru_ruu_ru: calls $1
*** TURN *** [8h 3s 7c] [9s]
jermit121212: bets $1
ru_ruu_ru: calls $1
*** RIVER *** [8h 3s 7c 9s] [Qh]
jermit121212: bets $3
ru_ruu_ru: calls $3
*** SHOW DOWN ***
jermit121212: shows [Js Kc] (high card King)
ru_ruu_ru: shows [7d Ts] (a pair of Sevens)
ru_ruu_ru collected $18.05 from pot
*** SUMMARY ***
Total pot $19 | Rake $0.95 
Board [8h 3s 7c 9s Qh]
Seat 1: ru_ruu_ru (button) showed [7d Ts] and won ($18.05) with a pair of Sevens
Seat 2: jermit121212 (small blind) showed [Js Kc] and lost with high card King
Seat 3: XneferX (big blind) folded before Flop
Seat 4: maver200981 folded before Flop (didn't bet)
Seat 5: rrrro folded before Flop (didn't bet)
Seat 6: SorinS28 folded before Flop (didn't bet)



PokerStars Hand #254572409107:  Hold'em No Limit ($0.50/$1.00 USD) - 2025/01/26 23:57:36 WET [2025/01/26 18:57:36 ET]
Table 'Selene IV' 6-max Seat #2 is the button
Seat 1: ru_ruu_ru ($141.94 in chips) 
Seat 2: jermit121212 ($38.31 in chips) 
Seat 3: XneferX ($103.08 in chips) 
Seat 4: maver200981 ($72.12 in chips) 
Seat 5: rrrro ($113.50 in chips) 
Seat 6: SorinS28 ($151.55 in chips) 
XneferX: posts small blind $0.50
maver200981: posts big blind $1
*** HOLE CARDS ***
rrrro: folds 
SorinS28: raises $1.02 to $2.02
ru_ruu_ru: folds 
jermit121212: folds 
XneferX: folds 
maver200981: folds 
Uncalled bet ($1.02) returned to SorinS28
SorinS28 collected $2.50 from pot
SorinS28: doesn't show hand 
*** SUMMARY ***
Total pot $2.50 | Rake $0 
Seat 1: ru_ruu_ru folded before Flop (didn't bet)
Seat 2: jermit121212 (button) folded before Flop (didn't bet)
Seat 3: XneferX (small blind) folded before Flop
Seat 4: maver200981 (big blind) folded before Flop
Seat 5: rrrro folded before Flop (didn't bet)
Seat 6: SorinS28 collected ($2.50)



PokerStars Hand #254572411942:  Hold'em No Limit ($0.50/$1.00 USD) - 2025/01/26 23:57:54 WET [2025/01/26 18:57:54 ET]
Table 'Selene IV' 6-max Seat #3 is the button
Seat 1: ru_ruu_ru ($141.94 in chips) 
Seat 2: jermit121212 ($38.31 in chips) 
Seat 3: XneferX ($102.58 in chips) 
Seat 4: maver200981 ($71.12 in chips) 
Seat 5: rrrro ($113.50 in chips) 
Seat 6: SorinS28 ($153.05 in chips) 
maver200981: posts small blind $0.50
rrrro: posts big blind $1
*** HOLE CARDS ***
SorinS28: folds 
ru_ruu_ru: folds 
jermit121212 has timed out
jermit121212: folds 
XneferX: folds 
maver200981: folds 
Uncalled bet ($0.50) returned to rrrro
rrrro collected $1 from pot
rrrro: doesn't show hand 
*** SUMMARY ***
Total pot $1 | Rake $0 
Seat 1: ru_ruu_ru folded before Flop (didn't bet)
Seat 2: jermit121212 folded before Flop (didn't bet)
Seat 3: XneferX (button) folded before Flop (didn't bet)
Seat 4: maver200981 (small blind) folded before Flop
Seat 5: rrrro (big blind) collected ($1)
Seat 6: SorinS28 folded before Flop (didn't bet)



PokerStars Hand #254572415317:  Hold'em No Limit ($0.50/$1.00 USD) - 2025/01/26 23:58:15 WET [2025/01/26 18:58:15 ET]
Table 'Selene IV' 6-max Seat #4 is the button
Seat 2: jermit121212 ($38.31 in chips) is sitting out
Seat 1: ru_ruu_ru ($141.94 in chips) 
Seat 3: XneferX ($102.58 in chips) 
Seat 4: maver200981 ($70.62 in chips) 
Seat 5: rrrro ($114 in chips) 
Seat 6: SorinS28 ($153.05 in chips) 
rrrro: posts small blind $0.50
SorinS28: posts big blind $1
*** HOLE CARDS ***
ru_ruu_ru: folds 
XneferX: folds 
maver200981: folds 
rrrro: raises $2 to $3
SorinS28: folds 
Uncalled bet ($2) returned to rrrro
rrrro collected $2 from pot
rrrro: doesn't show hand 
*** SUMMARY ***
Total pot $2 | Rake $0 
Seat 2: jermit121212
Seat 1: ru_ruu_ru folded before Flop (didn't bet)
Seat 3: XneferX folded before Flop (didn't bet)
Seat 4: maver200981 (button) folded before Flop (didn't bet)
Seat 5: rrrro (small blind) collected ($2)
Seat 6: SorinS28 (big blind) folded before Flop



PokerStars Hand #254572418160:  Hold'em No Limit ($0.50/$1.00 USD) - 2025/01/26 23:58:33 WET [2025/01/26 18:58:33 ET]
Table 'Selene IV' 6-max Seat #5 is the button
Seat 1: ru_ruu_ru ($141.94 in chips) 
Seat 2: jermit121212 ($38.31 in chips) 
Seat 3: XneferX ($102.58 in chips) 
Seat 4: maver200981 ($70.62 in chips) 
Seat 5: rrrro ($115 in chips) 
Seat 6: SorinS28 ($152.05 in chips) 
SorinS28: posts small blind $0.50
ru_ruu_ru: posts big blind $1
*** HOLE CARDS ***
jermit121212: raises $1 to $2
XneferX: calls $2
maver200981: raises $6.50 to $8.50
rrrro: folds 
SorinS28: folds 
ru_ruu_ru: folds 
jermit121212: calls $6.50
XneferX: calls $6.50
*** FLOP *** [6s 9s 2c]
jermit121212: bets $3
XneferX: calls $3
maver200981: raises $17.33 to $20.33
jermit121212: raises $9.48 to $29.81 and is all-in
XneferX: raises $64.27 to $94.08 and is all-in
maver200981: calls $41.79 and is all-in
Uncalled bet ($31.96) returned to XneferX
*** TURN *** [6s 9s 2c] [8d]
*** RIVER *** [6s 9s 2c 8d] [4h]
*** SHOW DOWN ***
XneferX: shows [2d 2h] (three of a kind, Deuces)
maver200981: shows [Ac Ad] (a pair of Aces)
jermit121212: shows [3d 3s] (a pair of Threes)
XneferX cashed out the hand for $143.30 | Cash Out Fee $2.92
*** SUMMARY ***
Total pot $181.05 Main pot $113.93. Side pot $64.62. | Rake $2.50 
Board [6s 9s 2c 8d 4h]
Seat 1: ru_ruu_ru (big blind) folded before Flop
Seat 2: jermit121212 showed [3d 3s] and lost with a pair of Threes
Seat 3: XneferX showed [2d 2h] and won ($178.55) with three of a kind, Deuces (pot not awarded as player cashed out)
Seat 4: maver200981 showed [Ac Ad] and lost with a pair of Aces
Seat 5: rrrro (button) folded before Flop (didn't bet)
Seat 6: SorinS28 (small blind) folded before Flop



PokerStars Hand #254572432484:  Hold'em No Limit ($0.50/$1.00 USD) - 2025/01/26 0:00:03 WET [2025/01/26 19:00:03 ET]
Table 'Selene IV' 6-max Seat #6 is the button
Seat 1: ru_ruu_ru ($140.94 in chips) is sitting out
Seat 2: jermit121212 ($0 in chips) is sitting out
Seat 4: maver200981 ($0 in chips) is sitting out
Seat 3: XneferX ($175.26 in chips) 
Seat 5: rrrro ($115 in chips) 
Seat 6: SorinS28 ($151.55 in chips) 
XneferX: posts small blind $0.50
rrrro: posts big blind $1
*** HOLE CARDS ***
maver200981 leaves the table
SorinS28: folds 
jermit121212 is disconnected 
SorinS28 leaves the table
XneferX: raises $2 to $3
rrrro: calls $2
*** FLOP *** [6c 2h Ac]
XneferX: checks 
rrrro: checks 
*** TURN *** [6c 2h Ac] [Tc]
XneferX: checks 
rrrro: bets $1.88
XneferX: calls $1.88
*** RIVER *** [6c 2h Ac Tc] [8h]
XneferX: checks 
rrrro: checks 
*** SHOW DOWN ***
XneferX: shows [Th Qc] (a pair of Tens)
rrrro: mucks hand 
XneferX collected $9.27 from pot
*** SUMMARY ***
Total pot $9.76 | Rake $0.49 
Board [6c 2h Ac Tc 8h]
Seat 1: ru_ruu_ru
Seat 2: jermit121212
Seat 4: maver200981
Seat 3: XneferX (small blind) showed [Th Qc] and won ($9.27) with a pair of Tens
Seat 5: rrrro (big blind) mucked
Seat 6: SorinS28 (button) folded before Flop (didn't bet)



