PokerStars Hand #254559746673:  Hold'em No Limit ($0.50/$1.00 USD) - 2025/01/26 11:26:25 WET [2025/01/26 6:26:25 ET]
Table 'Antares IV' 6-max Seat #2 is the button
Seat 3: Burlica2013 ($101.50 in chips) is sitting out
Seat 1: poker_soul11 ($102.50 in chips) 
Seat 2: coeeeelho ($100 in chips) 
coeeeelho: posts small blind $0.50
Burlica2013: is sitting out 
poker_soul11: posts big blind $1
*** HOLE CARDS ***
coeeeelho: raises $1.50 to $2.50
poker_soul11: calls $1.50
*** FLOP *** [4d 4s 2s]
Burlica2013 leaves the table
poker_soul11: checks 
coeeeelho: bets $1.57
poker_soul11: calls $1.57
*** TURN *** [4d 4s 2s] [8h]
poker_soul11: checks 
coeeeelho: checks 
*** RIVER *** [4d 4s 2s 8h] [7c]
poker_soul11: bets $2.55
coeeeelho: folds 
Uncalled bet ($2.55) returned to poker_soul11
poker_soul11 collected $7.73 from pot
poker_soul11: doesn't show hand 
*** SUMMARY ***
Total pot $8.14 | Rake $0.41 
Board [4d 4s 2s 8h 7c]
Seat 3: Burlica2013
Seat 1: poker_soul11 (big blind) collected ($7.73)
Seat 2: coeeeelho (button) (small blind) folded on the River



PokerStars Hand #254559853826:  Hold'em No Limit ($0.50/$1.00 USD) - 2025/01/26 11:40:01 WET [2025/01/26 6:40:01 ET]
Table 'Antares IV' 6-max Seat #3 is the button
Seat 1: poker_soul11 ($106.16 in chips) 
Seat 2: jhegyi ($99.53 in chips) 
Seat 3: Burlica2013 ($101.50 in chips) 
Seat 4: kuhclemO ($100 in chips) 
Seat 6: m1lkdud ($100 in chips) 
kuhclemO: posts small blind $0.50
m1lkdud: posts big blind $1
*** HOLE CARDS ***
poker_soul11: folds 
jhegyi: folds 
Burlica2013: folds 
kuhclemO: raises $1.50 to $2.50
m1lkdud: calls $1.50
*** FLOP *** [6s 3h 2c]
Burlica2013 leaves the table
kuhclemO: bets $1.57
SeEevg joins the table at seat #5 
m1lkdud: calls $1.57
*** TURN *** [6s 3h 2c] [3s]
kuhclemO: checks 
m1lkdud: bets $7.73
kuhclemO: calls $7.73
*** RIVER *** [6s 3h 2c 3s] [4d]
kuhclemO: checks 
m1lkdud: checks 
*** SHOW DOWN ***
kuhclemO: shows [6h Ad] (two pair, Sixes and Threes)
m1lkdud: mucks hand 
kuhclemO collected $22.42 from pot
*** SUMMARY ***
Total pot $23.60 | Rake $1.18 
Board [6s 3h 2c 3s 4d]
Seat 1: poker_soul11 folded before Flop (didn't bet)
Seat 2: jhegyi folded before Flop (didn't bet)
Seat 3: Burlica2013 (button) folded before Flop (didn't bet)
Seat 4: kuhclemO (small blind) showed [6h Ad] and won ($22.42) with two pair, Sixes and Threes
Seat 6: m1lkdud (big blind) mucked



PokerStars Hand #254559860354:  Hold'em No Limit ($0.50/$1.00 USD) - 2025/01/26 11:40:48 WET [2025/01/26 6:40:48 ET]
Table 'Antares IV' 6-max Seat #4 is the button
Seat 5: SeEevg ($100 in chips) is sitting out
Seat 1: poker_soul11 ($106.16 in chips) 
Seat 2: jhegyi ($99.53 in chips) 
Seat 4: kuhclemO ($110.62 in chips) 
Seat 6: m1lkdud ($88.20 in chips) 
m1lkdud: posts small blind $0.50
poker_soul11: posts big blind $1
*** HOLE CARDS ***
jhegyi: folds 
kuhclemO: folds 
m1lkdud: raises $2 to $3
poker_soul11: calls $2
*** FLOP *** [6s Qd Jh]
m1lkdud: checks 
poker_soul11: checks 
*** TURN *** [6s Qd Jh] [Kd]
m1lkdud: bets $5.70
poker_soul11: folds 
Uncalled bet ($5.70) returned to m1lkdud
m1lkdud collected $5.70 from pot
*** SUMMARY ***
Total pot $6 | Rake $0.30 
Board [6s Qd Jh Kd]
Seat 5: SeEevg
Seat 1: poker_soul11 (big blind) folded on the Turn
Seat 2: jhegyi folded before Flop (didn't bet)
Seat 4: kuhclemO (button) folded before Flop (didn't bet)
Seat 6: m1lkdud (small blind) collected ($5.70)



PokerStars Hand #254559865722:  Hold'em No Limit ($0.50/$1.00 USD) - 2025/01/26 11:41:28 WET [2025/01/26 6:41:28 ET]
Table 'Antares IV' 6-max Seat #6 is the button
Seat 5: SeEevg ($100 in chips) is sitting out
Seat 1: poker_soul11 ($103.16 in chips) 
Seat 2: jhegyi ($99.53 in chips) 
Seat 4: kuhclemO ($110.62 in chips) 
Seat 6: m1lkdud ($96.81 in chips) 
poker_soul11: posts small blind $0.50
jhegyi: posts big blind $1
SeEevg: sits out 
*** HOLE CARDS ***
kuhclemO: folds 
m1lkdud: raises $2.50 to $3.50
poker_soul11: folds 
jhegyi: folds 
Uncalled bet ($2.50) returned to m1lkdud
m1lkdud collected $2.50 from pot
*** SUMMARY ***
Total pot $2.50 | Rake $0 
Seat 5: SeEevg
Seat 1: poker_soul11 (small blind) folded before Flop
Seat 2: jhegyi (big blind) folded before Flop
Seat 4: kuhclemO folded before Flop (didn't bet)
Seat 6: m1lkdud (button) collected ($2.50)



PokerStars Hand #254559867191:  Hold'em No Limit ($0.50/$1.00 USD) - 2025/01/26 11:41:38 WET [2025/01/26 6:41:38 ET]
Table 'Antares IV' 6-max Seat #1 is the button
Seat 5: SeEevg ($100 in chips) is sitting out
Seat 1: poker_soul11 ($102.66 in chips) 
Seat 2: jhegyi ($98.53 in chips) 
Seat 4: kuhclemO ($110.62 in chips) 
Seat 6: m1lkdud ($98.31 in chips) 
jhegyi: posts small blind $0.50
kuhclemO: posts big blind $1
SeEevg: sits out 
*** HOLE CARDS ***
m1lkdud: folds 
poker_soul11: raises $1.20 to $2.20
jhegyi: folds 
kuhclemO: folds 
Uncalled bet ($1.20) returned to poker_soul11
poker_soul11 collected $2.50 from pot
poker_soul11: doesn't show hand 
*** SUMMARY ***
Total pot $2.50 | Rake $0 
Seat 5: SeEevg
Seat 1: poker_soul11 (button) collected ($2.50)
Seat 2: jhegyi (small blind) folded before Flop
Seat 4: kuhclemO (big blind) folded before Flop
Seat 6: m1lkdud folded before Flop (didn't bet)



PokerStars Hand #254559869011:  Hold'em No Limit ($0.50/$1.00 USD) - 2025/01/26 11:41:52 WET [2025/01/26 6:41:52 ET]
Table 'Antares IV' 6-max Seat #2 is the button
Seat 1: poker_soul11 ($104.16 in chips) 
Seat 2: jhegyi ($98.03 in chips) 
Seat 4: kuhclemO ($109.62 in chips) 
Seat 5: SeEevg ($100 in chips) 
Seat 6: m1lkdud ($98.31 in chips) 
kuhclemO: posts small blind $0.50
SeEevg: posts big blind $1
*** HOLE CARDS ***
m1lkdud: folds 
poker_soul11: folds 
jhegyi: folds 
kuhclemO: raises $2 to $3
SeEevg: raises $6 to $9
kuhclemO: folds 
Uncalled bet ($6) returned to SeEevg
SeEevg collected $6 from pot
SeEevg: doesn't show hand 
*** SUMMARY ***
Total pot $6 | Rake $0 
Seat 1: poker_soul11 folded before Flop (didn't bet)
Seat 2: jhegyi (button) folded before Flop (didn't bet)
Seat 4: kuhclemO (small blind) folded before Flop
Seat 5: SeEevg (big blind) collected ($6)
Seat 6: m1lkdud folded before Flop (didn't bet)



PokerStars Hand #254559872286:  Hold'em No Limit ($0.50/$1.00 USD) - 2025/01/26 11:42:16 WET [2025/01/26 6:42:16 ET]
Table 'Antares IV' 6-max Seat #4 is the button
Seat 1: poker_soul11 ($104.16 in chips) 
Seat 2: jhegyi ($98.03 in chips) 
Seat 4: kuhclemO ($106.62 in chips) 
Seat 5: SeEevg ($103 in chips) 
Seat 6: m1lkdud ($98.31 in chips) 
SeEevg: posts small blind $0.50
m1lkdud: posts big blind $1
*** HOLE CARDS ***
poker_soul11: folds 
jhegyi: raises $1.50 to $2.50
coeeeelho joins the table at seat #3 
kuhclemO: folds 
SeEevg: raises $7.50 to $10
m1lkdud: folds 
jhegyi: folds 
Uncalled bet ($7.50) returned to SeEevg
SeEevg collected $6 from pot
SeEevg: doesn't show hand 
*** SUMMARY ***
Total pot $6 | Rake $0 
Seat 1: poker_soul11 folded before Flop (didn't bet)
Seat 2: jhegyi folded before Flop
Seat 4: kuhclemO (button) folded before Flop (didn't bet)
Seat 5: SeEevg (small blind) collected ($6)
Seat 6: m1lkdud (big blind) folded before Flop



PokerStars Hand #254559875086:  Hold'em No Limit ($0.50/$1.00 USD) - 2025/01/26 11:42:36 WET [2025/01/26 6:42:36 ET]
Table 'Antares IV' 6-max Seat #5 is the button
Seat 3: coeeeelho ($100 in chips) is sitting out
Seat 1: poker_soul11 ($104.16 in chips) 
Seat 2: jhegyi ($95.53 in chips) 
Seat 4: kuhclemO ($106.62 in chips) 
Seat 5: SeEevg ($106.50 in chips) 
Seat 6: m1lkdud ($97.31 in chips) 
m1lkdud: posts small blind $0.50
poker_soul11: posts big blind $1
coeeeelho: sits out 
*** HOLE CARDS ***
jhegyi: raises $1.50 to $2.50
kuhclemO: folds 
SeEevg: calls $2.50
m1lkdud: folds 
poker_soul11: raises $11.50 to $14
jhegyi: calls $11.50
SeEevg: folds 
*** FLOP *** [3s Qc Ah]
poker_soul11: bets $22.09
jhegyi: raises $59.44 to $81.53 and is all-in
poker_soul11: calls $59.44
jhegyi has timed out
*** TURN *** [3s Qc Ah] [Qd]
*** RIVER *** [3s Qc Ah Qd] [7d]
*** SHOW DOWN ***
poker_soul11: shows [Ad Qs] (a full house, Queens full of Aces)
jhegyi: shows [9s 9h] (two pair, Queens and Nines)
poker_soul11 collected $191.56 from pot
jhegyi is disconnected 
*** SUMMARY ***
Total pot $194.06 | Rake $2.50 
Board [3s Qc Ah Qd 7d]
Seat 3: coeeeelho
Seat 1: poker_soul11 (big blind) showed [Ad Qs] and won ($191.56) with a full house, Queens full of Aces
Seat 2: jhegyi showed [9s 9h] and lost with two pair, Queens and Nines
Seat 4: kuhclemO folded before Flop (didn't bet)
Seat 5: SeEevg (button) folded before Flop
Seat 6: m1lkdud (small blind) folded before Flop



PokerStars Hand #254559888230:  Hold'em No Limit ($0.50/$1.00 USD) - 2025/01/26 11:44:11 WET [2025/01/26 6:44:11 ET]
Table 'Antares IV' 6-max Seat #6 is the button
Seat 2: jhegyi ($0 in chips) is sitting out
Seat 1: poker_soul11 ($200.19 in chips) 
Seat 3: coeeeelho ($100 in chips) 
Seat 4: kuhclemO ($106.62 in chips) 
Seat 5: SeEevg ($104 in chips) 
Seat 6: m1lkdud ($96.81 in chips) 
poker_soul11: posts small blind $0.50
coeeeelho: posts big blind $1
*** HOLE CARDS ***
kuhclemO: raises $1 to $2
SeEevg: folds 
m1lkdud: folds 
poker_soul11: folds 
coeeeelho: folds 
Uncalled bet ($1) returned to kuhclemO
kuhclemO collected $2.50 from pot
kuhclemO: doesn't show hand 
*** SUMMARY ***
Total pot $2.50 | Rake $0 
Seat 2: jhegyi
Seat 1: poker_soul11 (small blind) folded before Flop
Seat 3: coeeeelho (big blind) folded before Flop
Seat 4: kuhclemO collected ($2.50)
Seat 5: SeEevg folded before Flop (didn't bet)
Seat 6: m1lkdud (button) folded before Flop (didn't bet)



PokerStars Hand #254559890400:  Hold'em No Limit ($0.50/$1.00 USD) - 2025/01/26 11:44:27 WET [2025/01/26 6:44:27 ET]
Table 'Antares IV' 6-max Seat #1 is the button
Seat 2: jhegyi ($0 in chips) is sitting out
Seat 4: kuhclemO ($108.12 in chips) is sitting out
Seat 1: poker_soul11 ($199.69 in chips) 
Seat 3: coeeeelho ($100 in chips) 
Seat 5: SeEevg ($104 in chips) 
Seat 6: m1lkdud ($96.81 in chips) 
coeeeelho: posts small blind $0.50
kuhclemO: is sitting out 
SeEevg: posts big blind $1
*** HOLE CARDS ***
m1lkdud: raises $2.50 to $3.50
poker_soul11: folds 
kuhclemO leaves the table
coeeeelho: folds 
SeEevg: folds 
Uncalled bet ($2.50) returned to m1lkdud
m1lkdud collected $2.50 from pot
*** SUMMARY ***
Total pot $2.50 | Rake $0 
Seat 2: jhegyi
Seat 4: kuhclemO
Seat 1: poker_soul11 (button) folded before Flop (didn't bet)
Seat 3: coeeeelho (small blind) folded before Flop
Seat 5: SeEevg (big blind) folded before Flop
Seat 6: m1lkdud collected ($2.50)



PokerStars Hand #254559893688:  Hold'em No Limit ($0.50/$1.00 USD) - 2025/01/26 11:44:50 WET [2025/01/26 6:44:50 ET]
Table 'Antares IV' 6-max Seat #3 is the button
Seat 2: jhegyi ($0 in chips) is sitting out
Seat 1: poker_soul11 ($199.69 in chips) 
Seat 3: coeeeelho ($100 in chips) 
Seat 5: SeEevg ($103 in chips) 
Seat 6: m1lkdud ($98.31 in chips) 
SeEevg: posts small blind $0.50
m1lkdud: posts big blind $1
*** HOLE CARDS ***
poker_soul11: folds 
coeeeelho: raises $1.20 to $2.20
SeEevg: folds 
m1lkdud: calls $1.20
*** FLOP *** [3s 9s Ts]
m1lkdud: checks 
coeeeelho: checks 
*** TURN *** [3s 9s Ts] [9c]
m1lkdud: bets $4.66
coeeeelho: folds 
Uncalled bet ($4.66) returned to m1lkdud
m1lkdud collected $4.66 from pot
*** SUMMARY ***
Total pot $4.90 | Rake $0.24 
Board [3s 9s Ts 9c]
Seat 2: jhegyi
Seat 1: poker_soul11 folded before Flop (didn't bet)
Seat 3: coeeeelho (button) folded on the Turn
Seat 5: SeEevg (small blind) folded before Flop
Seat 6: m1lkdud (big blind) collected ($4.66)



PokerStars Hand #254559897707:  Hold'em No Limit ($0.50/$1.00 USD) - 2025/01/26 11:45:19 WET [2025/01/26 6:45:19 ET]
Table 'Antares IV' 6-max Seat #5 is the button
Seat 2: jhegyi ($0 in chips) is sitting out
Seat 1: poker_soul11 ($199.69 in chips) 
Seat 3: coeeeelho ($100 in chips) 
Seat 5: SeEevg ($102.50 in chips) 
Seat 6: m1lkdud ($100.77 in chips) 
m1lkdud: posts small blind $0.50
poker_soul11: posts big blind $1
*** HOLE CARDS ***
coeeeelho: folds 
SeEevg: raises $1.50 to $2.50
m1lkdud: raises $7 to $9.50
poker_soul11: folds 
SeEevg: folds 
Uncalled bet ($7) returned to m1lkdud
m1lkdud collected $6 from pot
*** SUMMARY ***
Total pot $6 | Rake $0 
Seat 2: jhegyi
Seat 1: poker_soul11 (big blind) folded before Flop
Seat 3: coeeeelho folded before Flop (didn't bet)
Seat 5: SeEevg (button) folded before Flop
Seat 6: m1lkdud (small blind) collected ($6)



PokerStars Hand #254559902217:  Hold'em No Limit ($0.50/$1.00 USD) - 2025/01/26 11:45:52 WET [2025/01/26 6:45:52 ET]
Table 'Antares IV' 6-max Seat #6 is the button
Seat 2: jhegyi ($0 in chips) is sitting out
Seat 1: poker_soul11 ($198.69 in chips) 
Seat 3: coeeeelho ($100 in chips) 
Seat 5: SeEevg ($100 in chips) 
Seat 6: m1lkdud ($104.27 in chips) 
poker_soul11: posts small blind $0.50
coeeeelho: posts big blind $1
*** HOLE CARDS ***
SeEevg: folds 
m1lkdud: folds 
poker_soul11: folds 
Uncalled bet ($0.50) returned to coeeeelho
coeeeelho collected $1 from pot
*** SUMMARY ***
Total pot $1 | Rake $0 
Seat 2: jhegyi
Seat 1: poker_soul11 (small blind) folded before Flop
Seat 3: coeeeelho (big blind) collected ($1)
Seat 5: SeEevg folded before Flop (didn't bet)
Seat 6: m1lkdud (button) folded before Flop (didn't bet)



PokerStars Hand #254559904451:  Hold'em No Limit ($0.50/$1.00 USD) - 2025/01/26 11:46:08 WET [2025/01/26 6:46:08 ET]
Table 'Antares IV' 6-max Seat #1 is the button
Seat 2: jhegyi ($0 in chips) is sitting out
Seat 1: poker_soul11 ($198.19 in chips) 
Seat 3: coeeeelho ($100.50 in chips) 
Seat 5: SeEevg ($100 in chips) 
Seat 6: m1lkdud ($104.27 in chips) 
coeeeelho: posts small blind $0.50
SeEevg: posts big blind $1
*** HOLE CARDS ***
m1lkdud: folds 
poker_soul11: folds 
coeeeelho: raises $2 to $3
SeEevg: calls $2
*** FLOP *** [5s 6s Ah]
coeeeelho: checks 
SeEevg: bets $7.13
coeeeelho: folds 
Uncalled bet ($7.13) returned to SeEevg
SeEevg collected $5.70 from pot
SeEevg: doesn't show hand 
*** SUMMARY ***
Total pot $6 | Rake $0.30 
Board [5s 6s Ah]
Seat 2: jhegyi
Seat 1: poker_soul11 (button) folded before Flop (didn't bet)
Seat 3: coeeeelho (small blind) folded on the Flop
Seat 5: SeEevg (big blind) collected ($5.70)
Seat 6: m1lkdud folded before Flop (didn't bet)



PokerStars Hand #254559910579:  Hold'em No Limit ($0.50/$1.00 USD) - 2025/01/26 11:46:51 WET [2025/01/26 6:46:51 ET]
Table 'Antares IV' 6-max Seat #3 is the button
Seat 2: jhegyi ($0 in chips) is sitting out
Seat 1: poker_soul11 ($198.19 in chips) 
Seat 3: coeeeelho ($100 in chips) 
Seat 5: SeEevg ($102.70 in chips) 
Seat 6: m1lkdud ($104.27 in chips) 
SeEevg: posts small blind $0.50
m1lkdud: posts big blind $1
*** HOLE CARDS ***
poker_soul11: raises $1.20 to $2.20
coeeeelho: folds 
SeEevg: folds 
m1lkdud: calls $1.20
*** FLOP *** [Kd 9s 8d]
m1lkdud: checks 
poker_soul11: checks 
*** TURN *** [Kd 9s 8d] [2d]
m1lkdud: bets $4.66
poker_soul11: calls $4.66
*** RIVER *** [Kd 9s 8d 2d] [7h]
m1lkdud: checks 
poker_soul11: checks 
*** SHOW DOWN ***
m1lkdud: shows [Ad 9c] (a pair of Nines)
poker_soul11: mucks hand 
m1lkdud collected $13.51 from pot
*** SUMMARY ***
Total pot $14.22 | Rake $0.71 
Board [Kd 9s 8d 2d 7h]
Seat 2: jhegyi
Seat 1: poker_soul11 mucked
Seat 3: coeeeelho (button) folded before Flop (didn't bet)
Seat 5: SeEevg (small blind) folded before Flop
Seat 6: m1lkdud (big blind) showed [Ad 9c] and won ($13.51) with a pair of Nines



PokerStars Hand #254559915010:  Hold'em No Limit ($0.50/$1.00 USD) - 2025/01/26 11:47:23 WET [2025/01/26 6:47:23 ET]
Table 'Antares IV' 6-max Seat #5 is the button
Seat 2: jhegyi ($0 in chips) is sitting out
Seat 1: poker_soul11 ($191.33 in chips) 
Seat 3: coeeeelho ($100 in chips) 
Seat 5: SeEevg ($102.20 in chips) 
Seat 6: m1lkdud ($110.92 in chips) 
m1lkdud: posts small blind $0.50
poker_soul11: posts big blind $1
*** HOLE CARDS ***
coeeeelho: folds 
SeEevg: raises $1.50 to $2.50
m1lkdud: folds 
poker_soul11: folds 
Uncalled bet ($1.50) returned to SeEevg
SeEevg collected $2.50 from pot
SeEevg: doesn't show hand 
*** SUMMARY ***
Total pot $2.50 | Rake $0 
Seat 2: jhegyi
Seat 1: poker_soul11 (big blind) folded before Flop
Seat 3: coeeeelho folded before Flop (didn't bet)
Seat 5: SeEevg (button) collected ($2.50)
Seat 6: m1lkdud (small blind) folded before Flop



PokerStars Hand #254559917057:  Hold'em No Limit ($0.50/$1.00 USD) - 2025/01/26 11:47:37 WET [2025/01/26 6:47:37 ET]
Table 'Antares IV' 6-max Seat #6 is the button
Seat 2: jhegyi ($0 in chips) is sitting out
Seat 1: poker_soul11 ($190.33 in chips) 
Seat 3: coeeeelho ($100 in chips) 
Seat 5: SeEevg ($103.70 in chips) 
Seat 6: m1lkdud ($110.42 in chips) 
poker_soul11: posts small blind $0.50
coeeeelho: posts big blind $1
*** HOLE CARDS ***
SeEevg: folds 
m1lkdud: raises $2.50 to $3.50
poker_soul11: folds 
coeeeelho: folds 
Uncalled bet ($2.50) returned to m1lkdud
m1lkdud collected $2.50 from pot
*** SUMMARY ***
Total pot $2.50 | Rake $0 
Seat 2: jhegyi
Seat 1: poker_soul11 (small blind) folded before Flop
Seat 3: coeeeelho (big blind) folded before Flop
Seat 5: SeEevg folded before Flop (didn't bet)
Seat 6: m1lkdud (button) collected ($2.50)



PokerStars Hand #254559918873:  Hold'em No Limit ($0.50/$1.00 USD) - 2025/01/26 11:47:50 WET [2025/01/26 6:47:50 ET]
Table 'Antares IV' 6-max Seat #1 is the button
Seat 2: jhegyi ($0 in chips) is sitting out
Seat 1: poker_soul11 ($189.83 in chips) 
Seat 3: coeeeelho ($100 in chips) 
Seat 5: SeEevg ($103.70 in chips) 
Seat 6: m1lkdud ($111.92 in chips) 
coeeeelho: posts small blind $0.50
SeEevg: posts big blind $1
*** HOLE CARDS ***
m1lkdud: folds 
poker_soul11: folds 
coeeeelho: folds 
Uncalled bet ($0.50) returned to SeEevg
SeEevg collected $1 from pot
SeEevg: doesn't show hand 
*** SUMMARY ***
Total pot $1 | Rake $0 
Seat 2: jhegyi
Seat 1: poker_soul11 (button) folded before Flop (didn't bet)
Seat 3: coeeeelho (small blind) folded before Flop
Seat 5: SeEevg (big blind) collected ($1)
Seat 6: m1lkdud folded before Flop (didn't bet)



PokerStars Hand #254559920665:  Hold'em No Limit ($0.50/$1.00 USD) - 2025/01/26 11:48:03 WET [2025/01/26 6:48:03 ET]
Table 'Antares IV' 6-max Seat #3 is the button
Seat 2: jhegyi ($0 in chips) is sitting out
Seat 1: poker_soul11 ($189.83 in chips) 
Seat 3: coeeeelho ($100 in chips) 
Seat 5: SeEevg ($104.20 in chips) 
Seat 6: m1lkdud ($111.92 in chips) 
SeEevg: posts small blind $0.50
m1lkdud: posts big blind $1
*** HOLE CARDS ***
poker_soul11: folds 
coeeeelho: folds 
SeEevg: folds 
Uncalled bet ($0.50) returned to m1lkdud
m1lkdud collected $1 from pot
*** SUMMARY ***
Total pot $1 | Rake $0 
Seat 2: jhegyi
Seat 1: poker_soul11 folded before Flop (didn't bet)
Seat 3: coeeeelho (button) folded before Flop (didn't bet)
Seat 5: SeEevg (small blind) folded before Flop
Seat 6: m1lkdud (big blind) collected ($1)



PokerStars Hand #254559922973:  Hold'em No Limit ($0.50/$1.00 USD) - 2025/01/26 11:48:20 WET [2025/01/26 6:48:20 ET]
Table 'Antares IV' 6-max Seat #5 is the button
Seat 2: jhegyi ($0 in chips) is sitting out
Seat 1: poker_soul11 ($189.83 in chips) 
Seat 3: coeeeelho ($100 in chips) 
Seat 5: SeEevg ($103.70 in chips) 
Seat 6: m1lkdud ($112.42 in chips) 
m1lkdud: posts small blind $0.50
poker_soul11: posts big blind $1
*** HOLE CARDS ***
coeeeelho: folds 
SeEevg: raises $1.50 to $2.50
m1lkdud: folds 
poker_soul11: folds 
Uncalled bet ($1.50) returned to SeEevg
SeEevg collected $2.50 from pot
SeEevg: doesn't show hand 
*** SUMMARY ***
Total pot $2.50 | Rake $0 
Seat 2: jhegyi
Seat 1: poker_soul11 (big blind) folded before Flop
Seat 3: coeeeelho folded before Flop (didn't bet)
Seat 5: SeEevg (button) collected ($2.50)
Seat 6: m1lkdud (small blind) folded before Flop



PokerStars Hand #254559926332:  Hold'em No Limit ($0.50/$1.00 USD) - 2025/01/26 11:48:44 WET [2025/01/26 6:48:44 ET]
Table 'Antares IV' 6-max Seat #6 is the button
Seat 2: jhegyi ($0 in chips) is sitting out
Seat 1: poker_soul11 ($188.83 in chips) 
Seat 3: coeeeelho ($100 in chips) 
Seat 5: SeEevg ($105.20 in chips) 
Seat 6: m1lkdud ($111.92 in chips) 
poker_soul11: posts small blind $0.50
coeeeelho: posts big blind $1
*** HOLE CARDS ***
SeEevg: raises $1.50 to $2.50
m1lkdud: folds 
poker_soul11: folds 
coeeeelho: folds 
Uncalled bet ($1.50) returned to SeEevg
SeEevg collected $2.50 from pot
SeEevg: doesn't show hand 
*** SUMMARY ***
Total pot $2.50 | Rake $0 
Seat 2: jhegyi
Seat 1: poker_soul11 (small blind) folded before Flop
Seat 3: coeeeelho (big blind) folded before Flop
Seat 5: SeEevg collected ($2.50)
Seat 6: m1lkdud (button) folded before Flop (didn't bet)



PokerStars Hand #254559928577:  Hold'em No Limit ($0.50/$1.00 USD) - 2025/01/26 11:49:01 WET [2025/01/26 6:49:01 ET]
Table 'Antares IV' 6-max Seat #1 is the button
Seat 2: jhegyi ($0 in chips) is sitting out
Seat 1: poker_soul11 ($188.33 in chips) 
Seat 3: coeeeelho ($100 in chips) 
Seat 5: SeEevg ($106.70 in chips) 
Seat 6: m1lkdud ($111.92 in chips) 
coeeeelho: posts small blind $0.50
SeEevg: posts big blind $1
*** HOLE CARDS ***
m1lkdud: folds 
poker_soul11: raises $1.20 to $2.20
coeeeelho: folds 
SeEevg: folds 
Uncalled bet ($1.20) returned to poker_soul11
poker_soul11 collected $2.50 from pot
poker_soul11: doesn't show hand 
*** SUMMARY ***
Total pot $2.50 | Rake $0 
Seat 2: jhegyi
Seat 1: poker_soul11 (button) collected ($2.50)
Seat 3: coeeeelho (small blind) folded before Flop
Seat 5: SeEevg (big blind) folded before Flop
Seat 6: m1lkdud folded before Flop (didn't bet)



PokerStars Hand #254559933120:  Hold'em No Limit ($0.50/$1.00 USD) - 2025/01/26 11:49:34 WET [2025/01/26 6:49:34 ET]
Table 'Antares IV' 6-max Seat #3 is the button
Seat 2: jhegyi ($0 in chips) is sitting out
Seat 1: poker_soul11 ($189.83 in chips) 
Seat 3: coeeeelho ($100 in chips) 
Seat 5: SeEevg ($105.70 in chips) 
Seat 6: m1lkdud ($111.92 in chips) 
SeEevg: posts small blind $0.50
m1lkdud: posts big blind $1
*** HOLE CARDS ***
poker_soul11: folds 
coeeeelho: folds 
SeEevg: raises $2 to $3
m1lkdud: calls $2
*** FLOP *** [6d 7h Td]
SeEevg: checks 
m1lkdud: checks 
*** TURN *** [6d 7h Td] [Tc]
SeEevg: checks 
m1lkdud: checks 
*** RIVER *** [6d 7h Td Tc] [9h]
SeEevg: checks 
m1lkdud: checks 
*** SHOW DOWN ***
SeEevg: shows [Kc Qc] (a pair of Tens)
m1lkdud: shows [Ah 4d] (a pair of Tens - Ace kicker)
m1lkdud collected $5.70 from pot
*** SUMMARY ***
Total pot $6 | Rake $0.30 
Board [6d 7h Td Tc 9h]
Seat 2: jhegyi
Seat 1: poker_soul11 folded before Flop (didn't bet)
Seat 3: coeeeelho (button) folded before Flop (didn't bet)
Seat 5: SeEevg (small blind) showed [Kc Qc] and lost with a pair of Tens
Seat 6: m1lkdud (big blind) showed [Ah 4d] and won ($5.70) with a pair of Tens



PokerStars Hand #254559939708:  Hold'em No Limit ($0.50/$1.00 USD) - 2025/01/26 11:50:21 WET [2025/01/26 6:50:21 ET]
Table 'Antares IV' 6-max Seat #5 is the button
Seat 2: jhegyi ($0 in chips) is sitting out
Seat 1: poker_soul11 ($189.83 in chips) 
Seat 3: coeeeelho ($100 in chips) 
Seat 5: SeEevg ($102.70 in chips) 
Seat 6: m1lkdud ($114.62 in chips) 
m1lkdud: posts small blind $0.50
poker_soul11: posts big blind $1
*** HOLE CARDS ***
coeeeelho: raises $1.30 to $2.30
SeEevg: folds 
m1lkdud: folds 
poker_soul11: calls $1.30
*** FLOP *** [Qd 9s Qh]
poker_soul11: checks 
coeeeelho: bets $1.21
poker_soul11: calls $1.21
*** TURN *** [Qd 9s Qh] [6c]
poker_soul11: checks 
coeeeelho: checks 
*** RIVER *** [Qd 9s Qh 6c] [Qc]
poker_soul11: bets $2.36
Pon4uk.ua joins the table at seat #4 
coeeeelho: folds 
Uncalled bet ($2.36) returned to poker_soul11
poker_soul11 collected $7.14 from pot
poker_soul11: doesn't show hand 
*** SUMMARY ***
Total pot $7.52 | Rake $0.38 
Board [Qd 9s Qh 6c Qc]
Seat 2: jhegyi
Seat 1: poker_soul11 (big blind) collected ($7.14)
Seat 3: coeeeelho folded on the River
Seat 5: SeEevg (button) folded before Flop (didn't bet)
Seat 6: m1lkdud (small blind) folded before Flop



PokerStars Hand #254559950739:  Hold'em No Limit ($0.50/$1.00 USD) - 2025/01/26 11:51:39 WET [2025/01/26 6:51:39 ET]
Table 'Antares IV' 6-max Seat #6 is the button
Seat 2: jhegyi ($0 in chips) is sitting out
Seat 4: Pon4uk.ua ($100 in chips) is sitting out
Seat 1: poker_soul11 ($193.46 in chips) 
Seat 3: coeeeelho ($100 in chips) 
Seat 5: SeEevg ($102.70 in chips) 
Seat 6: m1lkdud ($114.12 in chips) 
poker_soul11: posts small blind $0.50
coeeeelho: posts big blind $1
Pon4uk.ua: sits out 
*** HOLE CARDS ***
SeEevg: folds 
m1lkdud: folds 
poker_soul11: folds 
Uncalled bet ($0.50) returned to coeeeelho
coeeeelho collected $1 from pot
jhegyi leaves the table
*** SUMMARY ***
Total pot $1 | Rake $0 
Seat 2: jhegyi
Seat 4: Pon4uk.ua
Seat 1: poker_soul11 (small blind) folded before Flop
Seat 3: coeeeelho (big blind) collected ($1)
Seat 5: SeEevg folded before Flop (didn't bet)
Seat 6: m1lkdud (button) folded before Flop (didn't bet)



PokerStars Hand #254559952177:  Hold'em No Limit ($0.50/$1.00 USD) - 2025/01/26 11:51:49 WET [2025/01/26 6:51:49 ET]
Table 'Antares IV' 6-max Seat #1 is the button
Seat 1: poker_soul11 ($192.96 in chips) 
Seat 3: coeeeelho ($100.50 in chips) 
Seat 4: Pon4uk.ua ($100 in chips) 
Seat 5: SeEevg ($102.70 in chips) 
Seat 6: m1lkdud ($114.12 in chips) 
coeeeelho: posts small blind $0.50
Pon4uk.ua: posts big blind $1
*** HOLE CARDS ***
SeEevg: folds 
m1lkdud: folds 
poker_soul11: raises $1.20 to $2.20
coeeeelho: folds 
Pon4uk.ua: folds 
Uncalled bet ($1.20) returned to poker_soul11
poker_soul11 collected $2.50 from pot
poker_soul11: doesn't show hand 
*** SUMMARY ***
Total pot $2.50 | Rake $0 
Seat 1: poker_soul11 (button) collected ($2.50)
Seat 3: coeeeelho (small blind) folded before Flop
Seat 4: Pon4uk.ua (big blind) folded before Flop
Seat 5: SeEevg folded before Flop (didn't bet)
Seat 6: m1lkdud folded before Flop (didn't bet)



PokerStars Hand #254559954308:  Hold'em No Limit ($0.50/$1.00 USD) - 2025/01/26 11:52:04 WET [2025/01/26 6:52:04 ET]
Table 'Antares IV' 6-max Seat #3 is the button
Seat 1: poker_soul11 ($194.46 in chips) 
Seat 3: coeeeelho ($100 in chips) 
Seat 4: Pon4uk.ua ($100 in chips) 
Seat 5: SeEevg ($102.70 in chips) 
Seat 6: m1lkdud ($114.12 in chips) 
Pon4uk.ua: posts small blind $0.50
SeEevg: posts big blind $1
*** HOLE CARDS ***
m1lkdud: folds 
poker_soul11: folds 
coeeeelho: raises $1.50 to $2.50
Pon4uk.ua: folds 
dreimis190 joins the table at seat #2 
SeEevg: raises $9.50 to $12
coeeeelho: calls $9.50
*** FLOP *** [Th 6d 3s]
SeEevg: checks 
coeeeelho: checks 
*** TURN *** [Th 6d 3s] [4s]
SeEevg: checks 
coeeeelho: checks 
*** RIVER *** [Th 6d 3s 4s] [2c]
SeEevg: checks 
coeeeelho: checks 
*** SHOW DOWN ***
SeEevg: shows [Qh Ad] (high card Ace)
coeeeelho: shows [Qd Ah] (high card Ace)
SeEevg collected $11.64 from pot
coeeeelho collected $11.64 from pot
*** SUMMARY ***
Total pot $24.50 | Rake $1.22 
Board [Th 6d 3s 4s 2c]
Seat 1: poker_soul11 folded before Flop (didn't bet)
Seat 3: coeeeelho (button) showed [Qd Ah] and won ($11.64) with high card Ace
Seat 4: Pon4uk.ua (small blind) folded before Flop
Seat 5: SeEevg (big blind) showed [Qh Ad] and won ($11.64) with high card Ace
Seat 6: m1lkdud folded before Flop (didn't bet)



PokerStars Hand #254559966410:  Hold'em No Limit ($0.50/$1.00 USD) - 2025/01/26 11:53:30 WET [2025/01/26 6:53:30 ET]
Table 'Antares IV' 6-max Seat #4 is the button
Seat 2: dreimis190 ($100 in chips) is sitting out
Seat 1: poker_soul11 ($194.46 in chips) 
Seat 3: coeeeelho ($100 in chips) 
Seat 4: Pon4uk.ua ($100 in chips) 
Seat 5: SeEevg ($102.34 in chips) 
Seat 6: m1lkdud ($114.12 in chips) 
SeEevg: posts small blind $0.50
m1lkdud: posts big blind $1
dreimis190: sits out 
*** HOLE CARDS ***
poker_soul11: folds 
coeeeelho: raises $1.20 to $2.20
Pon4uk.ua: calls $2.20
SeEevg: raises $9.80 to $12
m1lkdud: folds 
coeeeelho: raises $13 to $25
Pon4uk.ua: folds 
SeEevg: calls $13
*** FLOP *** [7c Jd 8c]
SeEevg: checks 
coeeeelho: checks 
*** TURN *** [7c Jd 8c] [3c]
SeEevg: checks 
coeeeelho: checks 
*** RIVER *** [7c Jd 8c 3c] [6h]
SeEevg: bets $77.34 and is all-in
coeeeelho: folds 
Uncalled bet ($77.34) returned to SeEevg
SeEevg collected $50.70 from pot
SeEevg: doesn't show hand 
*** SUMMARY ***
Total pot $53.20 | Rake $2.50 
Board [7c Jd 8c 3c 6h]
Seat 2: dreimis190
Seat 1: poker_soul11 folded before Flop (didn't bet)
Seat 3: coeeeelho folded on the River
Seat 4: Pon4uk.ua (button) folded before Flop
Seat 5: SeEevg (small blind) collected ($50.70)
Seat 6: m1lkdud (big blind) folded before Flop



PokerStars Hand #254559981737:  Hold'em No Limit ($0.50/$1.00 USD) - 2025/01/26 11:55:23 WET [2025/01/26 6:55:23 ET]
Table 'Antares IV' 6-max Seat #5 is the button
Seat 2: dreimis190 ($100 in chips) is sitting out
Seat 1: poker_soul11 ($194.46 in chips) 
Seat 3: coeeeelho ($100 in chips) 
Seat 4: Pon4uk.ua ($100 in chips) 
Seat 5: SeEevg ($128.04 in chips) 
Seat 6: m1lkdud ($113.12 in chips) 
m1lkdud: posts small blind $0.50
poker_soul11: posts big blind $1
dreimis190: sits out 
*** HOLE CARDS ***
coeeeelho: folds 
Pon4uk.ua: folds 
SeEevg: folds 
m1lkdud: raises $2 to $3
poker_soul11: folds 
Uncalled bet ($2) returned to m1lkdud
m1lkdud collected $2 from pot
*** SUMMARY ***
Total pot $2 | Rake $0 
Seat 2: dreimis190
Seat 1: poker_soul11 (big blind) folded before Flop
Seat 3: coeeeelho folded before Flop (didn't bet)
Seat 4: Pon4uk.ua folded before Flop (didn't bet)
Seat 5: SeEevg (button) folded before Flop (didn't bet)
Seat 6: m1lkdud (small blind) collected ($2)



PokerStars Hand #254559985550:  Hold'em No Limit ($0.50/$1.00 USD) - 2025/01/26 11:55:58 WET [2025/01/26 6:55:58 ET]
Table 'Antares IV' 6-max Seat #6 is the button
Seat 1: poker_soul11 ($193.46 in chips) 
Seat 2: dreimis190 ($100 in chips) 
Seat 3: coeeeelho ($100 in chips) 
Seat 4: Pon4uk.ua ($100 in chips) 
Seat 5: SeEevg ($128.04 in chips) 
Seat 6: m1lkdud ($114.12 in chips) 
poker_soul11: posts small blind $0.50
dreimis190: posts big blind $1
*** HOLE CARDS ***
coeeeelho: folds 
Pon4uk.ua: folds 
SeEevg: folds 
m1lkdud: raises $2.50 to $3.50
poker_soul11: folds 
dreimis190: calls $2.50
*** FLOP *** [6h 4s 3h]
dreimis190: checks 
m1lkdud: checks 
*** TURN *** [6h 4s 3h] [9d]
dreimis190: bets $5
m1lkdud: folds 
Uncalled bet ($5) returned to dreimis190
dreimis190 collected $7.12 from pot
dreimis190: doesn't show hand 
*** SUMMARY ***
Total pot $7.50 | Rake $0.38 
Board [6h 4s 3h 9d]
Seat 1: poker_soul11 (small blind) folded before Flop
Seat 2: dreimis190 (big blind) collected ($7.12)
Seat 3: coeeeelho folded before Flop (didn't bet)
Seat 4: Pon4uk.ua folded before Flop (didn't bet)
Seat 5: SeEevg folded before Flop (didn't bet)
Seat 6: m1lkdud (button) folded on the Turn



PokerStars Hand #254559990199:  Hold'em No Limit ($0.50/$1.00 USD) - 2025/01/26 11:56:39 WET [2025/01/26 6:56:39 ET]
Table 'Antares IV' 6-max Seat #1 is the button
Seat 1: poker_soul11 ($192.96 in chips) 
Seat 2: dreimis190 ($103.62 in chips) 
Seat 3: coeeeelho ($100 in chips) 
Seat 4: Pon4uk.ua ($100 in chips) 
Seat 5: SeEevg ($128.04 in chips) 
Seat 6: m1lkdud ($110.62 in chips) 
dreimis190: posts small blind $0.50
coeeeelho: posts big blind $1
*** HOLE CARDS ***
Pon4uk.ua: folds 
SeEevg: raises $1.50 to $2.50
m1lkdud: folds 
poker_soul11: folds 
dreimis190: folds 
coeeeelho: calls $1.50
*** FLOP *** [Ah 6d Qd]
coeeeelho: checks 
SeEevg: bets $3.92
coeeeelho: folds 
Uncalled bet ($3.92) returned to SeEevg
SeEevg collected $5.22 from pot
SeEevg: doesn't show hand 
*** SUMMARY ***
Total pot $5.50 | Rake $0.28 
Board [Ah 6d Qd]
Seat 1: poker_soul11 (button) folded before Flop (didn't bet)
Seat 2: dreimis190 (small blind) folded before Flop
Seat 3: coeeeelho (big blind) folded on the Flop
Seat 4: Pon4uk.ua folded before Flop (didn't bet)
Seat 5: SeEevg collected ($5.22)
Seat 6: m1lkdud folded before Flop (didn't bet)



PokerStars Hand #254559997534:  Hold'em No Limit ($0.50/$1.00 USD) - 2025/01/26 11:57:43 WET [2025/01/26 6:57:43 ET]
Table 'Antares IV' 6-max Seat #2 is the button
Seat 4: Pon4uk.ua ($100 in chips) is sitting out
Seat 1: poker_soul11 ($192.96 in chips) 
Seat 2: dreimis190 ($103.12 in chips) 
Seat 3: coeeeelho ($100 in chips) 
Seat 5: SeEevg ($130.76 in chips) 
Seat 6: m1lkdud ($110.62 in chips) 
coeeeelho: posts small blind $0.50
SeEevg: posts big blind $1
*** HOLE CARDS ***
Pon4uk.ua leaves the table
m1lkdud: raises $2.50 to $3.50
poker_soul11: folds 
dreimis190: folds 
coeeeelho: folds 
SeEevg: folds 
Uncalled bet ($2.50) returned to m1lkdud
m1lkdud collected $2.50 from pot
*** SUMMARY ***
Total pot $2.50 | Rake $0 
Seat 4: Pon4uk.ua
Seat 1: poker_soul11 folded before Flop (didn't bet)
Seat 2: dreimis190 (button) folded before Flop (didn't bet)
Seat 3: coeeeelho (small blind) folded before Flop
Seat 5: SeEevg (big blind) folded before Flop
Seat 6: m1lkdud collected ($2.50)



PokerStars Hand #254560000378:  Hold'em No Limit ($0.50/$1.00 USD) - 2025/01/26 11:58:08 WET [2025/01/26 6:58:08 ET]
Table 'Antares IV' 6-max Seat #3 is the button
Seat 1: poker_soul11 ($192.96 in chips) 
Seat 2: dreimis190 ($103.12 in chips) 
Seat 3: coeeeelho ($100 in chips) 
Seat 5: SeEevg ($129.76 in chips) 
Seat 6: m1lkdud ($112.12 in chips) 
SeEevg: posts small blind $0.50
m1lkdud: posts big blind $1
*** HOLE CARDS ***
poker_soul11: folds 
dreimis190: raises $1.50 to $2.50
coeeeelho: folds 
SeEevg: folds 
m1lkdud: calls $1.50
*** FLOP *** [7s As 3c]
m1lkdud: checks 
dreimis190: bets $1.72
m1lkdud: folds 
Uncalled bet ($1.72) returned to dreimis190
dreimis190 collected $5.22 from pot
dreimis190: doesn't show hand 
*** SUMMARY ***
Total pot $5.50 | Rake $0.28 
Board [7s As 3c]
Seat 1: poker_soul11 folded before Flop (didn't bet)
Seat 2: dreimis190 collected ($5.22)
Seat 3: coeeeelho (button) folded before Flop (didn't bet)
Seat 5: SeEevg (small blind) folded before Flop
Seat 6: m1lkdud (big blind) folded on the Flop



PokerStars Hand #254560003222:  Hold'em No Limit ($0.50/$1.00 USD) - 2025/01/26 11:58:32 WET [2025/01/26 6:58:32 ET]
Table 'Antares IV' 6-max Seat #5 is the button
Seat 1: poker_soul11 ($192.96 in chips) 
Seat 2: dreimis190 ($105.84 in chips) 
Seat 3: coeeeelho ($100 in chips) 
Seat 5: SeEevg ($129.26 in chips) 
Seat 6: m1lkdud ($109.62 in chips) 
m1lkdud: posts small blind $0.50
poker_soul11: posts big blind $1
*** HOLE CARDS ***
dreimis190: folds 
coeeeelho: folds 
SeEevg: raises $1.50 to $2.50
m1lkdud: folds 
poker_soul11: folds 
Uncalled bet ($1.50) returned to SeEevg
SeEevg collected $2.50 from pot
SeEevg: doesn't show hand 
*** SUMMARY ***
Total pot $2.50 | Rake $0 
Seat 1: poker_soul11 (big blind) folded before Flop
Seat 2: dreimis190 folded before Flop (didn't bet)
Seat 3: coeeeelho folded before Flop (didn't bet)
Seat 5: SeEevg (button) collected ($2.50)
Seat 6: m1lkdud (small blind) folded before Flop



PokerStars Hand #254560004903:  Hold'em No Limit ($0.50/$1.00 USD) - 2025/01/26 11:58:47 WET [2025/01/26 6:58:47 ET]
Table 'Antares IV' 6-max Seat #6 is the button
Seat 1: poker_soul11 ($191.96 in chips) 
Seat 2: dreimis190 ($105.84 in chips) 
Seat 3: coeeeelho ($100 in chips) 
Seat 5: SeEevg ($130.76 in chips) 
Seat 6: m1lkdud ($109.12 in chips) 
poker_soul11: posts small blind $0.50
dreimis190: posts big blind $1
*** HOLE CARDS ***
coeeeelho: folds 
SeEevg: folds 
m1lkdud: folds 
poker_soul11: raises $2 to $3
dreimis190: calls $2
*** FLOP *** [6d 7h Ah]
poker_soul11: bets $1.88
dreimis190: calls $1.88
*** TURN *** [6d 7h Ah] [Jc]
poker_soul11: checks 
dreimis190: checks 
*** RIVER *** [6d 7h Ah Jc] [9s]
poker_soul11: checks 
dreimis190: bets $6.95
poker_soul11: raises $23.17 to $30.12
dreimis190: folds 
Uncalled bet ($23.17) returned to poker_soul11
poker_soul11 collected $22.48 from pot
poker_soul11: doesn't show hand 
*** SUMMARY ***
Total pot $23.66 | Rake $1.18 
Board [6d 7h Ah Jc 9s]
Seat 1: poker_soul11 (small blind) collected ($22.48)
Seat 2: dreimis190 (big blind) folded on the River
Seat 3: coeeeelho folded before Flop (didn't bet)
Seat 5: SeEevg folded before Flop (didn't bet)
Seat 6: m1lkdud (button) folded before Flop (didn't bet)



PokerStars Hand #254560015136:  Hold'em No Limit ($0.50/$1.00 USD) - 2025/01/26 12:00:14 WET [2025/01/26 7:00:14 ET]
Table 'Antares IV' 6-max Seat #1 is the button
Seat 1: poker_soul11 ($202.61 in chips) 
Seat 2: dreimis190 ($100 in chips) 
Seat 3: coeeeelho ($100 in chips) 
Seat 5: SeEevg ($130.76 in chips) 
Seat 6: m1lkdud ($109.12 in chips) 
dreimis190: posts small blind $0.50
coeeeelho: posts big blind $1
*** HOLE CARDS ***
SeEevg: folds 
m1lkdud: folds 
poker_soul11: raises $1.20 to $2.20
dreimis190: folds 
coeeeelho: folds 
Uncalled bet ($1.20) returned to poker_soul11
poker_soul11 collected $2.50 from pot
poker_soul11: doesn't show hand 
*** SUMMARY ***
Total pot $2.50 | Rake $0 
Seat 1: poker_soul11 (button) collected ($2.50)
Seat 2: dreimis190 (small blind) folded before Flop
Seat 3: coeeeelho (big blind) folded before Flop
Seat 5: SeEevg folded before Flop (didn't bet)
Seat 6: m1lkdud folded before Flop (didn't bet)



PokerStars Hand #254560033265:  Hold'em No Limit ($0.50/$1.00 USD) - 2025/01/26 12:02:31 WET [2025/01/26 7:02:31 ET]
Table 'Antares IV' 6-max Seat #6 is the button
Seat 1: poker_soul11 ($201.61 in chips) 
Seat 2: dreimis190 ($101.50 in chips) 
Seat 6: m1lkdud ($110.62 in chips) 
poker_soul11: posts small blind $0.50
dreimis190: posts big blind $1
*** HOLE CARDS ***
m1lkdud: raises $2.50 to $3.50
poker_soul11: folds 
dreimis190: folds 
Uncalled bet ($2.50) returned to m1lkdud
m1lkdud collected $2.50 from pot
*** SUMMARY ***
Total pot $2.50 | Rake $0 
Seat 1: poker_soul11 (small blind) folded before Flop
Seat 2: dreimis190 (big blind) folded before Flop
Seat 6: m1lkdud (button) collected ($2.50)



PokerStars Hand #254560034898:  Hold'em No Limit ($0.50/$1.00 USD) - 2025/01/26 12:02:43 WET [2025/01/26 7:02:43 ET]
Table 'Antares IV' 6-max Seat #1 is the button
Seat 1: poker_soul11 ($201.11 in chips) 
Seat 2: dreimis190 ($100.50 in chips) 
Seat 6: m1lkdud ($112.12 in chips) 
dreimis190: posts small blind $0.50
m1lkdud: posts big blind $1
*** HOLE CARDS ***
poker_soul11: folds 
dreimis190: folds 
Uncalled bet ($0.50) returned to m1lkdud
m1lkdud collected $1 from pot
*** SUMMARY ***
Total pot $1 | Rake $0 
Seat 1: poker_soul11 (button) folded before Flop (didn't bet)
Seat 2: dreimis190 (small blind) folded before Flop
Seat 6: m1lkdud (big blind) collected ($1)



PokerStars Hand #254560037222:  Hold'em No Limit ($0.50/$1.00 USD) - 2025/01/26 12:03:00 WET [2025/01/26 7:03:00 ET]
Table 'Antares IV' 6-max Seat #2 is the button
Seat 1: poker_soul11 ($201.11 in chips) 
Seat 2: dreimis190 ($100 in chips) 
Seat 6: m1lkdud ($112.62 in chips) 
m1lkdud: posts small blind $0.50
poker_soul11: posts big blind $1
*** HOLE CARDS ***
dreimis190: folds 
m1lkdud: folds 
Uncalled bet ($0.50) returned to poker_soul11
poker_soul11 collected $1 from pot
poker_soul11: doesn't show hand 
*** SUMMARY ***
Total pot $1 | Rake $0 
Seat 1: poker_soul11 (big blind) collected ($1)
Seat 2: dreimis190 (button) folded before Flop (didn't bet)
Seat 6: m1lkdud (small blind) folded before Flop



PokerStars Hand #254560038462:  Hold'em No Limit ($0.50/$1.00 USD) - 2025/01/26 12:03:08 WET [2025/01/26 7:03:08 ET]
Table 'Antares IV' 6-max Seat #6 is the button
Seat 1: poker_soul11 ($201.61 in chips) 
Seat 2: dreimis190 ($100 in chips) 
Seat 6: m1lkdud ($112.12 in chips) 
poker_soul11: posts small blind $0.50
dreimis190: posts big blind $1
*** HOLE CARDS ***
m1lkdud: raises $2.50 to $3.50
poker_soul11: folds 
dreimis190: folds 
Uncalled bet ($2.50) returned to m1lkdud
m1lkdud collected $2.50 from pot
*** SUMMARY ***
Total pot $2.50 | Rake $0 
Seat 1: poker_soul11 (small blind) folded before Flop
Seat 2: dreimis190 (big blind) folded before Flop
Seat 6: m1lkdud (button) collected ($2.50)



PokerStars Hand #254560041852:  Hold'em No Limit ($0.50/$1.00 USD) - 2025/01/26 12:03:31 WET [2025/01/26 7:03:31 ET]
Table 'Antares IV' 6-max Seat #1 is the button
Seat 1: poker_soul11 ($201.11 in chips) 
Seat 2: dreimis190 ($100 in chips) 
Seat 6: m1lkdud ($113.62 in chips) 
dreimis190: posts small blind $0.50
m1lkdud: posts big blind $1
*** HOLE CARDS ***
poker_soul11: folds 
dreimis190: folds 
Uncalled bet ($0.50) returned to m1lkdud
m1lkdud collected $1 from pot
*** SUMMARY ***
Total pot $1 | Rake $0 
Seat 1: poker_soul11 (button) folded before Flop (didn't bet)
Seat 2: dreimis190 (small blind) folded before Flop
Seat 6: m1lkdud (big blind) collected ($1)



PokerStars Hand #254560043514:  Hold'em No Limit ($0.50/$1.00 USD) - 2025/01/26 12:03:43 WET [2025/01/26 7:03:43 ET]
Table 'Antares IV' 6-max Seat #2 is the button
Seat 1: poker_soul11 ($201.11 in chips) 
Seat 2: dreimis190 ($100 in chips) 
Seat 6: m1lkdud ($114.12 in chips) 
m1lkdud: posts small blind $0.50
poker_soul11: posts big blind $1
*** HOLE CARDS ***
dreimis190: folds 
m1lkdud: folds 
Uncalled bet ($0.50) returned to poker_soul11
poker_soul11 collected $1 from pot
poker_soul11: doesn't show hand 
*** SUMMARY ***
Total pot $1 | Rake $0 
Seat 1: poker_soul11 (big blind) collected ($1)
Seat 2: dreimis190 (button) folded before Flop (didn't bet)
Seat 6: m1lkdud (small blind) folded before Flop



PokerStars Hand #254560044385:  Hold'em No Limit ($0.50/$1.00 USD) - 2025/01/26 12:03:49 WET [2025/01/26 7:03:49 ET]
Table 'Antares IV' 6-max Seat #6 is the button
Seat 1: poker_soul11 ($201.61 in chips) 
Seat 2: dreimis190 ($100 in chips) 
Seat 6: m1lkdud ($113.62 in chips) 
poker_soul11: posts small blind $0.50
dreimis190: posts big blind $1
*** HOLE CARDS ***
m1lkdud: folds 
poker_soul11: folds 
Uncalled bet ($0.50) returned to dreimis190
dreimis190 collected $1 from pot
dreimis190: doesn't show hand 
*** SUMMARY ***
Total pot $1 | Rake $0 
Seat 1: poker_soul11 (small blind) folded before Flop
Seat 2: dreimis190 (big blind) collected ($1)
Seat 6: m1lkdud (button) folded before Flop (didn't bet)



PokerStars Hand #254560045627:  Hold'em No Limit ($0.50/$1.00 USD) - 2025/01/26 12:03:57 WET [2025/01/26 7:03:57 ET]
Table 'Antares IV' 6-max Seat #1 is the button
Seat 1: poker_soul11 ($201.11 in chips) 
Seat 2: dreimis190 ($100.50 in chips) 
Seat 6: m1lkdud ($113.62 in chips) 
dreimis190: posts small blind $0.50
m1lkdud: posts big blind $1
*** HOLE CARDS ***
poker_soul11: raises $1.20 to $2.20
dreimis190: folds 
m1lkdud: folds 
Uncalled bet ($1.20) returned to poker_soul11
poker_soul11 collected $2.50 from pot
poker_soul11: doesn't show hand 
*** SUMMARY ***
Total pot $2.50 | Rake $0 
Seat 1: poker_soul11 (button) collected ($2.50)
Seat 2: dreimis190 (small blind) folded before Flop
Seat 6: m1lkdud (big blind) folded before Flop



PokerStars Hand #254560047843:  Hold'em No Limit ($0.50/$1.00 USD) - 2025/01/26 12:04:13 WET [2025/01/26 7:04:13 ET]
Table 'Antares IV' 6-max Seat #2 is the button
Seat 1: poker_soul11 ($202.61 in chips) 
Seat 2: dreimis190 ($100 in chips) 
Seat 6: m1lkdud ($112.62 in chips) 
m1lkdud: posts small blind $0.50
poker_soul11: posts big blind $1
*** HOLE CARDS ***
dreimis190: raises $1.50 to $2.50
m1lkdud: raises $7 to $9.50
poker_soul11: folds 
dreimis190: calls $7
*** FLOP *** [4s Jd 7c]
m1lkdud: bets $9.50
dreimis190: folds 
Uncalled bet ($9.50) returned to m1lkdud
m1lkdud collected $19 from pot
*** SUMMARY ***
Total pot $20 | Rake $1 
Board [4s Jd 7c]
Seat 1: poker_soul11 (big blind) folded before Flop
Seat 2: dreimis190 (button) folded on the Flop
Seat 6: m1lkdud (small blind) collected ($19)



PokerStars Hand #254560054934:  Hold'em No Limit ($0.50/$1.00 USD) - 2025/01/26 12:05:01 WET [2025/01/26 7:05:01 ET]
Table 'Antares IV' 6-max Seat #6 is the button
Seat 1: poker_soul11 ($201.61 in chips) 
Seat 2: dreimis190 ($100 in chips) 
Seat 6: m1lkdud ($122.12 in chips) 
poker_soul11: posts small blind $0.50
dreimis190: posts big blind $1
*** HOLE CARDS ***
m1lkdud: folds 
poker_soul11: raises $2 to $3
dreimis190: folds 
Uncalled bet ($2) returned to poker_soul11
poker_soul11 collected $2 from pot
poker_soul11: doesn't show hand 
*** SUMMARY ***
Total pot $2 | Rake $0 
Seat 1: poker_soul11 (small blind) collected ($2)
Seat 2: dreimis190 (big blind) folded before Flop
Seat 6: m1lkdud (button) folded before Flop (didn't bet)



PokerStars Hand #254560056842:  Hold'em No Limit ($0.50/$1.00 USD) - 2025/01/26 12:05:14 WET [2025/01/26 7:05:14 ET]
Table 'Antares IV' 6-max Seat #1 is the button
Seat 1: poker_soul11 ($202.61 in chips) 
Seat 2: dreimis190 ($100 in chips) 
Seat 6: m1lkdud ($122.12 in chips) 
dreimis190: posts small blind $0.50
m1lkdud: posts big blind $1
*** HOLE CARDS ***
poker_soul11: raises $1.20 to $2.20
dreimis190: folds 
m1lkdud: folds 
Uncalled bet ($1.20) returned to poker_soul11
poker_soul11 collected $2.50 from pot
poker_soul11: doesn't show hand 
*** SUMMARY ***
Total pot $2.50 | Rake $0 
Seat 1: poker_soul11 (button) collected ($2.50)
Seat 2: dreimis190 (small blind) folded before Flop
Seat 6: m1lkdud (big blind) folded before Flop



PokerStars Hand #254560060314:  Hold'em No Limit ($0.50/$1.00 USD) - 2025/01/26 12:05:38 WET [2025/01/26 7:05:38 ET]
Table 'Antares IV' 6-max Seat #2 is the button
Seat 1: poker_soul11 ($204.11 in chips) 
Seat 2: dreimis190 ($100 in chips) 
Seat 6: m1lkdud ($121.12 in chips) 
m1lkdud: posts small blind $0.50
poker_soul11: posts big blind $1
*** HOLE CARDS ***
dreimis190: raises $1.50 to $2.50
m1lkdud: folds 
poker_soul11: folds 
Uncalled bet ($1.50) returned to dreimis190
dreimis190 collected $2.50 from pot
dreimis190: doesn't show hand 
*** SUMMARY ***
Total pot $2.50 | Rake $0 
Seat 1: poker_soul11 (big blind) folded before Flop
Seat 2: dreimis190 (button) collected ($2.50)
Seat 6: m1lkdud (small blind) folded before Flop



PokerStars Hand #254560061968:  Hold'em No Limit ($0.50/$1.00 USD) - 2025/01/26 12:05:49 WET [2025/01/26 7:05:49 ET]
Table 'Antares IV' 6-max Seat #6 is the button
Seat 1: poker_soul11 ($203.11 in chips) 
Seat 2: dreimis190 ($101.50 in chips) 
Seat 6: m1lkdud ($120.62 in chips) 
poker_soul11: posts small blind $0.50
dreimis190: posts big blind $1
*** HOLE CARDS ***
m1lkdud: raises $2.50 to $3.50
poker_soul11: folds 
dreimis190: folds 
Uncalled bet ($2.50) returned to m1lkdud
m1lkdud collected $2.50 from pot
*** SUMMARY ***
Total pot $2.50 | Rake $0 
Seat 1: poker_soul11 (small blind) folded before Flop
Seat 2: dreimis190 (big blind) folded before Flop
Seat 6: m1lkdud (button) collected ($2.50)



PokerStars Hand #254560064816:  Hold'em No Limit ($0.50/$1.00 USD) - 2025/01/26 12:06:09 WET [2025/01/26 7:06:09 ET]
Table 'Antares IV' 6-max Seat #1 is the button
Seat 1: poker_soul11 ($202.61 in chips) 
Seat 2: dreimis190 ($100.50 in chips) 
Seat 6: m1lkdud ($122.12 in chips) 
dreimis190: posts small blind $0.50
m1lkdud: posts big blind $1
*** HOLE CARDS ***
poker_soul11: folds 
dreimis190: folds 
Uncalled bet ($0.50) returned to m1lkdud
m1lkdud collected $1 from pot
*** SUMMARY ***
Total pot $1 | Rake $0 
Seat 1: poker_soul11 (button) folded before Flop (didn't bet)
Seat 2: dreimis190 (small blind) folded before Flop
Seat 6: m1lkdud (big blind) collected ($1)



PokerStars Hand #254560068363:  Hold'em No Limit ($0.50/$1.00 USD) - 2025/01/26 12:06:32 WET [2025/01/26 7:06:32 ET]
Table 'Antares IV' 6-max Seat #2 is the button
Seat 1: poker_soul11 ($202.61 in chips) 
Seat 2: dreimis190 ($100 in chips) 
Seat 6: m1lkdud ($122.62 in chips) 
m1lkdud: posts small blind $0.50
poker_soul11: posts big blind $1
*** HOLE CARDS ***
dreimis190: raises $1.50 to $2.50
m1lkdud: folds 
poker_soul11: folds 
Uncalled bet ($1.50) returned to dreimis190
dreimis190 collected $2.50 from pot
dreimis190: doesn't show hand 
*** SUMMARY ***
Total pot $2.50 | Rake $0 
Seat 1: poker_soul11 (big blind) folded before Flop
Seat 2: dreimis190 (button) collected ($2.50)
Seat 6: m1lkdud (small blind) folded before Flop



PokerStars Hand #254560070174:  Hold'em No Limit ($0.50/$1.00 USD) - 2025/01/26 12:06:45 WET [2025/01/26 7:06:45 ET]
Table 'Antares IV' 6-max Seat #6 is the button
Seat 1: poker_soul11 ($201.61 in chips) 
Seat 2: dreimis190 ($101.50 in chips) 
Seat 6: m1lkdud ($122.12 in chips) 
poker_soul11: posts small blind $0.50
dreimis190: posts big blind $1
*** HOLE CARDS ***
m1lkdud: raises $2.50 to $3.50
poker_soul11: folds 
dreimis190: folds 
Uncalled bet ($2.50) returned to m1lkdud
m1lkdud collected $2.50 from pot
*** SUMMARY ***
Total pot $2.50 | Rake $0 
Seat 1: poker_soul11 (small blind) folded before Flop
Seat 2: dreimis190 (big blind) folded before Flop
Seat 6: m1lkdud (button) collected ($2.50)



PokerStars Hand #254560071952:  Hold'em No Limit ($0.50/$1.00 USD) - 2025/01/26 12:06:57 WET [2025/01/26 7:06:57 ET]
Table 'Antares IV' 6-max Seat #1 is the button
Seat 1: poker_soul11 ($201.11 in chips) 
Seat 2: dreimis190 ($100.50 in chips) 
Seat 6: m1lkdud ($123.62 in chips) 
dreimis190: posts small blind $0.50
m1lkdud: posts big blind $1
*** HOLE CARDS ***
poker_soul11: folds 
dreimis190: folds 
Uncalled bet ($0.50) returned to m1lkdud
m1lkdud collected $1 from pot
*** SUMMARY ***
Total pot $1 | Rake $0 
Seat 1: poker_soul11 (button) folded before Flop (didn't bet)
Seat 2: dreimis190 (small blind) folded before Flop
Seat 6: m1lkdud (big blind) collected ($1)



PokerStars Hand #254560073901:  Hold'em No Limit ($0.50/$1.00 USD) - 2025/01/26 12:07:10 WET [2025/01/26 7:07:10 ET]
Table 'Antares IV' 6-max Seat #2 is the button
Seat 1: poker_soul11 ($201.11 in chips) 
Seat 2: dreimis190 ($100 in chips) 
Seat 6: m1lkdud ($124.12 in chips) 
m1lkdud: posts small blind $0.50
poker_soul11: posts big blind $1
*** HOLE CARDS ***
dreimis190: raises $1.50 to $2.50
m1lkdud: folds 
poker_soul11: folds 
Uncalled bet ($1.50) returned to dreimis190
dreimis190 collected $2.50 from pot
dreimis190: doesn't show hand 
*** SUMMARY ***
Total pot $2.50 | Rake $0 
Seat 1: poker_soul11 (big blind) folded before Flop
Seat 2: dreimis190 (button) collected ($2.50)
Seat 6: m1lkdud (small blind) folded before Flop



PokerStars Hand #254560075099:  Hold'em No Limit ($0.50/$1.00 USD) - 2025/01/26 12:07:18 WET [2025/01/26 7:07:18 ET]
Table 'Antares IV' 6-max Seat #6 is the button
Seat 1: poker_soul11 ($200.11 in chips) 
Seat 2: dreimis190 ($101.50 in chips) 
Seat 6: m1lkdud ($123.62 in chips) 
poker_soul11: posts small blind $0.50
dreimis190: posts big blind $1
*** HOLE CARDS ***
m1lkdud: raises $2.50 to $3.50
poker_soul11: folds 
dreimis190: folds 
Uncalled bet ($2.50) returned to m1lkdud
m1lkdud collected $2.50 from pot
*** SUMMARY ***
Total pot $2.50 | Rake $0 
Seat 1: poker_soul11 (small blind) folded before Flop
Seat 2: dreimis190 (big blind) folded before Flop
Seat 6: m1lkdud (button) collected ($2.50)



PokerStars Hand #254560076944:  Hold'em No Limit ($0.50/$1.00 USD) - 2025/01/26 12:07:31 WET [2025/01/26 7:07:31 ET]
Table 'Antares IV' 6-max Seat #1 is the button
Seat 1: poker_soul11 ($199.61 in chips) 
Seat 2: dreimis190 ($100.50 in chips) 
Seat 6: m1lkdud ($125.12 in chips) 
dreimis190: posts small blind $0.50
m1lkdud: posts big blind $1
*** HOLE CARDS ***
poker_soul11: raises $1.20 to $2.20
dreimis190: folds 
m1lkdud: folds 
Uncalled bet ($1.20) returned to poker_soul11
poker_soul11 collected $2.50 from pot
poker_soul11: doesn't show hand 
*** SUMMARY ***
Total pot $2.50 | Rake $0 
Seat 1: poker_soul11 (button) collected ($2.50)
Seat 2: dreimis190 (small blind) folded before Flop
Seat 6: m1lkdud (big blind) folded before Flop



PokerStars Hand #254560078060:  Hold'em No Limit ($0.50/$1.00 USD) - 2025/01/26 12:07:39 WET [2025/01/26 7:07:39 ET]
Table 'Antares IV' 6-max Seat #2 is the button
Seat 1: poker_soul11 ($201.11 in chips) 
Seat 2: dreimis190 ($100 in chips) 
Seat 6: m1lkdud ($124.12 in chips) 
m1lkdud: posts small blind $0.50
poker_soul11: posts big blind $1
*** HOLE CARDS ***
dreimis190: raises $1.50 to $2.50
m1lkdud: folds 
poker_soul11: folds 
Uncalled bet ($1.50) returned to dreimis190
dreimis190 collected $2.50 from pot
dreimis190: doesn't show hand 
*** SUMMARY ***
Total pot $2.50 | Rake $0 
Seat 1: poker_soul11 (big blind) folded before Flop
Seat 2: dreimis190 (button) collected ($2.50)
Seat 6: m1lkdud (small blind) folded before Flop



PokerStars Hand #254560080262:  Hold'em No Limit ($0.50/$1.00 USD) - 2025/01/26 12:07:54 WET [2025/01/26 7:07:54 ET]
Table 'Antares IV' 6-max Seat #6 is the button
Seat 1: poker_soul11 ($200.11 in chips) 
Seat 2: dreimis190 ($101.50 in chips) 
Seat 6: m1lkdud ($123.62 in chips) 
poker_soul11: posts small blind $0.50
dreimis190: posts big blind $1
*** HOLE CARDS ***
m1lkdud: folds 
poker_soul11: folds 
Uncalled bet ($0.50) returned to dreimis190
dreimis190 collected $1 from pot
dreimis190: doesn't show hand 
*** SUMMARY ***
Total pot $1 | Rake $0 
Seat 1: poker_soul11 (small blind) folded before Flop
Seat 2: dreimis190 (big blind) collected ($1)
Seat 6: m1lkdud (button) folded before Flop (didn't bet)



PokerStars Hand #254560081434:  Hold'em No Limit ($0.50/$1.00 USD) - 2025/01/26 12:08:02 WET [2025/01/26 7:08:02 ET]
Table 'Antares IV' 6-max Seat #1 is the button
Seat 1: poker_soul11 ($199.61 in chips) 
Seat 2: dreimis190 ($102 in chips) 
Seat 6: m1lkdud ($123.62 in chips) 
dreimis190: posts small blind $0.50
m1lkdud: posts big blind $1
*** HOLE CARDS ***
poker_soul11: folds 
dreimis190: raises $2 to $3
m1lkdud: raises $8 to $11
dreimis190: raises $91 to $102 and is all-in
m1lkdud: calls $91
*** FLOP *** [Ac 4h 2s]
*** TURN *** [Ac 4h 2s] [Td]
*** RIVER *** [Ac 4h 2s Td] [Tc]
*** SHOW DOWN ***
dreimis190: shows [9d 9h] (two pair, Tens and Nines)
m1lkdud: shows [Qd Ks] (a pair of Tens)
dreimis190 collected $203 from pot
*** SUMMARY ***
Total pot $204 | Rake $1 
Board [Ac 4h 2s Td Tc]
Seat 1: poker_soul11 (button) folded before Flop (didn't bet)
Seat 2: dreimis190 (small blind) showed [9d 9h] and won ($203) with two pair, Tens and Nines
Seat 6: m1lkdud (big blind) showed [Qd Ks] and lost with a pair of Tens



PokerStars Hand #254560087487:  Hold'em No Limit ($0.50/$1.00 USD) - 2025/01/26 12:08:44 WET [2025/01/26 7:08:44 ET]
Table 'Antares IV' 6-max Seat #2 is the button
Seat 1: poker_soul11 ($199.61 in chips) 
Seat 2: dreimis190 ($203 in chips) 
dreimis190: posts small blind $0.50
poker_soul11: posts big blind $1
*** HOLE CARDS ***
dreimis190: folds 
Uncalled bet ($0.50) returned to poker_soul11
poker_soul11 collected $1 from pot
poker_soul11: doesn't show hand 
*** SUMMARY ***
Total pot $1 | Rake $0 
Seat 1: poker_soul11 (big blind) collected ($1)
Seat 2: dreimis190 (button) (small blind) folded before Flop



PokerStars Hand #254560176916:  Hold'em No Limit ($0.50/$1.00 USD) - 2025/01/26 12:19:04 WET [2025/01/26 7:19:04 ET]
Table 'Antares IV' 6-max Seat #4 is the button
Seat 1: poker_soul11 ($200.11 in chips) is sitting out
Seat 4: franco232315 ($80 in chips) 
Seat 6: BoyLoc0 ($100 in chips) 
franco232315: posts small blind $0.50
BoyLoc0: posts big blind $1
*** HOLE CARDS ***
franco232315: raises $1.50 to $2.50
BoyLoc0: folds 
Uncalled bet ($1.50) returned to franco232315
franco232315 collected $2 from pot
franco232315: doesn't show hand 
*** SUMMARY ***
Total pot $2 | Rake $0 
Seat 1: poker_soul11
Seat 4: franco232315 (button) (small blind) collected ($2)
Seat 6: BoyLoc0 (big blind) folded before Flop



PokerStars Hand #254560178729:  Hold'em No Limit ($0.50/$1.00 USD) - 2025/01/26 12:19:17 WET [2025/01/26 7:19:17 ET]
Table 'Antares IV' 6-max Seat #6 is the button
Seat 1: poker_soul11 ($200.11 in chips) is sitting out
Seat 4: franco232315 ($100 in chips) 
Seat 6: BoyLoc0 ($100 in chips) 
BoyLoc0: posts small blind $0.50
franco232315: posts big blind $1
*** HOLE CARDS ***
BoyLoc0: raises $1.50 to $2.50
franco232315: calls $1.50
*** FLOP *** [3h As 3s]
franco232315: checks 
BoyLoc0: bets $1.57
franco232315: calls $1.57
*** TURN *** [3h As 3s] [5h]
franco232315: checks 
BoyLoc0: bets $5.80
franco232315: folds 
Uncalled bet ($5.80) returned to BoyLoc0
BoyLoc0 collected $7.73 from pot
BoyLoc0: doesn't show hand 
*** SUMMARY ***
Total pot $8.14 | Rake $0.41 
Board [3h As 3s 5h]
Seat 1: poker_soul11
Seat 4: franco232315 (big blind) folded on the Turn
Seat 6: BoyLoc0 (button) (small blind) collected ($7.73)



PokerStars Hand #254560186140:  Hold'em No Limit ($0.50/$1.00 USD) - 2025/01/26 12:20:07 WET [2025/01/26 7:20:07 ET]
Table 'Antares IV' 6-max Seat #4 is the button
Seat 1: poker_soul11 ($200.11 in chips) 
Seat 4: franco232315 ($100 in chips) 
Seat 6: BoyLoc0 ($103.66 in chips) 
BoyLoc0: posts small blind $0.50
poker_soul11: posts big blind $1
*** HOLE CARDS ***
franco232315: folds 
BoyLoc0: folds 
Uncalled bet ($0.50) returned to poker_soul11
poker_soul11 collected $1 from pot
poker_soul11: doesn't show hand 
*** SUMMARY ***
Total pot $1 | Rake $0 
Seat 1: poker_soul11 (big blind) collected ($1)
Seat 4: franco232315 (button) folded before Flop (didn't bet)
Seat 6: BoyLoc0 (small blind) folded before Flop



PokerStars Hand #254560187863:  Hold'em No Limit ($0.50/$1.00 USD) - 2025/01/26 12:20:19 WET [2025/01/26 7:20:19 ET]
Table 'Antares IV' 6-max Seat #6 is the button
Seat 1: poker_soul11 ($200.61 in chips) 
Seat 4: franco232315 ($100 in chips) 
Seat 6: BoyLoc0 ($103.16 in chips) 
poker_soul11: posts small blind $0.50
franco232315: posts big blind $1
*** HOLE CARDS ***
BoyLoc0: folds 
poker_soul11: folds 
Uncalled bet ($0.50) returned to franco232315
franco232315 collected $1 from pot
franco232315: doesn't show hand 
*** SUMMARY ***
Total pot $1 | Rake $0 
Seat 1: poker_soul11 (small blind) folded before Flop
Seat 4: franco232315 (big blind) collected ($1)
Seat 6: BoyLoc0 (button) folded before Flop (didn't bet)



PokerStars Hand #254560190161:  Hold'em No Limit ($0.50/$1.00 USD) - 2025/01/26 12:20:34 WET [2025/01/26 7:20:34 ET]
Table 'Antares IV' 6-max Seat #1 is the button
Seat 1: poker_soul11 ($200.11 in chips) 
Seat 4: franco232315 ($100.50 in chips) 
Seat 6: BoyLoc0 ($103.16 in chips) 
franco232315: posts small blind $0.50
BoyLoc0: posts big blind $1
*** HOLE CARDS ***
poker_soul11: folds 
franco232315: raises $2 to $3
BoyLoc0: folds 
Uncalled bet ($2) returned to franco232315
franco232315 collected $2 from pot
franco232315: doesn't show hand 
*** SUMMARY ***
Total pot $2 | Rake $0 
Seat 1: poker_soul11 (button) folded before Flop (didn't bet)
Seat 4: franco232315 (small blind) collected ($2)
Seat 6: BoyLoc0 (big blind) folded before Flop



PokerStars Hand #254560191935:  Hold'em No Limit ($0.50/$1.00 USD) - 2025/01/26 12:20:46 WET [2025/01/26 7:20:46 ET]
Table 'Antares IV' 6-max Seat #6 is the button
Seat 1: poker_soul11 ($200.11 in chips) is sitting out
Seat 4: franco232315 ($101.50 in chips) 
Seat 6: BoyLoc0 ($102.16 in chips) 
BoyLoc0: posts small blind $0.50
poker_soul11: is sitting out 
franco232315: posts big blind $1
*** HOLE CARDS ***
poker_soul11 leaves the table
BoyLoc0: raises $1.50 to $2.50
poker_soul11 joins the table at seat #2 
franco232315: folds 
Uncalled bet ($1.50) returned to BoyLoc0
BoyLoc0 collected $2 from pot
BoyLoc0: doesn't show hand 
*** SUMMARY ***
Total pot $2 | Rake $0 
Seat 1: poker_soul11
Seat 4: franco232315 (big blind) folded before Flop
Seat 6: BoyLoc0 (button) (small blind) collected ($2)



PokerStars Hand #254560193724:  Hold'em No Limit ($0.50/$1.00 USD) - 2025/01/26 12:20:58 WET [2025/01/26 7:20:58 ET]
Table 'Antares IV' 6-max Seat #4 is the button
Seat 2: poker_soul11 ($200.11 in chips) 
Seat 4: franco232315 ($100.50 in chips) 
Seat 6: BoyLoc0 ($103.16 in chips) 
BoyLoc0: posts small blind $0.50
poker_soul11: posts big blind $1
*** HOLE CARDS ***
franco232315: folds 
BoyLoc0: raises $2 to $3
poker_soul11: folds 
Uncalled bet ($2) returned to BoyLoc0
BoyLoc0 collected $2 from pot
BoyLoc0: doesn't show hand 
*** SUMMARY ***
Total pot $2 | Rake $0 
Seat 2: poker_soul11 (big blind) folded before Flop
Seat 4: franco232315 (button) folded before Flop (didn't bet)
Seat 6: BoyLoc0 (small blind) collected ($2)



PokerStars Hand #254560196231:  Hold'em No Limit ($0.50/$1.00 USD) - 2025/01/26 12:21:15 WET [2025/01/26 7:21:15 ET]
Table 'Antares IV' 6-max Seat #6 is the button
Seat 2: poker_soul11 ($199.11 in chips) 
Seat 4: franco232315 ($100.50 in chips) 
Seat 6: BoyLoc0 ($104.16 in chips) 
poker_soul11: posts small blind $0.50
franco232315: posts big blind $1
*** HOLE CARDS ***
BoyLoc0: folds 
poker_soul11: raises $2 to $3
franco232315: folds 
Uncalled bet ($2) returned to poker_soul11
poker_soul11 collected $2 from pot
poker_soul11: doesn't show hand 
*** SUMMARY ***
Total pot $2 | Rake $0 
Seat 2: poker_soul11 (small blind) collected ($2)
Seat 4: franco232315 (big blind) folded before Flop
Seat 6: BoyLoc0 (button) folded before Flop (didn't bet)



PokerStars Hand #254560198800:  Hold'em No Limit ($0.50/$1.00 USD) - 2025/01/26 12:21:32 WET [2025/01/26 7:21:32 ET]
Table 'Antares IV' 6-max Seat #4 is the button
Seat 6: BoyLoc0 ($104.16 in chips) is sitting out
Seat 2: poker_soul11 ($200.11 in chips) 
Seat 4: franco232315 ($100 in chips) 
franco232315: posts small blind $0.50
poker_soul11: posts big blind $1
*** HOLE CARDS ***
franco232315: raises $1.50 to $2.50
poker_soul11 has timed out
poker_soul11: folds 
Uncalled bet ($1.50) returned to franco232315
franco232315 collected $2 from pot
franco232315: doesn't show hand 
*** SUMMARY ***
Total pot $2 | Rake $0 
Seat 6: BoyLoc0
Seat 2: poker_soul11 (big blind) folded before Flop
Seat 4: franco232315 (button) (small blind) collected ($2)



PokerStars Hand #254560205017:  Hold'em No Limit ($0.50/$1.00 USD) - 2025/01/26 12:22:14 WET [2025/01/26 7:22:14 ET]
Table 'Antares IV' 6-max Seat #4 is the button
Seat 2: poker_soul11 ($199.11 in chips) is sitting out
Seat 4: franco232315 ($101 in chips) 
Seat 6: BoyLoc0 ($104.16 in chips) 
franco232315: posts small blind $0.50
BoyLoc0: posts big blind $1
*** HOLE CARDS ***
franco232315: raises $1.50 to $2.50
BoyLoc0: calls $1.50
*** FLOP *** [4s 9h Tc]
BoyLoc0: checks 
franco232315: bets $3.56
BoyLoc0: calls $3.56
*** TURN *** [4s 9h Tc] [Jc]
BoyLoc0: checks 
franco232315: bets $8.63
BoyLoc0: calls $8.63
*** RIVER *** [4s 9h Tc Jc] [3c]
BoyLoc0: checks 
franco232315: checks 
*** SHOW DOWN ***
BoyLoc0: shows [Js 9c] (two pair, Jacks and Nines)
franco232315: mucks hand 
BoyLoc0 collected $28.38 from pot
*** SUMMARY ***
Total pot $29.38 | Rake $1 
Board [4s 9h Tc Jc 3c]
Seat 2: poker_soul11
Seat 4: franco232315 (button) (small blind) mucked
Seat 6: BoyLoc0 (big blind) showed [Js 9c] and won ($28.38) with two pair, Jacks and Nines



PokerStars Hand #254560215349:  Hold'em No Limit ($0.50/$1.00 USD) - 2025/01/26 12:23:24 WET [2025/01/26 7:23:24 ET]
Table 'Antares IV' 6-max Seat #6 is the button
Seat 2: poker_soul11 ($199.11 in chips) is sitting out
Seat 4: franco232315 ($100 in chips) 
Seat 6: BoyLoc0 ($117.85 in chips) 
BoyLoc0: posts small blind $0.50
franco232315: posts big blind $1
*** HOLE CARDS ***
BoyLoc0: raises $1.50 to $2.50
franco232315: calls $1.50
*** FLOP *** [Qs 4s 7c]
franco232315: checks 
BoyLoc0: bets $1.57
franco232315: raises $5.14 to $6.71
BoyLoc0: calls $5.14
*** TURN *** [Qs 4s 7c] [3h]
franco232315: bets $26.25
BoyLoc0: folds 
Uncalled bet ($26.25) returned to franco232315
franco232315 collected $17.50 from pot
franco232315: doesn't show hand 
*** SUMMARY ***
Total pot $18.42 | Rake $0.92 
Board [Qs 4s 7c 3h]
Seat 2: poker_soul11
Seat 4: franco232315 (big blind) collected ($17.50)
Seat 6: BoyLoc0 (button) (small blind) folded on the Turn



PokerStars Hand #254560223760:  Hold'em No Limit ($0.50/$1.00 USD) - 2025/01/26 12:24:20 WET [2025/01/26 7:24:20 ET]
Table 'Antares IV' 6-max Seat #4 is the button
Seat 2: poker_soul11 ($199.11 in chips) 
Seat 4: franco232315 ($108.29 in chips) 
Seat 6: BoyLoc0 ($108.64 in chips) 
BoyLoc0: posts small blind $0.50
poker_soul11: posts big blind $1
*** HOLE CARDS ***
franco232315 has timed out
franco232315: folds 
BoyLoc0: folds 
Uncalled bet ($0.50) returned to poker_soul11
poker_soul11 collected $1 from pot
poker_soul11: doesn't show hand 
*** SUMMARY ***
Total pot $1 | Rake $0 
Seat 2: poker_soul11 (big blind) collected ($1)
Seat 4: franco232315 (button) folded before Flop (didn't bet)
Seat 6: BoyLoc0 (small blind) folded before Flop



PokerStars Hand #254560226807:  Hold'em No Limit ($0.50/$1.00 USD) - 2025/01/26 12:24:41 WET [2025/01/26 7:24:41 ET]
Table 'Antares IV' 6-max Seat #6 is the button
Seat 2: poker_soul11 ($199.61 in chips) 
Seat 4: franco232315 ($108.29 in chips) 
Seat 6: BoyLoc0 ($108.14 in chips) 
poker_soul11: posts small blind $0.50
franco232315: posts big blind $1
*** HOLE CARDS ***
BoyLoc0: folds 
poker_soul11: raises $2 to $3
franco232315: raises $6 to $9
blistein joins the table at seat #3 
Poker9803 joins the table at seat #5 
UnderC@t joins the table at seat #1 
poker_soul11: calls $6
*** FLOP *** [3s Qs 4d]
poker_soul11: checks 
franco232315: bets $5.64
poker_soul11: folds 
Uncalled bet ($5.64) returned to franco232315
franco232315 collected $17.10 from pot
franco232315: doesn't show hand 
*** SUMMARY ***
Total pot $18 | Rake $0.90 
Board [3s Qs 4d]
Seat 2: poker_soul11 (small blind) folded on the Flop
Seat 4: franco232315 (big blind) collected ($17.10)
Seat 6: BoyLoc0 (button) folded before Flop (didn't bet)



PokerStars Hand #254560234378:  Hold'em No Limit ($0.50/$1.00 USD) - 2025/01/26 12:25:31 WET [2025/01/26 7:25:31 ET]
Table 'Antares IV' 6-max Seat #2 is the button
Seat 1: UnderC@t ($100 in chips) is sitting out
Seat 3: blistein ($100 in chips) is sitting out
Seat 2: poker_soul11 ($190.61 in chips) 
Seat 4: franco232315 ($116.39 in chips) 
Seat 5: Poker9803 ($100 in chips) 
Seat 6: BoyLoc0 ($108.14 in chips) 
franco232315: posts small blind $0.50
Poker9803: posts big blind $1
UnderC@t: sits out 
*** HOLE CARDS ***
BoyLoc0: folds 
poker_soul11: folds 
franco232315: raises $2 to $3
Poker9803: folds 
Uncalled bet ($2) returned to franco232315
franco232315 collected $2 from pot
franco232315: doesn't show hand 
*** SUMMARY ***
Total pot $2 | Rake $0 
Seat 1: UnderC@t
Seat 3: blistein
Seat 2: poker_soul11 (button) folded before Flop (didn't bet)
Seat 4: franco232315 (small blind) collected ($2)
Seat 5: Poker9803 (big blind) folded before Flop
Seat 6: BoyLoc0 folded before Flop (didn't bet)



PokerStars Hand #254560237312:  Hold'em No Limit ($0.50/$1.00 USD) - 2025/01/26 12:25:51 WET [2025/01/26 7:25:51 ET]
Table 'Antares IV' 6-max Seat #4 is the button
Seat 1: UnderC@t ($100 in chips) is sitting out
Seat 3: blistein ($100 in chips) is sitting out
Seat 2: poker_soul11 ($190.61 in chips) 
Seat 4: franco232315 ($117.39 in chips) 
Seat 5: Poker9803 ($100 in chips) 
Seat 6: BoyLoc0 ($108.14 in chips) 
Poker9803: posts small blind $0.50
BoyLoc0: posts big blind $1
UnderC@t: sits out 
blistein: sits out 
*** HOLE CARDS ***
poker_soul11: raises $1.20 to $2.20
franco232315: folds 
Poker9803: folds 
BoyLoc0: calls $1.20
*** FLOP *** [8c 3s 9d]
BoyLoc0: checks 
poker_soul11: checks 
*** TURN *** [8c 3s 9d] [4s]
BoyLoc0: bets $3.50
poker_soul11: calls $3.50
*** RIVER *** [8c 3s 9d 4s] [Tc]
BoyLoc0: bets $16.95
poker_soul11: folds 
Uncalled bet ($16.95) returned to BoyLoc0
BoyLoc0 collected $11.30 from pot
BoyLoc0: doesn't show hand 
*** SUMMARY ***
Total pot $11.90 | Rake $0.60 
Board [8c 3s 9d 4s Tc]
Seat 1: UnderC@t
Seat 3: blistein
Seat 2: poker_soul11 folded on the River
Seat 4: franco232315 (button) folded before Flop (didn't bet)
Seat 5: Poker9803 (small blind) folded before Flop
Seat 6: BoyLoc0 (big blind) collected ($11.30)



PokerStars Hand #254560245915:  Hold'em No Limit ($0.50/$1.00 USD) - 2025/01/26 12:26:47 WET [2025/01/26 7:26:47 ET]
Table 'Antares IV' 6-max Seat #5 is the button
Seat 3: blistein ($100 in chips) is sitting out
Seat 1: UnderC@t ($100 in chips) 
Seat 2: poker_soul11 ($184.91 in chips) 
Seat 4: franco232315 ($117.39 in chips) 
Seat 5: Poker9803 ($100 in chips) 
Seat 6: BoyLoc0 ($113.74 in chips) 
BoyLoc0: posts small blind $0.50
UnderC@t: posts big blind $1
blistein: sits out 
*** HOLE CARDS ***
poker_soul11: folds 
franco232315: raises $1.50 to $2.50
Poker9803: folds 
BoyLoc0: folds 
UnderC@t: folds 
Uncalled bet ($1.50) returned to franco232315
franco232315 collected $2.50 from pot
franco232315: doesn't show hand 
*** SUMMARY ***
Total pot $2.50 | Rake $0 
Seat 3: blistein
Seat 1: UnderC@t (big blind) folded before Flop
Seat 2: poker_soul11 folded before Flop (didn't bet)
Seat 4: franco232315 collected ($2.50)
Seat 5: Poker9803 (button) folded before Flop (didn't bet)
Seat 6: BoyLoc0 (small blind) folded before Flop



PokerStars Hand #254560247988:  Hold'em No Limit ($0.50/$1.00 USD) - 2025/01/26 12:27:00 WET [2025/01/26 7:27:00 ET]
Table 'Antares IV' 6-max Seat #6 is the button
Seat 2: poker_soul11 ($184.91 in chips) is sitting out
Seat 1: UnderC@t ($100 in chips) 
Seat 3: blistein ($100 in chips) 
Seat 4: franco232315 ($118.89 in chips) 
Seat 5: Poker9803 ($100 in chips) 
Seat 6: BoyLoc0 ($113.24 in chips) 
UnderC@t: posts small blind $0.50
poker_soul11: is sitting out 
blistein: posts big blind $1
*** HOLE CARDS ***
poker_soul11 leaves the table
franco232315: folds 
Poker9803: folds 
BoyLoc0: folds 
UnderC@t: raises $2 to $3
blistein: folds 
Uncalled bet ($2) returned to UnderC@t
UnderC@t collected $2 from pot
UnderC@t: doesn't show hand 
*** SUMMARY ***
Total pot $2 | Rake $0 
Seat 2: poker_soul11
Seat 1: UnderC@t (small blind) collected ($2)
Seat 3: blistein (big blind) folded before Flop
Seat 4: franco232315 folded before Flop (didn't bet)
Seat 5: Poker9803 folded before Flop (didn't bet)
Seat 6: BoyLoc0 (button) folded before Flop (didn't bet)



PokerStars Hand #254560250398:  Hold'em No Limit ($0.50/$1.00 USD) - 2025/01/26 12:27:16 WET [2025/01/26 7:27:16 ET]
Table 'Antares IV' 6-max Seat #1 is the button
Seat 1: UnderC@t ($101 in chips) 
Seat 3: blistein ($100 in chips) 
Seat 4: franco232315 ($118.89 in chips) 
Seat 5: Poker9803 ($100 in chips) 
Seat 6: BoyLoc0 ($113.24 in chips) 
blistein: posts small blind $0.50
franco232315: posts big blind $1
*** HOLE CARDS ***
R.M.Farcas joins the table at seat #2 
Poker9803: folds 
BoyLoc0: folds 
UnderC@t: folds 
blistein: raises $2 to $3
franco232315: folds 
Uncalled bet ($2) returned to blistein
blistein collected $2 from pot
blistein: doesn't show hand 
*** SUMMARY ***
Total pot $2 | Rake $0 
Seat 1: UnderC@t (button) folded before Flop (didn't bet)
Seat 3: blistein (small blind) collected ($2)
Seat 4: franco232315 (big blind) folded before Flop
Seat 5: Poker9803 folded before Flop (didn't bet)
Seat 6: BoyLoc0 folded before Flop (didn't bet)



PokerStars Hand #254560252507:  Hold'em No Limit ($0.50/$1.00 USD) - 2025/01/26 12:27:30 WET [2025/01/26 7:27:30 ET]
Table 'Antares IV' 6-max Seat #3 is the button
Seat 2: R.M.Farcas ($100 in chips) is sitting out
Seat 5: Poker9803 ($100 in chips) is sitting out
Seat 1: UnderC@t ($101 in chips) 
Seat 3: blistein ($101 in chips) 
Seat 4: franco232315 ($117.89 in chips) 
Seat 6: BoyLoc0 ($113.24 in chips) 
franco232315: posts small blind $0.50
Poker9803: is sitting out 
BoyLoc0: posts big blind $1
R.M.Farcas: sits out 
*** HOLE CARDS ***
UnderC@t: folds 
blistein: folds 
Poker9803 leaves the table
UnderC@t leaves the table
franco232315: folds 
Uncalled bet ($0.50) returned to BoyLoc0
BoyLoc0 collected $1 from pot
BoyLoc0: doesn't show hand 
*** SUMMARY ***
Total pot $1 | Rake $0 
Seat 2: R.M.Farcas
Seat 5: Poker9803
Seat 1: UnderC@t folded before Flop (didn't bet)
Seat 3: blistein (button) folded before Flop (didn't bet)
Seat 4: franco232315 (small blind) folded before Flop
Seat 6: BoyLoc0 (big blind) collected ($1)



PokerStars Hand #254560254554:  Hold'em No Limit ($0.50/$1.00 USD) - 2025/01/26 12:27:43 WET [2025/01/26 7:27:43 ET]
Table 'Antares IV' 6-max Seat #4 is the button
Seat 2: R.M.Farcas ($100 in chips) 
Seat 3: blistein ($101 in chips) 
Seat 4: franco232315 ($117.39 in chips) 
Seat 6: BoyLoc0 ($113.74 in chips) 
BoyLoc0: posts small blind $0.50
R.M.Farcas: posts big blind $1
*** HOLE CARDS ***
blistein: folds 
blistein leaves the table
franco232315: raises $1.50 to $2.50
BoyLoc0: raises $7.50 to $10
R.M.Farcas: folds 
franco232315: folds 
Uncalled bet ($7.50) returned to BoyLoc0
BoyLoc0 collected $6 from pot
BoyLoc0: doesn't show hand 
*** SUMMARY ***
Total pot $6 | Rake $0 
Seat 2: R.M.Farcas (big blind) folded before Flop
Seat 3: blistein folded before Flop (didn't bet)
Seat 4: franco232315 (button) folded before Flop
Seat 6: BoyLoc0 (small blind) collected ($6)



PokerStars Hand #254560257338:  Hold'em No Limit ($0.50/$1.00 USD) - 2025/01/26 12:28:01 WET [2025/01/26 7:28:01 ET]
Table 'Antares IV' 6-max Seat #6 is the button
Seat 2: R.M.Farcas ($99 in chips) is sitting out
Seat 4: franco232315 ($114.89 in chips) 
Seat 6: BoyLoc0 ($117.24 in chips) 
BoyLoc0: posts small blind $0.50
franco232315: posts big blind $1
*** HOLE CARDS ***
BoyLoc0: raises $1.50 to $2.50
franco232315: calls $1.50
*** FLOP *** [6c 3s 9d]
franco232315: checks 
BoyLoc0: bets $1.57
franco232315: calls $1.57
*** TURN *** [6c 3s 9d] [Qs]
franco232315: checks 
BoyLoc0: checks 
*** RIVER *** [6c 3s 9d Qs] [6s]
franco232315: bets $2.55
BoyLoc0: raises $19.25 to $21.80
franco232315: folds 
Uncalled bet ($19.25) returned to BoyLoc0
BoyLoc0 collected $12.58 from pot
BoyLoc0: doesn't show hand 
*** SUMMARY ***
Total pot $13.24 | Rake $0.66 
Board [6c 3s 9d Qs 6s]
Seat 2: R.M.Farcas
Seat 4: franco232315 (big blind) folded on the River
Seat 6: BoyLoc0 (button) (small blind) collected ($12.58)



PokerStars Hand #254560266991:  Hold'em No Limit ($0.50/$1.00 USD) - 2025/01/26 12:29:05 WET [2025/01/26 7:29:05 ET]
Table 'Antares IV' 6-max Seat #4 is the button
Seat 2: R.M.Farcas ($99 in chips) is sitting out
Seat 4: franco232315 ($108.27 in chips) 
Seat 6: BoyLoc0 ($123.20 in chips) 
franco232315: posts small blind $0.50
BoyLoc0: posts big blind $1
*** HOLE CARDS ***
franco232315: folds 
Uncalled bet ($0.50) returned to BoyLoc0
BoyLoc0 collected $1 from pot
BoyLoc0: doesn't show hand 
*** SUMMARY ***
Total pot $1 | Rake $0 
Seat 2: R.M.Farcas
Seat 4: franco232315 (button) (small blind) folded before Flop
Seat 6: BoyLoc0 (big blind) collected ($1)



