PokerStars Hand #254557333328:  Hold'em No Limit ($0.50/$1.00 USD) - 2025/01/26 4:21:35 WET [2025/01/25 23:21:35 ET]
Table 'Mauritia IV' 6-max Seat #5 is the button
Seat 3: XneferX ($100 in chips) is sitting out
Seat 1: sutata ($100 in chips) 
Seat 2: Aleqseuka ($146.55 in chips) 
Seat 4: shootingGRID ($204.49 in chips) 
Seat 5: AlexEliseev7 ($103.72 in chips) 
Seat 6: aaronbengert ($96.18 in chips) 
aaronbengert: posts small blind $0.50
sutata: posts big blind $1
XneferX: sits out 
*** HOLE CARDS ***
Aleqseuka: raises $1.35 to $2.35
shootingGRID: folds 
AlexEliseev7: raises $5.15 to $7.50
aaronbengert: folds 
sutata: folds 
Aleqseuka: folds 
Uncalled bet ($5.15) returned to AlexEliseev7
AlexEliseev7 collected $6.20 from pot
AlexEliseev7: doesn't show hand 
*** SUMMARY ***
Total pot $6.20 | Rake $0 
Seat 3: XneferX
Seat 1: sutata (big blind) folded before Flop
Seat 2: Aleqseuka folded before Flop
Seat 4: shootingGRID folded before Flop (didn't bet)
Seat 5: AlexEliseev7 (button) collected ($6.20)
Seat 6: aaronbengert (small blind) folded before Flop



PokerStars Hand #254557337602:  Hold'em No Limit ($0.50/$1.00 USD) - 2025/01/26 4:22:13 WET [2025/01/25 23:22:13 ET]
Table 'Mauritia IV' 6-max Seat #6 is the button
Seat 3: XneferX ($100 in chips) is sitting out
Seat 1: sutata ($100 in chips) 
Seat 2: Aleqseuka ($144.20 in chips) 
Seat 4: shootingGRID ($204.49 in chips) 
Seat 5: AlexEliseev7 ($107.57 in chips) 
Seat 6: aaronbengert ($95.68 in chips) 
sutata: posts small blind $0.50
Aleqseuka: posts big blind $1
XneferX: sits out 
*** HOLE CARDS ***
shootingGRID: folds 
AlexEliseev7: raises $1.50 to $2.50
aaronbengert: calls $2.50
sutata: folds 
Aleqseuka: folds 
*** FLOP *** [3d Js 5s]
AlexEliseev7: checks 
aaronbengert: checks 
*** TURN *** [3d Js 5s] [2c]
AlexEliseev7: bets $9.33
aaronbengert: raises $10.33 to $19.66
AlexEliseev7: calls $10.33
*** RIVER *** [3d Js 5s 2c] [3c]
AlexEliseev7: checks 
aaronbengert: bets $15
AlexEliseev7: folds 
Uncalled bet ($15) returned to aaronbengert
aaronbengert collected $43.53 from pot
aaronbengert: doesn't show hand 
*** SUMMARY ***
Total pot $45.82 | Rake $2.29 
Board [3d Js 5s 2c 3c]
Seat 3: XneferX
Seat 1: sutata (small blind) folded before Flop
Seat 2: Aleqseuka (big blind) folded before Flop
Seat 4: shootingGRID folded before Flop (didn't bet)
Seat 5: AlexEliseev7 folded on the River
Seat 6: aaronbengert (button) collected ($43.53)



PokerStars Hand #254557345361:  Hold'em No Limit ($0.50/$1.00 USD) - 2025/01/26 4:23:22 WET [2025/01/25 23:23:22 ET]
Table 'Mauritia IV' 6-max Seat #1 is the button
Seat 1: sutata ($100 in chips) 
Seat 2: Aleqseuka ($143.20 in chips) 
Seat 3: XneferX ($100 in chips) 
Seat 4: shootingGRID ($204.49 in chips) 
Seat 5: AlexEliseev7 ($100 in chips) 
Seat 6: aaronbengert ($117.05 in chips) 
Aleqseuka: posts small blind $0.50
XneferX: posts big blind $1
*** HOLE CARDS ***
shootingGRID: raises $1.25 to $2.25
AlexEliseev7: folds 
aaronbengert: folds 
sutata: folds 
Aleqseuka: raises $7.75 to $10
XneferX: folds 
shootingGRID: folds 
Uncalled bet ($7.75) returned to Aleqseuka
Aleqseuka collected $5.50 from pot
Aleqseuka: doesn't show hand 
*** SUMMARY ***
Total pot $5.50 | Rake $0 
Seat 1: sutata (button) folded before Flop (didn't bet)
Seat 2: Aleqseuka (small blind) collected ($5.50)
Seat 3: XneferX (big blind) folded before Flop
Seat 4: shootingGRID folded before Flop
Seat 5: AlexEliseev7 folded before Flop (didn't bet)
Seat 6: aaronbengert folded before Flop (didn't bet)



PokerStars Hand #254557351102:  Hold'em No Limit ($0.50/$1.00 USD) - 2025/01/26 4:24:13 WET [2025/01/25 23:24:13 ET]
Table 'Mauritia IV' 6-max Seat #2 is the button
Seat 1: sutata ($100 in chips) 
Seat 2: Aleqseuka ($146.45 in chips) 
Seat 3: XneferX ($100 in chips) 
Seat 4: shootingGRID ($202.24 in chips) 
Seat 5: AlexEliseev7 ($100 in chips) 
Seat 6: aaronbengert ($117.05 in chips) 
XneferX: posts small blind $0.50
shootingGRID: posts big blind $1
*** HOLE CARDS ***
AlexEliseev7: folds 
aaronbengert: raises $3 to $4
sutata: folds 
Aleqseuka: folds 
XneferX: folds 
shootingGRID: raises $12 to $16
aaronbengert: calls $12
*** FLOP *** [3h Tc 6h]
shootingGRID: bets $15.44
aaronbengert: raises $18.44 to $33.88
shootingGRID: raises $152.36 to $186.24 and is all-in
aaronbengert: calls $67.17 and is all-in
Uncalled bet ($85.19) returned to shootingGRID
*** TURN *** [3h Tc 6h] [8c]
*** RIVER *** [3h Tc 6h 8c] [3s]
*** SHOW DOWN ***
shootingGRID: shows [Kc Kh] (two pair, Kings and Threes)
aaronbengert: shows [Ts Th] (a full house, Tens full of Threes)
aaronbengert collected $232.10 from pot
*** SUMMARY ***
Total pot $234.60 | Rake $2.50 
Board [3h Tc 6h 8c 3s]
Seat 1: sutata folded before Flop (didn't bet)
Seat 2: Aleqseuka (button) folded before Flop (didn't bet)
Seat 3: XneferX (small blind) folded before Flop
Seat 4: shootingGRID (big blind) showed [Kc Kh] and lost with two pair, Kings and Threes
Seat 5: AlexEliseev7 folded before Flop (didn't bet)
Seat 6: aaronbengert showed [Ts Th] and won ($232.10) with a full house, Tens full of Threes



PokerStars Hand #254557359814:  Hold'em No Limit ($0.50/$1.00 USD) - 2025/01/26 4:25:30 WET [2025/01/25 23:25:30 ET]
Table 'Mauritia IV' 6-max Seat #3 is the button
Seat 1: sutata ($100 in chips) 
Seat 2: Aleqseuka ($146.45 in chips) 
Seat 3: XneferX ($100 in chips) 
Seat 4: shootingGRID ($100 in chips) 
Seat 5: AlexEliseev7 ($100 in chips) 
Seat 6: aaronbengert ($232.10 in chips) 
shootingGRID: posts small blind $0.50
AlexEliseev7: posts big blind $1
*** HOLE CARDS ***
aaronbengert: calls $1
sutata: raises $2.50 to $3.50
Aleqseuka: raises $6.50 to $10
XneferX: folds 
shootingGRID: folds 
AlexEliseev7: folds 
aaronbengert: folds 
sutata: folds 
Uncalled bet ($6.50) returned to Aleqseuka
Aleqseuka collected $9.50 from pot
Aleqseuka: doesn't show hand 
*** SUMMARY ***
Total pot $9.50 | Rake $0 
Seat 1: sutata folded before Flop
Seat 2: Aleqseuka collected ($9.50)
Seat 3: XneferX (button) folded before Flop (didn't bet)
Seat 4: shootingGRID (small blind) folded before Flop
Seat 5: AlexEliseev7 (big blind) folded before Flop
Seat 6: aaronbengert folded before Flop



PokerStars Hand #254557363427:  Hold'em No Limit ($0.50/$1.00 USD) - 2025/01/26 4:26:02 WET [2025/01/25 23:26:02 ET]
Table 'Mauritia IV' 6-max Seat #4 is the button
Seat 1: sutata ($100 in chips) 
Seat 2: Aleqseuka ($152.45 in chips) 
Seat 3: XneferX ($100 in chips) 
Seat 4: shootingGRID ($100 in chips) 
Seat 5: AlexEliseev7 ($100 in chips) 
Seat 6: aaronbengert ($231.10 in chips) 
AlexEliseev7: posts small blind $0.50
aaronbengert: posts big blind $1
*** HOLE CARDS ***
sutata: folds 
Aleqseuka: folds 
XneferX: folds 
shootingGRID: folds 
AlexEliseev7: raises $2 to $3
aaronbengert: raises $6 to $9
AlexEliseev7: calls $6
*** FLOP *** [5h Jh 3h]
AlexEliseev7: checks 
aaronbengert: bets $10
AlexEliseev7: folds 
Uncalled bet ($10) returned to aaronbengert
aaronbengert collected $17.10 from pot
aaronbengert: doesn't show hand 
*** SUMMARY ***
Total pot $18 | Rake $0.90 
Board [5h Jh 3h]
Seat 1: sutata folded before Flop (didn't bet)
Seat 2: Aleqseuka folded before Flop (didn't bet)
Seat 3: XneferX folded before Flop (didn't bet)
Seat 4: shootingGRID (button) folded before Flop (didn't bet)
Seat 5: AlexEliseev7 (small blind) folded on the Flop
Seat 6: aaronbengert (big blind) collected ($17.10)



PokerStars Hand #254557368683:  Hold'em No Limit ($0.50/$1.00 USD) - 2025/01/26 4:26:48 WET [2025/01/25 23:26:48 ET]
Table 'Mauritia IV' 6-max Seat #5 is the button
Seat 1: sutata ($100 in chips) 
Seat 2: Aleqseuka ($152.45 in chips) 
Seat 3: XneferX ($100 in chips) 
Seat 4: shootingGRID ($100 in chips) 
Seat 5: AlexEliseev7 ($100 in chips) 
Seat 6: aaronbengert ($239.20 in chips) 
aaronbengert: posts small blind $0.50
sutata: posts big blind $1
*** HOLE CARDS ***
Aleqseuka: folds 
XneferX: folds 
shootingGRID: raises $1.25 to $2.25
AlexEliseev7: folds 
aaronbengert: calls $1.75
sutata: folds 
*** FLOP *** [3d 5c Ah]
aaronbengert: bets $1
shootingGRID: raises $3.50 to $4.50
aaronbengert: folds 
Uncalled bet ($3.50) returned to shootingGRID
shootingGRID collected $7.12 from pot
*** SUMMARY ***
Total pot $7.50 | Rake $0.38 
Board [3d 5c Ah]
Seat 1: sutata (big blind) folded before Flop
Seat 2: Aleqseuka folded before Flop (didn't bet)
Seat 3: XneferX folded before Flop (didn't bet)
Seat 4: shootingGRID collected ($7.12)
Seat 5: AlexEliseev7 (button) folded before Flop (didn't bet)
Seat 6: aaronbengert (small blind) folded on the Flop



PokerStars Hand #254557372964:  Hold'em No Limit ($0.50/$1.00 USD) - 2025/01/26 4:27:26 WET [2025/01/25 23:27:26 ET]
Table 'Mauritia IV' 6-max Seat #6 is the button
Seat 1: sutata ($100 in chips) 
Seat 2: Aleqseuka ($152.45 in chips) 
Seat 3: XneferX ($100 in chips) 
Seat 4: shootingGRID ($103.87 in chips) 
Seat 5: AlexEliseev7 ($100 in chips) 
Seat 6: aaronbengert ($235.95 in chips) 
sutata: posts small blind $0.50
Aleqseuka: posts big blind $1
*** HOLE CARDS ***
XneferX: folds 
shootingGRID: raises $1.25 to $2.25
AlexEliseev7: folds 
aaronbengert: calls $2.25
sutata: raises $10.05 to $12.30
Aleqseuka: folds 
shootingGRID: raises $14.76 to $27.06
aaronbengert: folds 
sutata: folds 
Uncalled bet ($14.76) returned to shootingGRID
shootingGRID collected $27.85 from pot
*** SUMMARY ***
Total pot $27.85 | Rake $0 
Seat 1: sutata (small blind) folded before Flop
Seat 2: Aleqseuka (big blind) folded before Flop
Seat 3: XneferX folded before Flop (didn't bet)
Seat 4: shootingGRID collected ($27.85)
Seat 5: AlexEliseev7 folded before Flop (didn't bet)
Seat 6: aaronbengert (button) folded before Flop



PokerStars Hand #254557377640:  Hold'em No Limit ($0.50/$1.00 USD) - 2025/01/26 4:28:08 WET [2025/01/25 23:28:08 ET]
Table 'Mauritia IV' 6-max Seat #1 is the button
Seat 1: sutata ($100 in chips) 
Seat 2: Aleqseuka ($151.45 in chips) 
Seat 3: XneferX ($100 in chips) 
Seat 4: shootingGRID ($119.42 in chips) 
Seat 5: AlexEliseev7 ($100 in chips) 
Seat 6: aaronbengert ($233.70 in chips) 
Aleqseuka: posts small blind $0.50
XneferX: posts big blind $1
*** HOLE CARDS ***
shootingGRID: raises $1.25 to $2.25
AlexEliseev7: folds 
aaronbengert: calls $2.25
sutata: calls $2.25
Aleqseuka: folds 
XneferX: calls $1.25
*** FLOP *** [4s 5c 5d]
XneferX: checks 
shootingGRID: checks 
aaronbengert: checks 
sutata: bets $3.01
XneferX: folds 
shootingGRID: calls $3.01
aaronbengert: folds 
*** TURN *** [4s 5c 5d] [3s]
shootingGRID: checks 
sutata: bets $7.37
shootingGRID: folds 
Uncalled bet ($7.37) returned to sutata
sutata collected $14.74 from pot
sutata: doesn't show hand 
*** SUMMARY ***
Total pot $15.52 | Rake $0.78 
Board [4s 5c 5d 3s]
Seat 1: sutata (button) collected ($14.74)
Seat 2: Aleqseuka (small blind) folded before Flop
Seat 3: XneferX (big blind) folded on the Flop
Seat 4: shootingGRID folded on the Turn
Seat 5: AlexEliseev7 folded before Flop (didn't bet)
Seat 6: aaronbengert folded on the Flop



PokerStars Hand #254557388044:  Hold'em No Limit ($0.50/$1.00 USD) - 2025/01/26 4:29:42 WET [2025/01/25 23:29:42 ET]
Table 'Mauritia IV' 6-max Seat #2 is the button
Seat 1: sutata ($109.48 in chips) 
Seat 2: Aleqseuka ($150.95 in chips) 
Seat 3: XneferX ($100 in chips) 
Seat 4: shootingGRID ($114.16 in chips) 
Seat 5: AlexEliseev7 ($100 in chips) 
Seat 6: aaronbengert ($231.45 in chips) 
XneferX: posts small blind $0.50
shootingGRID: posts big blind $1
*** HOLE CARDS ***
AlexEliseev7: folds 
aaronbengert: folds 
sutata: raises $1.50 to $2.50
Aleqseuka: folds 
XneferX: folds 
shootingGRID: folds 
Uncalled bet ($1.50) returned to sutata
sutata collected $2.50 from pot
sutata: doesn't show hand 
*** SUMMARY ***
Total pot $2.50 | Rake $0 
Seat 1: sutata collected ($2.50)
Seat 2: Aleqseuka (button) folded before Flop (didn't bet)
Seat 3: XneferX (small blind) folded before Flop
Seat 4: shootingGRID (big blind) folded before Flop
Seat 5: AlexEliseev7 folded before Flop (didn't bet)
Seat 6: aaronbengert folded before Flop (didn't bet)



PokerStars Hand #254557390697:  Hold'em No Limit ($0.50/$1.00 USD) - 2025/01/26 4:30:06 WET [2025/01/25 23:30:06 ET]
Table 'Mauritia IV' 6-max Seat #3 is the button
Seat 1: sutata ($110.98 in chips) 
Seat 2: Aleqseuka ($150.95 in chips) 
Seat 3: XneferX ($100 in chips) 
Seat 4: shootingGRID ($113.16 in chips) 
Seat 5: AlexEliseev7 ($100 in chips) 
Seat 6: aaronbengert ($231.45 in chips) 
shootingGRID: posts small blind $0.50
AlexEliseev7: posts big blind $1
*** HOLE CARDS ***
aaronbengert: folds 
sutata: folds 
Aleqseuka: folds 
XneferX: folds 
shootingGRID: raises $2 to $3
AlexEliseev7: folds 
Uncalled bet ($2) returned to shootingGRID
shootingGRID collected $2 from pot
*** SUMMARY ***
Total pot $2 | Rake $0 
Seat 1: sutata folded before Flop (didn't bet)
Seat 2: Aleqseuka folded before Flop (didn't bet)
Seat 3: XneferX (button) folded before Flop (didn't bet)
Seat 4: shootingGRID (small blind) collected ($2)
Seat 5: AlexEliseev7 (big blind) folded before Flop
Seat 6: aaronbengert folded before Flop (didn't bet)



PokerStars Hand #254557393998:  Hold'em No Limit ($0.50/$1.00 USD) - 2025/01/26 4:30:35 WET [2025/01/25 23:30:35 ET]
Table 'Mauritia IV' 6-max Seat #4 is the button
Seat 1: sutata ($110.98 in chips) 
Seat 2: Aleqseuka ($150.95 in chips) 
Seat 3: XneferX ($100 in chips) 
Seat 4: shootingGRID ($114.16 in chips) 
Seat 5: AlexEliseev7 ($100 in chips) 
Seat 6: aaronbengert ($231.45 in chips) 
AlexEliseev7: posts small blind $0.50
aaronbengert: posts big blind $1
*** HOLE CARDS ***
sutata: raises $2 to $3
Aleqseuka: folds 
XneferX: folds 
shootingGRID: folds 
AlexEliseev7: folds 
aaronbengert: folds 
Uncalled bet ($2) returned to sutata
sutata collected $2.50 from pot
sutata: doesn't show hand 
*** SUMMARY ***
Total pot $2.50 | Rake $0 
Seat 1: sutata collected ($2.50)
Seat 2: Aleqseuka folded before Flop (didn't bet)
Seat 3: XneferX folded before Flop (didn't bet)
Seat 4: shootingGRID (button) folded before Flop (didn't bet)
Seat 5: AlexEliseev7 (small blind) folded before Flop
Seat 6: aaronbengert (big blind) folded before Flop



PokerStars Hand #254557397191:  Hold'em No Limit ($0.50/$1.00 USD) - 2025/01/26 4:31:04 WET [2025/01/25 23:31:04 ET]
Table 'Mauritia IV' 6-max Seat #5 is the button
Seat 1: sutata ($112.48 in chips) 
Seat 2: Aleqseuka ($150.95 in chips) 
Seat 3: XneferX ($100 in chips) 
Seat 4: shootingGRID ($114.16 in chips) 
Seat 5: AlexEliseev7 ($100 in chips) 
Seat 6: aaronbengert ($230.45 in chips) 
aaronbengert: posts small blind $0.50
sutata: posts big blind $1
*** HOLE CARDS ***
Aleqseuka: folds 
XneferX: folds 
shootingGRID: folds 
AlexEliseev7: folds 
aaronbengert: calls $0.50
sutata: raises $3.90 to $4.90
aaronbengert: calls $3.90
*** FLOP *** [9d Kc 3c]
aaronbengert: bets $3
sutata: raises $6 to $9
aaronbengert: folds 
Uncalled bet ($6) returned to sutata
sutata collected $15.01 from pot
sutata: doesn't show hand 
*** SUMMARY ***
Total pot $15.80 | Rake $0.79 
Board [9d Kc 3c]
Seat 1: sutata (big blind) collected ($15.01)
Seat 2: Aleqseuka folded before Flop (didn't bet)
Seat 3: XneferX folded before Flop (didn't bet)
Seat 4: shootingGRID folded before Flop (didn't bet)
Seat 5: AlexEliseev7 (button) folded before Flop (didn't bet)
Seat 6: aaronbengert (small blind) folded on the Flop



PokerStars Hand #254557403648:  Hold'em No Limit ($0.50/$1.00 USD) - 2025/01/26 4:32:03 WET [2025/01/25 23:32:03 ET]
Table 'Mauritia IV' 6-max Seat #6 is the button
Seat 1: sutata ($119.59 in chips) 
Seat 2: Aleqseuka ($150.95 in chips) 
Seat 3: XneferX ($100 in chips) 
Seat 4: shootingGRID ($114.16 in chips) 
Seat 5: AlexEliseev7 ($100 in chips) 
Seat 6: aaronbengert ($222.55 in chips) 
sutata: posts small blind $0.50
Aleqseuka: posts big blind $1
*** HOLE CARDS ***
XneferX: folds 
shootingGRID: folds 
AlexEliseev7: folds 
XneferX leaves the table
aaronbengert: raises $2 to $3
sutata: folds 
Aleqseuka: folds 
Uncalled bet ($2) returned to aaronbengert
aaronbengert collected $2.50 from pot
aaronbengert: doesn't show hand 
*** SUMMARY ***
Total pot $2.50 | Rake $0 
Seat 1: sutata (small blind) folded before Flop
Seat 2: Aleqseuka (big blind) folded before Flop
Seat 3: XneferX folded before Flop (didn't bet)
Seat 4: shootingGRID folded before Flop (didn't bet)
Seat 5: AlexEliseev7 folded before Flop (didn't bet)
Seat 6: aaronbengert (button) collected ($2.50)



PokerStars Hand #254557406418:  Hold'em No Limit ($0.50/$1.00 USD) - 2025/01/26 4:32:28 WET [2025/01/25 23:32:28 ET]
Table 'Mauritia IV' 6-max Seat #1 is the button
Seat 1: sutata ($119.09 in chips) 
Seat 2: Aleqseuka ($149.95 in chips) 
Seat 4: shootingGRID ($114.16 in chips) 
Seat 5: AlexEliseev7 ($100 in chips) 
Seat 6: aaronbengert ($224.05 in chips) 
Aleqseuka: posts small blind $0.50
shootingGRID: posts big blind $1
*** HOLE CARDS ***
AlexEliseev7: folds 
CashfishT joins the table at seat #3 
aaronbengert: raises $2 to $3
sutata: folds 
Aleqseuka: folds 
shootingGRID: calls $2
*** FLOP *** [2d 9h Qd]
shootingGRID: checks 
aaronbengert: bets $3
shootingGRID: calls $3
*** TURN *** [2d 9h Qd] [2h]
shootingGRID: checks 
aaronbengert: checks 
*** RIVER *** [2d 9h Qd 2h] [4h]
shootingGRID: checks 
aaronbengert: checks 
*** SHOW DOWN ***
shootingGRID: shows [Jh Ac] (a pair of Deuces)
aaronbengert: shows [9d Ah] (two pair, Nines and Deuces)
aaronbengert collected $11.88 from pot
*** SUMMARY ***
Total pot $12.50 | Rake $0.62 
Board [2d 9h Qd 2h 4h]
Seat 1: sutata (button) folded before Flop (didn't bet)
Seat 2: Aleqseuka (small blind) folded before Flop
Seat 4: shootingGRID (big blind) showed [Jh Ac] and lost with a pair of Deuces
Seat 5: AlexEliseev7 folded before Flop (didn't bet)
Seat 6: aaronbengert showed [9d Ah] and won ($11.88) with two pair, Nines and Deuces



PokerStars Hand #254557412047:  Hold'em No Limit ($0.50/$1.00 USD) - 2025/01/26 4:33:18 WET [2025/01/25 23:33:18 ET]
Table 'Mauritia IV' 6-max Seat #2 is the button
Seat 3: CashfishT ($100 in chips) is sitting out
Seat 1: sutata ($119.09 in chips) 
Seat 2: Aleqseuka ($149.45 in chips) 
Seat 4: shootingGRID ($108.16 in chips) 
Seat 5: AlexEliseev7 ($100 in chips) 
Seat 6: aaronbengert ($229.93 in chips) 
shootingGRID: posts small blind $0.50
AlexEliseev7: posts big blind $1
*** HOLE CARDS ***
aaronbengert: folds 
sutata: raises $1.50 to $2.50
Aleqseuka: folds 
shootingGRID: raises $9.50 to $12
AlexEliseev7: folds 
sutata: raises $12.30 to $24.30
shootingGRID: calls $12.30
*** FLOP *** [Ts 7d 2c]
shootingGRID: checks 
sutata: checks 
*** TURN *** [Ts 7d 2c] [Jc]
shootingGRID: bets $17.05
sutata: calls $17.05
*** RIVER *** [Ts 7d 2c Jc] [3s]
shootingGRID: bets $66.81 and is all-in
sutata: calls $66.81
*** SHOW DOWN ***
shootingGRID: shows [Qs As] (high card Ace)
sutata: shows [Jd Ah] (a pair of Jacks)
sutata collected $214.82 from pot
*** SUMMARY ***
Total pot $217.32 | Rake $2.50 
Board [Ts 7d 2c Jc 3s]
Seat 3: CashfishT
Seat 1: sutata showed [Jd Ah] and won ($214.82) with a pair of Jacks
Seat 2: Aleqseuka (button) folded before Flop (didn't bet)
Seat 4: shootingGRID (small blind) showed [Qs As] and lost with high card Ace
Seat 5: AlexEliseev7 (big blind) folded before Flop
Seat 6: aaronbengert folded before Flop (didn't bet)



PokerStars Hand #254557421632:  Hold'em No Limit ($0.50/$1.00 USD) - 2025/01/26 4:34:46 WET [2025/01/25 23:34:46 ET]
Table 'Mauritia IV' 6-max Seat #4 is the button
Seat 3: CashfishT ($100 in chips) is sitting out
Seat 1: sutata ($225.75 in chips) 
Seat 2: Aleqseuka ($149.45 in chips) 
Seat 4: shootingGRID ($100 in chips) 
Seat 5: AlexEliseev7 ($100 in chips) 
Seat 6: aaronbengert ($229.93 in chips) 
AlexEliseev7: posts small blind $0.50
aaronbengert: posts big blind $1
CashfishT: sits out 
*** HOLE CARDS ***
sutata: folds 
Aleqseuka: folds 
shootingGRID: raises $1.50 to $2.50
AlexEliseev7: folds 
aaronbengert: calls $1.50
*** FLOP *** [Td 9h Jh]
aaronbengert: checks 
shootingGRID: checks 
*** TURN *** [Td 9h Jh] [8c]
aaronbengert: checks 
shootingGRID: checks 
*** RIVER *** [Td 9h Jh 8c] [9c]
aaronbengert: checks 
shootingGRID: bets $3.92
aaronbengert: calls $3.92
*** SHOW DOWN ***
shootingGRID: shows [Ad 7s] (a straight, Seven to Jack)
aaronbengert: mucks hand 
shootingGRID collected $12.67 from pot
*** SUMMARY ***
Total pot $13.34 | Rake $0.67 
Board [Td 9h Jh 8c 9c]
Seat 3: CashfishT
Seat 1: sutata folded before Flop (didn't bet)
Seat 2: Aleqseuka folded before Flop (didn't bet)
Seat 4: shootingGRID (button) showed [Ad 7s] and won ($12.67) with a straight, Seven to Jack
Seat 5: AlexEliseev7 (small blind) folded before Flop
Seat 6: aaronbengert (big blind) mucked



PokerStars Hand #254557426816:  Hold'em No Limit ($0.50/$1.00 USD) - 2025/01/26 4:35:33 WET [2025/01/25 23:35:33 ET]
Table 'Mauritia IV' 6-max Seat #5 is the button
Seat 3: CashfishT ($100 in chips) is sitting out
Seat 1: sutata ($225.75 in chips) 
Seat 2: Aleqseuka ($149.45 in chips) 
Seat 4: shootingGRID ($106.25 in chips) 
Seat 5: AlexEliseev7 ($100 in chips) 
Seat 6: aaronbengert ($223.51 in chips) 
aaronbengert: posts small blind $0.50
sutata: posts big blind $1
CashfishT: sits out 
*** HOLE CARDS ***
Aleqseuka: folds 
shootingGRID: folds 
AlexEliseev7: raises $1 to $2
aaronbengert: calls $1.50
sutata: calls $1
*** FLOP *** [6s Js 3d]
aaronbengert: checks 
sutata: checks 
AlexEliseev7: checks 
*** TURN *** [6s Js 3d] [Ts]
aaronbengert: bets $3
sutata: folds 
AlexEliseev7: folds 
Uncalled bet ($3) returned to aaronbengert
aaronbengert collected $5.70 from pot
aaronbengert: doesn't show hand 
*** SUMMARY ***
Total pot $6 | Rake $0.30 
Board [6s Js 3d Ts]
Seat 3: CashfishT
Seat 1: sutata (big blind) folded on the Turn
Seat 2: Aleqseuka folded before Flop (didn't bet)
Seat 4: shootingGRID folded before Flop (didn't bet)
Seat 5: AlexEliseev7 (button) folded on the Turn
Seat 6: aaronbengert (small blind) collected ($5.70)



PokerStars Hand #254557430700:  Hold'em No Limit ($0.50/$1.00 USD) - 2025/01/26 4:36:09 WET [2025/01/25 23:36:09 ET]
Table 'Mauritia IV' 6-max Seat #6 is the button
Seat 2: Aleqseuka ($149.45 in chips) is sitting out
Seat 1: sutata ($223.75 in chips) 
Seat 3: CashfishT ($100 in chips) 
Seat 4: shootingGRID ($106.25 in chips) 
Seat 5: AlexEliseev7 ($100 in chips) 
Seat 6: aaronbengert ($227.21 in chips) 
sutata: posts small blind $0.50
Aleqseuka: is sitting out 
CashfishT: posts big blind $1
*** HOLE CARDS ***
shootingGRID: folds 
AlexEliseev7: folds 
aaronbengert: folds 
sutata: folds 
Uncalled bet ($0.50) returned to CashfishT
CashfishT collected $1 from pot
CashfishT: doesn't show hand 
*** SUMMARY ***
Total pot $1 | Rake $0 
Seat 2: Aleqseuka
Seat 1: sutata (small blind) folded before Flop
Seat 3: CashfishT (big blind) collected ($1)
Seat 4: shootingGRID folded before Flop (didn't bet)
Seat 5: AlexEliseev7 folded before Flop (didn't bet)
Seat 6: aaronbengert (button) folded before Flop (didn't bet)



PokerStars Hand #254557432977:  Hold'em No Limit ($0.50/$1.00 USD) - 2025/01/26 4:36:29 WET [2025/01/25 23:36:29 ET]
Table 'Mauritia IV' 6-max Seat #1 is the button
Seat 2: Aleqseuka ($149.45 in chips) is sitting out
Seat 1: sutata ($223.25 in chips) 
Seat 3: CashfishT ($100.50 in chips) 
Seat 4: shootingGRID ($106.25 in chips) 
Seat 5: AlexEliseev7 ($100 in chips) 
Seat 6: aaronbengert ($227.21 in chips) 
CashfishT: posts small blind $0.50
shootingGRID: posts big blind $1
*** HOLE CARDS ***
AlexEliseev7: folds 
aaronbengert: folds 
sutata: folds 
CashfishT: raises $2 to $3
shootingGRID: calls $2
*** FLOP *** [7h 8d 5d]
CashfishT: checks 
shootingGRID: bets $4.28
CashfishT: calls $4.28
*** TURN *** [7h 8d 5d] [9s]
CashfishT: checks 
shootingGRID: checks 
*** RIVER *** [7h 8d 5d 9s] [7s]
CashfishT: checks 
shootingGRID: bets $13.50
CashfishT: calls $13.50
*** SHOW DOWN ***
shootingGRID: shows [Ad 7d] (three of a kind, Sevens)
CashfishT: shows [Tc Jc] (a straight, Seven to Jack)
CashfishT collected $39.48 from pot
*** SUMMARY ***
Total pot $41.56 | Rake $2.08 
Board [7h 8d 5d 9s 7s]
Seat 2: Aleqseuka
Seat 1: sutata (button) folded before Flop (didn't bet)
Seat 3: CashfishT (small blind) showed [Tc Jc] and won ($39.48) with a straight, Seven to Jack
Seat 4: shootingGRID (big blind) showed [Ad 7d] and lost with three of a kind, Sevens
Seat 5: AlexEliseev7 folded before Flop (didn't bet)
Seat 6: aaronbengert folded before Flop (didn't bet)



PokerStars Hand #254557440032:  Hold'em No Limit ($0.50/$1.00 USD) - 2025/01/26 4:37:34 WET [2025/01/25 23:37:34 ET]
Table 'Mauritia IV' 6-max Seat #3 is the button
Seat 2: Aleqseuka ($149.45 in chips) is sitting out
Seat 1: sutata ($223.25 in chips) 
Seat 3: CashfishT ($119.20 in chips) 
Seat 4: shootingGRID ($100 in chips) 
Seat 5: AlexEliseev7 ($100 in chips) 
Seat 6: aaronbengert ($227.21 in chips) 
shootingGRID: posts small blind $0.50
AlexEliseev7: posts big blind $1
*** HOLE CARDS ***
aaronbengert: calls $1
sutata: folds 
CashfishT: raises $3 to $4
shootingGRID: folds 
AlexEliseev7: folds 
aaronbengert: folds 
Uncalled bet ($3) returned to CashfishT
CashfishT collected $3.50 from pot
CashfishT: doesn't show hand 
*** SUMMARY ***
Total pot $3.50 | Rake $0 
Seat 2: Aleqseuka
Seat 1: sutata folded before Flop (didn't bet)
Seat 3: CashfishT (button) collected ($3.50)
Seat 4: shootingGRID (small blind) folded before Flop
Seat 5: AlexEliseev7 (big blind) folded before Flop
Seat 6: aaronbengert folded before Flop



PokerStars Hand #254557443398:  Hold'em No Limit ($0.50/$1.00 USD) - 2025/01/26 4:38:05 WET [2025/01/25 23:38:05 ET]
Table 'Mauritia IV' 6-max Seat #4 is the button
Seat 2: Aleqseuka ($149.45 in chips) is sitting out
Seat 1: sutata ($223.25 in chips) 
Seat 3: CashfishT ($121.70 in chips) 
Seat 4: shootingGRID ($100 in chips) 
Seat 5: AlexEliseev7 ($100 in chips) 
Seat 6: aaronbengert ($226.21 in chips) 
AlexEliseev7: posts small blind $0.50
aaronbengert: posts big blind $1
*** HOLE CARDS ***
sutata: raises $1.50 to $2.50
CashfishT: calls $2.50
shootingGRID: folds 
AlexEliseev7: calls $2
aaronbengert: folds 
*** FLOP *** [Js Kd 2h]
AlexEliseev7: checks 
sutata: checks 
CashfishT: checks 
*** TURN *** [Js Kd 2h] [Ks]
AlexEliseev7: checks 
sutata: bets $3.50
CashfishT: folds 
AlexEliseev7: folds 
Uncalled bet ($3.50) returned to sutata
sutata collected $8.08 from pot
sutata: doesn't show hand 
*** SUMMARY ***
Total pot $8.50 | Rake $0.42 
Board [Js Kd 2h Ks]
Seat 2: Aleqseuka
Seat 1: sutata collected ($8.08)
Seat 3: CashfishT folded on the Turn
Seat 4: shootingGRID (button) folded before Flop (didn't bet)
Seat 5: AlexEliseev7 (small blind) folded on the Turn
Seat 6: aaronbengert (big blind) folded before Flop



PokerStars Hand #254557449472:  Hold'em No Limit ($0.50/$1.00 USD) - 2025/01/26 4:39:02 WET [2025/01/25 23:39:02 ET]
Table 'Mauritia IV' 6-max Seat #5 is the button
Seat 2: Aleqseuka ($149.45 in chips) is sitting out
Seat 1: sutata ($228.83 in chips) 
Seat 3: CashfishT ($119.20 in chips) 
Seat 4: shootingGRID ($100 in chips) 
Seat 5: AlexEliseev7 ($100 in chips) 
Seat 6: aaronbengert ($225.21 in chips) 
aaronbengert: posts small blind $0.50
sutata: posts big blind $1
*** HOLE CARDS ***
CashfishT: folds 
shootingGRID: folds 
AlexEliseev7: raises $1.50 to $2.50
aaronbengert: calls $2
sutata: folds 
*** FLOP *** [2d 9s 8s]
aaronbengert: checks 
AlexEliseev7: bets $2.79
aaronbengert: folds 
Uncalled bet ($2.79) returned to AlexEliseev7
AlexEliseev7 collected $5.70 from pot
AlexEliseev7: doesn't show hand 
*** SUMMARY ***
Total pot $6 | Rake $0.30 
Board [2d 9s 8s]
Seat 2: Aleqseuka
Seat 1: sutata (big blind) folded before Flop
Seat 3: CashfishT folded before Flop (didn't bet)
Seat 4: shootingGRID folded before Flop (didn't bet)
Seat 5: AlexEliseev7 (button) collected ($5.70)
Seat 6: aaronbengert (small blind) folded on the Flop



PokerStars Hand #254557452742:  Hold'em No Limit ($0.50/$1.00 USD) - 2025/01/26 4:39:33 WET [2025/01/25 23:39:33 ET]
Table 'Mauritia IV' 6-max Seat #6 is the button
Seat 2: Aleqseuka ($149.45 in chips) is sitting out
Seat 1: sutata ($227.83 in chips) 
Seat 3: CashfishT ($119.20 in chips) 
Seat 4: shootingGRID ($100 in chips) 
Seat 5: AlexEliseev7 ($103.20 in chips) 
Seat 6: aaronbengert ($222.71 in chips) 
sutata: posts small blind $0.50
CashfishT: posts big blind $1
*** HOLE CARDS ***
shootingGRID: folds 
AlexEliseev7: folds 
aaronbengert: folds 
sutata: raises $2 to $3
CashfishT: raises $7 to $10
sutata: folds 
Uncalled bet ($7) returned to CashfishT
CashfishT collected $6 from pot
CashfishT: doesn't show hand 
*** SUMMARY ***
Total pot $6 | Rake $0 
Seat 2: Aleqseuka
Seat 1: sutata (small blind) folded before Flop
Seat 3: CashfishT (big blind) collected ($6)
Seat 4: shootingGRID folded before Flop (didn't bet)
Seat 5: AlexEliseev7 folded before Flop (didn't bet)
Seat 6: aaronbengert (button) folded before Flop (didn't bet)



PokerStars Hand #254557455463:  Hold'em No Limit ($0.50/$1.00 USD) - 2025/01/26 4:39:59 WET [2025/01/25 23:39:59 ET]
Table 'Mauritia IV' 6-max Seat #1 is the button
Seat 2: Aleqseuka ($149.45 in chips) is sitting out
Seat 1: sutata ($224.83 in chips) 
Seat 3: CashfishT ($122.20 in chips) 
Seat 4: shootingGRID ($100 in chips) 
Seat 5: AlexEliseev7 ($103.20 in chips) 
Seat 6: aaronbengert ($222.71 in chips) 
CashfishT: posts small blind $0.50
shootingGRID: posts big blind $1
*** HOLE CARDS ***
AlexEliseev7: folds 
aaronbengert: folds 
sutata: raises $2 to $3
CashfishT: folds 
shootingGRID: raises $10 to $13
sutata: folds 
Uncalled bet ($10) returned to shootingGRID
shootingGRID collected $6.50 from pot
*** SUMMARY ***
Total pot $6.50 | Rake $0 
Seat 2: Aleqseuka
Seat 1: sutata (button) folded before Flop
Seat 3: CashfishT (small blind) folded before Flop
Seat 4: shootingGRID (big blind) collected ($6.50)
Seat 5: AlexEliseev7 folded before Flop (didn't bet)
Seat 6: aaronbengert folded before Flop (didn't bet)



PokerStars Hand #254557458101:  Hold'em No Limit ($0.50/$1.00 USD) - 2025/01/26 4:40:24 WET [2025/01/25 23:40:24 ET]
Table 'Mauritia IV' 6-max Seat #3 is the button
Seat 2: Aleqseuka ($149.45 in chips) is sitting out
Seat 1: sutata ($221.83 in chips) 
Seat 3: CashfishT ($121.70 in chips) 
Seat 4: shootingGRID ($103.50 in chips) 
Seat 5: AlexEliseev7 ($103.20 in chips) 
Seat 6: aaronbengert ($222.71 in chips) 
shootingGRID: posts small blind $0.50
AlexEliseev7: posts big blind $1
*** HOLE CARDS ***
aaronbengert: folds 
sutata: folds 
CashfishT: folds 
shootingGRID: folds 
Uncalled bet ($0.50) returned to AlexEliseev7
AlexEliseev7 collected $1 from pot
AlexEliseev7: doesn't show hand 
*** SUMMARY ***
Total pot $1 | Rake $0 
Seat 2: Aleqseuka
Seat 1: sutata folded before Flop (didn't bet)
Seat 3: CashfishT (button) folded before Flop (didn't bet)
Seat 4: shootingGRID (small blind) folded before Flop
Seat 5: AlexEliseev7 (big blind) collected ($1)
Seat 6: aaronbengert folded before Flop (didn't bet)



PokerStars Hand #254557460354:  Hold'em No Limit ($0.50/$1.00 USD) - 2025/01/26 4:40:45 WET [2025/01/25 23:40:45 ET]
Table 'Mauritia IV' 6-max Seat #4 is the button
Seat 2: Aleqseuka ($149.45 in chips) is sitting out
Seat 1: sutata ($221.83 in chips) 
Seat 3: CashfishT ($121.70 in chips) 
Seat 4: shootingGRID ($103 in chips) 
Seat 5: AlexEliseev7 ($103.70 in chips) 
Seat 6: aaronbengert ($222.71 in chips) 
AlexEliseev7: posts small blind $0.50
aaronbengert: posts big blind $1
*** HOLE CARDS ***
sutata: folds 
CashfishT: folds 
shootingGRID: raises $1.50 to $2.50
AlexEliseev7: folds 
aaronbengert: calls $1.50
*** FLOP *** [Qh 6d 8c]
aaronbengert: bets $2
shootingGRID: folds 
Uncalled bet ($2) returned to aaronbengert
aaronbengert collected $5.22 from pot
aaronbengert: doesn't show hand 
*** SUMMARY ***
Total pot $5.50 | Rake $0.28 
Board [Qh 6d 8c]
Seat 2: Aleqseuka
Seat 1: sutata folded before Flop (didn't bet)
Seat 3: CashfishT folded before Flop (didn't bet)
Seat 4: shootingGRID (button) folded on the Flop
Seat 5: AlexEliseev7 (small blind) folded before Flop
Seat 6: aaronbengert (big blind) collected ($5.22)



PokerStars Hand #254557464315:  Hold'em No Limit ($0.50/$1.00 USD) - 2025/01/26 4:41:23 WET [2025/01/25 23:41:23 ET]
Table 'Mauritia IV' 6-max Seat #5 is the button
Seat 2: Aleqseuka ($149.45 in chips) is sitting out
Seat 1: sutata ($221.83 in chips) 
Seat 3: CashfishT ($121.70 in chips) 
Seat 4: shootingGRID ($100.50 in chips) 
Seat 5: AlexEliseev7 ($103.20 in chips) 
Seat 6: aaronbengert ($225.43 in chips) 
aaronbengert: posts small blind $0.50
sutata: posts big blind $1
Aleqseuka: sits out 
*** HOLE CARDS ***
CashfishT: raises $1.20 to $2.20
shootingGRID: folds 
AlexEliseev7: folds 
aaronbengert: calls $1.70
sutata: folds 
*** FLOP *** [Qd 4h 8d]
aaronbengert: bets $1
CashfishT: calls $1
*** TURN *** [Qd 4h 8d] [Qc]
aaronbengert: bets $3
CashfishT: raises $6.52 to $9.52
aaronbengert: calls $6.52
*** RIVER *** [Qd 4h 8d Qc] [6d]
aaronbengert: bets $12
CashfishT: folds 
Uncalled bet ($12) returned to aaronbengert
aaronbengert collected $25.12 from pot
aaronbengert: doesn't show hand 
*** SUMMARY ***
Total pot $26.44 | Rake $1.32 
Board [Qd 4h 8d Qc 6d]
Seat 2: Aleqseuka
Seat 1: sutata (big blind) folded before Flop
Seat 3: CashfishT folded on the River
Seat 4: shootingGRID folded before Flop (didn't bet)
Seat 5: AlexEliseev7 (button) folded before Flop (didn't bet)
Seat 6: aaronbengert (small blind) collected ($25.12)



PokerStars Hand #254557588454:  Hold'em No Limit ($0.50/$1.00 USD) - 2025/01/26 5:03:06 WET [2025/01/26 0:03:06 ET]
Table 'Mauritia IV' 6-max Seat #1 is the button
Seat 4: shootingGRID ($100 in chips) is sitting out
Seat 1: sutata ($231.11 in chips) 
Seat 2: Aleqseuka ($186.31 in chips) 
Seat 3: CashfishT ($102.26 in chips) 
Seat 5: AlexEliseev7 ($171.22 in chips) 
Seat 6: aaronbengert ($140.83 in chips) 
Aleqseuka: posts small blind $0.50
CashfishT: posts big blind $1
shootingGRID: sits out 
*** HOLE CARDS ***
AlexEliseev7: raises $1.50 to $2.50
aaronbengert: folds 
sutata: folds 
Aleqseuka: folds 
CashfishT: calls $1.50
*** FLOP *** [4h 8d Qd]
CashfishT: checks 
AlexEliseev7: bets $1.72
CashfishT: calls $1.72
*** TURN *** [4h 8d Qd] [6c]
CashfishT: checks 
AlexEliseev7: bets $12.82
CashfishT: folds 
Uncalled bet ($12.82) returned to AlexEliseev7
AlexEliseev7 collected $8.49 from pot
AlexEliseev7: doesn't show hand 
*** SUMMARY ***
Total pot $8.94 | Rake $0.45 
Board [4h 8d Qd 6c]
Seat 4: shootingGRID
Seat 1: sutata (button) folded before Flop (didn't bet)
Seat 2: Aleqseuka (small blind) folded before Flop
Seat 3: CashfishT (big blind) folded on the Turn
Seat 5: AlexEliseev7 collected ($8.49)
Seat 6: aaronbengert folded before Flop (didn't bet)



PokerStars Hand #254557592832:  Hold'em No Limit ($0.50/$1.00 USD) - 2025/01/26 5:03:52 WET [2025/01/26 0:03:52 ET]
Table 'Mauritia IV' 6-max Seat #2 is the button
Seat 1: sutata ($231.11 in chips) 
Seat 2: Aleqseuka ($185.81 in chips) 
Seat 3: CashfishT ($100 in chips) 
Seat 4: shootingGRID ($100 in chips) 
Seat 5: AlexEliseev7 ($175.49 in chips) 
Seat 6: aaronbengert ($140.83 in chips) 
CashfishT: posts small blind $0.50
shootingGRID: posts big blind $1
*** HOLE CARDS ***
AlexEliseev7: raises $1.50 to $2.50
aaronbengert: folds 
sutata: folds 
Aleqseuka: folds 
CashfishT: folds 
shootingGRID: folds 
Uncalled bet ($1.50) returned to AlexEliseev7
AlexEliseev7 collected $2.50 from pot
AlexEliseev7: doesn't show hand 
*** SUMMARY ***
Total pot $2.50 | Rake $0 
Seat 1: sutata folded before Flop (didn't bet)
Seat 2: Aleqseuka (button) folded before Flop (didn't bet)
Seat 3: CashfishT (small blind) folded before Flop
Seat 4: shootingGRID (big blind) folded before Flop
Seat 5: AlexEliseev7 collected ($2.50)
Seat 6: aaronbengert folded before Flop (didn't bet)



PokerStars Hand #254557594960:  Hold'em No Limit ($0.50/$1.00 USD) - 2025/01/26 5:04:15 WET [2025/01/26 0:04:15 ET]
Table 'Mauritia IV' 6-max Seat #3 is the button
Seat 1: sutata ($231.11 in chips) 
Seat 2: Aleqseuka ($185.81 in chips) 
Seat 3: CashfishT ($100 in chips) 
Seat 4: shootingGRID ($100 in chips) 
Seat 5: AlexEliseev7 ($176.99 in chips) 
Seat 6: aaronbengert ($140.83 in chips) 
shootingGRID: posts small blind $0.50
AlexEliseev7: posts big blind $1
*** HOLE CARDS ***
aaronbengert: calls $1
sutata: folds 
Aleqseuka: raises $3 to $4
CashfishT: folds 
shootingGRID: folds 
AlexEliseev7: folds 
aaronbengert: calls $3
*** FLOP *** [Kd 4c 7h]
aaronbengert: checks 
Aleqseuka: bets $2.98
aaronbengert: folds 
Uncalled bet ($2.98) returned to Aleqseuka
Aleqseuka collected $9.02 from pot
Aleqseuka: doesn't show hand 
*** SUMMARY ***
Total pot $9.50 | Rake $0.48 
Board [Kd 4c 7h]
Seat 1: sutata folded before Flop (didn't bet)
Seat 2: Aleqseuka collected ($9.02)
Seat 3: CashfishT (button) folded before Flop (didn't bet)
Seat 4: shootingGRID (small blind) folded before Flop
Seat 5: AlexEliseev7 (big blind) folded before Flop
Seat 6: aaronbengert folded on the Flop



PokerStars Hand #254557599863:  Hold'em No Limit ($0.50/$1.00 USD) - 2025/01/26 5:05:06 WET [2025/01/26 0:05:06 ET]
Table 'Mauritia IV' 6-max Seat #4 is the button
Seat 1: sutata ($231.11 in chips) 
Seat 2: Aleqseuka ($190.83 in chips) 
Seat 3: CashfishT ($100 in chips) 
Seat 4: shootingGRID ($100 in chips) 
Seat 5: AlexEliseev7 ($175.99 in chips) 
Seat 6: aaronbengert ($136.83 in chips) 
AlexEliseev7: posts small blind $0.50
aaronbengert: posts big blind $1
*** HOLE CARDS ***
sutata: folds 
Aleqseuka: folds 
CashfishT: folds 
shootingGRID: folds 
AlexEliseev7: raises $2 to $3
aaronbengert: calls $2
*** FLOP *** [6d 2h 6h]
AlexEliseev7: checks 
aaronbengert: checks 
*** TURN *** [6d 2h 6h] [Qd]
AlexEliseev7: bets $4.45
aaronbengert: folds 
Uncalled bet ($4.45) returned to AlexEliseev7
AlexEliseev7 collected $5.70 from pot
AlexEliseev7: doesn't show hand 
*** SUMMARY ***
Total pot $6 | Rake $0.30 
Board [6d 2h 6h Qd]
Seat 1: sutata folded before Flop (didn't bet)
Seat 2: Aleqseuka folded before Flop (didn't bet)
Seat 3: CashfishT folded before Flop (didn't bet)
Seat 4: shootingGRID (button) folded before Flop (didn't bet)
Seat 5: AlexEliseev7 (small blind) collected ($5.70)
Seat 6: aaronbengert (big blind) folded on the Turn



PokerStars Hand #254557604402:  Hold'em No Limit ($0.50/$1.00 USD) - 2025/01/26 5:05:52 WET [2025/01/26 0:05:52 ET]
Table 'Mauritia IV' 6-max Seat #5 is the button
Seat 1: sutata ($231.11 in chips) 
Seat 2: Aleqseuka ($190.83 in chips) 
Seat 3: CashfishT ($100 in chips) 
Seat 4: shootingGRID ($100 in chips) 
Seat 5: AlexEliseev7 ($178.69 in chips) 
Seat 6: aaronbengert ($133.83 in chips) 
aaronbengert: posts small blind $0.50
sutata: posts big blind $1
*** HOLE CARDS ***
Aleqseuka: folds 
CashfishT: folds 
shootingGRID: raises $1.25 to $2.25
AlexEliseev7: calls $2.25
aaronbengert: folds 
sutata: folds 
*** FLOP *** [8s 9h 7d]
shootingGRID: checks 
AlexEliseev7: bets $1.88
shootingGRID: calls $1.88
*** TURN *** [8s 9h 7d] [As]
shootingGRID: checks 
AlexEliseev7: bets $14
shootingGRID: folds 
Uncalled bet ($14) returned to AlexEliseev7
AlexEliseev7 collected $9.27 from pot
AlexEliseev7: doesn't show hand 
*** SUMMARY ***
Total pot $9.76 | Rake $0.49 
Board [8s 9h 7d As]
Seat 1: sutata (big blind) folded before Flop
Seat 2: Aleqseuka folded before Flop (didn't bet)
Seat 3: CashfishT folded before Flop (didn't bet)
Seat 4: shootingGRID folded on the Turn
Seat 5: AlexEliseev7 (button) collected ($9.27)
Seat 6: aaronbengert (small blind) folded before Flop



PokerStars Hand #254557608921:  Hold'em No Limit ($0.50/$1.00 USD) - 2025/01/26 5:06:38 WET [2025/01/26 0:06:38 ET]
Table 'Mauritia IV' 6-max Seat #6 is the button
Seat 1: sutata ($230.11 in chips) 
Seat 2: Aleqseuka ($190.83 in chips) 
Seat 3: CashfishT ($100 in chips) 
Seat 4: shootingGRID ($100 in chips) 
Seat 5: AlexEliseev7 ($183.83 in chips) 
Seat 6: aaronbengert ($133.33 in chips) 
sutata: posts small blind $0.50
Aleqseuka: posts big blind $1
*** HOLE CARDS ***
CashfishT: raises $1.20 to $2.20
shootingGRID: raises $5.30 to $7.50
AlexEliseev7: folds 
aaronbengert: folds 
sutata: folds 
Aleqseuka: folds 
CashfishT: folds 
Uncalled bet ($5.30) returned to shootingGRID
shootingGRID collected $5.90 from pot
*** SUMMARY ***
Total pot $5.90 | Rake $0 
Seat 1: sutata (small blind) folded before Flop
Seat 2: Aleqseuka (big blind) folded before Flop
Seat 3: CashfishT folded before Flop
Seat 4: shootingGRID collected ($5.90)
Seat 5: AlexEliseev7 folded before Flop (didn't bet)
Seat 6: aaronbengert (button) folded before Flop (didn't bet)



PokerStars Hand #254557610897:  Hold'em No Limit ($0.50/$1.00 USD) - 2025/01/26 5:06:59 WET [2025/01/26 0:06:59 ET]
Table 'Mauritia IV' 6-max Seat #1 is the button
Seat 1: sutata ($229.61 in chips) 
Seat 2: Aleqseuka ($189.83 in chips) 
Seat 3: CashfishT ($100 in chips) 
Seat 4: shootingGRID ($103.70 in chips) 
Seat 5: AlexEliseev7 ($183.83 in chips) 
Seat 6: aaronbengert ($133.33 in chips) 
Aleqseuka: posts small blind $0.50
CashfishT: posts big blind $1
*** HOLE CARDS ***
shootingGRID: folds 
AlexEliseev7: folds 
aaronbengert: folds 
sutata: raises $2 to $3
Aleqseuka: folds 
CashfishT: folds 
Uncalled bet ($2) returned to sutata
sutata collected $2.50 from pot
sutata: doesn't show hand 
*** SUMMARY ***
Total pot $2.50 | Rake $0 
Seat 1: sutata (button) collected ($2.50)
Seat 2: Aleqseuka (small blind) folded before Flop
Seat 3: CashfishT (big blind) folded before Flop
Seat 4: shootingGRID folded before Flop (didn't bet)
Seat 5: AlexEliseev7 folded before Flop (didn't bet)
Seat 6: aaronbengert folded before Flop (didn't bet)



PokerStars Hand #254557612447:  Hold'em No Limit ($0.50/$1.00 USD) - 2025/01/26 5:07:15 WET [2025/01/26 0:07:15 ET]
Table 'Mauritia IV' 6-max Seat #2 is the button
Seat 1: sutata ($231.11 in chips) 
Seat 2: Aleqseuka ($189.33 in chips) 
Seat 3: CashfishT ($100 in chips) 
Seat 4: shootingGRID ($103.70 in chips) 
Seat 5: AlexEliseev7 ($183.83 in chips) 
Seat 6: aaronbengert ($133.33 in chips) 
CashfishT: posts small blind $0.50
shootingGRID: posts big blind $1
*** HOLE CARDS ***
AlexEliseev7: folds 
aaronbengert: raises $4 to $5
sutata: folds 
Aleqseuka: folds 
CashfishT: raises $10 to $15
shootingGRID: folds 
aaronbengert: calls $10
*** FLOP *** [8h 2d 3c]
CashfishT: checks 
aaronbengert: bets $10
CashfishT: calls $10
*** TURN *** [8h 2d 3c] [3d]
CashfishT: checks 
aaronbengert: bets $20
CashfishT: calls $20
*** RIVER *** [8h 2d 3c 3d] [9s]
CashfishT: checks 
aaronbengert: checks 
*** SHOW DOWN ***
CashfishT: shows [Ah Kd] (a pair of Threes)
aaronbengert: mucks hand 
CashfishT collected $88.50 from pot
*** SUMMARY ***
Total pot $91 | Rake $2.50 
Board [8h 2d 3c 3d 9s]
Seat 1: sutata folded before Flop (didn't bet)
Seat 2: Aleqseuka (button) folded before Flop (didn't bet)
Seat 3: CashfishT (small blind) showed [Ah Kd] and won ($88.50) with a pair of Threes
Seat 4: shootingGRID (big blind) folded before Flop
Seat 5: AlexEliseev7 folded before Flop (didn't bet)
Seat 6: aaronbengert mucked



PokerStars Hand #254557624094:  Hold'em No Limit ($0.50/$1.00 USD) - 2025/01/26 5:09:16 WET [2025/01/26 0:09:16 ET]
Table 'Mauritia IV' 6-max Seat #3 is the button
Seat 1: sutata ($231.11 in chips) 
Seat 2: Aleqseuka ($189.33 in chips) 
Seat 3: CashfishT ($143.50 in chips) 
Seat 4: shootingGRID ($102.70 in chips) 
Seat 5: AlexEliseev7 ($183.83 in chips) 
Seat 6: aaronbengert ($88.33 in chips) 
shootingGRID: posts small blind $0.50
AlexEliseev7: posts big blind $1
*** HOLE CARDS ***
aaronbengert: raises $1 to $2
sutata: folds 
Aleqseuka: raises $5.50 to $7.50
CashfishT: folds 
shootingGRID: folds 
AlexEliseev7: folds 
aaronbengert: calls $5.50
*** FLOP *** [8s As 3d]
aaronbengert: bets $5
Aleqseuka: raises $15.68 to $20.68
aaronbengert: folds 
Uncalled bet ($15.68) returned to Aleqseuka
Aleqseuka collected $25.18 from pot
Aleqseuka: doesn't show hand 
*** SUMMARY ***
Total pot $26.50 | Rake $1.32 
Board [8s As 3d]
Seat 1: sutata folded before Flop (didn't bet)
Seat 2: Aleqseuka collected ($25.18)
Seat 3: CashfishT (button) folded before Flop (didn't bet)
Seat 4: shootingGRID (small blind) folded before Flop
Seat 5: AlexEliseev7 (big blind) folded before Flop
Seat 6: aaronbengert folded on the Flop



PokerStars Hand #254557631437:  Hold'em No Limit ($0.50/$1.00 USD) - 2025/01/26 5:10:31 WET [2025/01/26 0:10:31 ET]
Table 'Mauritia IV' 6-max Seat #4 is the button
Seat 6: aaronbengert ($75.83 in chips) is sitting out
Seat 1: sutata ($231.11 in chips) 
Seat 2: Aleqseuka ($202.01 in chips) 
Seat 3: CashfishT ($143.50 in chips) 
Seat 4: shootingGRID ($102.20 in chips) 
Seat 5: AlexEliseev7 ($182.83 in chips) 
AlexEliseev7: posts small blind $0.50
aaronbengert: is sitting out 
sutata: posts big blind $1
*** HOLE CARDS ***
Aleqseuka: folds 
CashfishT: raises $1.20 to $2.20
shootingGRID: folds 
AlexEliseev7: folds 
aaronbengert leaves the table
sutata: folds 
Uncalled bet ($1.20) returned to CashfishT
CashfishT collected $2.50 from pot
CashfishT: doesn't show hand 
*** SUMMARY ***
Total pot $2.50 | Rake $0 
Seat 6: aaronbengert
Seat 1: sutata (big blind) folded before Flop
Seat 2: Aleqseuka folded before Flop (didn't bet)
Seat 3: CashfishT collected ($2.50)
Seat 4: shootingGRID (button) folded before Flop (didn't bet)
Seat 5: AlexEliseev7 (small blind) folded before Flop



PokerStars Hand #254557632777:  Hold'em No Limit ($0.50/$1.00 USD) - 2025/01/26 5:10:45 WET [2025/01/26 0:10:45 ET]
Table 'Mauritia IV' 6-max Seat #5 is the button
Seat 1: sutata ($230.11 in chips) 
Seat 2: Aleqseuka ($202.01 in chips) 
Seat 3: CashfishT ($145 in chips) 
Seat 4: shootingGRID ($102.20 in chips) 
Seat 5: AlexEliseev7 ($182.33 in chips) 
sutata: posts small blind $0.50
Aleqseuka: posts big blind $1
*** HOLE CARDS ***
CashfishT: folds 
shootingGRID: raises $1.50 to $2.50
AlexEliseev7: folds 
sutata: folds 
Aleqseuka: folds 
Uncalled bet ($1.50) returned to shootingGRID
p0pa4poker joins the table at seat #6 
shootingGRID collected $2.50 from pot
*** SUMMARY ***
Total pot $2.50 | Rake $0 
Seat 1: sutata (small blind) folded before Flop
Seat 2: Aleqseuka (big blind) folded before Flop
Seat 3: CashfishT folded before Flop (didn't bet)
Seat 4: shootingGRID collected ($2.50)
Seat 5: AlexEliseev7 (button) folded before Flop (didn't bet)



PokerStars Hand #254557634451:  Hold'em No Limit ($0.50/$1.00 USD) - 2025/01/26 5:11:03 WET [2025/01/26 0:11:03 ET]
Table 'Mauritia IV' 6-max Seat #1 is the button
Seat 3: CashfishT ($145 in chips) is sitting out
Seat 6: p0pa4poker ($100 in chips) is sitting out
Seat 1: sutata ($229.61 in chips) 
Seat 2: Aleqseuka ($201.01 in chips) 
Seat 4: shootingGRID ($103.70 in chips) 
Seat 5: AlexEliseev7 ($182.33 in chips) 
Aleqseuka: posts small blind $0.50
CashfishT: is sitting out 
shootingGRID: posts big blind $1
p0pa4poker: sits out 
*** HOLE CARDS ***
AlexEliseev7: folds 
sutata: raises $2 to $3
Aleqseuka: folds 
shootingGRID: raises $10 to $13
sutata: folds 
Uncalled bet ($10) returned to shootingGRID
shootingGRID collected $6.50 from pot
*** SUMMARY ***
Total pot $6.50 | Rake $0 
Seat 3: CashfishT
Seat 6: p0pa4poker
Seat 1: sutata (button) folded before Flop
Seat 2: Aleqseuka (small blind) folded before Flop
Seat 4: shootingGRID (big blind) collected ($6.50)
Seat 5: AlexEliseev7 folded before Flop (didn't bet)



PokerStars Hand #254557637292:  Hold'em No Limit ($0.50/$1.00 USD) - 2025/01/26 5:11:32 WET [2025/01/26 0:11:32 ET]
Table 'Mauritia IV' 6-max Seat #2 is the button
Seat 3: CashfishT ($145 in chips) is sitting out
Seat 5: AlexEliseev7 ($182.33 in chips) is sitting out
Seat 1: sutata ($226.61 in chips) 
Seat 2: Aleqseuka ($200.51 in chips) 
Seat 4: shootingGRID ($107.20 in chips) 
Seat 6: p0pa4poker ($100 in chips) 
shootingGRID: posts small blind $0.50
AlexEliseev7: is sitting out 
p0pa4poker: posts big blind $1
*** HOLE CARDS ***
AlexEliseev7 leaves the table
sutata: folds 
CashfishT leaves the table
Aleqseuka: folds 
shootingGRID: raises $2 to $3
p0pa4poker: folds 
Uncalled bet ($2) returned to shootingGRID
shootingGRID collected $2 from pot
*** SUMMARY ***
Total pot $2 | Rake $0 
Seat 3: CashfishT
Seat 5: AlexEliseev7
Seat 1: sutata folded before Flop (didn't bet)
Seat 2: Aleqseuka (button) folded before Flop (didn't bet)
Seat 4: shootingGRID (small blind) collected ($2)
Seat 6: p0pa4poker (big blind) folded before Flop



PokerStars Hand #254557672370:  Hold'em No Limit ($0.50/$1.00 USD) - 2025/01/26 5:17:46 WET [2025/01/26 0:17:46 ET]
Table 'Mauritia IV' 6-max Seat #4 is the button
Seat 4: littleboy930 ($100 in chips) 
Seat 5: m0nTTu ($80 in chips) 
Seat 6: reeqar ($100 in chips) 
m0nTTu: posts small blind $0.50
reeqar: posts big blind $1
*** HOLE CARDS ***
littleboy930: raises $2 to $3
m0nTTu: folds 
7bekon7 joins the table at seat #1 
NOTfishON joins the table at seat #2 
reeqar: folds 
Uncalled bet ($2) returned to littleboy930
littleboy930 collected $2.50 from pot
*** SUMMARY ***
Total pot $2.50 | Rake $0 
Seat 4: littleboy930 (button) collected ($2.50)
Seat 5: m0nTTu (small blind) folded before Flop
Seat 6: reeqar (big blind) folded before Flop



PokerStars Hand #254557675553:  Hold'em No Limit ($0.50/$1.00 USD) - 2025/01/26 5:18:20 WET [2025/01/26 0:18:20 ET]
Table 'Mauritia IV' 6-max Seat #5 is the button
Seat 2: NOTfishON ($100 in chips) is sitting out
Seat 1: 7bekon7 ($100 in chips) 
Seat 4: littleboy930 ($101.50 in chips) 
Seat 5: m0nTTu ($100 in chips) 
Seat 6: reeqar ($100 in chips) 
reeqar: posts small blind $0.50
7bekon7: posts big blind $1
NOTfishON: sits out 
*** HOLE CARDS ***
littleboy930: raises $1 to $2
m0nTTu: raises $5.50 to $7.50
reeqar: folds 
7bekon7: folds 
littleboy930: calls $5.50
*** FLOP *** [As 8c 2h]
littleboy930: bets $9
m0nTTu: calls $9
*** TURN *** [As 8c 2h] [7s]
littleboy930: bets $17.75
m0nTTu: calls $17.75
*** RIVER *** [As 8c 2h 7s] [5d]
littleboy930: bets $34.50
m0nTTu: raises $31.25 to $65.75 and is all-in
littleboy930: folds 
Uncalled bet ($31.25) returned to m0nTTu
m0nTTu collected $138 from pot
m0nTTu: doesn't show hand 
*** SUMMARY ***
Total pot $139 | Rake $1 
Board [As 8c 2h 7s 5d]
Seat 2: NOTfishON
Seat 1: 7bekon7 (big blind) folded before Flop
Seat 4: littleboy930 folded on the River
Seat 5: m0nTTu (button) collected ($138)
Seat 6: reeqar (small blind) folded before Flop



PokerStars Hand #254557684383:  Hold'em No Limit ($0.50/$1.00 USD) - 2025/01/26 5:19:55 WET [2025/01/26 0:19:55 ET]
Table 'Mauritia IV' 6-max Seat #6 is the button
Seat 1: 7bekon7 ($100 in chips) 
Seat 2: NOTfishON ($100 in chips) 
Seat 4: littleboy930 ($32.75 in chips) 
Seat 5: m0nTTu ($169.25 in chips) 
Seat 6: reeqar ($100 in chips) 
7bekon7: posts small blind $0.50
NOTfishON: posts big blind $1
*** HOLE CARDS ***
littleboy930: folds 
m0nTTu: folds 
reeqar: raises $1.50 to $2.50
7bekon7: folds 
NOTfishON: calls $1.50
*** FLOP *** [Jc 4s 7s]
NOTfishON: checks 
reeqar: bets $3.92
NOTfishON: calls $3.92
*** TURN *** [Jc 4s 7s] [Th]
NOTfishON: checks 
reeqar: checks 
*** RIVER *** [Jc 4s 7s Th] [5h]
NOTfishON: bets $9
jamesmillwal joins the table at seat #3 
reeqar has timed out
reeqar: folds 
Uncalled bet ($9) returned to NOTfishON
NOTfishON collected $12.67 from pot
*** SUMMARY ***
Total pot $13.34 | Rake $0.67 
Board [Jc 4s 7s Th 5h]
Seat 1: 7bekon7 (small blind) folded before Flop
Seat 2: NOTfishON (big blind) collected ($12.67)
Seat 4: littleboy930 folded before Flop (didn't bet)
Seat 5: m0nTTu folded before Flop (didn't bet)
Seat 6: reeqar (button) folded on the River



PokerStars Hand #254557696506:  Hold'em No Limit ($0.50/$1.00 USD) - 2025/01/26 5:22:06 WET [2025/01/26 0:22:06 ET]
Table 'Mauritia IV' 6-max Seat #1 is the button
Seat 1: 7bekon7 ($100 in chips) 
Seat 2: NOTfishON ($106.25 in chips) 
Seat 3: jamesmillwal ($48.66 in chips) 
Seat 4: littleboy930 ($32.75 in chips) 
Seat 5: m0nTTu ($169.25 in chips) 
Seat 6: reeqar ($100 in chips) 
NOTfishON: posts small blind $0.50
jamesmillwal: posts big blind $1
*** HOLE CARDS ***
littleboy930: folds 
m0nTTu: folds 
reeqar: raises $1.50 to $2.50
7bekon7: folds 
NOTfishON: folds 
jamesmillwal: calls $1.50
*** FLOP *** [7c 8d 9s]
jamesmillwal: checks 
reeqar: bets $3.92
jamesmillwal: folds 
Uncalled bet ($3.92) returned to reeqar
reeqar collected $5.22 from pot
reeqar: doesn't show hand 
*** SUMMARY ***
Total pot $5.50 | Rake $0.28 
Board [7c 8d 9s]
Seat 1: 7bekon7 (button) folded before Flop (didn't bet)
Seat 2: NOTfishON (small blind) folded before Flop
Seat 3: jamesmillwal (big blind) folded on the Flop
Seat 4: littleboy930 folded before Flop (didn't bet)
Seat 5: m0nTTu folded before Flop (didn't bet)
Seat 6: reeqar collected ($5.22)



PokerStars Hand #254557701162:  Hold'em No Limit ($0.50/$1.00 USD) - 2025/01/26 5:22:56 WET [2025/01/26 0:22:56 ET]
Table 'Mauritia IV' 6-max Seat #2 is the button
Seat 1: 7bekon7 ($100 in chips) 
Seat 2: NOTfishON ($105.75 in chips) 
Seat 3: jamesmillwal ($46.16 in chips) 
Seat 4: littleboy930 ($32.75 in chips) 
Seat 5: m0nTTu ($169.25 in chips) 
Seat 6: reeqar ($102.72 in chips) 
jamesmillwal: posts small blind $0.50
littleboy930: posts big blind $1
*** HOLE CARDS ***
m0nTTu: folds 
reeqar: folds 
7bekon7: raises $1.50 to $2.50
NOTfishON: calls $2.50
jamesmillwal: raises $5.50 to $8
littleboy930: folds 
7bekon7: raises $92 to $100 and is all-in
NOTfishON: folds 
jamesmillwal: calls $38.16 and is all-in
Uncalled bet ($53.84) returned to 7bekon7
*** FIRST FLOP *** [4c 9h 6d]
*** FIRST TURN *** [4c 9h 6d] [Js]
*** FIRST RIVER *** [4c 9h 6d Js] [7h]
*** SECOND FLOP *** [2s Jc 2d]
*** SECOND TURN *** [2s Jc 2d] [7s]
*** SECOND RIVER *** [2s Jc 2d 7s] [8d]
*** FIRST SHOW DOWN ***
jamesmillwal: shows [Ad Kd] (high card Ace)
7bekon7: shows [Ah Ks] (high card Ace)
jamesmillwal collected $23.33 from pot
7bekon7 collected $23.33 from pot
*** SECOND SHOW DOWN ***
jamesmillwal: shows [Ad Kd] (a pair of Deuces)
7bekon7: shows [Ah Ks] (a pair of Deuces)
jamesmillwal collected $23.33 from pot
7bekon7 collected $23.33 from pot
*** SUMMARY ***
Total pot $95.82 | Rake $2.50 
Hand was run twice
FIRST Board [4c 9h 6d Js 7h]
SECOND Board [2s Jc 2d 7s 8d]
Seat 1: 7bekon7 showed [Ah Ks] and won ($23.33) with high card Ace, and won ($23.33) with a pair of Deuces
Seat 2: NOTfishON (button) folded before Flop
Seat 3: jamesmillwal (small blind) showed [Ad Kd] and won ($23.33) with high card Ace, and won ($23.33) with a pair of Deuces
Seat 4: littleboy930 (big blind) folded before Flop
Seat 5: m0nTTu folded before Flop (didn't bet)
Seat 6: reeqar folded before Flop (didn't bet)



PokerStars Hand #254557706421:  Hold'em No Limit ($0.50/$1.00 USD) - 2025/01/26 5:23:53 WET [2025/01/26 0:23:53 ET]
Table 'Mauritia IV' 6-max Seat #3 is the button
Seat 1: 7bekon7 ($100.50 in chips) 
Seat 2: NOTfishON ($103.25 in chips) 
Seat 3: jamesmillwal ($46.66 in chips) 
Seat 4: littleboy930 ($31.75 in chips) 
Seat 5: m0nTTu ($169.25 in chips) 
Seat 6: reeqar ($102.72 in chips) 
littleboy930: posts small blind $0.50
m0nTTu: posts big blind $1
*** HOLE CARDS ***
reeqar: folds 
7bekon7: folds 
NOTfishON: raises $1.30 to $2.30
jamesmillwal: folds 
littleboy930: calls $1.80
m0nTTu: folds 
*** FLOP *** [8c 7c 3c]
littleboy930: checks 
NOTfishON: checks 
*** TURN *** [8c 7c 3c] [2h]
littleboy930: checks 
NOTfishON: checks 
*** RIVER *** [8c 7c 3c 2h] [7h]
littleboy930: checks 
NOTfishON: checks 
*** SHOW DOWN ***
littleboy930: shows [Ah 2c] (two pair, Sevens and Deuces)
NOTfishON: mucks hand 
littleboy930 collected $5.32 from pot
*** SUMMARY ***
Total pot $5.60 | Rake $0.28 
Board [8c 7c 3c 2h 7h]
Seat 1: 7bekon7 folded before Flop (didn't bet)
Seat 2: NOTfishON mucked
Seat 3: jamesmillwal (button) folded before Flop (didn't bet)
Seat 4: littleboy930 (small blind) showed [Ah 2c] and won ($5.32) with two pair, Sevens and Deuces
Seat 5: m0nTTu (big blind) folded before Flop
Seat 6: reeqar folded before Flop (didn't bet)



PokerStars Hand #254557471617:  Hold'em No Limit ($0.50/$1.00 USD) - 2025/01/26 4:42:32 WET [2025/01/25 23:42:32 ET]
Table 'Mauritia IV' 6-max Seat #6 is the button
Seat 1: sutata ($220.83 in chips) 
Seat 2: Aleqseuka ($149.45 in chips) 
Seat 3: CashfishT ($108.98 in chips) 
Seat 4: shootingGRID ($100.50 in chips) 
Seat 5: AlexEliseev7 ($103.20 in chips) 
Seat 6: aaronbengert ($237.83 in chips) 
sutata: posts small blind $0.50
Aleqseuka: posts big blind $1
*** HOLE CARDS ***
CashfishT: raises $1.20 to $2.20
shootingGRID: folds 
AlexEliseev7: raises $5.30 to $7.50
aaronbengert: calls $7.50
sutata: folds 
Aleqseuka: folds 
CashfishT: raises $15.50 to $23
AlexEliseev7: raises $80.20 to $103.20 and is all-in
aaronbengert: folds 
CashfishT: folds 
Uncalled bet ($80.20) returned to AlexEliseev7
AlexEliseev7 collected $55 from pot
AlexEliseev7: doesn't show hand 
*** SUMMARY ***
Total pot $55 | Rake $0 
Seat 1: sutata (small blind) folded before Flop
Seat 2: Aleqseuka (big blind) folded before Flop
Seat 3: CashfishT folded before Flop
Seat 4: shootingGRID folded before Flop (didn't bet)
Seat 5: AlexEliseev7 collected ($55)
Seat 6: aaronbengert (button) folded before Flop



PokerStars Hand #254557480247:  Hold'em No Limit ($0.50/$1.00 USD) - 2025/01/26 4:43:55 WET [2025/01/25 23:43:55 ET]
Table 'Mauritia IV' 6-max Seat #1 is the button
Seat 1: sutata ($220.33 in chips) 
Seat 2: Aleqseuka ($148.45 in chips) 
Seat 3: CashfishT ($100 in chips) 
Seat 4: shootingGRID ($100.50 in chips) 
Seat 5: AlexEliseev7 ($135.20 in chips) 
Seat 6: aaronbengert ($230.33 in chips) 
Aleqseuka: posts small blind $0.50
CashfishT: posts big blind $1
*** HOLE CARDS ***
shootingGRID: folds 
AlexEliseev7: raises $1.50 to $2.50
aaronbengert: calls $2.50
sutata: folds 
Aleqseuka: folds 
CashfishT: folds 
*** FLOP *** [Js Jc 2c]
AlexEliseev7: checks 
aaronbengert: checks 
*** TURN *** [Js Jc 2c] [8c]
AlexEliseev7: checks 
aaronbengert: checks 
*** RIVER *** [Js Jc 2c 8c] [4h]
AlexEliseev7: checks 
aaronbengert: checks 
*** SHOW DOWN ***
AlexEliseev7: shows [As Kc] (a pair of Jacks)
aaronbengert: mucks hand 
AlexEliseev7 collected $6.18 from pot
*** SUMMARY ***
Total pot $6.50 | Rake $0.32 
Board [Js Jc 2c 8c 4h]
Seat 1: sutata (button) folded before Flop (didn't bet)
Seat 2: Aleqseuka (small blind) folded before Flop
Seat 3: CashfishT (big blind) folded before Flop
Seat 4: shootingGRID folded before Flop (didn't bet)
Seat 5: AlexEliseev7 showed [As Kc] and won ($6.18) with a pair of Jacks
Seat 6: aaronbengert mucked



PokerStars Hand #254557484525:  Hold'em No Limit ($0.50/$1.00 USD) - 2025/01/26 4:44:36 WET [2025/01/25 23:44:36 ET]
Table 'Mauritia IV' 6-max Seat #2 is the button
Seat 1: sutata ($220.33 in chips) 
Seat 2: Aleqseuka ($147.95 in chips) 
Seat 3: CashfishT ($100 in chips) 
Seat 4: shootingGRID ($100.50 in chips) 
Seat 5: AlexEliseev7 ($138.88 in chips) 
Seat 6: aaronbengert ($227.83 in chips) 
CashfishT: posts small blind $0.50
shootingGRID: posts big blind $1
*** HOLE CARDS ***
AlexEliseev7: folds 
aaronbengert: folds 
sutata: folds 
Aleqseuka: folds 
CashfishT: raises $2 to $3
shootingGRID: folds 
Uncalled bet ($2) returned to CashfishT
CashfishT collected $2 from pot
CashfishT: doesn't show hand 
*** SUMMARY ***
Total pot $2 | Rake $0 
Seat 1: sutata folded before Flop (didn't bet)
Seat 2: Aleqseuka (button) folded before Flop (didn't bet)
Seat 3: CashfishT (small blind) collected ($2)
Seat 4: shootingGRID (big blind) folded before Flop
Seat 5: AlexEliseev7 folded before Flop (didn't bet)
Seat 6: aaronbengert folded before Flop (didn't bet)



PokerStars Hand #254557486177:  Hold'em No Limit ($0.50/$1.00 USD) - 2025/01/26 4:44:52 WET [2025/01/25 23:44:52 ET]
Table 'Mauritia IV' 6-max Seat #3 is the button
Seat 1: sutata ($220.33 in chips) 
Seat 2: Aleqseuka ($147.95 in chips) 
Seat 3: CashfishT ($101 in chips) 
Seat 4: shootingGRID ($100 in chips) 
Seat 5: AlexEliseev7 ($138.88 in chips) 
Seat 6: aaronbengert ($227.83 in chips) 
shootingGRID: posts small blind $0.50
AlexEliseev7: posts big blind $1
*** HOLE CARDS ***
aaronbengert has timed out
aaronbengert: folds 
sutata: raises $1.50 to $2.50
Aleqseuka: folds 
CashfishT: folds 
shootingGRID: folds 
AlexEliseev7: folds 
Uncalled bet ($1.50) returned to sutata
sutata collected $2.50 from pot
sutata: doesn't show hand 
*** SUMMARY ***
Total pot $2.50 | Rake $0 
Seat 1: sutata collected ($2.50)
Seat 2: Aleqseuka folded before Flop (didn't bet)
Seat 3: CashfishT (button) folded before Flop (didn't bet)
Seat 4: shootingGRID (small blind) folded before Flop
Seat 5: AlexEliseev7 (big blind) folded before Flop
Seat 6: aaronbengert folded before Flop (didn't bet)



PokerStars Hand #254557489805:  Hold'em No Limit ($0.50/$1.00 USD) - 2025/01/26 4:45:27 WET [2025/01/25 23:45:27 ET]
Table 'Mauritia IV' 6-max Seat #4 is the button
Seat 1: sutata ($221.83 in chips) 
Seat 2: Aleqseuka ($147.95 in chips) 
Seat 3: CashfishT ($101 in chips) 
Seat 4: shootingGRID ($100 in chips) 
Seat 5: AlexEliseev7 ($137.88 in chips) 
Seat 6: aaronbengert ($227.83 in chips) 
AlexEliseev7: posts small blind $0.50
aaronbengert: posts big blind $1
*** HOLE CARDS ***
sutata: folds 
Aleqseuka: raises $1.35 to $2.35
CashfishT: folds 
shootingGRID: folds 
AlexEliseev7: folds 
aaronbengert: calls $1.35
*** FLOP *** [8d Jh 8s]
aaronbengert: checks 
Aleqseuka: bets $2.72
aaronbengert: calls $2.72
*** TURN *** [8d Jh 8s] [Qd]
aaronbengert: checks 
Aleqseuka: checks 
*** RIVER *** [8d Jh 8s Qd] [2c]
aaronbengert: bets $6
Aleqseuka: calls $6
*** SHOW DOWN ***
aaronbengert: shows [Kd 9s] (a pair of Eights)
Aleqseuka: shows [Jc Ts] (two pair, Jacks and Eights)
Aleqseuka collected $21.51 from pot
*** SUMMARY ***
Total pot $22.64 | Rake $1.13 
Board [8d Jh 8s Qd 2c]
Seat 1: sutata folded before Flop (didn't bet)
Seat 2: Aleqseuka showed [Jc Ts] and won ($21.51) with two pair, Jacks and Eights
Seat 3: CashfishT folded before Flop (didn't bet)
Seat 4: shootingGRID (button) folded before Flop (didn't bet)
Seat 5: AlexEliseev7 (small blind) folded before Flop
Seat 6: aaronbengert (big blind) showed [Kd 9s] and lost with a pair of Eights



PokerStars Hand #254557498572:  Hold'em No Limit ($0.50/$1.00 USD) - 2025/01/26 4:46:52 WET [2025/01/25 23:46:52 ET]
Table 'Mauritia IV' 6-max Seat #5 is the button
Seat 1: sutata ($221.83 in chips) 
Seat 2: Aleqseuka ($158.39 in chips) 
Seat 3: CashfishT ($101 in chips) 
Seat 4: shootingGRID ($100 in chips) 
Seat 5: AlexEliseev7 ($137.38 in chips) 
Seat 6: aaronbengert ($216.76 in chips) 
aaronbengert: posts small blind $0.50
sutata: posts big blind $1
*** HOLE CARDS ***
Aleqseuka: raises $1.35 to $2.35
CashfishT: folds 
shootingGRID: folds 
AlexEliseev7: folds 
aaronbengert: calls $1.85
sutata: calls $1.35
*** FLOP *** [2c Jh 9s]
aaronbengert: checks 
sutata: checks 
Aleqseuka: checks 
*** TURN *** [2c Jh 9s] [Ks]
aaronbengert: bets $3
sutata: calls $3
Aleqseuka: calls $3
*** RIVER *** [2c Jh 9s Ks] [Kh]
aaronbengert: bets $6
sutata: folds 
Aleqseuka: raises $15.25 to $21.25
aaronbengert: calls $15.25
*** SHOW DOWN ***
Aleqseuka: shows [Ah Kc] (three of a kind, Kings)
aaronbengert: mucks hand 
Aleqseuka collected $56.05 from pot
*** SUMMARY ***
Total pot $58.55 | Rake $2.50 
Board [2c Jh 9s Ks Kh]
Seat 1: sutata (big blind) folded on the River
Seat 2: Aleqseuka showed [Ah Kc] and won ($56.05) with three of a kind, Kings
Seat 3: CashfishT folded before Flop (didn't bet)
Seat 4: shootingGRID folded before Flop (didn't bet)
Seat 5: AlexEliseev7 (button) folded before Flop (didn't bet)
Seat 6: aaronbengert (small blind) mucked



PokerStars Hand #254557508425:  Hold'em No Limit ($0.50/$1.00 USD) - 2025/01/26 4:48:29 WET [2025/01/25 23:48:29 ET]
Table 'Mauritia IV' 6-max Seat #6 is the button
Seat 1: sutata ($216.48 in chips) 
Seat 2: Aleqseuka ($187.84 in chips) 
Seat 3: CashfishT ($101 in chips) 
Seat 4: shootingGRID ($100 in chips) 
Seat 5: AlexEliseev7 ($137.38 in chips) 
Seat 6: aaronbengert ($190.16 in chips) 
sutata: posts small blind $0.50
Aleqseuka: posts big blind $1
*** HOLE CARDS ***
CashfishT: folds 
shootingGRID: folds 
AlexEliseev7: raises $1.50 to $2.50
aaronbengert: folds 
sutata: folds 
Aleqseuka: calls $1.50
*** FLOP *** [6s 5h 4h]
Aleqseuka: checks 
AlexEliseev7: checks 
*** TURN *** [6s 5h 4h] [6h]
Aleqseuka: checks 
AlexEliseev7: bets $7.88
Aleqseuka: raises $27.12 to $35
AlexEliseev7: folds 
Uncalled bet ($27.12) returned to Aleqseuka
Aleqseuka collected $20.20 from pot
Aleqseuka: doesn't show hand 
*** SUMMARY ***
Total pot $21.26 | Rake $1.06 
Board [6s 5h 4h 6h]
Seat 1: sutata (small blind) folded before Flop
Seat 2: Aleqseuka (big blind) collected ($20.20)
Seat 3: CashfishT folded before Flop (didn't bet)
Seat 4: shootingGRID folded before Flop (didn't bet)
Seat 5: AlexEliseev7 folded on the Turn
Seat 6: aaronbengert (button) folded before Flop (didn't bet)



PokerStars Hand #254557516203:  Hold'em No Limit ($0.50/$1.00 USD) - 2025/01/26 4:49:47 WET [2025/01/25 23:49:47 ET]
Table 'Mauritia IV' 6-max Seat #1 is the button
Seat 1: sutata ($215.98 in chips) 
Seat 2: Aleqseuka ($197.66 in chips) 
Seat 3: CashfishT ($101 in chips) 
Seat 4: shootingGRID ($100 in chips) 
Seat 5: AlexEliseev7 ($127 in chips) 
Seat 6: aaronbengert ($190.16 in chips) 
Aleqseuka: posts small blind $0.50
CashfishT: posts big blind $1
*** HOLE CARDS ***
shootingGRID: folds 
AlexEliseev7: folds 
aaronbengert: folds 
sutata: raises $2 to $3
Aleqseuka: folds 
CashfishT: calls $2
*** FLOP *** [Ah Ac 8d]
CashfishT: checks 
sutata: checks 
*** TURN *** [Ah Ac 8d] [3d]
CashfishT: checks 
sutata: bets $2.06
CashfishT: folds 
Uncalled bet ($2.06) returned to sutata
sutata collected $6.18 from pot
sutata: doesn't show hand 
*** SUMMARY ***
Total pot $6.50 | Rake $0.32 
Board [Ah Ac 8d 3d]
Seat 1: sutata (button) collected ($6.18)
Seat 2: Aleqseuka (small blind) folded before Flop
Seat 3: CashfishT (big blind) folded on the Turn
Seat 4: shootingGRID folded before Flop (didn't bet)
Seat 5: AlexEliseev7 folded before Flop (didn't bet)
Seat 6: aaronbengert folded before Flop (didn't bet)



PokerStars Hand #254557520890:  Hold'em No Limit ($0.50/$1.00 USD) - 2025/01/26 4:50:34 WET [2025/01/25 23:50:34 ET]
Table 'Mauritia IV' 6-max Seat #2 is the button
Seat 1: sutata ($219.16 in chips) 
Seat 2: Aleqseuka ($197.16 in chips) 
Seat 3: CashfishT ($100 in chips) 
Seat 4: shootingGRID ($100 in chips) 
Seat 5: AlexEliseev7 ($127 in chips) 
Seat 6: aaronbengert ($190.16 in chips) 
CashfishT: posts small blind $0.50
shootingGRID: posts big blind $1
*** HOLE CARDS ***
AlexEliseev7: folds 
aaronbengert: folds 
sutata: folds 
Aleqseuka: folds 
CashfishT: folds 
Uncalled bet ($0.50) returned to shootingGRID
shootingGRID collected $1 from pot
*** SUMMARY ***
Total pot $1 | Rake $0 
Seat 1: sutata folded before Flop (didn't bet)
Seat 2: Aleqseuka (button) folded before Flop (didn't bet)
Seat 3: CashfishT (small blind) folded before Flop
Seat 4: shootingGRID (big blind) collected ($1)
Seat 5: AlexEliseev7 folded before Flop (didn't bet)
Seat 6: aaronbengert folded before Flop (didn't bet)



PokerStars Hand #254557523684:  Hold'em No Limit ($0.50/$1.00 USD) - 2025/01/26 4:51:03 WET [2025/01/25 23:51:03 ET]
Table 'Mauritia IV' 6-max Seat #3 is the button
Seat 1: sutata ($219.16 in chips) 
Seat 2: Aleqseuka ($197.16 in chips) 
Seat 3: CashfishT ($100 in chips) 
Seat 4: shootingGRID ($100.50 in chips) 
Seat 5: AlexEliseev7 ($127 in chips) 
Seat 6: aaronbengert ($190.16 in chips) 
shootingGRID: posts small blind $0.50
AlexEliseev7: posts big blind $1
*** HOLE CARDS ***
aaronbengert: raises $2 to $3
sutata: calls $3
Aleqseuka: folds 
CashfishT: folds 
shootingGRID: calls $2.50
AlexEliseev7: calls $2
*** FLOP *** [9d 7s 3c]
shootingGRID: checks 
AlexEliseev7: bets $3.76
aaronbengert: calls $3.76
sutata: calls $3.76
shootingGRID: folds 
*** TURN *** [9d 7s 3c] [8s]
AlexEliseev7: bets $17.25
aaronbengert: raises $19.25 to $36.50
sutata: folds 
AlexEliseev7: calls $19.25
*** RIVER *** [9d 7s 3c 8s] [Tc]
AlexEliseev7: bets $83.74 and is all-in
aaronbengert: folds 
Uncalled bet ($83.74) returned to AlexEliseev7
AlexEliseev7 collected $93.78 from pot
AlexEliseev7: doesn't show hand 
*** SUMMARY ***
Total pot $96.28 | Rake $2.50 
Board [9d 7s 3c 8s Tc]
Seat 1: sutata folded on the Turn
Seat 2: Aleqseuka folded before Flop (didn't bet)
Seat 3: CashfishT (button) folded before Flop (didn't bet)
Seat 4: shootingGRID (small blind) folded on the Flop
Seat 5: AlexEliseev7 (big blind) collected ($93.78)
Seat 6: aaronbengert folded on the River



PokerStars Hand #254557536262:  Hold'em No Limit ($0.50/$1.00 USD) - 2025/01/26 4:53:10 WET [2025/01/25 23:53:10 ET]
Table 'Mauritia IV' 6-max Seat #4 is the button
Seat 1: sutata ($212.40 in chips) 
Seat 2: Aleqseuka ($197.16 in chips) 
Seat 3: CashfishT ($100 in chips) 
Seat 4: shootingGRID ($100 in chips) 
Seat 5: AlexEliseev7 ($177.52 in chips) 
Seat 6: aaronbengert ($146.90 in chips) 
AlexEliseev7: posts small blind $0.50
aaronbengert: posts big blind $1
*** HOLE CARDS ***
sutata: folds 
Aleqseuka: folds 
CashfishT: folds 
shootingGRID: folds 
AlexEliseev7: raises $2 to $3
aaronbengert: calls $2
*** FLOP *** [8h Ac Tc]
AlexEliseev7: checks 
aaronbengert: checks 
*** TURN *** [8h Ac Tc] [Ts]
AlexEliseev7: checks 
aaronbengert: bets $1
AlexEliseev7: calls $1
*** RIVER *** [8h Ac Tc Ts] [9c]
AlexEliseev7: checks 
aaronbengert: checks 
*** SHOW DOWN ***
AlexEliseev7: shows [Kh 2h] (a pair of Tens)
aaronbengert: shows [Qc Jd] (a straight, Eight to Queen)
aaronbengert collected $7.60 from pot
*** SUMMARY ***
Total pot $8 | Rake $0.40 
Board [8h Ac Tc Ts 9c]
Seat 1: sutata folded before Flop (didn't bet)
Seat 2: Aleqseuka folded before Flop (didn't bet)
Seat 3: CashfishT folded before Flop (didn't bet)
Seat 4: shootingGRID (button) folded before Flop (didn't bet)
Seat 5: AlexEliseev7 (small blind) showed [Kh 2h] and lost with a pair of Tens
Seat 6: aaronbengert (big blind) showed [Qc Jd] and won ($7.60) with a straight, Eight to Queen



PokerStars Hand #254557539671:  Hold'em No Limit ($0.50/$1.00 USD) - 2025/01/26 4:53:45 WET [2025/01/25 23:53:45 ET]
Table 'Mauritia IV' 6-max Seat #5 is the button
Seat 1: sutata ($212.40 in chips) 
Seat 2: Aleqseuka ($197.16 in chips) 
Seat 3: CashfishT ($100 in chips) 
Seat 4: shootingGRID ($100 in chips) 
Seat 5: AlexEliseev7 ($173.52 in chips) 
Seat 6: aaronbengert ($150.50 in chips) 
aaronbengert: posts small blind $0.50
sutata: posts big blind $1
*** HOLE CARDS ***
Aleqseuka: folds 
CashfishT: folds 
shootingGRID: folds 
AlexEliseev7: raises $1.50 to $2.50
aaronbengert: calls $2
sutata: folds 
*** FLOP *** [3c Td 3s]
aaronbengert: checks 
AlexEliseev7: bets $1.88
aaronbengert: folds 
Uncalled bet ($1.88) returned to AlexEliseev7
AlexEliseev7 collected $5.70 from pot
AlexEliseev7: doesn't show hand 
*** SUMMARY ***
Total pot $6 | Rake $0.30 
Board [3c Td 3s]
Seat 1: sutata (big blind) folded before Flop
Seat 2: Aleqseuka folded before Flop (didn't bet)
Seat 3: CashfishT folded before Flop (didn't bet)
Seat 4: shootingGRID folded before Flop (didn't bet)
Seat 5: AlexEliseev7 (button) collected ($5.70)
Seat 6: aaronbengert (small blind) folded on the Flop



PokerStars Hand #254557543799:  Hold'em No Limit ($0.50/$1.00 USD) - 2025/01/26 4:54:27 WET [2025/01/25 23:54:27 ET]
Table 'Mauritia IV' 6-max Seat #6 is the button
Seat 1: sutata ($211.40 in chips) 
Seat 2: Aleqseuka ($197.16 in chips) 
Seat 3: CashfishT ($100 in chips) 
Seat 4: shootingGRID ($100 in chips) 
Seat 5: AlexEliseev7 ($176.72 in chips) 
Seat 6: aaronbengert ($148 in chips) 
sutata: posts small blind $0.50
Aleqseuka: posts big blind $1
*** HOLE CARDS ***
CashfishT: folds 
shootingGRID: folds 
AlexEliseev7: folds 
aaronbengert: folds 
sutata: folds 
Uncalled bet ($0.50) returned to Aleqseuka
Aleqseuka collected $1 from pot
Aleqseuka: doesn't show hand 
*** SUMMARY ***
Total pot $1 | Rake $0 
Seat 1: sutata (small blind) folded before Flop
Seat 2: Aleqseuka (big blind) collected ($1)
Seat 3: CashfishT folded before Flop (didn't bet)
Seat 4: shootingGRID folded before Flop (didn't bet)
Seat 5: AlexEliseev7 folded before Flop (didn't bet)
Seat 6: aaronbengert (button) folded before Flop (didn't bet)



PokerStars Hand #254557545630:  Hold'em No Limit ($0.50/$1.00 USD) - 2025/01/26 4:54:46 WET [2025/01/25 23:54:46 ET]
Table 'Mauritia IV' 6-max Seat #1 is the button
Seat 1: sutata ($210.90 in chips) 
Seat 2: Aleqseuka ($197.66 in chips) 
Seat 3: CashfishT ($100 in chips) 
Seat 4: shootingGRID ($100 in chips) 
Seat 5: AlexEliseev7 ($176.72 in chips) 
Seat 6: aaronbengert ($148 in chips) 
Aleqseuka: posts small blind $0.50
CashfishT: posts big blind $1
*** HOLE CARDS ***
shootingGRID: folds 
AlexEliseev7: folds 
aaronbengert: folds 
sutata: raises $2 to $3
Aleqseuka: raises $9 to $12
CashfishT: folds 
sutata: folds 
Uncalled bet ($9) returned to Aleqseuka
Aleqseuka collected $7 from pot
Aleqseuka: doesn't show hand 
*** SUMMARY ***
Total pot $7 | Rake $0 
Seat 1: sutata (button) folded before Flop
Seat 2: Aleqseuka (small blind) collected ($7)
Seat 3: CashfishT (big blind) folded before Flop
Seat 4: shootingGRID folded before Flop (didn't bet)
Seat 5: AlexEliseev7 folded before Flop (didn't bet)
Seat 6: aaronbengert folded before Flop (didn't bet)



PokerStars Hand #254557548347:  Hold'em No Limit ($0.50/$1.00 USD) - 2025/01/26 4:55:15 WET [2025/01/25 23:55:15 ET]
Table 'Mauritia IV' 6-max Seat #2 is the button
Seat 1: sutata ($207.90 in chips) 
Seat 2: Aleqseuka ($201.66 in chips) 
Seat 3: CashfishT ($100 in chips) 
Seat 4: shootingGRID ($100 in chips) 
Seat 5: AlexEliseev7 ($176.72 in chips) 
Seat 6: aaronbengert ($148 in chips) 
CashfishT: posts small blind $0.50
shootingGRID: posts big blind $1
*** HOLE CARDS ***
AlexEliseev7: raises $1.50 to $2.50
aaronbengert: folds 
sutata: folds 
Aleqseuka: folds 
CashfishT: raises $8.50 to $11
shootingGRID: folds 
AlexEliseev7: folds 
Uncalled bet ($8.50) returned to CashfishT
CashfishT collected $6 from pot
CashfishT: doesn't show hand 
*** SUMMARY ***
Total pot $6 | Rake $0 
Seat 1: sutata folded before Flop (didn't bet)
Seat 2: Aleqseuka (button) folded before Flop (didn't bet)
Seat 3: CashfishT (small blind) collected ($6)
Seat 4: shootingGRID (big blind) folded before Flop
Seat 5: AlexEliseev7 folded before Flop
Seat 6: aaronbengert folded before Flop (didn't bet)



PokerStars Hand #254557550759:  Hold'em No Limit ($0.50/$1.00 USD) - 2025/01/26 4:55:45 WET [2025/01/25 23:55:45 ET]
Table 'Mauritia IV' 6-max Seat #3 is the button
Seat 1: sutata ($207.90 in chips) 
Seat 2: Aleqseuka ($201.66 in chips) 
Seat 3: CashfishT ($103.50 in chips) 
Seat 4: shootingGRID ($100 in chips) 
Seat 5: AlexEliseev7 ($174.22 in chips) 
Seat 6: aaronbengert ($148 in chips) 
shootingGRID: posts small blind $0.50
AlexEliseev7: posts big blind $1
*** HOLE CARDS ***
aaronbengert: folds 
sutata: raises $1.50 to $2.50
Aleqseuka: folds 
CashfishT: folds 
shootingGRID: folds 
AlexEliseev7: folds 
Uncalled bet ($1.50) returned to sutata
sutata collected $2.50 from pot
sutata: doesn't show hand 
*** SUMMARY ***
Total pot $2.50 | Rake $0 
Seat 1: sutata collected ($2.50)
Seat 2: Aleqseuka folded before Flop (didn't bet)
Seat 3: CashfishT (button) folded before Flop (didn't bet)
Seat 4: shootingGRID (small blind) folded before Flop
Seat 5: AlexEliseev7 (big blind) folded before Flop
Seat 6: aaronbengert folded before Flop (didn't bet)



PokerStars Hand #254557552237:  Hold'em No Limit ($0.50/$1.00 USD) - 2025/01/26 4:56:03 WET [2025/01/25 23:56:03 ET]
Table 'Mauritia IV' 6-max Seat #4 is the button
Seat 1: sutata ($209.40 in chips) 
Seat 2: Aleqseuka ($201.66 in chips) 
Seat 3: CashfishT ($103.50 in chips) 
Seat 4: shootingGRID ($100 in chips) 
Seat 5: AlexEliseev7 ($173.22 in chips) 
Seat 6: aaronbengert ($148 in chips) 
AlexEliseev7: posts small blind $0.50
aaronbengert: posts big blind $1
*** HOLE CARDS ***
sutata: raises $1.50 to $2.50
Aleqseuka: folds 
CashfishT: folds 
shootingGRID: folds 
AlexEliseev7: folds 
aaronbengert: calls $1.50
*** FLOP *** [Ts 2d Tc]
aaronbengert: checks 
sutata: bets $1.74
aaronbengert: folds 
Uncalled bet ($1.74) returned to sutata
sutata collected $5.22 from pot
sutata: doesn't show hand 
*** SUMMARY ***
Total pot $5.50 | Rake $0.28 
Board [Ts 2d Tc]
Seat 1: sutata collected ($5.22)
Seat 2: Aleqseuka folded before Flop (didn't bet)
Seat 3: CashfishT folded before Flop (didn't bet)
Seat 4: shootingGRID (button) folded before Flop (didn't bet)
Seat 5: AlexEliseev7 (small blind) folded before Flop
Seat 6: aaronbengert (big blind) folded on the Flop



PokerStars Hand #254557555066:  Hold'em No Limit ($0.50/$1.00 USD) - 2025/01/26 4:56:38 WET [2025/01/25 23:56:38 ET]
Table 'Mauritia IV' 6-max Seat #5 is the button
Seat 1: sutata ($212.12 in chips) 
Seat 2: Aleqseuka ($201.66 in chips) 
Seat 3: CashfishT ($103.50 in chips) 
Seat 4: shootingGRID ($100 in chips) 
Seat 5: AlexEliseev7 ($172.72 in chips) 
Seat 6: aaronbengert ($145.50 in chips) 
aaronbengert: posts small blind $0.50
sutata: posts big blind $1
*** HOLE CARDS ***
Aleqseuka: raises $1.35 to $2.35
CashfishT: folds 
shootingGRID: folds 
AlexEliseev7: folds 
aaronbengert: calls $1.85
sutata: raises $11.25 to $13.60
Aleqseuka: calls $11.25
aaronbengert: folds 
*** FLOP *** [8h 2c Qd]
sutata: checks 
Aleqseuka: checks 
*** TURN *** [8h 2c Qd] [3s]
sutata: checks 
Aleqseuka: checks 
*** RIVER *** [8h 2c Qd 3s] [5s]
sutata: checks 
Aleqseuka: checks 
*** SHOW DOWN ***
sutata: shows [Tc Th] (a pair of Tens)
Aleqseuka: mucks hand 
sutata collected $28.07 from pot
*** SUMMARY ***
Total pot $29.55 | Rake $1.48 
Board [8h 2c Qd 3s 5s]
Seat 1: sutata (big blind) showed [Tc Th] and won ($28.07) with a pair of Tens
Seat 2: Aleqseuka mucked
Seat 3: CashfishT folded before Flop (didn't bet)
Seat 4: shootingGRID folded before Flop (didn't bet)
Seat 5: AlexEliseev7 (button) folded before Flop (didn't bet)
Seat 6: aaronbengert (small blind) folded before Flop



PokerStars Hand #254557562882:  Hold'em No Limit ($0.50/$1.00 USD) - 2025/01/26 4:58:15 WET [2025/01/25 23:58:15 ET]
Table 'Mauritia IV' 6-max Seat #6 is the button
Seat 1: sutata ($226.59 in chips) 
Seat 2: Aleqseuka ($188.06 in chips) 
Seat 3: CashfishT ($103.50 in chips) 
Seat 4: shootingGRID ($100 in chips) 
Seat 5: AlexEliseev7 ($172.72 in chips) 
Seat 6: aaronbengert ($143.15 in chips) 
sutata: posts small blind $0.50
Aleqseuka: posts big blind $1
*** HOLE CARDS ***
CashfishT: folds 
shootingGRID: folds 
AlexEliseev7: folds 
aaronbengert: calls $1
sutata: calls $0.50
Aleqseuka: raises $5 to $6
aaronbengert: calls $5
sutata: folds 
*** FLOP *** [Js Kh 9s]
Aleqseuka: checks 
aaronbengert: checks 
*** TURN *** [Js Kh 9s] [4h]
Aleqseuka: checks 
aaronbengert: bets $1
Aleqseuka: calls $1
*** RIVER *** [Js Kh 9s 4h] [7h]
Aleqseuka: checks 
aaronbengert: checks 
*** SHOW DOWN ***
Aleqseuka: shows [Jc Ad] (a pair of Jacks)
aaronbengert: mucks hand 
Aleqseuka collected $14.25 from pot
*** SUMMARY ***
Total pot $15 | Rake $0.75 
Board [Js Kh 9s 4h 7h]
Seat 1: sutata (small blind) folded before Flop
Seat 2: Aleqseuka (big blind) showed [Jc Ad] and won ($14.25) with a pair of Jacks
Seat 3: CashfishT folded before Flop (didn't bet)
Seat 4: shootingGRID folded before Flop (didn't bet)
Seat 5: AlexEliseev7 folded before Flop (didn't bet)
Seat 6: aaronbengert (button) mucked



PokerStars Hand #254557570901:  Hold'em No Limit ($0.50/$1.00 USD) - 2025/01/26 4:59:55 WET [2025/01/25 23:59:55 ET]
Table 'Mauritia IV' 6-max Seat #1 is the button
Seat 1: sutata ($225.59 in chips) 
Seat 2: Aleqseuka ($195.31 in chips) 
Seat 3: CashfishT ($103.50 in chips) 
Seat 4: shootingGRID ($100 in chips) 
Seat 5: AlexEliseev7 ($172.72 in chips) 
Seat 6: aaronbengert ($136.15 in chips) 
Aleqseuka: posts small blind $0.50
CashfishT: posts big blind $1
*** HOLE CARDS ***
shootingGRID: folds 
AlexEliseev7: folds 
aaronbengert: folds 
sutata: raises $2 to $3
Aleqseuka: folds 
CashfishT: folds 
Uncalled bet ($2) returned to sutata
sutata collected $2.50 from pot
sutata: doesn't show hand 
*** SUMMARY ***
Total pot $2.50 | Rake $0 
Seat 1: sutata (button) collected ($2.50)
Seat 2: Aleqseuka (small blind) folded before Flop
Seat 3: CashfishT (big blind) folded before Flop
Seat 4: shootingGRID folded before Flop (didn't bet)
Seat 5: AlexEliseev7 folded before Flop (didn't bet)
Seat 6: aaronbengert folded before Flop (didn't bet)



PokerStars Hand #254557194006:  Hold'em No Limit ($0.50/$1.00 USD) - 2025/01/26 4:01:37 WET [2025/01/25 23:01:37 ET]
Table 'Mauritia IV' 6-max Seat #1 is the button
Seat 1: sutata ($111.60 in chips) 
Seat 3: uuzka ($100 in chips) 
Seat 4: shootingGRID ($100 in chips) 
Seat 5: AlexEliseev7 ($100 in chips) 
uuzka: posts small blind $0.50
shootingGRID: posts big blind $1
*** HOLE CARDS ***
AlexEliseev7: folds 
sutata: raises $2 to $3
uuzka: folds 
shootingGRID: raises $9 to $12
sutata: folds 
Uncalled bet ($9) returned to shootingGRID
shootingGRID collected $6.50 from pot
Aleqseuka joins the table at seat #2 
*** SUMMARY ***
Total pot $6.50 | Rake $0 
Seat 1: sutata (button) folded before Flop
Seat 3: uuzka (small blind) folded before Flop
Seat 4: shootingGRID (big blind) collected ($6.50)
Seat 5: AlexEliseev7 folded before Flop (didn't bet)



PokerStars Hand #254557197689:  Hold'em No Limit ($0.50/$1.00 USD) - 2025/01/26 4:02:08 WET [2025/01/25 23:02:08 ET]
Table 'Mauritia IV' 6-max Seat #3 is the button
Seat 2: Aleqseuka ($100 in chips) is sitting out
Seat 1: sutata ($108.60 in chips) 
Seat 3: uuzka ($100 in chips) 
Seat 4: shootingGRID ($103.50 in chips) 
Seat 5: AlexEliseev7 ($100 in chips) 
shootingGRID: posts small blind $0.50
AlexEliseev7: posts big blind $1
Aleqseuka: sits out 
*** HOLE CARDS ***
sutata: raises $1.50 to $2.50
uuzka: folds 
shootingGRID: folds 
AlexEliseev7: folds 
Uncalled bet ($1.50) returned to sutata
sutata collected $2.50 from pot
sutata: doesn't show hand 
*** SUMMARY ***
Total pot $2.50 | Rake $0 
Seat 2: Aleqseuka
Seat 1: sutata collected ($2.50)
Seat 3: uuzka (button) folded before Flop (didn't bet)
Seat 4: shootingGRID (small blind) folded before Flop
Seat 5: AlexEliseev7 (big blind) folded before Flop



PokerStars Hand #254557199603:  Hold'em No Limit ($0.50/$1.00 USD) - 2025/01/26 4:02:25 WET [2025/01/25 23:02:25 ET]
Table 'Mauritia IV' 6-max Seat #4 is the button
Seat 2: Aleqseuka ($100 in chips) is sitting out
Seat 1: sutata ($110.10 in chips) 
Seat 3: uuzka ($100 in chips) 
Seat 4: shootingGRID ($103 in chips) 
Seat 5: AlexEliseev7 ($100 in chips) 
AlexEliseev7: posts small blind $0.50
sutata: posts big blind $1
Aleqseuka: sits out 
*** HOLE CARDS ***
uuzka: folds 
shootingGRID: raises $1.50 to $2.50
AlexEliseev7: folds 
sutata: folds 
Uncalled bet ($1.50) returned to shootingGRID
shootingGRID collected $2.50 from pot
*** SUMMARY ***
Total pot $2.50 | Rake $0 
Seat 2: Aleqseuka
Seat 1: sutata (big blind) folded before Flop
Seat 3: uuzka folded before Flop (didn't bet)
Seat 4: shootingGRID (button) collected ($2.50)
Seat 5: AlexEliseev7 (small blind) folded before Flop



PokerStars Hand #254557201181:  Hold'em No Limit ($0.50/$1.00 USD) - 2025/01/26 4:02:38 WET [2025/01/25 23:02:38 ET]
Table 'Mauritia IV' 6-max Seat #5 is the button
Seat 1: sutata ($109.10 in chips) 
Seat 2: Aleqseuka ($100 in chips) 
Seat 3: uuzka ($100 in chips) 
Seat 4: shootingGRID ($104.50 in chips) 
Seat 5: AlexEliseev7 ($100 in chips) 
sutata: posts small blind $0.50
Aleqseuka: posts big blind $1
*** HOLE CARDS ***
uuzka: folds 
shootingGRID: folds 
AlexEliseev7: raises $1.50 to $2.50
sutata: folds 
Aleqseuka: calls $1.50
*** FLOP *** [6h Ad 6c]
Aleqseuka: checks 
AlexEliseev7: bets $1.72
Aleqseuka: folds 
Uncalled bet ($1.72) returned to AlexEliseev7
AlexEliseev7 collected $5.22 from pot
AlexEliseev7: doesn't show hand 
*** SUMMARY ***
Total pot $5.50 | Rake $0.28 
Board [6h Ad 6c]
Seat 1: sutata (small blind) folded before Flop
Seat 2: Aleqseuka (big blind) folded on the Flop
Seat 3: uuzka folded before Flop (didn't bet)
Seat 4: shootingGRID folded before Flop (didn't bet)
Seat 5: AlexEliseev7 (button) collected ($5.22)



PokerStars Hand #254557204363:  Hold'em No Limit ($0.50/$1.00 USD) - 2025/01/26 4:03:04 WET [2025/01/25 23:03:04 ET]
Table 'Mauritia IV' 6-max Seat #1 is the button
Seat 1: sutata ($108.60 in chips) 
Seat 2: Aleqseuka ($100 in chips) 
Seat 3: uuzka ($100 in chips) 
Seat 4: shootingGRID ($104.50 in chips) 
Seat 5: AlexEliseev7 ($102.72 in chips) 
Aleqseuka: posts small blind $0.50
uuzka: posts big blind $1
*** HOLE CARDS ***
shootingGRID: folds 
AlexEliseev7: folds 
sutata: folds 
Aleqseuka: raises $2 to $3
uuzka: calls $2
*** FLOP *** [5d 2c 9s]
Aleqseuka: bets $4.28
uuzka: folds 
Uncalled bet ($4.28) returned to Aleqseuka
Aleqseuka collected $5.70 from pot
Aleqseuka: doesn't show hand 
*** SUMMARY ***
Total pot $6 | Rake $0.30 
Board [5d 2c 9s]
Seat 1: sutata (button) folded before Flop (didn't bet)
Seat 2: Aleqseuka (small blind) collected ($5.70)
Seat 3: uuzka (big blind) folded on the Flop
Seat 4: shootingGRID folded before Flop (didn't bet)
Seat 5: AlexEliseev7 folded before Flop (didn't bet)



PokerStars Hand #254557208801:  Hold'em No Limit ($0.50/$1.00 USD) - 2025/01/26 4:03:41 WET [2025/01/25 23:03:41 ET]
Table 'Mauritia IV' 6-max Seat #2 is the button
Seat 1: sutata ($108.60 in chips) 
Seat 2: Aleqseuka ($102.70 in chips) 
Seat 3: uuzka ($100 in chips) 
Seat 4: shootingGRID ($104.50 in chips) 
Seat 5: AlexEliseev7 ($102.72 in chips) 
uuzka: posts small blind $0.50
shootingGRID: posts big blind $1
*** HOLE CARDS ***
AlexEliseev7: folds 
sutata: folds 
Aleqseuka: raises $1.50 to $2.50
uuzka: folds 
shootingGRID: raises $10.50 to $13
Aleqseuka: raises $14 to $27
shootingGRID: folds 
Uncalled bet ($14) returned to Aleqseuka
Aleqseuka collected $26.50 from pot
Aleqseuka: doesn't show hand 
*** SUMMARY ***
Total pot $26.50 | Rake $0 
Seat 1: sutata folded before Flop (didn't bet)
Seat 2: Aleqseuka (button) collected ($26.50)
Seat 3: uuzka (small blind) folded before Flop
Seat 4: shootingGRID (big blind) folded before Flop
Seat 5: AlexEliseev7 folded before Flop (didn't bet)



PokerStars Hand #254557215793:  Hold'em No Limit ($0.50/$1.00 USD) - 2025/01/26 4:04:39 WET [2025/01/25 23:04:39 ET]
Table 'Mauritia IV' 6-max Seat #3 is the button
Seat 1: sutata ($108.60 in chips) 
Seat 2: Aleqseuka ($116.20 in chips) 
Seat 3: uuzka ($100 in chips) 
Seat 4: shootingGRID ($100 in chips) 
Seat 5: AlexEliseev7 ($102.72 in chips) 
shootingGRID: posts small blind $0.50
AlexEliseev7: posts big blind $1
*** HOLE CARDS ***
sutata: folds 
Aleqseuka: folds 
uuzka: folds 
shootingGRID: raises $2 to $3
AlexEliseev7: folds 
Uncalled bet ($2) returned to shootingGRID
shootingGRID collected $2 from pot
*** SUMMARY ***
Total pot $2 | Rake $0 
Seat 1: sutata folded before Flop (didn't bet)
Seat 2: Aleqseuka folded before Flop (didn't bet)
Seat 3: uuzka (button) folded before Flop (didn't bet)
Seat 4: shootingGRID (small blind) collected ($2)
Seat 5: AlexEliseev7 (big blind) folded before Flop



PokerStars Hand #254557217889:  Hold'em No Limit ($0.50/$1.00 USD) - 2025/01/26 4:04:56 WET [2025/01/25 23:04:56 ET]
Table 'Mauritia IV' 6-max Seat #4 is the button
Seat 1: sutata ($108.60 in chips) 
Seat 2: Aleqseuka ($116.20 in chips) 
Seat 3: uuzka ($100 in chips) 
Seat 4: shootingGRID ($101 in chips) 
Seat 5: AlexEliseev7 ($101.72 in chips) 
AlexEliseev7: posts small blind $0.50
sutata: posts big blind $1
*** HOLE CARDS ***
Aleqseuka: raises $1.35 to $2.35
uuzka: folds 
shootingGRID: raises $5.15 to $7.50
aaronbengert joins the table at seat #6 
AlexEliseev7: folds 
sutata: folds 
Aleqseuka: folds 
Uncalled bet ($5.15) returned to shootingGRID
shootingGRID collected $6.20 from pot
*** SUMMARY ***
Total pot $6.20 | Rake $0 
Seat 1: sutata (big blind) folded before Flop
Seat 2: Aleqseuka folded before Flop
Seat 3: uuzka folded before Flop (didn't bet)
Seat 4: shootingGRID (button) collected ($6.20)
Seat 5: AlexEliseev7 (small blind) folded before Flop



PokerStars Hand #254557219550:  Hold'em No Limit ($0.50/$1.00 USD) - 2025/01/26 4:05:10 WET [2025/01/25 23:05:10 ET]
Table 'Mauritia IV' 6-max Seat #5 is the button
Seat 6: aaronbengert ($50 in chips) is sitting out
Seat 1: sutata ($107.60 in chips) 
Seat 2: Aleqseuka ($113.85 in chips) 
Seat 3: uuzka ($100 in chips) 
Seat 4: shootingGRID ($104.85 in chips) 
Seat 5: AlexEliseev7 ($101.22 in chips) 
sutata: posts small blind $0.50
Aleqseuka: posts big blind $1
*** HOLE CARDS ***
uuzka: raises $1.20 to $2.20
shootingGRID: folds 
AlexEliseev7: folds 
sutata: folds 
Aleqseuka: folds 
Uncalled bet ($1.20) returned to uuzka
uuzka collected $2.50 from pot
uuzka: doesn't show hand 
*** SUMMARY ***
Total pot $2.50 | Rake $0 
Seat 6: aaronbengert
Seat 1: sutata (small blind) folded before Flop
Seat 2: Aleqseuka (big blind) folded before Flop
Seat 3: uuzka collected ($2.50)
Seat 4: shootingGRID folded before Flop (didn't bet)
Seat 5: AlexEliseev7 (button) folded before Flop (didn't bet)



PokerStars Hand #254557222433:  Hold'em No Limit ($0.50/$1.00 USD) - 2025/01/26 4:05:34 WET [2025/01/25 23:05:34 ET]
Table 'Mauritia IV' 6-max Seat #1 is the button
Seat 1: sutata ($107.10 in chips) 
Seat 2: Aleqseuka ($112.85 in chips) 
Seat 3: uuzka ($101.50 in chips) 
Seat 4: shootingGRID ($104.85 in chips) 
Seat 5: AlexEliseev7 ($101.22 in chips) 
Seat 6: aaronbengert ($50 in chips) 
Aleqseuka: posts small blind $0.50
uuzka: posts big blind $1
aaronbengert: posts big blind $1
*** HOLE CARDS ***
shootingGRID: raises $2.25 to $3.25
AlexEliseev7: folds 
aaronbengert: folds 
sutata: folds 
Aleqseuka: folds 
uuzka: folds 
Uncalled bet ($2.25) returned to shootingGRID
shootingGRID collected $3.50 from pot
*** SUMMARY ***
Total pot $3.50 | Rake $0 
Seat 1: sutata (button) folded before Flop (didn't bet)
Seat 2: Aleqseuka (small blind) folded before Flop
Seat 3: uuzka (big blind) folded before Flop
Seat 4: shootingGRID collected ($3.50)
Seat 5: AlexEliseev7 folded before Flop (didn't bet)
Seat 6: aaronbengert folded before Flop (didn't bet)



PokerStars Hand #254557224404:  Hold'em No Limit ($0.50/$1.00 USD) - 2025/01/26 4:05:51 WET [2025/01/25 23:05:51 ET]
Table 'Mauritia IV' 6-max Seat #2 is the button
Seat 1: sutata ($107.10 in chips) 
Seat 2: Aleqseuka ($112.35 in chips) 
Seat 3: uuzka ($100.50 in chips) 
Seat 4: shootingGRID ($107.35 in chips) 
Seat 5: AlexEliseev7 ($101.22 in chips) 
Seat 6: aaronbengert ($49 in chips) 
uuzka: posts small blind $0.50
shootingGRID: posts big blind $1
*** HOLE CARDS ***
AlexEliseev7: folds 
aaronbengert: calls $1
sutata: folds 
Aleqseuka: raises $3 to $4
uuzka: folds 
shootingGRID: folds 
aaronbengert: folds 
Uncalled bet ($3) returned to Aleqseuka
Aleqseuka collected $3.50 from pot
Aleqseuka: doesn't show hand 
*** SUMMARY ***
Total pot $3.50 | Rake $0 
Seat 1: sutata folded before Flop (didn't bet)
Seat 2: Aleqseuka (button) collected ($3.50)
Seat 3: uuzka (small blind) folded before Flop
Seat 4: shootingGRID (big blind) folded before Flop
Seat 5: AlexEliseev7 folded before Flop (didn't bet)
Seat 6: aaronbengert folded before Flop



PokerStars Hand #254557228569:  Hold'em No Limit ($0.50/$1.00 USD) - 2025/01/26 4:06:26 WET [2025/01/25 23:06:26 ET]
Table 'Mauritia IV' 6-max Seat #3 is the button
Seat 1: sutata ($107.10 in chips) 
Seat 2: Aleqseuka ($114.85 in chips) 
Seat 3: uuzka ($100 in chips) 
Seat 4: shootingGRID ($106.35 in chips) 
Seat 5: AlexEliseev7 ($101.22 in chips) 
Seat 6: aaronbengert ($48 in chips) 
shootingGRID: posts small blind $0.50
AlexEliseev7: posts big blind $1
*** HOLE CARDS ***
aaronbengert: raises $2 to $3
sutata: folds 
Aleqseuka: raises $4.50 to $7.50
uuzka: folds 
shootingGRID: folds 
AlexEliseev7: folds 
aaronbengert: calls $4.50
*** FLOP *** [9d Kh Qc]
aaronbengert: bets $8
Aleqseuka: calls $8
*** TURN *** [9d Kh Qc] [4s]
aaronbengert: bets $32.50 and is all-in
Aleqseuka: calls $32.50
*** RIVER *** [9d Kh Qc 4s] [5c]
*** SHOW DOWN ***
aaronbengert: shows [Ks Jd] (a pair of Kings)
Aleqseuka: shows [Ad Qd] (a pair of Queens)
aaronbengert collected $95 from pot
*** SUMMARY ***
Total pot $97.50 | Rake $2.50 
Board [9d Kh Qc 4s 5c]
Seat 1: sutata folded before Flop (didn't bet)
Seat 2: Aleqseuka showed [Ad Qd] and lost with a pair of Queens
Seat 3: uuzka (button) folded before Flop (didn't bet)
Seat 4: shootingGRID (small blind) folded before Flop
Seat 5: AlexEliseev7 (big blind) folded before Flop
Seat 6: aaronbengert showed [Ks Jd] and won ($95) with a pair of Kings



PokerStars Hand #254557236649:  Hold'em No Limit ($0.50/$1.00 USD) - 2025/01/26 4:07:33 WET [2025/01/25 23:07:33 ET]
Table 'Mauritia IV' 6-max Seat #4 is the button
Seat 1: sutata ($107.10 in chips) 
Seat 2: Aleqseuka ($100 in chips) 
Seat 3: uuzka ($100 in chips) 
Seat 4: shootingGRID ($105.85 in chips) 
Seat 5: AlexEliseev7 ($100.22 in chips) 
Seat 6: aaronbengert ($95 in chips) 
AlexEliseev7: posts small blind $0.50
aaronbengert: posts big blind $1
*** HOLE CARDS ***
sutata: folds 
Aleqseuka: raises $1.35 to $2.35
uuzka: folds 
shootingGRID: folds 
AlexEliseev7: folds 
aaronbengert: calls $1.35
*** FLOP *** [As 2h Tc]
aaronbengert: checks 
Aleqseuka: bets $1.63
aaronbengert: folds 
Uncalled bet ($1.63) returned to Aleqseuka
Aleqseuka collected $4.94 from pot
Aleqseuka: doesn't show hand 
*** SUMMARY ***
Total pot $5.20 | Rake $0.26 
Board [As 2h Tc]
Seat 1: sutata folded before Flop (didn't bet)
Seat 2: Aleqseuka collected ($4.94)
Seat 3: uuzka folded before Flop (didn't bet)
Seat 4: shootingGRID (button) folded before Flop (didn't bet)
Seat 5: AlexEliseev7 (small blind) folded before Flop
Seat 6: aaronbengert (big blind) folded on the Flop



PokerStars Hand #254557240745:  Hold'em No Limit ($0.50/$1.00 USD) - 2025/01/26 4:08:07 WET [2025/01/25 23:08:07 ET]
Table 'Mauritia IV' 6-max Seat #5 is the button
Seat 1: sutata ($107.10 in chips) 
Seat 2: Aleqseuka ($102.59 in chips) 
Seat 3: uuzka ($100 in chips) 
Seat 4: shootingGRID ($105.85 in chips) 
Seat 5: AlexEliseev7 ($100 in chips) 
Seat 6: aaronbengert ($92.65 in chips) 
aaronbengert: posts small blind $0.50
sutata: posts big blind $1
*** HOLE CARDS ***
Aleqseuka: folds 
uuzka: folds 
shootingGRID: raises $1.25 to $2.25
AlexEliseev7: raises $6.75 to $9
aaronbengert: folds 
sutata: folds 
shootingGRID: folds 
Uncalled bet ($6.75) returned to AlexEliseev7
AlexEliseev7 collected $6 from pot
AlexEliseev7: doesn't show hand 
*** SUMMARY ***
Total pot $6 | Rake $0 
Seat 1: sutata (big blind) folded before Flop
Seat 2: Aleqseuka folded before Flop (didn't bet)
Seat 3: uuzka folded before Flop (didn't bet)
Seat 4: shootingGRID folded before Flop
Seat 5: AlexEliseev7 (button) collected ($6)
Seat 6: aaronbengert (small blind) folded before Flop



PokerStars Hand #254557245645:  Hold'em No Limit ($0.50/$1.00 USD) - 2025/01/26 4:08:49 WET [2025/01/25 23:08:49 ET]
Table 'Mauritia IV' 6-max Seat #6 is the button
Seat 1: sutata ($106.10 in chips) 
Seat 2: Aleqseuka ($102.59 in chips) 
Seat 3: uuzka ($100 in chips) 
Seat 4: shootingGRID ($103.60 in chips) 
Seat 5: AlexEliseev7 ($103.75 in chips) 
Seat 6: aaronbengert ($92.15 in chips) 
sutata: posts small blind $0.50
Aleqseuka: posts big blind $1
*** HOLE CARDS ***
uuzka: folds 
shootingGRID: folds 
AlexEliseev7: folds 
aaronbengert: calls $1
sutata: calls $0.50
Aleqseuka: checks 
*** FLOP *** [3c 5c 8c]
sutata: checks 
Aleqseuka: checks 
aaronbengert: checks 
*** TURN *** [3c 5c 8c] [9c]
sutata: checks 
Aleqseuka: checks 
aaronbengert: checks 
*** RIVER *** [3c 5c 8c 9c] [4c]
sutata: checks 
Aleqseuka: checks 
aaronbengert: checks 
*** SHOW DOWN ***
sutata: shows [6d 9d] (a flush, Nine high)
Aleqseuka: shows [3d 4d] (a flush, Nine high)
aaronbengert: shows [2d Kh] (a flush, Nine high)
sutata collected $0.95 from pot
Aleqseuka collected $0.95 from pot
aaronbengert collected $0.95 from pot
*** SUMMARY ***
Total pot $3 | Rake $0.15 
Board [3c 5c 8c 9c 4c]
Seat 1: sutata (small blind) showed [6d 9d] and won ($0.95) with a flush, Nine high
Seat 2: Aleqseuka (big blind) showed [3d 4d] and won ($0.95) with a flush, Nine high
Seat 3: uuzka folded before Flop (didn't bet)
Seat 4: shootingGRID folded before Flop (didn't bet)
Seat 5: AlexEliseev7 folded before Flop (didn't bet)
Seat 6: aaronbengert (button) showed [2d Kh] and won ($0.95) with a flush, Nine high



PokerStars Hand #254557252172:  Hold'em No Limit ($0.50/$1.00 USD) - 2025/01/26 4:09:46 WET [2025/01/25 23:09:46 ET]
Table 'Mauritia IV' 6-max Seat #1 is the button
Seat 1: sutata ($106.05 in chips) 
Seat 2: Aleqseuka ($102.54 in chips) 
Seat 3: uuzka ($100 in chips) 
Seat 4: shootingGRID ($103.60 in chips) 
Seat 5: AlexEliseev7 ($103.75 in chips) 
Seat 6: aaronbengert ($92.10 in chips) 
Aleqseuka: posts small blind $0.50
uuzka: posts big blind $1
*** HOLE CARDS ***
shootingGRID: folds 
AlexEliseev7: folds 
aaronbengert: folds 
sutata: raises $2 to $3
Aleqseuka: folds 
uuzka: folds 
Uncalled bet ($2) returned to sutata
sutata collected $2.50 from pot
sutata: doesn't show hand 
*** SUMMARY ***
Total pot $2.50 | Rake $0 
Seat 1: sutata (button) collected ($2.50)
Seat 2: Aleqseuka (small blind) folded before Flop
Seat 3: uuzka (big blind) folded before Flop
Seat 4: shootingGRID folded before Flop (didn't bet)
Seat 5: AlexEliseev7 folded before Flop (didn't bet)
Seat 6: aaronbengert folded before Flop (didn't bet)



PokerStars Hand #254557255513:  Hold'em No Limit ($0.50/$1.00 USD) - 2025/01/26 4:10:14 WET [2025/01/25 23:10:14 ET]
Table 'Mauritia IV' 6-max Seat #2 is the button
Seat 1: sutata ($107.55 in chips) 
Seat 2: Aleqseuka ($102.04 in chips) 
Seat 3: uuzka ($100 in chips) 
Seat 4: shootingGRID ($103.60 in chips) 
Seat 5: AlexEliseev7 ($103.75 in chips) 
Seat 6: aaronbengert ($92.10 in chips) 
uuzka: posts small blind $0.50
shootingGRID: posts big blind $1
*** HOLE CARDS ***
AlexEliseev7: folds 
aaronbengert: folds 
sutata: folds 
Aleqseuka: folds 
uuzka: folds 
Uncalled bet ($0.50) returned to shootingGRID
shootingGRID collected $1 from pot
*** SUMMARY ***
Total pot $1 | Rake $0 
Seat 1: sutata folded before Flop (didn't bet)
Seat 2: Aleqseuka (button) folded before Flop (didn't bet)
Seat 3: uuzka (small blind) folded before Flop
Seat 4: shootingGRID (big blind) collected ($1)
Seat 5: AlexEliseev7 folded before Flop (didn't bet)
Seat 6: aaronbengert folded before Flop (didn't bet)



PokerStars Hand #254557256961:  Hold'em No Limit ($0.50/$1.00 USD) - 2025/01/26 4:10:27 WET [2025/01/25 23:10:27 ET]
Table 'Mauritia IV' 6-max Seat #3 is the button
Seat 1: sutata ($107.55 in chips) 
Seat 2: Aleqseuka ($102.04 in chips) 
Seat 3: uuzka ($100 in chips) 
Seat 4: shootingGRID ($104.10 in chips) 
Seat 5: AlexEliseev7 ($103.75 in chips) 
Seat 6: aaronbengert ($92.10 in chips) 
shootingGRID: posts small blind $0.50
AlexEliseev7: posts big blind $1
*** HOLE CARDS ***
aaronbengert: folds 
sutata: folds 
Aleqseuka: folds 
uuzka: folds 
shootingGRID: raises $2 to $3
AlexEliseev7: folds 
Uncalled bet ($2) returned to shootingGRID
shootingGRID collected $2 from pot
*** SUMMARY ***
Total pot $2 | Rake $0 
Seat 1: sutata folded before Flop (didn't bet)
Seat 2: Aleqseuka folded before Flop (didn't bet)
Seat 3: uuzka (button) folded before Flop (didn't bet)
Seat 4: shootingGRID (small blind) collected ($2)
Seat 5: AlexEliseev7 (big blind) folded before Flop
Seat 6: aaronbengert folded before Flop (didn't bet)



PokerStars Hand #254557259410:  Hold'em No Limit ($0.50/$1.00 USD) - 2025/01/26 4:10:48 WET [2025/01/25 23:10:48 ET]
Table 'Mauritia IV' 6-max Seat #4 is the button
Seat 1: sutata ($107.55 in chips) 
Seat 2: Aleqseuka ($102.04 in chips) 
Seat 3: uuzka ($100 in chips) 
Seat 4: shootingGRID ($105.10 in chips) 
Seat 5: AlexEliseev7 ($102.75 in chips) 
Seat 6: aaronbengert ($92.10 in chips) 
AlexEliseev7: posts small blind $0.50
aaronbengert: posts big blind $1
*** HOLE CARDS ***
sutata: folds 
Aleqseuka: folds 
uuzka: folds 
shootingGRID: raises $1.50 to $2.50
AlexEliseev7: folds 
aaronbengert: calls $1.50
*** FLOP *** [3d Qc 2s]
aaronbengert: checks 
shootingGRID: bets $1.72
aaronbengert: folds 
Uncalled bet ($1.72) returned to shootingGRID
shootingGRID collected $5.22 from pot
*** SUMMARY ***
Total pot $5.50 | Rake $0.28 
Board [3d Qc 2s]
Seat 1: sutata folded before Flop (didn't bet)
Seat 2: Aleqseuka folded before Flop (didn't bet)
Seat 3: uuzka folded before Flop (didn't bet)
Seat 4: shootingGRID (button) collected ($5.22)
Seat 5: AlexEliseev7 (small blind) folded before Flop
Seat 6: aaronbengert (big blind) folded on the Flop



PokerStars Hand #254557263474:  Hold'em No Limit ($0.50/$1.00 USD) - 2025/01/26 4:11:23 WET [2025/01/25 23:11:23 ET]
Table 'Mauritia IV' 6-max Seat #5 is the button
Seat 1: sutata ($107.55 in chips) 
Seat 2: Aleqseuka ($102.04 in chips) 
Seat 3: uuzka ($100 in chips) 
Seat 4: shootingGRID ($107.82 in chips) 
Seat 5: AlexEliseev7 ($102.25 in chips) 
Seat 6: aaronbengert ($89.60 in chips) 
aaronbengert: posts small blind $0.50
sutata: posts big blind $1
*** HOLE CARDS ***
Aleqseuka: folds 
uuzka: folds 
shootingGRID: folds 
AlexEliseev7: raises $1.50 to $2.50
aaronbengert: folds 
sutata: folds 
Uncalled bet ($1.50) returned to AlexEliseev7
AlexEliseev7 collected $2.50 from pot
AlexEliseev7: doesn't show hand 
*** SUMMARY ***
Total pot $2.50 | Rake $0 
Seat 1: sutata (big blind) folded before Flop
Seat 2: Aleqseuka folded before Flop (didn't bet)
Seat 3: uuzka folded before Flop (didn't bet)
Seat 4: shootingGRID folded before Flop (didn't bet)
Seat 5: AlexEliseev7 (button) collected ($2.50)
Seat 6: aaronbengert (small blind) folded before Flop



PokerStars Hand #254557265902:  Hold'em No Limit ($0.50/$1.00 USD) - 2025/01/26 4:11:44 WET [2025/01/25 23:11:44 ET]
Table 'Mauritia IV' 6-max Seat #6 is the button
Seat 1: sutata ($106.55 in chips) 
Seat 2: Aleqseuka ($102.04 in chips) 
Seat 3: uuzka ($100 in chips) 
Seat 4: shootingGRID ($107.82 in chips) 
Seat 5: AlexEliseev7 ($103.75 in chips) 
Seat 6: aaronbengert ($89.10 in chips) 
sutata: posts small blind $0.50
Aleqseuka: posts big blind $1
*** HOLE CARDS ***
uuzka: folds 
shootingGRID: folds 
AlexEliseev7: folds 
aaronbengert: folds 
sutata: folds 
Uncalled bet ($0.50) returned to Aleqseuka
Aleqseuka collected $1 from pot
Aleqseuka: doesn't show hand 
*** SUMMARY ***
Total pot $1 | Rake $0 
Seat 1: sutata (small blind) folded before Flop
Seat 2: Aleqseuka (big blind) collected ($1)
Seat 3: uuzka folded before Flop (didn't bet)
Seat 4: shootingGRID folded before Flop (didn't bet)
Seat 5: AlexEliseev7 folded before Flop (didn't bet)
Seat 6: aaronbengert (button) folded before Flop (didn't bet)



PokerStars Hand #254557267769:  Hold'em No Limit ($0.50/$1.00 USD) - 2025/01/26 4:12:00 WET [2025/01/25 23:12:00 ET]
Table 'Mauritia IV' 6-max Seat #1 is the button
Seat 1: sutata ($106.05 in chips) 
Seat 2: Aleqseuka ($102.54 in chips) 
Seat 3: uuzka ($100 in chips) 
Seat 4: shootingGRID ($107.82 in chips) 
Seat 5: AlexEliseev7 ($103.75 in chips) 
Seat 6: aaronbengert ($89.10 in chips) 
Aleqseuka: posts small blind $0.50
uuzka: posts big blind $1
*** HOLE CARDS ***
shootingGRID: folds 
AlexEliseev7: raises $1.50 to $2.50
aaronbengert: folds 
sutata: folds 
Aleqseuka: folds 
uuzka: raises $11 to $13.50
AlexEliseev7: calls $11
*** FLOP *** [5c 5d 7s]
uuzka: bets $12.50
AlexEliseev7: calls $12.50
*** TURN *** [5c 5d 7s] [8d]
uuzka: checks 
AlexEliseev7: checks 
*** RIVER *** [5c 5d 7s 8d] [Ts]
uuzka: checks 
AlexEliseev7: bets $16.50
uuzka: folds 
Uncalled bet ($16.50) returned to AlexEliseev7
AlexEliseev7 collected $50 from pot
AlexEliseev7: doesn't show hand 
*** SUMMARY ***
Total pot $52.50 | Rake $2.50 
Board [5c 5d 7s 8d Ts]
Seat 1: sutata (button) folded before Flop (didn't bet)
Seat 2: Aleqseuka (small blind) folded before Flop
Seat 3: uuzka (big blind) folded on the River
Seat 4: shootingGRID folded before Flop (didn't bet)
Seat 5: AlexEliseev7 collected ($50)
Seat 6: aaronbengert folded before Flop (didn't bet)



PokerStars Hand #254557279731:  Hold'em No Limit ($0.50/$1.00 USD) - 2025/01/26 4:13:41 WET [2025/01/25 23:13:41 ET]
Table 'Mauritia IV' 6-max Seat #2 is the button
Seat 1: sutata ($106.05 in chips) 
Seat 2: Aleqseuka ($102.04 in chips) 
Seat 3: uuzka ($100 in chips) 
Seat 4: shootingGRID ($107.82 in chips) 
Seat 5: AlexEliseev7 ($127.75 in chips) 
Seat 6: aaronbengert ($89.10 in chips) 
uuzka: posts small blind $0.50
shootingGRID: posts big blind $1
*** HOLE CARDS ***
AlexEliseev7: folds 
aaronbengert: calls $1
sutata: raises $2.50 to $3.50
Aleqseuka: folds 
uuzka: folds 
shootingGRID: folds 
aaronbengert: calls $2.50
*** FLOP *** [7c Kc Kd]
aaronbengert: bets $3
sutata: calls $3
*** TURN *** [7c Kc Kd] [6c]
aaronbengert: bets $5
sutata: calls $5
*** RIVER *** [7c Kc Kd 6c] [Ks]
aaronbengert: bets $5
sutata: folds 
Uncalled bet ($5) returned to aaronbengert
aaronbengert collected $23.28 from pot
aaronbengert: doesn't show hand 
*** SUMMARY ***
Total pot $24.50 | Rake $1.22 
Board [7c Kc Kd 6c Ks]
Seat 1: sutata folded on the River
Seat 2: Aleqseuka (button) folded before Flop (didn't bet)
Seat 3: uuzka (small blind) folded before Flop
Seat 4: shootingGRID (big blind) folded before Flop
Seat 5: AlexEliseev7 folded before Flop (didn't bet)
Seat 6: aaronbengert collected ($23.28)



PokerStars Hand #254557287149:  Hold'em No Limit ($0.50/$1.00 USD) - 2025/01/26 4:14:45 WET [2025/01/25 23:14:45 ET]
Table 'Mauritia IV' 6-max Seat #3 is the button
Seat 1: sutata ($100 in chips) 
Seat 2: Aleqseuka ($102.04 in chips) 
Seat 3: uuzka ($100 in chips) 
Seat 4: shootingGRID ($106.82 in chips) 
Seat 5: AlexEliseev7 ($127.75 in chips) 
Seat 6: aaronbengert ($100.88 in chips) 
shootingGRID: posts small blind $0.50
AlexEliseev7: posts big blind $1
*** HOLE CARDS ***
aaronbengert: folds 
sutata: raises $1.50 to $2.50
Aleqseuka: folds 
uuzka: folds 
shootingGRID: folds 
AlexEliseev7: raises $9.50 to $12
sutata: folds 
Uncalled bet ($9.50) returned to AlexEliseev7
AlexEliseev7 collected $5.50 from pot
AlexEliseev7: doesn't show hand 
*** SUMMARY ***
Total pot $5.50 | Rake $0 
Seat 1: sutata folded before Flop
Seat 2: Aleqseuka folded before Flop (didn't bet)
Seat 3: uuzka (button) folded before Flop (didn't bet)
Seat 4: shootingGRID (small blind) folded before Flop
Seat 5: AlexEliseev7 (big blind) collected ($5.50)
Seat 6: aaronbengert folded before Flop (didn't bet)



PokerStars Hand #254557292055:  Hold'em No Limit ($0.50/$1.00 USD) - 2025/01/26 4:15:28 WET [2025/01/25 23:15:28 ET]
Table 'Mauritia IV' 6-max Seat #4 is the button
Seat 1: sutata ($100 in chips) 
Seat 2: Aleqseuka ($102.04 in chips) 
Seat 3: uuzka ($100 in chips) 
Seat 4: shootingGRID ($106.32 in chips) 
Seat 5: AlexEliseev7 ($130.75 in chips) 
Seat 6: aaronbengert ($100.88 in chips) 
AlexEliseev7: posts small blind $0.50
aaronbengert: posts big blind $1
*** HOLE CARDS ***
sutata: folds 
Aleqseuka: raises $1.35 to $2.35
uuzka: folds 
shootingGRID: raises $5.15 to $7.50
AlexEliseev7: raises $15.50 to $23
aaronbengert: folds 
Aleqseuka: folds 
shootingGRID: raises $83.32 to $106.32 and is all-in
AlexEliseev7: calls $83.32
AlexEliseev7 has timed out
*** FIRST FLOP *** [Jd 5h 9s]
*** FIRST TURN *** [Jd 5h 9s] [8h]
*** FIRST RIVER *** [Jd 5h 9s 8h] [2h]
*** SECOND FLOP *** [9c 9d Jh]
*** SECOND TURN *** [9c 9d Jh] [8s]
*** SECOND RIVER *** [9c 9d Jh 8s] [6s]
*** FIRST SHOW DOWN ***
AlexEliseev7: shows [Ks As] (high card Ace)
shootingGRID: shows [Qc Qd] (a pair of Queens)
shootingGRID collected $106.75 from pot
*** SECOND SHOW DOWN ***
AlexEliseev7: shows [Ks As] (a pair of Nines)
shootingGRID: shows [Qc Qd] (two pair, Queens and Nines)
shootingGRID collected $106.74 from pot
*** SUMMARY ***
Total pot $215.99 | Rake $2.50 
Hand was run twice
FIRST Board [Jd 5h 9s 8h 2h]
SECOND Board [9c 9d Jh 8s 6s]
Seat 1: sutata folded before Flop (didn't bet)
Seat 2: Aleqseuka folded before Flop
Seat 3: uuzka folded before Flop (didn't bet)
Seat 4: shootingGRID (button) showed [Qc Qd] and won ($106.75) with a pair of Queens, and won ($106.74) with two pair, Queens and Nines
Seat 5: AlexEliseev7 (small blind) showed [Ks As] and lost with high card Ace, and lost with a pair of Nines
Seat 6: aaronbengert (big blind) folded before Flop



PokerStars Hand #254557303053:  Hold'em No Limit ($0.50/$1.00 USD) - 2025/01/26 4:17:04 WET [2025/01/25 23:17:04 ET]
Table 'Mauritia IV' 6-max Seat #5 is the button
Seat 1: sutata ($100 in chips) 
Seat 2: Aleqseuka ($100 in chips) 
Seat 3: uuzka ($100 in chips) 
Seat 4: shootingGRID ($213.49 in chips) 
Seat 5: AlexEliseev7 ($100 in chips) 
Seat 6: aaronbengert ($99.88 in chips) 
aaronbengert: posts small blind $0.50
sutata: posts big blind $1
*** HOLE CARDS ***
Aleqseuka: folds 
uuzka: raises $1.20 to $2.20
shootingGRID: raises $5.30 to $7.50
AlexEliseev7: folds 
aaronbengert: folds 
sutata: folds 
uuzka: raises $12.50 to $20
shootingGRID: folds 
Uncalled bet ($12.50) returned to uuzka
uuzka collected $16.50 from pot
uuzka: doesn't show hand 
*** SUMMARY ***
Total pot $16.50 | Rake $0 
Seat 1: sutata (big blind) folded before Flop
Seat 2: Aleqseuka folded before Flop (didn't bet)
Seat 3: uuzka collected ($16.50)
Seat 4: shootingGRID folded before Flop
Seat 5: AlexEliseev7 (button) folded before Flop (didn't bet)
Seat 6: aaronbengert (small blind) folded before Flop



PokerStars Hand #254557307802:  Hold'em No Limit ($0.50/$1.00 USD) - 2025/01/26 4:17:46 WET [2025/01/25 23:17:46 ET]
Table 'Mauritia IV' 6-max Seat #6 is the button
Seat 1: sutata ($100 in chips) 
Seat 2: Aleqseuka ($100 in chips) 
Seat 3: uuzka ($109 in chips) 
Seat 4: shootingGRID ($205.99 in chips) 
Seat 5: AlexEliseev7 ($100 in chips) 
Seat 6: aaronbengert ($99.38 in chips) 
sutata: posts small blind $0.50
Aleqseuka: posts big blind $1
*** HOLE CARDS ***
uuzka: raises $1.20 to $2.20
shootingGRID: folds 
AlexEliseev7: folds 
aaronbengert: calls $2.20
sutata: folds 
Aleqseuka: raises $11.80 to $14
uuzka: raises $12.80 to $26.80
aaronbengert: folds 
Aleqseuka: calls $12.80
*** FLOP *** [5c As 3h]
Aleqseuka: checks 
uuzka: bets $5.50
Aleqseuka: calls $5.50
*** TURN *** [5c As 3h] [Td]
Aleqseuka: checks 
uuzka: bets $15.55
Aleqseuka: raises $52.15 to $67.70 and is all-in
uuzka: folds 
Uncalled bet ($52.15) returned to Aleqseuka
Aleqseuka collected $95.90 from pot
Aleqseuka: doesn't show hand 
*** SUMMARY ***
Total pot $98.40 | Rake $2.50 
Board [5c As 3h Td]
Seat 1: sutata (small blind) folded before Flop
Seat 2: Aleqseuka (big blind) collected ($95.90)
Seat 3: uuzka folded on the Turn
Seat 4: shootingGRID folded before Flop (didn't bet)
Seat 5: AlexEliseev7 folded before Flop (didn't bet)
Seat 6: aaronbengert (button) folded before Flop



PokerStars Hand #254557321399:  Hold'em No Limit ($0.50/$1.00 USD) - 2025/01/26 4:19:47 WET [2025/01/25 23:19:47 ET]
Table 'Mauritia IV' 6-max Seat #1 is the button
Seat 3: uuzka ($100 in chips) is sitting out
Seat 1: sutata ($100 in chips) 
Seat 2: Aleqseuka ($148.05 in chips) 
Seat 4: shootingGRID ($205.99 in chips) 
Seat 5: AlexEliseev7 ($100 in chips) 
Seat 6: aaronbengert ($97.18 in chips) 
Aleqseuka: posts small blind $0.50
shootingGRID: posts big blind $1
*** HOLE CARDS ***
uuzka leaves the table
AlexEliseev7: raises $1.50 to $2.50
aaronbengert: folds 
sutata: folds 
Aleqseuka: folds 
XneferX joins the table at seat #3 
shootingGRID: folds 
Uncalled bet ($1.50) returned to AlexEliseev7
AlexEliseev7 collected $2.50 from pot
AlexEliseev7: doesn't show hand 
*** SUMMARY ***
Total pot $2.50 | Rake $0 
Seat 3: uuzka
Seat 1: sutata (button) folded before Flop (didn't bet)
Seat 2: Aleqseuka (small blind) folded before Flop
Seat 4: shootingGRID (big blind) folded before Flop
Seat 5: AlexEliseev7 collected ($2.50)
Seat 6: aaronbengert folded before Flop (didn't bet)



PokerStars Hand #254557323465:  Hold'em No Limit ($0.50/$1.00 USD) - 2025/01/26 4:20:06 WET [2025/01/25 23:20:06 ET]
Table 'Mauritia IV' 6-max Seat #2 is the button
Seat 3: XneferX ($100 in chips) is sitting out
Seat 1: sutata ($100 in chips) 
Seat 2: Aleqseuka ($147.55 in chips) 
Seat 4: shootingGRID ($204.99 in chips) 
Seat 5: AlexEliseev7 ($101.50 in chips) 
Seat 6: aaronbengert ($97.18 in chips) 
shootingGRID: posts small blind $0.50
AlexEliseev7: posts big blind $1
*** HOLE CARDS ***
aaronbengert: folds 
sutata: folds 
Aleqseuka: raises $1.50 to $2.50
shootingGRID: folds 
AlexEliseev7: calls $1.50
*** FLOP *** [Ts 2h Qc]
AlexEliseev7: checks 
Aleqseuka: checks 
*** TURN *** [Ts 2h Qc] [3s]
AlexEliseev7: bets $7.88
Aleqseuka: folds 
Uncalled bet ($7.88) returned to AlexEliseev7
AlexEliseev7 collected $5.22 from pot
AlexEliseev7: doesn't show hand 
*** SUMMARY ***
Total pot $5.50 | Rake $0.28 
Board [Ts 2h Qc 3s]
Seat 3: XneferX
Seat 1: sutata folded before Flop (didn't bet)
Seat 2: Aleqseuka (button) folded on the Turn
Seat 4: shootingGRID (small blind) folded before Flop
Seat 5: AlexEliseev7 (big blind) collected ($5.22)
Seat 6: aaronbengert folded before Flop (didn't bet)



PokerStars Hand #254557330131:  Hold'em No Limit ($0.50/$1.00 USD) - 2025/01/26 4:21:07 WET [2025/01/25 23:21:07 ET]
Table 'Mauritia IV' 6-max Seat #4 is the button
Seat 3: XneferX ($100 in chips) is sitting out
Seat 1: sutata ($100 in chips) 
Seat 2: Aleqseuka ($145.05 in chips) 
Seat 4: shootingGRID ($204.49 in chips) 
Seat 5: AlexEliseev7 ($104.22 in chips) 
Seat 6: aaronbengert ($97.18 in chips) 
AlexEliseev7: posts small blind $0.50
aaronbengert: posts big blind $1
XneferX: sits out 
*** HOLE CARDS ***
sutata: folds 
Aleqseuka: raises $1.50 to $2.50
shootingGRID: folds 
AlexEliseev7: folds 
aaronbengert: folds 
Uncalled bet ($1.50) returned to Aleqseuka
Aleqseuka collected $2.50 from pot
Aleqseuka: doesn't show hand 
*** SUMMARY ***
Total pot $2.50 | Rake $0 
Seat 3: XneferX
Seat 1: sutata folded before Flop (didn't bet)
Seat 2: Aleqseuka collected ($2.50)
Seat 4: shootingGRID (button) folded before Flop (didn't bet)
Seat 5: AlexEliseev7 (small blind) folded before Flop
Seat 6: aaronbengert (big blind) folded before Flop



PokerStars Hand #254557709928:  Hold'em No Limit ($0.50/$1.00 USD) - 2025/01/26 5:24:31 WET [2025/01/26 0:24:31 ET]
Table 'Mauritia IV' 6-max Seat #4 is the button
Seat 1: 7bekon7 ($100.50 in chips) 
Seat 2: NOTfishON ($100.95 in chips) 
Seat 3: jamesmillwal ($46.66 in chips) 
Seat 4: littleboy930 ($34.77 in chips) 
Seat 5: m0nTTu ($168.25 in chips) 
Seat 6: reeqar ($102.72 in chips) 
m0nTTu: posts small blind $0.50
reeqar: posts big blind $1
*** HOLE CARDS ***
7bekon7: folds 
NOTfishON: folds 
jamesmillwal: folds 
littleboy930: folds 
m0nTTu: raises $2 to $3
reeqar: calls $2
*** FLOP *** [Qs 8c 8d]
m0nTTu: bets $1.88
reeqar: calls $1.88
*** TURN *** [Qs 8c 8d] [Ah]
m0nTTu: bets $3.06
reeqar: calls $3.06
*** RIVER *** [Qs 8c 8d Ah] [Qc]
m0nTTu: bets $4.98
reeqar: calls $4.98
*** SHOW DOWN ***
m0nTTu: shows [4c 4s] (two pair, Queens and Eights)
reeqar: shows [Ad 6d] (two pair, Aces and Queens)
reeqar collected $24.55 from pot
*** SUMMARY ***
Total pot $25.84 | Rake $1.29 
Board [Qs 8c 8d Ah Qc]
Seat 1: 7bekon7 folded before Flop (didn't bet)
Seat 2: NOTfishON folded before Flop (didn't bet)
Seat 3: jamesmillwal folded before Flop (didn't bet)
Seat 4: littleboy930 (button) folded before Flop (didn't bet)
Seat 5: m0nTTu (small blind) showed [4c 4s] and lost with two pair, Queens and Eights
Seat 6: reeqar (big blind) showed [Ad 6d] and won ($24.55) with two pair, Aces and Queens



PokerStars Hand #254557717120:  Hold'em No Limit ($0.50/$1.00 USD) - 2025/01/26 5:25:49 WET [2025/01/26 0:25:49 ET]
Table 'Mauritia IV' 6-max Seat #5 is the button
Seat 1: 7bekon7 ($100.50 in chips) 
Seat 2: NOTfishON ($100.95 in chips) 
Seat 3: jamesmillwal ($46.66 in chips) 
Seat 4: littleboy930 ($34.77 in chips) 
Seat 5: m0nTTu ($155.33 in chips) 
Seat 6: reeqar ($114.35 in chips) 
reeqar: posts small blind $0.50
7bekon7: posts big blind $1
*** HOLE CARDS ***
NOTfishON: folds 
jamesmillwal: folds 
littleboy930: folds 
m0nTTu: raises $1.50 to $2.50
reeqar: folds 
7bekon7: folds 
Uncalled bet ($1.50) returned to m0nTTu
m0nTTu collected $2.50 from pot
m0nTTu: doesn't show hand 
*** SUMMARY ***
Total pot $2.50 | Rake $0 
Seat 1: 7bekon7 (big blind) folded before Flop
Seat 2: NOTfishON folded before Flop (didn't bet)
Seat 3: jamesmillwal folded before Flop (didn't bet)
Seat 4: littleboy930 folded before Flop (didn't bet)
Seat 5: m0nTTu (button) collected ($2.50)
Seat 6: reeqar (small blind) folded before Flop



PokerStars Hand #254557718530:  Hold'em No Limit ($0.50/$1.00 USD) - 2025/01/26 5:26:05 WET [2025/01/26 0:26:05 ET]
Table 'Mauritia IV' 6-max Seat #6 is the button
Seat 1: 7bekon7 ($100 in chips) 
Seat 2: NOTfishON ($100.95 in chips) 
Seat 3: jamesmillwal ($46.66 in chips) 
Seat 4: littleboy930 ($34.77 in chips) 
Seat 5: m0nTTu ($156.83 in chips) 
Seat 6: reeqar ($113.85 in chips) 
7bekon7: posts small blind $0.50
NOTfishON: posts big blind $1
*** HOLE CARDS ***
jamesmillwal: folds 
littleboy930: folds 
m0nTTu: raises $1.50 to $2.50
reeqar: folds 
7bekon7: folds 
NOTfishON: calls $1.50
*** FLOP *** [Ks 9s Ah]
NOTfishON: checks 
m0nTTu: bets $6.53
NOTfishON: folds 
Uncalled bet ($6.53) returned to m0nTTu
m0nTTu collected $5.22 from pot
m0nTTu: doesn't show hand 
*** SUMMARY ***
Total pot $5.50 | Rake $0.28 
Board [Ks 9s Ah]
Seat 1: 7bekon7 (small blind) folded before Flop
Seat 2: NOTfishON (big blind) folded on the Flop
Seat 3: jamesmillwal folded before Flop (didn't bet)
Seat 4: littleboy930 folded before Flop (didn't bet)
Seat 5: m0nTTu collected ($5.22)
Seat 6: reeqar (button) folded before Flop (didn't bet)



PokerStars Hand #254557722259:  Hold'em No Limit ($0.50/$1.00 USD) - 2025/01/26 5:26:45 WET [2025/01/26 0:26:45 ET]
Table 'Mauritia IV' 6-max Seat #1 is the button
Seat 1: 7bekon7 ($100 in chips) 
Seat 2: NOTfishON ($100 in chips) 
Seat 3: jamesmillwal ($46.66 in chips) 
Seat 4: littleboy930 ($34.77 in chips) 
Seat 5: m0nTTu ($159.55 in chips) 
Seat 6: reeqar ($113.85 in chips) 
NOTfishON: posts small blind $0.50
jamesmillwal: posts big blind $1
*** HOLE CARDS ***
littleboy930: folds 
m0nTTu: folds 
reeqar: folds 
7bekon7: folds 
NOTfishON: folds 
Uncalled bet ($0.50) returned to jamesmillwal
jamesmillwal collected $1 from pot
jamesmillwal: doesn't show hand 
*** SUMMARY ***
Total pot $1 | Rake $0 
Seat 1: 7bekon7 (button) folded before Flop (didn't bet)
Seat 2: NOTfishON (small blind) folded before Flop
Seat 3: jamesmillwal (big blind) collected ($1)
Seat 4: littleboy930 folded before Flop (didn't bet)
Seat 5: m0nTTu folded before Flop (didn't bet)
Seat 6: reeqar folded before Flop (didn't bet)



PokerStars Hand #254557724401:  Hold'em No Limit ($0.50/$1.00 USD) - 2025/01/26 5:27:09 WET [2025/01/26 0:27:09 ET]
Table 'Mauritia IV' 6-max Seat #2 is the button
Seat 1: 7bekon7 ($100 in chips) 
Seat 2: NOTfishON ($100 in chips) 
Seat 3: jamesmillwal ($47.16 in chips) 
Seat 4: littleboy930 ($34.77 in chips) 
Seat 5: m0nTTu ($159.55 in chips) 
Seat 6: reeqar ($113.85 in chips) 
jamesmillwal: posts small blind $0.50
littleboy930: posts big blind $1
*** HOLE CARDS ***
m0nTTu: folds 
reeqar: folds 
7bekon7: folds 
NOTfishON: folds 
jamesmillwal: folds 
Uncalled bet ($0.50) returned to littleboy930
littleboy930 collected $1 from pot
*** SUMMARY ***
Total pot $1 | Rake $0 
Seat 1: 7bekon7 folded before Flop (didn't bet)
Seat 2: NOTfishON (button) folded before Flop (didn't bet)
Seat 3: jamesmillwal (small blind) folded before Flop
Seat 4: littleboy930 (big blind) collected ($1)
Seat 5: m0nTTu folded before Flop (didn't bet)
Seat 6: reeqar folded before Flop (didn't bet)



PokerStars Hand #254557725910:  Hold'em No Limit ($0.50/$1.00 USD) - 2025/01/26 5:27:25 WET [2025/01/26 0:27:25 ET]
Table 'Mauritia IV' 6-max Seat #3 is the button
Seat 1: 7bekon7 ($100 in chips) 
Seat 2: NOTfishON ($100 in chips) 
Seat 3: jamesmillwal ($46.66 in chips) 
Seat 4: littleboy930 ($35.27 in chips) 
Seat 5: m0nTTu ($159.55 in chips) 
Seat 6: reeqar ($113.85 in chips) 
littleboy930: posts small blind $0.50
m0nTTu: posts big blind $1
*** HOLE CARDS ***
reeqar: folds 
7bekon7: folds 
NOTfishON: raises $1.30 to $2.30
jamesmillwal: folds 
littleboy930: calls $1.80
m0nTTu: folds 
*** FLOP *** [Qc 2h 6c]
littleboy930: checks 
NOTfishON: bets $3.78
littleboy930: folds 
Uncalled bet ($3.78) returned to NOTfishON
NOTfishON collected $5.32 from pot
*** SUMMARY ***
Total pot $5.60 | Rake $0.28 
Board [Qc 2h 6c]
Seat 1: 7bekon7 folded before Flop (didn't bet)
Seat 2: NOTfishON collected ($5.32)
Seat 3: jamesmillwal (button) folded before Flop (didn't bet)
Seat 4: littleboy930 (small blind) folded on the Flop
Seat 5: m0nTTu (big blind) folded before Flop
Seat 6: reeqar folded before Flop (didn't bet)



PokerStars Hand #254557728768:  Hold'em No Limit ($0.50/$1.00 USD) - 2025/01/26 5:27:56 WET [2025/01/26 0:27:56 ET]
Table 'Mauritia IV' 6-max Seat #4 is the button
Seat 1: 7bekon7 ($100 in chips) 
Seat 2: NOTfishON ($103.02 in chips) 
Seat 3: jamesmillwal ($46.66 in chips) 
Seat 4: littleboy930 ($32.97 in chips) 
Seat 5: m0nTTu ($158.55 in chips) 
Seat 6: reeqar ($113.85 in chips) 
m0nTTu: posts small blind $0.50
reeqar: posts big blind $1
*** HOLE CARDS ***
7bekon7: folds 
NOTfishON: raises $1 to $2
jamesmillwal: folds 
littleboy930: folds 
m0nTTu: folds 
reeqar: folds 
Uncalled bet ($1) returned to NOTfishON
NOTfishON collected $2.50 from pot
*** SUMMARY ***
Total pot $2.50 | Rake $0 
Seat 1: 7bekon7 folded before Flop (didn't bet)
Seat 2: NOTfishON collected ($2.50)
Seat 3: jamesmillwal folded before Flop (didn't bet)
Seat 4: littleboy930 (button) folded before Flop (didn't bet)
Seat 5: m0nTTu (small blind) folded before Flop
Seat 6: reeqar (big blind) folded before Flop



PokerStars Hand #254557731770:  Hold'em No Limit ($0.50/$1.00 USD) - 2025/01/26 5:28:29 WET [2025/01/26 0:28:29 ET]
Table 'Mauritia IV' 6-max Seat #5 is the button
Seat 1: 7bekon7 ($100 in chips) 
Seat 2: NOTfishON ($104.52 in chips) 
Seat 3: jamesmillwal ($46.66 in chips) 
Seat 4: littleboy930 ($32.97 in chips) 
Seat 5: m0nTTu ($158.05 in chips) 
Seat 6: reeqar ($112.85 in chips) 
reeqar: posts small blind $0.50
7bekon7: posts big blind $1
*** HOLE CARDS ***
NOTfishON: raises $1 to $2
jamesmillwal: folds 
littleboy930: folds 
m0nTTu: folds 
reeqar: folds 
7bekon7: folds 
Uncalled bet ($1) returned to NOTfishON
NOTfishON collected $2.50 from pot
*** SUMMARY ***
Total pot $2.50 | Rake $0 
Seat 1: 7bekon7 (big blind) folded before Flop
Seat 2: NOTfishON collected ($2.50)
Seat 3: jamesmillwal folded before Flop (didn't bet)
Seat 4: littleboy930 folded before Flop (didn't bet)
Seat 5: m0nTTu (button) folded before Flop (didn't bet)
Seat 6: reeqar (small blind) folded before Flop



PokerStars Hand #254557734518:  Hold'em No Limit ($0.50/$1.00 USD) - 2025/01/26 5:28:59 WET [2025/01/26 0:28:59 ET]
Table 'Mauritia IV' 6-max Seat #6 is the button
Seat 1: 7bekon7 ($100 in chips) 
Seat 2: NOTfishON ($106.02 in chips) 
Seat 3: jamesmillwal ($46.66 in chips) 
Seat 4: littleboy930 ($32.97 in chips) 
Seat 5: m0nTTu ($158.05 in chips) 
Seat 6: reeqar ($112.35 in chips) 
7bekon7: posts small blind $0.50
NOTfishON: posts big blind $1
*** HOLE CARDS ***
jamesmillwal: folds 
littleboy930: folds 
m0nTTu: raises $1.50 to $2.50
reeqar: folds 
7bekon7: folds 
NOTfishON: calls $1.50
*** FLOP *** [Ks 9h 2c]
NOTfishON: checks 
m0nTTu: bets $1.72
NOTfishON: calls $1.72
*** TURN *** [Ks 9h 2c] [4d]
NOTfishON: checks 
m0nTTu: checks 
*** RIVER *** [Ks 9h 2c 4d] [3h]
NOTfishON: checks 
m0nTTu: checks 
*** SHOW DOWN ***
NOTfishON: shows [Ac 7c] (high card Ace)
m0nTTu: shows [Ah Jd] (high card Ace - King+Jack kicker)
m0nTTu collected $8.49 from pot
*** SUMMARY ***
Total pot $8.94 | Rake $0.45 
Board [Ks 9h 2c 4d 3h]
Seat 1: 7bekon7 (small blind) folded before Flop
Seat 2: NOTfishON (big blind) showed [Ac 7c] and lost with high card Ace
Seat 3: jamesmillwal folded before Flop (didn't bet)
Seat 4: littleboy930 folded before Flop (didn't bet)
Seat 5: m0nTTu showed [Ah Jd] and won ($8.49) with high card Ace
Seat 6: reeqar (button) folded before Flop (didn't bet)



PokerStars Hand #254557741357:  Hold'em No Limit ($0.50/$1.00 USD) - 2025/01/26 5:30:13 WET [2025/01/26 0:30:13 ET]
Table 'Mauritia IV' 6-max Seat #1 is the button
Seat 1: 7bekon7 ($100 in chips) 
Seat 2: NOTfishON ($101.80 in chips) 
Seat 3: jamesmillwal ($46.66 in chips) 
Seat 4: littleboy930 ($32.97 in chips) 
Seat 5: m0nTTu ($162.32 in chips) 
Seat 6: reeqar ($112.35 in chips) 
NOTfishON: posts small blind $0.50
jamesmillwal: posts big blind $1
*** HOLE CARDS ***
littleboy930: raises $2 to $3
m0nTTu: folds 
reeqar: raises $9.50 to $12.50
7bekon7: folds 
NOTfishON: folds 
jamesmillwal: folds 
littleboy930: folds 
Uncalled bet ($9.50) returned to reeqar
reeqar collected $7.50 from pot
reeqar: doesn't show hand 
*** SUMMARY ***
Total pot $7.50 | Rake $0 
Seat 1: 7bekon7 (button) folded before Flop (didn't bet)
Seat 2: NOTfishON (small blind) folded before Flop
Seat 3: jamesmillwal (big blind) folded before Flop
Seat 4: littleboy930 folded before Flop
Seat 5: m0nTTu folded before Flop (didn't bet)
Seat 6: reeqar collected ($7.50)



PokerStars Hand #254557745820:  Hold'em No Limit ($0.50/$1.00 USD) - 2025/01/26 5:31:02 WET [2025/01/26 0:31:02 ET]
Table 'Mauritia IV' 6-max Seat #2 is the button
Seat 1: 7bekon7 ($100 in chips) 
Seat 2: NOTfishON ($101.30 in chips) 
Seat 3: jamesmillwal ($45.66 in chips) 
Seat 4: littleboy930 ($29.97 in chips) 
Seat 5: m0nTTu ($162.32 in chips) 
Seat 6: reeqar ($116.85 in chips) 
jamesmillwal: posts small blind $0.50
littleboy930: posts big blind $1
*** HOLE CARDS ***
m0nTTu: folds 
reeqar: folds 
7bekon7: raises $1.50 to $2.50
NOTfishON: folds 
jamesmillwal: folds 
littleboy930: calls $1.50
*** FLOP *** [Qh 7s 3c]
littleboy930: checks 
7bekon7: bets $3.92
littleboy930: calls $3.92
*** TURN *** [Qh 7s 3c] [7d]
littleboy930: checks 
7bekon7: bets $9.50
littleboy930: raises $14.05 to $23.55 and is all-in
7bekon7: calls $14.05
*** RIVER *** [Qh 7s 3c 7d] [3d]
*** SHOW DOWN ***
littleboy930: shows [6h 3h] (a full house, Threes full of Sevens)
7bekon7: shows [Ks Kd] (two pair, Kings and Sevens)
littleboy930 collected $57.94 from pot
*** SUMMARY ***
Total pot $60.44 | Rake $2.50 
Board [Qh 7s 3c 7d 3d]
Seat 1: 7bekon7 showed [Ks Kd] and lost with two pair, Kings and Sevens
Seat 2: NOTfishON (button) folded before Flop (didn't bet)
Seat 3: jamesmillwal (small blind) folded before Flop
Seat 4: littleboy930 (big blind) showed [6h 3h] and won ($57.94) with a full house, Threes full of Sevens
Seat 5: m0nTTu folded before Flop (didn't bet)
Seat 6: reeqar folded before Flop (didn't bet)



PokerStars Hand #254557751716:  Hold'em No Limit ($0.50/$1.00 USD) - 2025/01/26 5:32:07 WET [2025/01/26 0:32:07 ET]
Table 'Mauritia IV' 6-max Seat #3 is the button
Seat 1: 7bekon7 ($100 in chips) 
Seat 2: NOTfishON ($101.30 in chips) 
Seat 3: jamesmillwal ($45.16 in chips) 
Seat 4: littleboy930 ($57.94 in chips) 
Seat 5: m0nTTu ($162.32 in chips) 
Seat 6: reeqar ($116.85 in chips) 
littleboy930: posts small blind $0.50
m0nTTu: posts big blind $1
*** HOLE CARDS ***
reeqar: folds 
7bekon7: folds 
NOTfishON: folds 
jamesmillwal: folds 
littleboy930: folds 
Uncalled bet ($0.50) returned to m0nTTu
m0nTTu collected $1 from pot
m0nTTu: doesn't show hand 
*** SUMMARY ***
Total pot $1 | Rake $0 
Seat 1: 7bekon7 folded before Flop (didn't bet)
Seat 2: NOTfishON folded before Flop (didn't bet)
Seat 3: jamesmillwal (button) folded before Flop (didn't bet)
Seat 4: littleboy930 (small blind) folded before Flop
Seat 5: m0nTTu (big blind) collected ($1)
Seat 6: reeqar folded before Flop (didn't bet)



PokerStars Hand #254557752587:  Hold'em No Limit ($0.50/$1.00 USD) - 2025/01/26 5:32:17 WET [2025/01/26 0:32:17 ET]
Table 'Mauritia IV' 6-max Seat #4 is the button
Seat 1: 7bekon7 ($100 in chips) 
Seat 2: NOTfishON ($101.30 in chips) 
Seat 3: jamesmillwal ($45.16 in chips) 
Seat 4: littleboy930 ($57.44 in chips) 
Seat 5: m0nTTu ($162.82 in chips) 
Seat 6: reeqar ($116.85 in chips) 
m0nTTu: posts small blind $0.50
reeqar: posts big blind $1
*** HOLE CARDS ***
7bekon7: folds 
NOTfishON: folds 
jamesmillwal: folds 
littleboy930: raises $2 to $3
m0nTTu: folds 
reeqar: folds 
Uncalled bet ($2) returned to littleboy930
littleboy930 collected $2.50 from pot
*** SUMMARY ***
Total pot $2.50 | Rake $0 
Seat 1: 7bekon7 folded before Flop (didn't bet)
Seat 2: NOTfishON folded before Flop (didn't bet)
Seat 3: jamesmillwal folded before Flop (didn't bet)
Seat 4: littleboy930 (button) collected ($2.50)
Seat 5: m0nTTu (small blind) folded before Flop
Seat 6: reeqar (big blind) folded before Flop



PokerStars Hand #254557754331:  Hold'em No Limit ($0.50/$1.00 USD) - 2025/01/26 5:32:36 WET [2025/01/26 0:32:36 ET]
Table 'Mauritia IV' 6-max Seat #5 is the button
Seat 1: 7bekon7 ($100 in chips) 
Seat 2: NOTfishON ($101.30 in chips) 
Seat 3: jamesmillwal ($45.16 in chips) 
Seat 4: littleboy930 ($58.94 in chips) 
Seat 5: m0nTTu ($162.32 in chips) 
Seat 6: reeqar ($115.85 in chips) 
reeqar: posts small blind $0.50
7bekon7: posts big blind $1
*** HOLE CARDS ***
NOTfishON: folds 
jamesmillwal: raises $1 to $2
littleboy930: calls $2
m0nTTu: folds 
reeqar: folds 
7bekon7: calls $1
*** FLOP *** [Tc 7c 3s]
7bekon7: checks 
jamesmillwal: checks 
littleboy930: checks 
*** TURN *** [Tc 7c 3s] [6s]
7bekon7: bets $1.55
jamesmillwal: calls $1.55
littleboy930: calls $1.55
*** RIVER *** [Tc 7c 3s 6s] [4d]
7bekon7: checks 
jamesmillwal: checks 
littleboy930: checks 
*** SHOW DOWN ***
7bekon7: shows [9c 7s] (a pair of Sevens)
jamesmillwal: shows [7h Ah] (a pair of Sevens - Ace kicker)
littleboy930: shows [8h 8s] (a pair of Eights)
littleboy930 collected $10.59 from pot
*** SUMMARY ***
Total pot $11.15 | Rake $0.56 
Board [Tc 7c 3s 6s 4d]
Seat 1: 7bekon7 (big blind) showed [9c 7s] and lost with a pair of Sevens
Seat 2: NOTfishON folded before Flop (didn't bet)
Seat 3: jamesmillwal showed [7h Ah] and lost with a pair of Sevens
Seat 4: littleboy930 showed [8h 8s] and won ($10.59) with a pair of Eights
Seat 5: m0nTTu (button) folded before Flop (didn't bet)
Seat 6: reeqar (small blind) folded before Flop



PokerStars Hand #254557757610:  Hold'em No Limit ($0.50/$1.00 USD) - 2025/01/26 5:33:13 WET [2025/01/26 0:33:13 ET]
Table 'Mauritia IV' 6-max Seat #6 is the button
Seat 1: 7bekon7 ($100 in chips) 
Seat 2: NOTfishON ($101.30 in chips) 
Seat 3: jamesmillwal ($41.61 in chips) 
Seat 4: littleboy930 ($65.98 in chips) 
Seat 5: m0nTTu ($162.32 in chips) 
Seat 6: reeqar ($115.35 in chips) 
7bekon7: posts small blind $0.50
NOTfishON: posts big blind $1
*** HOLE CARDS ***
jamesmillwal: folds 
littleboy930: raises $2 to $3
m0nTTu: folds 
reeqar: raises $6 to $9
7bekon7: folds 
NOTfishON: folds 
littleboy930: calls $6
*** FLOP *** [Kh 7c 7s]
littleboy930: checks 
reeqar: bets $6.11
littleboy930: folds 
Uncalled bet ($6.11) returned to reeqar
reeqar collected $18.52 from pot
reeqar: doesn't show hand 
*** SUMMARY ***
Total pot $19.50 | Rake $0.98 
Board [Kh 7c 7s]
Seat 1: 7bekon7 (small blind) folded before Flop
Seat 2: NOTfishON (big blind) folded before Flop
Seat 3: jamesmillwal folded before Flop (didn't bet)
Seat 4: littleboy930 folded on the Flop
Seat 5: m0nTTu folded before Flop (didn't bet)
Seat 6: reeqar (button) collected ($18.52)



PokerStars Hand #254557761317:  Hold'em No Limit ($0.50/$1.00 USD) - 2025/01/26 5:33:52 WET [2025/01/26 0:33:52 ET]
Table 'Mauritia IV' 6-max Seat #1 is the button
Seat 1: 7bekon7 ($100 in chips) 
Seat 2: NOTfishON ($100.30 in chips) 
Seat 3: jamesmillwal ($41.61 in chips) 
Seat 4: littleboy930 ($56.98 in chips) 
Seat 5: m0nTTu ($162.32 in chips) 
Seat 6: reeqar ($124.87 in chips) 
NOTfishON: posts small blind $0.50
jamesmillwal: posts big blind $1
*** HOLE CARDS ***
littleboy930: calls $1
m0nTTu: folds 
reeqar: folds 
7bekon7: folds 
NOTfishON: calls $0.50
jamesmillwal: raises $4 to $5
littleboy930: calls $4
NOTfishON: folds 
*** FLOP *** [Kd Jh 6h]
jamesmillwal: checks 
littleboy930: checks 
*** TURN *** [Kd Jh 6h] [5c]
jamesmillwal: bets $3
littleboy930: calls $3
*** RIVER *** [Kd Jh 6h 5c] [Td]
jamesmillwal: bets $11
littleboy930: raises $37.98 to $48.98 and is all-in
jamesmillwal: calls $22.61 and is all-in
Uncalled bet ($15.37) returned to littleboy930
*** SHOW DOWN ***
littleboy930: shows [Qc 9d] (a straight, Nine to King)
jamesmillwal: shows [Ac Qd] (a straight, Ten to Ace)
jamesmillwal collected $81.72 from pot
*** SUMMARY ***
Total pot $84.22 | Rake $2.50 
Board [Kd Jh 6h 5c Td]
Seat 1: 7bekon7 (button) folded before Flop (didn't bet)
Seat 2: NOTfishON (small blind) folded before Flop
Seat 3: jamesmillwal (big blind) showed [Ac Qd] and won ($81.72) with a straight, Ten to Ace
Seat 4: littleboy930 showed [Qc 9d] and lost with a straight, Nine to King
Seat 5: m0nTTu folded before Flop (didn't bet)
Seat 6: reeqar folded before Flop (didn't bet)



PokerStars Hand #254557766342:  Hold'em No Limit ($0.50/$1.00 USD) - 2025/01/26 5:34:48 WET [2025/01/26 0:34:48 ET]
Table 'Mauritia IV' 6-max Seat #2 is the button
Seat 1: 7bekon7 ($100 in chips) 
Seat 2: NOTfishON ($100 in chips) 
Seat 3: jamesmillwal ($81.72 in chips) 
Seat 4: littleboy930 ($15.37 in chips) 
Seat 5: m0nTTu ($162.32 in chips) 
Seat 6: reeqar ($124.87 in chips) 
jamesmillwal: posts small blind $0.50
littleboy930: posts big blind $1
*** HOLE CARDS ***
m0nTTu: folds 
reeqar: folds 
7bekon7: raises $1.50 to $2.50
NOTfishON: folds 
jamesmillwal: raises $2.50 to $5
littleboy930: folds 
7bekon7: raises $11 to $16
jamesmillwal: calls $11
*** FLOP *** [8s 3h 9d]
jamesmillwal: checks 
7bekon7: bets $7.84
jamesmillwal: calls $7.84
*** TURN *** [8s 3h 9d] [Ts]
jamesmillwal: checks 
7bekon7: bets $17.34
jamesmillwal: raises $40.54 to $57.88 and is all-in
7bekon7: calls $40.54
*** FIRST RIVER *** [8s 3h 9d Ts] [6d]
*** SECOND RIVER *** [8s 3h 9d Ts] [4s]
*** FIRST SHOW DOWN ***
jamesmillwal: shows [Ad Ac] (a pair of Aces)
7bekon7: shows [Jd Jc] (a pair of Jacks)
jamesmillwal collected $80.97 from pot
*** SECOND SHOW DOWN ***
jamesmillwal: shows [Ad Ac] (a pair of Aces)
7bekon7: shows [Jd Jc] (a pair of Jacks)
jamesmillwal collected $80.97 from pot
*** SUMMARY ***
Total pot $164.44 | Rake $2.50 
Hand was run twice
FIRST Board [8s 3h 9d Ts 6d]
SECOND Board [8s 3h 9d Ts 4s]
Seat 1: 7bekon7 showed [Jd Jc] and lost with a pair of Jacks, and lost with a pair of Jacks
Seat 2: NOTfishON (button) folded before Flop (didn't bet)
Seat 3: jamesmillwal (small blind) showed [Ad Ac] and won ($80.97) with a pair of Aces, and won ($80.97) with a pair of Aces
Seat 4: littleboy930 (big blind) folded before Flop
Seat 5: m0nTTu folded before Flop (didn't bet)
Seat 6: reeqar folded before Flop (didn't bet)



PokerStars Hand #254557774091:  Hold'em No Limit ($0.50/$1.00 USD) - 2025/01/26 5:36:14 WET [2025/01/26 0:36:14 ET]
Table 'Mauritia IV' 6-max Seat #3 is the button
Seat 1: 7bekon7 ($100 in chips) 
Seat 2: NOTfishON ($100 in chips) 
Seat 3: jamesmillwal ($161.94 in chips) 
Seat 4: littleboy930 ($14.37 in chips) 
Seat 5: m0nTTu ($162.32 in chips) 
Seat 6: reeqar ($124.87 in chips) 
littleboy930: posts small blind $0.50
m0nTTu: posts big blind $1
*** HOLE CARDS ***
reeqar: folds 
7bekon7: folds 
NOTfishON: raises $1.30 to $2.30
jamesmillwal: folds 
littleboy930: calls $1.80
m0nTTu: calls $1.30
*** FLOP *** [7d 9c 6h]
littleboy930: bets $3.28
m0nTTu: raises $3.28 to $6.56
NOTfishON: folds 
littleboy930: raises $5.51 to $12.07 and is all-in
m0nTTu: calls $5.51
*** TURN *** [7d 9c 6h] [Td]
*** RIVER *** [7d 9c 6h Td] [Jc]
*** SHOW DOWN ***
littleboy930: shows [Js 9h] (two pair, Jacks and Nines)
m0nTTu: shows [8d 9d] (a straight, Seven to Jack)
m0nTTu collected $29.49 from pot
*** SUMMARY ***
Total pot $31.04 | Rake $1.55 
Board [7d 9c 6h Td Jc]
Seat 1: 7bekon7 folded before Flop (didn't bet)
Seat 2: NOTfishON folded on the Flop
Seat 3: jamesmillwal (button) folded before Flop (didn't bet)
Seat 4: littleboy930 (small blind) showed [Js 9h] and lost with two pair, Jacks and Nines
Seat 5: m0nTTu (big blind) showed [8d 9d] and won ($29.49) with a straight, Seven to Jack
Seat 6: reeqar folded before Flop (didn't bet)



PokerStars Hand #254557780697:  Hold'em No Limit ($0.50/$1.00 USD) - 2025/01/26 5:37:29 WET [2025/01/26 0:37:29 ET]
Table 'Mauritia IV' 6-max Seat #5 is the button
Seat 4: littleboy930 ($0 in chips) is sitting out
Seat 1: 7bekon7 ($100 in chips) 
Seat 2: NOTfishON ($100 in chips) 
Seat 3: jamesmillwal ($161.94 in chips) 
Seat 5: m0nTTu ($177.44 in chips) 
Seat 6: reeqar ($124.87 in chips) 
reeqar: posts small blind $0.50
7bekon7: posts big blind $1
*** HOLE CARDS ***
NOTfishON: raises $1 to $2
jamesmillwal: folds 
m0nTTu: folds 
reeqar: folds 
7bekon7: folds 
Uncalled bet ($1) returned to NOTfishON
NOTfishON collected $2.50 from pot
*** SUMMARY ***
Total pot $2.50 | Rake $0 
Seat 4: littleboy930
Seat 1: 7bekon7 (big blind) folded before Flop
Seat 2: NOTfishON collected ($2.50)
Seat 3: jamesmillwal folded before Flop (didn't bet)
Seat 5: m0nTTu (button) folded before Flop (didn't bet)
Seat 6: reeqar (small blind) folded before Flop



PokerStars Hand #254557782317:  Hold'em No Limit ($0.50/$1.00 USD) - 2025/01/26 5:37:47 WET [2025/01/26 0:37:47 ET]
Table 'Mauritia IV' 6-max Seat #6 is the button
Seat 2: NOTfishON ($101.50 in chips) is sitting out
Seat 4: littleboy930 ($0 in chips) is sitting out
Seat 1: 7bekon7 ($100 in chips) 
Seat 3: jamesmillwal ($161.94 in chips) 
Seat 5: m0nTTu ($177.44 in chips) 
Seat 6: reeqar ($124.37 in chips) 
7bekon7: posts small blind $0.50
NOTfishON: is sitting out 
jamesmillwal: posts big blind $1
*** HOLE CARDS ***
m0nTTu: folds 
reeqar: folds 
7bekon7: raises $2 to $3
jamesmillwal: calls $2
*** FLOP *** [8s 9h Ad]
7bekon7: bets $1.43
jamesmillwal: calls $1.43
*** TURN *** [8s 9h Ad] [As]
7bekon7: checks 
jamesmillwal: checks 
*** RIVER *** [8s 9h Ad As] [7c]
7bekon7: checks 
jamesmillwal: bets $5
7bekon7: folds 
Uncalled bet ($5) returned to jamesmillwal
jamesmillwal collected $8.42 from pot
jamesmillwal: doesn't show hand 
*** SUMMARY ***
Total pot $8.86 | Rake $0.44 
Board [8s 9h Ad As 7c]
Seat 2: NOTfishON
Seat 4: littleboy930
Seat 1: 7bekon7 (small blind) folded on the River
Seat 3: jamesmillwal (big blind) collected ($8.42)
Seat 5: m0nTTu folded before Flop (didn't bet)
Seat 6: reeqar (button) folded before Flop (didn't bet)



PokerStars Hand #254557786375:  Hold'em No Limit ($0.50/$1.00 USD) - 2025/01/26 5:38:32 WET [2025/01/26 0:38:32 ET]
Table 'Mauritia IV' 6-max Seat #1 is the button
Seat 2: NOTfishON ($101.50 in chips) is sitting out
Seat 4: littleboy930 ($0 in chips) is sitting out
Seat 1: 7bekon7 ($100 in chips) 
Seat 3: jamesmillwal ($165.93 in chips) 
Seat 5: m0nTTu ($177.44 in chips) 
Seat 6: reeqar ($124.37 in chips) 
jamesmillwal: posts small blind $0.50
m0nTTu: posts big blind $1
*** HOLE CARDS ***
reeqar: folds 
7bekon7: folds 
jamesmillwal: folds 
Uncalled bet ($0.50) returned to m0nTTu
m0nTTu collected $1 from pot
m0nTTu: doesn't show hand 
*** SUMMARY ***
Total pot $1 | Rake $0 
Seat 2: NOTfishON
Seat 4: littleboy930
Seat 1: 7bekon7 (button) folded before Flop (didn't bet)
Seat 3: jamesmillwal (small blind) folded before Flop
Seat 5: m0nTTu (big blind) collected ($1)
Seat 6: reeqar folded before Flop (didn't bet)



PokerStars Hand #254557787024:  Hold'em No Limit ($0.50/$1.00 USD) - 2025/01/26 5:38:39 WET [2025/01/26 0:38:39 ET]
Table 'Mauritia IV' 6-max Seat #3 is the button
Seat 2: NOTfishON ($101.50 in chips) is sitting out
Seat 4: littleboy930 ($0 in chips) is sitting out
Seat 1: 7bekon7 ($100 in chips) 
Seat 3: jamesmillwal ($165.43 in chips) 
Seat 5: m0nTTu ($177.94 in chips) 
Seat 6: reeqar ($124.37 in chips) 
m0nTTu: posts small blind $0.50
reeqar: posts big blind $1
*** HOLE CARDS ***
7bekon7: folds 
jamesmillwal: folds 
NOTfishON leaves the table
jamesmillwal leaves the table
littleboy930 is disconnected 
7bekon7 leaves the table
m0nTTu: folds 
Uncalled bet ($0.50) returned to reeqar
reeqar collected $1 from pot
reeqar: doesn't show hand 
*** SUMMARY ***
Total pot $1 | Rake $0 
Seat 2: NOTfishON
Seat 4: littleboy930
Seat 1: 7bekon7 folded before Flop (didn't bet)
Seat 3: jamesmillwal (button) folded before Flop (didn't bet)
Seat 5: m0nTTu (small blind) folded before Flop
Seat 6: reeqar (big blind) collected ($1)



