PokerStars Hand #254561526556:  Hold'em No Limit ($0.50/$1.00 USD) - 2025/01/26 14:26:25 WET [2025/01/26 9:26:25 ET]
Table 'Nauheima IV' 6-max Seat #5 is the button
Seat 2: elcutez ($100 in chips) 
Seat 3: KadeDr1ver ($93.28 in chips) 
Seat 4: tintin641 ($100 in chips) 
Seat 5: IREQO ($100 in chips) 
Seat 6: 2cute4me2 ($100 in chips) 
2cute4me2: posts small blind $0.50
elcutez: posts big blind $1
*** HOLE CARDS ***
KadeDr1ver: calls $1
tintin641: folds 
IREQO: folds 
2cute4me2: folds 
elcutez: checks 
*** FLOP *** [9s Ks Js]
elcutez: checks 
KadeDr1ver: bets $2
elcutez: folds 
Uncalled bet ($2) returned to KadeDr1ver
KadeDr1ver collected $2.38 from pot
*** SUMMARY ***
Total pot $2.50 | Rake $0.12 
Board [9s Ks Js]
Seat 2: elcutez (big blind) folded on the Flop
Seat 3: KadeDr1ver collected ($2.38)
Seat 4: tintin641 folded before Flop (didn't bet)
Seat 5: IREQO (button) folded before Flop (didn't bet)
Seat 6: 2cute4me2 (small blind) folded before Flop



PokerStars Hand #254561531641:  Hold'em No Limit ($0.50/$1.00 USD) - 2025/01/26 14:26:49 WET [2025/01/26 9:26:49 ET]
Table 'Nauheima IV' 6-max Seat #6 is the button
Seat 2: elcutez ($99 in chips) 
Seat 3: KadeDr1ver ($94.66 in chips) 
Seat 4: tintin641 ($100 in chips) 
Seat 5: IREQO ($100 in chips) 
Seat 6: 2cute4me2 ($100 in chips) 
elcutez: posts small blind $0.50
KadeDr1ver: posts big blind $1
*** HOLE CARDS ***
tintin641: folds 
IREQO: raises $1.50 to $2.50
2cute4me2: folds 
elcutez: folds 
KadeDr1ver: folds 
Uncalled bet ($1.50) returned to IREQO
IREQO collected $2.50 from pot
IREQO: doesn't show hand 
*** SUMMARY ***
Total pot $2.50 | Rake $0 
Seat 2: elcutez (small blind) folded before Flop
Seat 3: KadeDr1ver (big blind) folded before Flop
Seat 4: tintin641 folded before Flop (didn't bet)
Seat 5: IREQO collected ($2.50)
Seat 6: 2cute4me2 (button) folded before Flop (didn't bet)



PokerStars Hand #254561534483:  Hold'em No Limit ($0.50/$1.00 USD) - 2025/01/26 14:27:02 WET [2025/01/26 9:27:02 ET]
Table 'Nauheima IV' 6-max Seat #2 is the button
Seat 2: elcutez ($98.50 in chips) 
Seat 3: KadeDr1ver ($93.66 in chips) 
Seat 4: tintin641 ($100 in chips) 
Seat 5: IREQO ($101.50 in chips) 
Seat 6: 2cute4me2 ($100 in chips) 
KadeDr1ver: posts small blind $0.50
tintin641: posts big blind $1
*** HOLE CARDS ***
IREQO: folds 
2cute4me2: folds 
elcutez: raises $2 to $3
KadeDr1ver: folds 
tintin641: calls $2
*** FLOP *** [3h 4d Qc]
tintin641: checks 
elcutez: checks 
*** TURN *** [3h 4d Qc] [Kd]
tintin641: checks 
elcutez: checks 
*** RIVER *** [3h 4d Qc Kd] [4h]
tintin641: checks 
elcutez: checks 
*** SHOW DOWN ***
tintin641: shows [8s Ac] (a pair of Fours)
elcutez: shows [Ah 9s] (a pair of Fours)
tintin641 collected $3.09 from pot
elcutez collected $3.09 from pot
*** SUMMARY ***
Total pot $6.50 | Rake $0.32 
Board [3h 4d Qc Kd 4h]
Seat 2: elcutez (button) showed [Ah 9s] and won ($3.09) with a pair of Fours
Seat 3: KadeDr1ver (small blind) folded before Flop
Seat 4: tintin641 (big blind) showed [8s Ac] and won ($3.09) with a pair of Fours
Seat 5: IREQO folded before Flop (didn't bet)
Seat 6: 2cute4me2 folded before Flop (didn't bet)



PokerStars Hand #254561543586:  Hold'em No Limit ($0.50/$1.00 USD) - 2025/01/26 14:27:46 WET [2025/01/26 9:27:46 ET]
Table 'Nauheima IV' 6-max Seat #3 is the button
Seat 2: elcutez ($98.59 in chips) 
Seat 3: KadeDr1ver ($93.16 in chips) 
Seat 4: tintin641 ($100.09 in chips) 
Seat 5: IREQO ($101.50 in chips) 
Seat 6: 2cute4me2 ($100 in chips) 
tintin641: posts small blind $0.50
IREQO: posts big blind $1
*** HOLE CARDS ***
2cute4me2: folds 
elcutez: folds 
KadeDr1ver: folds 
tintin641: folds 
Uncalled bet ($0.50) returned to IREQO
KadeDr1ver leaves the table
IREQO collected $1 from pot
IREQO: doesn't show hand 
*** SUMMARY ***
Total pot $1 | Rake $0 
Seat 2: elcutez folded before Flop (didn't bet)
Seat 3: KadeDr1ver (button) folded before Flop (didn't bet)
Seat 4: tintin641 (small blind) folded before Flop
Seat 5: IREQO (big blind) collected ($1)
Seat 6: 2cute4me2 folded before Flop (didn't bet)



PokerStars Hand #254561545840:  Hold'em No Limit ($0.50/$1.00 USD) - 2025/01/26 14:27:57 WET [2025/01/26 9:27:57 ET]
Table 'Nauheima IV' 6-max Seat #4 is the button
Seat 6: 2cute4me2 ($100 in chips) is sitting out
Seat 2: elcutez ($98.59 in chips) 
Seat 4: tintin641 ($100 in chips) 
Seat 5: IREQO ($102 in chips) 
IREQO: posts small blind $0.50
2cute4me2: is sitting out 
elcutez: posts big blind $1
*** HOLE CARDS ***
2cute4me2 leaves the table
tintin641: folds 
IREQO: folds 
Uncalled bet ($0.50) returned to elcutez
elcutez collected $1 from pot
*** SUMMARY ***
Total pot $1 | Rake $0 
Seat 6: 2cute4me2
Seat 2: elcutez (big blind) collected ($1)
Seat 4: tintin641 (button) folded before Flop (didn't bet)
Seat 5: IREQO (small blind) folded before Flop



PokerStars Hand #254561548049:  Hold'em No Limit ($0.50/$1.00 USD) - 2025/01/26 14:28:08 WET [2025/01/26 9:28:08 ET]
Table 'Nauheima IV' 6-max Seat #5 is the button
Seat 2: elcutez ($99.09 in chips) 
Seat 4: tintin641 ($100 in chips) 
Seat 5: IREQO ($101.50 in chips) 
elcutez: posts small blind $0.50
tintin641: posts big blind $1
*** HOLE CARDS ***
IREQO: folds 
elcutez: folds 
Uncalled bet ($0.50) returned to tintin641
tintin641 collected $1 from pot
tintin641: doesn't show hand 
*** SUMMARY ***
Total pot $1 | Rake $0 
Seat 2: elcutez (small blind) folded before Flop
Seat 4: tintin641 (big blind) collected ($1)
Seat 5: IREQO (button) folded before Flop (didn't bet)



PokerStars Hand #254561550506:  Hold'em No Limit ($0.50/$1.00 USD) - 2025/01/26 14:28:19 WET [2025/01/26 9:28:19 ET]
Table 'Nauheima IV' 6-max Seat #4 is the button
Seat 5: IREQO ($101.50 in chips) is sitting out
Seat 2: elcutez ($98.59 in chips) 
Seat 4: tintin641 ($100.50 in chips) 
tintin641: posts small blind $0.50
IREQO: is sitting out 
elcutez: posts big blind $1
*** HOLE CARDS ***
tintin641: raises $1.50 to $2.50
elcutez: folds 
Uncalled bet ($1.50) returned to tintin641
tintin641 collected $2 from pot
tintin641: doesn't show hand 
*** SUMMARY ***
Total pot $2 | Rake $0 
Seat 5: IREQO
Seat 2: elcutez (big blind) folded before Flop
Seat 4: tintin641 (button) (small blind) collected ($2)



PokerStars Hand #254561552502:  Hold'em No Limit ($0.50/$1.00 USD) - 2025/01/26 14:28:29 WET [2025/01/26 9:28:29 ET]
Table 'Nauheima IV' 6-max Seat #2 is the button
Seat 5: IREQO ($101.50 in chips) is sitting out
Seat 2: elcutez ($97.59 in chips) 
Seat 4: tintin641 ($101.50 in chips) 
elcutez: posts small blind $0.50
tintin641: posts big blind $1
*** HOLE CARDS ***
elcutez: raises $2 to $3
tintin641: calls $2
*** FLOP *** [Kd 5d 3s]
tintin641: checks 
elcutez: bets $5.70
tintin641: folds 
Uncalled bet ($5.70) returned to elcutez
elcutez collected $5.70 from pot
*** SUMMARY ***
Total pot $6 | Rake $0.30 
Board [Kd 5d 3s]
Seat 5: IREQO
Seat 2: elcutez (button) (small blind) collected ($5.70)
Seat 4: tintin641 (big blind) folded on the Flop



PokerStars Hand #254561557521:  Hold'em No Limit ($0.50/$1.00 USD) - 2025/01/26 14:28:54 WET [2025/01/26 9:28:54 ET]
Table 'Nauheima IV' 6-max Seat #4 is the button
Seat 5: IREQO ($101.50 in chips) is sitting out
Seat 2: elcutez ($100.29 in chips) 
Seat 4: tintin641 ($100 in chips) 
tintin641: posts small blind $0.50
elcutez: posts big blind $1
*** HOLE CARDS ***
tintin641: raises $1.50 to $2.50
elcutez: folds 
Uncalled bet ($1.50) returned to tintin641
tintin641 collected $2 from pot
tintin641: doesn't show hand 
*** SUMMARY ***
Total pot $2 | Rake $0 
Seat 5: IREQO
Seat 2: elcutez (big blind) folded before Flop
Seat 4: tintin641 (button) (small blind) collected ($2)



