PokerStars Hand #254560447258:  Hold'em No Limit ($0.50/$1.00 USD) - 2025/01/26 12:47:46 WET [2025/01/26 7:47:46 ET]
Table 'Memoria IV' 6-max Seat #2 is the button
Seat 4: Oli3579 ($101 in chips) is sitting out
Seat 2: BoyLoc0 ($106.77 in chips) 
Seat 6: poker_soul11 ($101.25 in chips) 
BoyLoc0: posts small blind $0.50
Oli3579: is sitting out 
poker_soul11: posts big blind $1
*** HOLE CARDS ***
BoyLoc0: folds 
Uncalled bet ($0.50) returned to poker_soul11
martinobabe joins the table at seat #5 
Poker9803 joins the table at seat #1 
martinobabe is disconnected 
poker_soul11 collected $1 from pot
poker_soul11: doesn't show hand 
VahTang_89 joins the table at seat #3 
*** SUMMARY ***
Total pot $1 | Rake $0 
Seat 4: Oli3579
Seat 2: BoyLoc0 (button) (small blind) folded before Flop
Seat 6: poker_soul11 (big blind) collected ($1)



PokerStars Hand #254560448324:  Hold'em No Limit ($0.50/$1.00 USD) - 2025/01/26 12:47:53 WET [2025/01/26 7:47:53 ET]
Table 'Memoria IV' 6-max Seat #6 is the button
Seat 1: Poker9803 ($100 in chips) is sitting out
Seat 4: Oli3579 ($101 in chips) is sitting out
Seat 5: martinobabe ($40 in chips) is sitting out
Seat 2: BoyLoc0 ($106.27 in chips) 
Seat 3: VahTang_89 ($100 in chips) 
Seat 6: poker_soul11 ($101.75 in chips) 
BoyLoc0: posts small blind $0.50
VahTang_89: posts big blind $1
Oli3579: sits out 
martinobabe: sits out 
*** HOLE CARDS ***
poker_soul11: folds 
BoyLoc0: raises $2 to $3
VahTang_89: calls $2
*** FLOP *** [6c Qd Ac]
BoyLoc0: checks 
VahTang_89: bets $1
BoyLoc0: calls $1
*** TURN *** [6c Qd Ac] [Td]
BoyLoc0: checks 
VahTang_89: bets $5.70
BoyLoc0: raises $14.25 to $19.95
VahTang_89: folds 
Uncalled bet ($14.25) returned to BoyLoc0
BoyLoc0 collected $18.43 from pot
BoyLoc0: doesn't show hand 
*** SUMMARY ***
Total pot $19.40 | Rake $0.97 
Board [6c Qd Ac Td]
Seat 1: Poker9803
Seat 4: Oli3579
Seat 5: martinobabe
Seat 2: BoyLoc0 (small blind) collected ($18.43)
Seat 3: VahTang_89 (big blind) folded on the Turn
Seat 6: poker_soul11 (button) folded before Flop (didn't bet)



PokerStars Hand #254560458785:  Hold'em No Limit ($0.50/$1.00 USD) - 2025/01/26 12:48:56 WET [2025/01/26 7:48:56 ET]
Table 'Memoria IV' 6-max Seat #2 is the button
Seat 1: Poker9803 ($100 in chips) is sitting out
Seat 2: BoyLoc0 ($115 in chips) 
Seat 3: VahTang_89 ($100 in chips) 
Seat 4: Oli3579 ($101 in chips) 
Seat 5: martinobabe ($40 in chips) 
Seat 6: poker_soul11 ($101.75 in chips) 
VahTang_89: posts small blind $0.50
Oli3579: posts big blind $1
martinobabe: posts big blind $1
Poker9803: sits out 
*** HOLE CARDS ***
martinobabe: checks 
poker_soul11: folds 
BoyLoc0: folds 
VahTang_89: raises $3 to $4
Oli3579: folds 
martinobabe: calls $3
*** FLOP *** [3h 2c 6d]
VahTang_89: checks 
martinobabe: checks 
*** TURN *** [3h 2c 6d] [2h]
VahTang_89: checks 
martinobabe: checks 
*** RIVER *** [3h 2c 6d 2h] [5s]
VahTang_89: checks 
martinobabe: bets $4.28
VahTang_89: calls $4.28
*** SHOW DOWN ***
martinobabe: shows [Jd 8s] (a pair of Deuces)
VahTang_89: shows [Ah Kd] (a pair of Deuces - Ace kicker)
VahTang_89 collected $16.68 from pot
*** SUMMARY ***
Total pot $17.56 | Rake $0.88 
Board [3h 2c 6d 2h 5s]
Seat 1: Poker9803
Seat 2: BoyLoc0 (button) folded before Flop (didn't bet)
Seat 3: VahTang_89 (small blind) showed [Ah Kd] and won ($16.68) with a pair of Deuces
Seat 4: Oli3579 (big blind) folded before Flop
Seat 5: martinobabe showed [Jd 8s] and lost with a pair of Deuces
Seat 6: poker_soul11 folded before Flop (didn't bet)



PokerStars Hand #254560464632:  Hold'em No Limit ($0.50/$1.00 USD) - 2025/01/26 12:49:31 WET [2025/01/26 7:49:31 ET]
Table 'Memoria IV' 6-max Seat #3 is the button
Seat 1: Poker9803 ($100 in chips) is sitting out
Seat 2: BoyLoc0 ($115 in chips) 
Seat 3: VahTang_89 ($108.40 in chips) 
Seat 4: Oli3579 ($100 in chips) 
Seat 5: martinobabe ($31.72 in chips) 
Seat 6: poker_soul11 ($101.75 in chips) 
Oli3579: posts small blind $0.50
martinobabe: posts big blind $1
Poker9803: sits out 
*** HOLE CARDS ***
poker_soul11: folds 
BoyLoc0: folds 
VahTang_89: folds 
Oli3579: folds 
Uncalled bet ($0.50) returned to martinobabe
martinobabe collected $1 from pot
*** SUMMARY ***
Total pot $1 | Rake $0 
Seat 1: Poker9803
Seat 2: BoyLoc0 folded before Flop (didn't bet)
Seat 3: VahTang_89 (button) folded before Flop (didn't bet)
Seat 4: Oli3579 (small blind) folded before Flop
Seat 5: martinobabe (big blind) collected ($1)
Seat 6: poker_soul11 folded before Flop (didn't bet)



PokerStars Hand #254560466617:  Hold'em No Limit ($0.50/$1.00 USD) - 2025/01/26 12:49:43 WET [2025/01/26 7:49:43 ET]
Table 'Memoria IV' 6-max Seat #4 is the button
Seat 1: Poker9803 ($100 in chips) is sitting out
Seat 2: BoyLoc0 ($115 in chips) 
Seat 3: VahTang_89 ($108.40 in chips) 
Seat 4: Oli3579 ($100 in chips) 
Seat 5: martinobabe ($32.22 in chips) 
Seat 6: poker_soul11 ($101.75 in chips) 
martinobabe: posts small blind $0.50
poker_soul11: posts big blind $1
Poker9803: sits out 
*** HOLE CARDS ***
BoyLoc0: folds 
VahTang_89: folds 
Oli3579: raises $1.25 to $2.25
martinobabe: folds 
poker_soul11: folds 
Uncalled bet ($1.25) returned to Oli3579
Oli3579 collected $2.50 from pot
Oli3579: doesn't show hand 
*** SUMMARY ***
Total pot $2.50 | Rake $0 
Seat 1: Poker9803
Seat 2: BoyLoc0 folded before Flop (didn't bet)
Seat 3: VahTang_89 folded before Flop (didn't bet)
Seat 4: Oli3579 (button) collected ($2.50)
Seat 5: martinobabe (small blind) folded before Flop
Seat 6: poker_soul11 (big blind) folded before Flop



PokerStars Hand #254560468731:  Hold'em No Limit ($0.50/$1.00 USD) - 2025/01/26 12:49:55 WET [2025/01/26 7:49:55 ET]
Table 'Memoria IV' 6-max Seat #5 is the button
Seat 1: Poker9803 ($100 in chips) 
Seat 2: BoyLoc0 ($115 in chips) 
Seat 3: VahTang_89 ($108.40 in chips) 
Seat 4: Oli3579 ($101.50 in chips) 
Seat 5: martinobabe ($47.66 in chips) 
Seat 6: poker_soul11 ($100.75 in chips) 
poker_soul11: posts small blind $0.50
Poker9803: posts big blind $1
*** HOLE CARDS ***
BoyLoc0: raises $1.50 to $2.50
VahTang_89: raises $5 to $7.50
Oli3579: folds 
martinobabe: folds 
poker_soul11: folds 
Poker9803: folds 
BoyLoc0: calls $5
*** FLOP *** [Kc 9h 5c]
BoyLoc0: checks 
VahTang_89: bets $5.17
BoyLoc0: calls $5.17
*** TURN *** [Kc 9h 5c] [Qs]
BoyLoc0: checks 
VahTang_89: bets $16.83
BoyLoc0: folds 
Uncalled bet ($16.83) returned to VahTang_89
VahTang_89 collected $25.50 from pot
VahTang_89: doesn't show hand 
*** SUMMARY ***
Total pot $26.84 | Rake $1.34 
Board [Kc 9h 5c Qs]
Seat 1: Poker9803 (big blind) folded before Flop
Seat 2: BoyLoc0 folded on the Turn
Seat 3: VahTang_89 collected ($25.50)
Seat 4: Oli3579 folded before Flop (didn't bet)
Seat 5: martinobabe (button) folded before Flop (didn't bet)
Seat 6: poker_soul11 (small blind) folded before Flop



PokerStars Hand #254560476948:  Hold'em No Limit ($0.50/$1.00 USD) - 2025/01/26 12:50:44 WET [2025/01/26 7:50:44 ET]
Table 'Memoria IV' 6-max Seat #6 is the button
Seat 1: Poker9803 ($100 in chips) 
Seat 2: BoyLoc0 ($102.33 in chips) 
Seat 3: VahTang_89 ($121.23 in chips) 
Seat 4: Oli3579 ($101.50 in chips) 
Seat 5: martinobabe ($47.66 in chips) 
Seat 6: poker_soul11 ($100.25 in chips) 
Poker9803: posts small blind $0.50
BoyLoc0: posts big blind $1
*** HOLE CARDS ***
VahTang_89: folds 
Oli3579: folds 
martinobabe: raises $2 to $3
poker_soul11: folds 
Poker9803: folds 
BoyLoc0: folds 
Uncalled bet ($2) returned to martinobabe
martinobabe collected $2.50 from pot
*** SUMMARY ***
Total pot $2.50 | Rake $0 
Seat 1: Poker9803 (small blind) folded before Flop
Seat 2: BoyLoc0 (big blind) folded before Flop
Seat 3: VahTang_89 folded before Flop (didn't bet)
Seat 4: Oli3579 folded before Flop (didn't bet)
Seat 5: martinobabe collected ($2.50)
Seat 6: poker_soul11 (button) folded before Flop (didn't bet)



PokerStars Hand #254560480105:  Hold'em No Limit ($0.50/$1.00 USD) - 2025/01/26 12:51:02 WET [2025/01/26 7:51:02 ET]
Table 'Memoria IV' 6-max Seat #1 is the button
Seat 1: Poker9803 ($100 in chips) 
Seat 2: BoyLoc0 ($101.33 in chips) 
Seat 3: VahTang_89 ($121.23 in chips) 
Seat 4: Oli3579 ($101.50 in chips) 
Seat 5: martinobabe ($49.16 in chips) 
Seat 6: poker_soul11 ($100.25 in chips) 
BoyLoc0: posts small blind $0.50
VahTang_89: posts big blind $1
*** HOLE CARDS ***
Oli3579: folds 
martinobabe: raises $1 to $2
poker_soul11: folds 
Poker9803: folds 
BoyLoc0: folds 
VahTang_89: calls $1
*** FLOP *** [8d 9s Js]
VahTang_89: checks 
martinobabe: bets $2.14
VahTang_89: calls $2.14
*** TURN *** [8d 9s Js] [3d]
VahTang_89: checks 
martinobabe: checks 
*** RIVER *** [8d 9s Js 3d] [Qc]
VahTang_89: checks 
martinobabe: checks 
*** SHOW DOWN ***
VahTang_89: shows [Jh Kc] (a pair of Jacks)
martinobabe: mucks hand 
VahTang_89 collected $8.34 from pot
*** SUMMARY ***
Total pot $8.78 | Rake $0.44 
Board [8d 9s Js 3d Qc]
Seat 1: Poker9803 (button) folded before Flop (didn't bet)
Seat 2: BoyLoc0 (small blind) folded before Flop
Seat 3: VahTang_89 (big blind) showed [Jh Kc] and won ($8.34) with a pair of Jacks
Seat 4: Oli3579 folded before Flop (didn't bet)
Seat 5: martinobabe mucked
Seat 6: poker_soul11 folded before Flop (didn't bet)



PokerStars Hand #254560485288:  Hold'em No Limit ($0.50/$1.00 USD) - 2025/01/26 12:51:33 WET [2025/01/26 7:51:33 ET]
Table 'Memoria IV' 6-max Seat #2 is the button
Seat 1: Poker9803 ($100 in chips) 
Seat 2: BoyLoc0 ($100.83 in chips) 
Seat 3: VahTang_89 ($125.43 in chips) 
Seat 4: Oli3579 ($101.50 in chips) 
Seat 5: martinobabe ($45.02 in chips) 
Seat 6: poker_soul11 ($100.25 in chips) 
VahTang_89: posts small blind $0.50
Oli3579: posts big blind $1
*** HOLE CARDS ***
martinobabe: calls $1
poker_soul11: raises $1.20 to $2.20
Poker9803: folds 
BoyLoc0: folds 
VahTang_89: folds 
Oli3579: folds 
martinobabe: calls $1.20
*** FLOP *** [4h Qh 2h]
martinobabe: checks 
poker_soul11: bets $1.40
martinobabe: raises $1.40 to $2.80
poker_soul11: calls $1.40
*** TURN *** [4h Qh 2h] [5d]
martinobabe: bets $6.46
poker_soul11: calls $6.46
*** RIVER *** [4h Qh 2h 5d] [Ks]
martinobabe: bets $14
poker_soul11: folds 
Uncalled bet ($14) returned to martinobabe
martinobabe collected $23.20 from pot
*** SUMMARY ***
Total pot $24.42 | Rake $1.22 
Board [4h Qh 2h 5d Ks]
Seat 1: Poker9803 folded before Flop (didn't bet)
Seat 2: BoyLoc0 (button) folded before Flop (didn't bet)
Seat 3: VahTang_89 (small blind) folded before Flop
Seat 4: Oli3579 (big blind) folded before Flop
Seat 5: martinobabe collected ($23.20)
Seat 6: poker_soul11 folded on the River



PokerStars Hand #254560495076:  Hold'em No Limit ($0.50/$1.00 USD) - 2025/01/26 12:52:31 WET [2025/01/26 7:52:31 ET]
Table 'Memoria IV' 6-max Seat #3 is the button
Seat 1: Poker9803 ($100 in chips) 
Seat 2: BoyLoc0 ($100.83 in chips) 
Seat 3: VahTang_89 ($124.93 in chips) 
Seat 4: Oli3579 ($100.50 in chips) 
Seat 5: martinobabe ($56.76 in chips) 
Seat 6: poker_soul11 ($100 in chips) 
Oli3579: posts small blind $0.50
martinobabe: posts big blind $1
*** HOLE CARDS ***
poker_soul11: raises $1.20 to $2.20
Poker9803: folds 
BoyLoc0: folds 
VahTang_89: folds 
Oli3579: raises $8.80 to $11
martinobabe: folds 
poker_soul11: folds 
Uncalled bet ($8.80) returned to Oli3579
Oli3579 collected $5.40 from pot
Oli3579: doesn't show hand 
*** SUMMARY ***
Total pot $5.40 | Rake $0 
Seat 1: Poker9803 folded before Flop (didn't bet)
Seat 2: BoyLoc0 folded before Flop (didn't bet)
Seat 3: VahTang_89 (button) folded before Flop (didn't bet)
Seat 4: Oli3579 (small blind) collected ($5.40)
Seat 5: martinobabe (big blind) folded before Flop
Seat 6: poker_soul11 folded before Flop



PokerStars Hand #254560498159:  Hold'em No Limit ($0.50/$1.00 USD) - 2025/01/26 12:52:49 WET [2025/01/26 7:52:49 ET]
Table 'Memoria IV' 6-max Seat #4 is the button
Seat 1: Poker9803 ($100 in chips) 
Seat 2: BoyLoc0 ($100.83 in chips) 
Seat 3: VahTang_89 ($124.93 in chips) 
Seat 4: Oli3579 ($103.70 in chips) 
Seat 5: martinobabe ($55.76 in chips) 
Seat 6: poker_soul11 ($100 in chips) 
martinobabe: posts small blind $0.50
poker_soul11: posts big blind $1
*** HOLE CARDS ***
Poker9803: folds 
BoyLoc0: raises $1.50 to $2.50
VahTang_89: folds 
Oli3579: folds 
martinobabe: folds 
poker_soul11: folds 
Uncalled bet ($1.50) returned to BoyLoc0
BoyLoc0 collected $2.50 from pot
BoyLoc0: doesn't show hand 
*** SUMMARY ***
Total pot $2.50 | Rake $0 
Seat 1: Poker9803 folded before Flop (didn't bet)
Seat 2: BoyLoc0 collected ($2.50)
Seat 3: VahTang_89 folded before Flop (didn't bet)
Seat 4: Oli3579 (button) folded before Flop (didn't bet)
Seat 5: martinobabe (small blind) folded before Flop
Seat 6: poker_soul11 (big blind) folded before Flop



PokerStars Hand #254560500216:  Hold'em No Limit ($0.50/$1.00 USD) - 2025/01/26 12:53:02 WET [2025/01/26 7:53:02 ET]
Table 'Memoria IV' 6-max Seat #5 is the button
Seat 1: Poker9803 ($100 in chips) is sitting out
Seat 2: BoyLoc0 ($102.33 in chips) 
Seat 3: VahTang_89 ($124.93 in chips) 
Seat 4: Oli3579 ($103.70 in chips) 
Seat 5: martinobabe ($55.26 in chips) 
Seat 6: poker_soul11 ($100 in chips) 
poker_soul11: posts small blind $0.50
Poker9803: is sitting out 
BoyLoc0: posts big blind $1
*** HOLE CARDS ***
VahTang_89: folds 
Oli3579: folds 
martinobabe: raises $2 to $3
poker_soul11: folds 
BoyLoc0: folds 
Uncalled bet ($2) returned to martinobabe
martinobabe collected $2.50 from pot
*** SUMMARY ***
Total pot $2.50 | Rake $0 
Seat 1: Poker9803
Seat 2: BoyLoc0 (big blind) folded before Flop
Seat 3: VahTang_89 folded before Flop (didn't bet)
Seat 4: Oli3579 folded before Flop (didn't bet)
Seat 5: martinobabe (button) collected ($2.50)
Seat 6: poker_soul11 (small blind) folded before Flop



PokerStars Hand #254560503990:  Hold'em No Limit ($0.50/$1.00 USD) - 2025/01/26 12:53:24 WET [2025/01/26 7:53:24 ET]
Table 'Memoria IV' 6-max Seat #6 is the button
Seat 1: Poker9803 ($100 in chips) is sitting out
Seat 2: BoyLoc0 ($101.33 in chips) 
Seat 3: VahTang_89 ($124.93 in chips) 
Seat 4: Oli3579 ($103.70 in chips) 
Seat 5: martinobabe ($56.76 in chips) 
Seat 6: poker_soul11 ($100 in chips) 
BoyLoc0: posts small blind $0.50
VahTang_89: posts big blind $1
*** HOLE CARDS ***
Oli3579: folds 
martinobabe: calls $1
poker_soul11: raises $2 to $3
BoyLoc0: folds 
VahTang_89: raises $10 to $13
martinobabe: folds 
poker_soul11: folds 
Uncalled bet ($10) returned to VahTang_89
VahTang_89 collected $7.50 from pot
VahTang_89: doesn't show hand 
*** SUMMARY ***
Total pot $7.50 | Rake $0 
Seat 1: Poker9803
Seat 2: BoyLoc0 (small blind) folded before Flop
Seat 3: VahTang_89 (big blind) collected ($7.50)
Seat 4: Oli3579 folded before Flop (didn't bet)
Seat 5: martinobabe folded before Flop
Seat 6: poker_soul11 (button) folded before Flop



PokerStars Hand #254560509902:  Hold'em No Limit ($0.50/$1.00 USD) - 2025/01/26 12:53:59 WET [2025/01/26 7:53:59 ET]
Table 'Memoria IV' 6-max Seat #2 is the button
Seat 1: Poker9803 ($100 in chips) is sitting out
Seat 2: BoyLoc0 ($100.83 in chips) 
Seat 3: VahTang_89 ($129.43 in chips) 
Seat 4: Oli3579 ($103.70 in chips) 
Seat 5: martinobabe ($55.76 in chips) 
Seat 6: poker_soul11 ($100 in chips) 
VahTang_89: posts small blind $0.50
Oli3579: posts big blind $1
*** HOLE CARDS ***
martinobabe: folds 
poker_soul11: folds 
BoyLoc0: folds 
VahTang_89: raises $2 to $3
Oli3579: raises $6.50 to $9.50
VahTang_89: calls $6.50
*** FLOP *** [Ah 8h 2c]
VahTang_89: checks 
Oli3579: bets $5.96
VahTang_89: calls $5.96
*** TURN *** [Ah 8h 2c] [8c]
VahTang_89: checks 
Oli3579: bets $22.03
VahTang_89: raises $91.94 to $113.97 and is all-in
Oli3579: folds 
Uncalled bet ($91.94) returned to VahTang_89
VahTang_89 collected $72.48 from pot
VahTang_89: doesn't show hand 
*** SUMMARY ***
Total pot $74.98 | Rake $2.50 
Board [Ah 8h 2c 8c]
Seat 1: Poker9803
Seat 2: BoyLoc0 (button) folded before Flop (didn't bet)
Seat 3: VahTang_89 (small blind) collected ($72.48)
Seat 4: Oli3579 (big blind) folded on the Turn
Seat 5: martinobabe folded before Flop (didn't bet)
Seat 6: poker_soul11 folded before Flop (didn't bet)



PokerStars Hand #254560520299:  Hold'em No Limit ($0.50/$1.00 USD) - 2025/01/26 12:55:01 WET [2025/01/26 7:55:01 ET]
Table 'Memoria IV' 6-max Seat #3 is the button
Seat 1: Poker9803 ($100 in chips) is sitting out
Seat 2: BoyLoc0 ($100.83 in chips) 
Seat 3: VahTang_89 ($164.42 in chips) 
Seat 4: Oli3579 ($100 in chips) 
Seat 5: martinobabe ($55.76 in chips) 
Seat 6: poker_soul11 ($100 in chips) 
Oli3579: posts small blind $0.50
martinobabe: posts big blind $1
*** HOLE CARDS ***
poker_soul11: folds 
BoyLoc0: folds 
VahTang_89: folds 
Oli3579: folds 
Uncalled bet ($0.50) returned to martinobabe
martinobabe collected $1 from pot
*** SUMMARY ***
Total pot $1 | Rake $0 
Seat 1: Poker9803
Seat 2: BoyLoc0 folded before Flop (didn't bet)
Seat 3: VahTang_89 (button) folded before Flop (didn't bet)
Seat 4: Oli3579 (small blind) folded before Flop
Seat 5: martinobabe (big blind) collected ($1)
Seat 6: poker_soul11 folded before Flop (didn't bet)



PokerStars Hand #254560521548:  Hold'em No Limit ($0.50/$1.00 USD) - 2025/01/26 12:55:09 WET [2025/01/26 7:55:09 ET]
Table 'Memoria IV' 6-max Seat #4 is the button
Seat 1: Poker9803 ($100 in chips) is sitting out
Seat 2: BoyLoc0 ($100.83 in chips) 
Seat 3: VahTang_89 ($164.42 in chips) 
Seat 4: Oli3579 ($100 in chips) 
Seat 5: martinobabe ($56.26 in chips) 
Seat 6: poker_soul11 ($100 in chips) 
martinobabe: posts small blind $0.50
poker_soul11: posts big blind $1
*** HOLE CARDS ***
BoyLoc0: folds 
VahTang_89: raises $1.20 to $2.20
Oli3579: folds 
martinobabe: folds 
poker_soul11: folds 
Uncalled bet ($1.20) returned to VahTang_89
VahTang_89 collected $2.50 from pot
VahTang_89: doesn't show hand 
*** SUMMARY ***
Total pot $2.50 | Rake $0 
Seat 1: Poker9803
Seat 2: BoyLoc0 folded before Flop (didn't bet)
Seat 3: VahTang_89 collected ($2.50)
Seat 4: Oli3579 (button) folded before Flop (didn't bet)
Seat 5: martinobabe (small blind) folded before Flop
Seat 6: poker_soul11 (big blind) folded before Flop



PokerStars Hand #254560523025:  Hold'em No Limit ($0.50/$1.00 USD) - 2025/01/26 12:55:19 WET [2025/01/26 7:55:19 ET]
Table 'Memoria IV' 6-max Seat #5 is the button
Seat 1: Poker9803 ($100 in chips) is sitting out
Seat 2: BoyLoc0 ($100.83 in chips) 
Seat 3: VahTang_89 ($165.92 in chips) 
Seat 4: Oli3579 ($100 in chips) 
Seat 5: martinobabe ($55.76 in chips) 
Seat 6: poker_soul11 ($100 in chips) 
poker_soul11: posts small blind $0.50
BoyLoc0: posts big blind $1
*** HOLE CARDS ***
VahTang_89: folds 
Oli3579: folds 
martinobabe: folds 
poker_soul11: folds 
Uncalled bet ($0.50) returned to BoyLoc0
BoyLoc0 collected $1 from pot
BoyLoc0: doesn't show hand 
*** SUMMARY ***
Total pot $1 | Rake $0 
Seat 1: Poker9803
Seat 2: BoyLoc0 (big blind) collected ($1)
Seat 3: VahTang_89 folded before Flop (didn't bet)
Seat 4: Oli3579 folded before Flop (didn't bet)
Seat 5: martinobabe (button) folded before Flop (didn't bet)
Seat 6: poker_soul11 (small blind) folded before Flop



PokerStars Hand #254560523917:  Hold'em No Limit ($0.50/$1.00 USD) - 2025/01/26 12:55:26 WET [2025/01/26 7:55:26 ET]
Table 'Memoria IV' 6-max Seat #6 is the button
Seat 1: Poker9803 ($100 in chips) is sitting out
Seat 2: BoyLoc0 ($101.33 in chips) 
Seat 3: VahTang_89 ($165.92 in chips) 
Seat 4: Oli3579 ($100 in chips) 
Seat 5: martinobabe ($55.76 in chips) 
Seat 6: poker_soul11 ($100 in chips) 
BoyLoc0: posts small blind $0.50
VahTang_89: posts big blind $1
*** HOLE CARDS ***
Oli3579: folds 
martinobabe: raises $2 to $3
poker_soul11: folds 
BoyLoc0: folds 
VahTang_89: folds 
Uncalled bet ($2) returned to martinobabe
martinobabe collected $2.50 from pot
*** SUMMARY ***
Total pot $2.50 | Rake $0 
Seat 1: Poker9803
Seat 2: BoyLoc0 (small blind) folded before Flop
Seat 3: VahTang_89 (big blind) folded before Flop
Seat 4: Oli3579 folded before Flop (didn't bet)
Seat 5: martinobabe collected ($2.50)
Seat 6: poker_soul11 (button) folded before Flop (didn't bet)



PokerStars Hand #254560525098:  Hold'em No Limit ($0.50/$1.00 USD) - 2025/01/26 12:55:36 WET [2025/01/26 7:55:36 ET]
Table 'Memoria IV' 6-max Seat #2 is the button
Seat 1: Poker9803 ($100 in chips) is sitting out
Seat 2: BoyLoc0 ($100.83 in chips) 
Seat 3: VahTang_89 ($164.92 in chips) 
Seat 4: Oli3579 ($100 in chips) 
Seat 5: martinobabe ($57.26 in chips) 
Seat 6: poker_soul11 ($100 in chips) 
VahTang_89: posts small blind $0.50
Oli3579: posts big blind $1
*** HOLE CARDS ***
martinobabe: folds 
poker_soul11: folds 
BoyLoc0: raises $1.50 to $2.50
VahTang_89: folds 
Oli3579: folds 
Uncalled bet ($1.50) returned to BoyLoc0
BoyLoc0 collected $2.50 from pot
BoyLoc0: doesn't show hand 
*** SUMMARY ***
Total pot $2.50 | Rake $0 
Seat 1: Poker9803
Seat 2: BoyLoc0 (button) collected ($2.50)
Seat 3: VahTang_89 (small blind) folded before Flop
Seat 4: Oli3579 (big blind) folded before Flop
Seat 5: martinobabe folded before Flop (didn't bet)
Seat 6: poker_soul11 folded before Flop (didn't bet)



PokerStars Hand #254560526773:  Hold'em No Limit ($0.50/$1.00 USD) - 2025/01/26 12:55:49 WET [2025/01/26 7:55:49 ET]
Table 'Memoria IV' 6-max Seat #3 is the button
Seat 1: Poker9803 ($100 in chips) is sitting out
Seat 2: BoyLoc0 ($102.33 in chips) 
Seat 3: VahTang_89 ($164.42 in chips) 
Seat 4: Oli3579 ($100 in chips) 
Seat 5: martinobabe ($57.26 in chips) 
Seat 6: poker_soul11 ($100 in chips) 
Oli3579: posts small blind $0.50
martinobabe: posts big blind $1
*** HOLE CARDS ***
poker_soul11: folds 
BoyLoc0: folds 
VahTang_89: folds 
Oli3579: folds 
Uncalled bet ($0.50) returned to martinobabe
martinobabe collected $1 from pot
*** SUMMARY ***
Total pot $1 | Rake $0 
Seat 1: Poker9803
Seat 2: BoyLoc0 folded before Flop (didn't bet)
Seat 3: VahTang_89 (button) folded before Flop (didn't bet)
Seat 4: Oli3579 (small blind) folded before Flop
Seat 5: martinobabe (big blind) collected ($1)
Seat 6: poker_soul11 folded before Flop (didn't bet)



PokerStars Hand #254560529078:  Hold'em No Limit ($0.50/$1.00 USD) - 2025/01/26 12:56:07 WET [2025/01/26 7:56:07 ET]
Table 'Memoria IV' 6-max Seat #4 is the button
Seat 1: Poker9803 ($100 in chips) is sitting out
Seat 2: BoyLoc0 ($102.33 in chips) 
Seat 3: VahTang_89 ($164.42 in chips) 
Seat 4: Oli3579 ($100 in chips) 
Seat 5: martinobabe ($57.76 in chips) 
Seat 6: poker_soul11 ($100 in chips) 
martinobabe: posts small blind $0.50
poker_soul11: posts big blind $1
*** HOLE CARDS ***
BoyLoc0: raises $1.50 to $2.50
VahTang_89: folds 
Oli3579: folds 
martinobabe: folds 
poker_soul11: folds 
Uncalled bet ($1.50) returned to BoyLoc0
BoyLoc0 collected $2.50 from pot
BoyLoc0: doesn't show hand 
*** SUMMARY ***
Total pot $2.50 | Rake $0 
Seat 1: Poker9803
Seat 2: BoyLoc0 collected ($2.50)
Seat 3: VahTang_89 folded before Flop (didn't bet)
Seat 4: Oli3579 (button) folded before Flop (didn't bet)
Seat 5: martinobabe (small blind) folded before Flop
Seat 6: poker_soul11 (big blind) folded before Flop



PokerStars Hand #254560531334:  Hold'em No Limit ($0.50/$1.00 USD) - 2025/01/26 12:56:24 WET [2025/01/26 7:56:24 ET]
Table 'Memoria IV' 6-max Seat #5 is the button
Seat 1: Poker9803 ($100 in chips) is sitting out
Seat 2: BoyLoc0 ($103.83 in chips) 
Seat 3: VahTang_89 ($164.42 in chips) 
Seat 4: Oli3579 ($100 in chips) 
Seat 5: martinobabe ($57.26 in chips) 
Seat 6: poker_soul11 ($100 in chips) 
poker_soul11: posts small blind $0.50
BoyLoc0: posts big blind $1
*** HOLE CARDS ***
VahTang_89: folds 
Oli3579: folds 
martinobabe: raises $2 to $3
poker_soul11: folds 
BoyLoc0: raises $9 to $12
martinobabe: calls $9
*** FLOP *** [5c Ts Ac]
BoyLoc0: bets $11.64
martinobabe: raises $11.64 to $23.28
BoyLoc0: raises $52.38 to $75.66
martinobabe: calls $21.98 and is all-in
Uncalled bet ($30.40) returned to BoyLoc0
*** TURN *** [5c Ts Ac] [5s]
*** RIVER *** [5c Ts Ac 5s] [4h]
*** SHOW DOWN ***
BoyLoc0: shows [Kh As] (two pair, Aces and Fives)
martinobabe: shows [Th Tc] (a full house, Tens full of Fives)
martinobabe cashed out the hand for $106.81 | Cash Out Fee $2.18
*** SUMMARY ***
Total pot $115.02 | Rake $2.50 
Board [5c Ts Ac 5s 4h]
Seat 1: Poker9803
Seat 2: BoyLoc0 (big blind) showed [Kh As] and lost with two pair, Aces and Fives
Seat 3: VahTang_89 folded before Flop (didn't bet)
Seat 4: Oli3579 folded before Flop (didn't bet)
Seat 5: martinobabe (button) showed [Th Tc] and won ($112.52) with a full house, Tens full of Fives (pot not awarded as player cashed out)
Seat 6: poker_soul11 (small blind) folded before Flop



PokerStars Hand #254560536944:  Hold'em No Limit ($0.50/$1.00 USD) - 2025/01/26 12:57:08 WET [2025/01/26 7:57:08 ET]
Table 'Memoria IV' 6-max Seat #6 is the button
Seat 1: Poker9803 ($100 in chips) is sitting out
Seat 2: BoyLoc0 ($100 in chips) 
Seat 3: VahTang_89 ($164.42 in chips) 
Seat 4: Oli3579 ($100 in chips) 
Seat 5: martinobabe ($106.81 in chips) 
Seat 6: poker_soul11 ($100 in chips) 
BoyLoc0: posts small blind $0.50
VahTang_89: posts big blind $1
*** HOLE CARDS ***
Oli3579: folds 
martinobabe: folds 
poker_soul11: folds 
BoyLoc0: folds 
Uncalled bet ($0.50) returned to VahTang_89
VahTang_89 collected $1 from pot
VahTang_89: doesn't show hand 
*** SUMMARY ***
Total pot $1 | Rake $0 
Seat 1: Poker9803
Seat 2: BoyLoc0 (small blind) folded before Flop
Seat 3: VahTang_89 (big blind) collected ($1)
Seat 4: Oli3579 folded before Flop (didn't bet)
Seat 5: martinobabe folded before Flop (didn't bet)
Seat 6: poker_soul11 (button) folded before Flop (didn't bet)



PokerStars Hand #254560538236:  Hold'em No Limit ($0.50/$1.00 USD) - 2025/01/26 12:57:18 WET [2025/01/26 7:57:18 ET]
Table 'Memoria IV' 6-max Seat #2 is the button
Seat 1: Poker9803 ($100 in chips) is sitting out
Seat 2: BoyLoc0 ($100 in chips) 
Seat 3: VahTang_89 ($164.92 in chips) 
Seat 4: Oli3579 ($100 in chips) 
Seat 5: martinobabe ($106.81 in chips) 
Seat 6: poker_soul11 ($100 in chips) 
VahTang_89: posts small blind $0.50
Oli3579: posts big blind $1
*** HOLE CARDS ***
martinobabe: folds 
poker_soul11: folds 
BoyLoc0: folds 
VahTang_89: raises $2 to $3
Oli3579: folds 
Uncalled bet ($2) returned to VahTang_89
VahTang_89 collected $2 from pot
VahTang_89: doesn't show hand 
*** SUMMARY ***
Total pot $2 | Rake $0 
Seat 1: Poker9803
Seat 2: BoyLoc0 (button) folded before Flop (didn't bet)
Seat 3: VahTang_89 (small blind) collected ($2)
Seat 4: Oli3579 (big blind) folded before Flop
Seat 5: martinobabe folded before Flop (didn't bet)
Seat 6: poker_soul11 folded before Flop (didn't bet)



PokerStars Hand #254560540366:  Hold'em No Limit ($0.50/$1.00 USD) - 2025/01/26 12:57:35 WET [2025/01/26 7:57:35 ET]
Table 'Memoria IV' 6-max Seat #3 is the button
Seat 1: Poker9803 ($100 in chips) is sitting out
Seat 2: BoyLoc0 ($100 in chips) 
Seat 3: VahTang_89 ($165.92 in chips) 
Seat 4: Oli3579 ($100 in chips) 
Seat 5: martinobabe ($106.81 in chips) 
Seat 6: poker_soul11 ($100 in chips) 
Oli3579: posts small blind $0.50
martinobabe: posts big blind $1
*** HOLE CARDS ***
poker_soul11: folds 
BoyLoc0: raises $1.50 to $2.50
VahTang_89: folds 
Oli3579: raises $8.50 to $11
martinobabe: folds 
BoyLoc0: calls $8.50
*** FLOP *** [As 9h 7d]
Oli3579: bets $5.46
BoyLoc0: folds 
Uncalled bet ($5.46) returned to Oli3579
Oli3579 collected $21.85 from pot
Oli3579: doesn't show hand 
*** SUMMARY ***
Total pot $23 | Rake $1.15 
Board [As 9h 7d]
Seat 1: Poker9803
Seat 2: BoyLoc0 folded on the Flop
Seat 3: VahTang_89 (button) folded before Flop (didn't bet)
Seat 4: Oli3579 (small blind) collected ($21.85)
Seat 5: martinobabe (big blind) folded before Flop
Seat 6: poker_soul11 folded before Flop (didn't bet)



PokerStars Hand #254560544411:  Hold'em No Limit ($0.50/$1.00 USD) - 2025/01/26 12:58:06 WET [2025/01/26 7:58:06 ET]
Table 'Memoria IV' 6-max Seat #4 is the button
Seat 1: Poker9803 ($100 in chips) is sitting out
Seat 2: BoyLoc0 ($100 in chips) 
Seat 3: VahTang_89 ($165.92 in chips) 
Seat 4: Oli3579 ($110.85 in chips) 
Seat 5: martinobabe ($105.81 in chips) 
Seat 6: poker_soul11 ($100 in chips) 
martinobabe: posts small blind $0.50
poker_soul11: posts big blind $1
*** HOLE CARDS ***
BoyLoc0: raises $1.50 to $2.50
VahTang_89: folds 
Oli3579: folds 
martinobabe: folds 
poker_soul11: folds 
Uncalled bet ($1.50) returned to BoyLoc0
BoyLoc0 collected $2.50 from pot
BoyLoc0: doesn't show hand 
*** SUMMARY ***
Total pot $2.50 | Rake $0 
Seat 1: Poker9803
Seat 2: BoyLoc0 collected ($2.50)
Seat 3: VahTang_89 folded before Flop (didn't bet)
Seat 4: Oli3579 (button) folded before Flop (didn't bet)
Seat 5: martinobabe (small blind) folded before Flop
Seat 6: poker_soul11 (big blind) folded before Flop



PokerStars Hand #254560545687:  Hold'em No Limit ($0.50/$1.00 USD) - 2025/01/26 12:58:16 WET [2025/01/26 7:58:16 ET]
Table 'Memoria IV' 6-max Seat #5 is the button
Seat 1: Poker9803 ($100 in chips) is sitting out
Seat 2: BoyLoc0 ($101.50 in chips) 
Seat 3: VahTang_89 ($165.92 in chips) 
Seat 4: Oli3579 ($110.85 in chips) 
Seat 5: martinobabe ($105.31 in chips) 
Seat 6: poker_soul11 ($100 in chips) 
poker_soul11: posts small blind $0.50
BoyLoc0: posts big blind $1
*** HOLE CARDS ***
VahTang_89: folds 
Oli3579: folds 
martinobabe: folds 
poker_soul11: folds 
Uncalled bet ($0.50) returned to BoyLoc0
BoyLoc0 collected $1 from pot
Poker9803 leaves the table
BoyLoc0: doesn't show hand 
*** SUMMARY ***
Total pot $1 | Rake $0 
Seat 1: Poker9803
Seat 2: BoyLoc0 (big blind) collected ($1)
Seat 3: VahTang_89 folded before Flop (didn't bet)
Seat 4: Oli3579 folded before Flop (didn't bet)
Seat 5: martinobabe (button) folded before Flop (didn't bet)
Seat 6: poker_soul11 (small blind) folded before Flop



PokerStars Hand #254560546962:  Hold'em No Limit ($0.50/$1.00 USD) - 2025/01/26 12:58:26 WET [2025/01/26 7:58:26 ET]
Table 'Memoria IV' 6-max Seat #6 is the button
Seat 2: BoyLoc0 ($102 in chips) 
Seat 3: VahTang_89 ($165.92 in chips) 
Seat 4: Oli3579 ($110.85 in chips) 
Seat 5: martinobabe ($105.31 in chips) 
Seat 6: poker_soul11 ($100 in chips) 
BoyLoc0: posts small blind $0.50
VahTang_89: posts big blind $1
*** HOLE CARDS ***
Oli3579: folds 
martinobabe: folds 
ARCTlCkiss joins the table at seat #1 
poker_soul11: folds 
BoyLoc0: folds 
Uncalled bet ($0.50) returned to VahTang_89
VahTang_89 collected $1 from pot
VahTang_89: doesn't show hand 
*** SUMMARY ***
Total pot $1 | Rake $0 
Seat 2: BoyLoc0 (small blind) folded before Flop
Seat 3: VahTang_89 (big blind) collected ($1)
Seat 4: Oli3579 folded before Flop (didn't bet)
Seat 5: martinobabe folded before Flop (didn't bet)
Seat 6: poker_soul11 (button) folded before Flop (didn't bet)



PokerStars Hand #254560548939:  Hold'em No Limit ($0.50/$1.00 USD) - 2025/01/26 12:58:41 WET [2025/01/26 7:58:41 ET]
Table 'Memoria IV' 6-max Seat #2 is the button
Seat 1: ARCTlCkiss ($100 in chips) is sitting out
Seat 2: BoyLoc0 ($101.50 in chips) 
Seat 3: VahTang_89 ($166.42 in chips) 
Seat 4: Oli3579 ($110.85 in chips) 
Seat 5: martinobabe ($105.31 in chips) 
Seat 6: poker_soul11 ($100 in chips) 
VahTang_89: posts small blind $0.50
Oli3579: posts big blind $1
ARCTlCkiss: sits out 
*** HOLE CARDS ***
martinobabe: raises $1 to $2
poker_soul11: calls $2
BoyLoc0: folds 
VahTang_89: folds 
Oli3579: calls $1
*** FLOP *** [4s 5d Ac]
Oli3579: checks 
martinobabe: bets $3
poker_soul11: calls $3
Oli3579: folds 
*** TURN *** [4s 5d Ac] [Qh]
martinobabe: checks 
poker_soul11: checks 
*** RIVER *** [4s 5d Ac Qh] [Ks]
martinobabe: checks 
poker_soul11: checks 
*** SHOW DOWN ***
martinobabe: shows [8h 9d] (high card Ace)
poker_soul11: shows [7d 7c] (a pair of Sevens)
poker_soul11 collected $11.88 from pot
*** SUMMARY ***
Total pot $12.50 | Rake $0.62 
Board [4s 5d Ac Qh Ks]
Seat 1: ARCTlCkiss
Seat 2: BoyLoc0 (button) folded before Flop (didn't bet)
Seat 3: VahTang_89 (small blind) folded before Flop
Seat 4: Oli3579 (big blind) folded on the Flop
Seat 5: martinobabe showed [8h 9d] and lost with high card Ace
Seat 6: poker_soul11 showed [7d 7c] and won ($11.88) with a pair of Sevens



PokerStars Hand #254560555201:  Hold'em No Limit ($0.50/$1.00 USD) - 2025/01/26 12:59:30 WET [2025/01/26 7:59:30 ET]
Table 'Memoria IV' 6-max Seat #3 is the button
Seat 1: ARCTlCkiss ($100 in chips) is sitting out
Seat 2: BoyLoc0 ($101.50 in chips) 
Seat 3: VahTang_89 ($165.92 in chips) 
Seat 4: Oli3579 ($108.85 in chips) 
Seat 5: martinobabe ($100.31 in chips) 
Seat 6: poker_soul11 ($106.88 in chips) 
Oli3579: posts small blind $0.50
martinobabe: posts big blind $1
ARCTlCkiss: sits out 
*** HOLE CARDS ***
poker_soul11: folds 
BoyLoc0: raises $1.50 to $2.50
VahTang_89: folds 
Oli3579: folds 
martinobabe: calls $1.50
*** FLOP *** [5s 8h Qc]
martinobabe: checks 
BoyLoc0: bets $1.72
martinobabe: calls $1.72
*** TURN *** [5s 8h Qc] [7h]
martinobabe: bets $2
BoyLoc0: folds 
Uncalled bet ($2) returned to martinobabe
martinobabe collected $8.49 from pot
*** SUMMARY ***
Total pot $8.94 | Rake $0.45 
Board [5s 8h Qc 7h]
Seat 1: ARCTlCkiss
Seat 2: BoyLoc0 folded on the Turn
Seat 3: VahTang_89 (button) folded before Flop (didn't bet)
Seat 4: Oli3579 (small blind) folded before Flop
Seat 5: martinobabe (big blind) collected ($8.49)
Seat 6: poker_soul11 folded before Flop (didn't bet)



PokerStars Hand #254560559858:  Hold'em No Limit ($0.50/$1.00 USD) - 2025/01/26 13:00:05 WET [2025/01/26 8:00:05 ET]
Table 'Memoria IV' 6-max Seat #4 is the button
Seat 1: ARCTlCkiss ($100 in chips) is sitting out
Seat 2: BoyLoc0 ($100 in chips) 
Seat 3: VahTang_89 ($165.92 in chips) 
Seat 4: Oli3579 ($108.35 in chips) 
Seat 5: martinobabe ($104.58 in chips) 
Seat 6: poker_soul11 ($106.88 in chips) 
martinobabe: posts small blind $0.50
poker_soul11: posts big blind $1
ARCTlCkiss: sits out 
*** HOLE CARDS ***
BoyLoc0: folds 
VahTang_89: raises $1.20 to $2.20
Oli3579: folds 
martinobabe: folds 
poker_soul11: calls $1.20
*** FLOP *** [3h 5c Th]
poker_soul11: checks 
VahTang_89: bets $3.08
poker_soul11: folds 
Uncalled bet ($3.08) returned to VahTang_89
VahTang_89 collected $4.66 from pot
VahTang_89: doesn't show hand 
*** SUMMARY ***
Total pot $4.90 | Rake $0.24 
Board [3h 5c Th]
Seat 1: ARCTlCkiss
Seat 2: BoyLoc0 folded before Flop (didn't bet)
Seat 3: VahTang_89 collected ($4.66)
Seat 4: Oli3579 (button) folded before Flop (didn't bet)
Seat 5: martinobabe (small blind) folded before Flop
Seat 6: poker_soul11 (big blind) folded on the Flop



PokerStars Hand #254560564283:  Hold'em No Limit ($0.50/$1.00 USD) - 2025/01/26 13:00:38 WET [2025/01/26 8:00:38 ET]
Table 'Memoria IV' 6-max Seat #5 is the button
Seat 1: ARCTlCkiss ($100 in chips) 
Seat 2: BoyLoc0 ($100 in chips) 
Seat 3: VahTang_89 ($168.38 in chips) 
Seat 4: Oli3579 ($108.35 in chips) 
Seat 5: martinobabe ($104.08 in chips) 
Seat 6: poker_soul11 ($104.68 in chips) 
poker_soul11: posts small blind $0.50
ARCTlCkiss: posts big blind $1
*** HOLE CARDS ***
BoyLoc0: folds 
VahTang_89: folds 
Oli3579: raises $1.25 to $2.25
martinobabe: calls $2.25
poker_soul11: folds 
ARCTlCkiss: raises $11.25 to $13.50
Oli3579: raises $13.50 to $27
martinobabe: folds 
ARCTlCkiss: folds 
Uncalled bet ($13.50) returned to Oli3579
Oli3579 collected $29.75 from pot
Oli3579: doesn't show hand 
*** SUMMARY ***
Total pot $29.75 | Rake $0 
Seat 1: ARCTlCkiss (big blind) folded before Flop
Seat 2: BoyLoc0 folded before Flop (didn't bet)
Seat 3: VahTang_89 folded before Flop (didn't bet)
Seat 4: Oli3579 collected ($29.75)
Seat 5: martinobabe (button) folded before Flop
Seat 6: poker_soul11 (small blind) folded before Flop



PokerStars Hand #254560574384:  Hold'em No Limit ($0.50/$1.00 USD) - 2025/01/26 13:01:43 WET [2025/01/26 8:01:43 ET]
Table 'Memoria IV' 6-max Seat #6 is the button
Seat 1: ARCTlCkiss ($100 in chips) 
Seat 2: BoyLoc0 ($100 in chips) 
Seat 3: VahTang_89 ($168.38 in chips) 
Seat 4: Oli3579 ($124.60 in chips) 
Seat 5: martinobabe ($101.83 in chips) 
Seat 6: poker_soul11 ($104.18 in chips) 
ARCTlCkiss: posts small blind $0.50
BoyLoc0: posts big blind $1
*** HOLE CARDS ***
VahTang_89: raises $1.20 to $2.20
Oli3579: folds 
martinobabe: folds 
poker_soul11: folds 
ARCTlCkiss: raises $8.80 to $11
BoyLoc0: folds 
VahTang_89: raises $13 to $24
ARCTlCkiss: raises $76 to $100 and is all-in
VahTang_89: folds 
Uncalled bet ($76) returned to ARCTlCkiss
ARCTlCkiss collected $49 from pot
ARCTlCkiss: doesn't show hand 
*** SUMMARY ***
Total pot $49 | Rake $0 
Seat 1: ARCTlCkiss (small blind) collected ($49)
Seat 2: BoyLoc0 (big blind) folded before Flop
Seat 3: VahTang_89 folded before Flop
Seat 4: Oli3579 folded before Flop (didn't bet)
Seat 5: martinobabe folded before Flop (didn't bet)
Seat 6: poker_soul11 (button) folded before Flop (didn't bet)



PokerStars Hand #254560580648:  Hold'em No Limit ($0.50/$1.00 USD) - 2025/01/26 13:02:19 WET [2025/01/26 8:02:19 ET]
Table 'Memoria IV' 6-max Seat #1 is the button
Seat 1: ARCTlCkiss ($125 in chips) 
Seat 2: BoyLoc0 ($100 in chips) 
Seat 3: VahTang_89 ($144.38 in chips) 
Seat 4: Oli3579 ($124.60 in chips) 
Seat 5: martinobabe ($101.83 in chips) 
Seat 6: poker_soul11 ($104.18 in chips) 
BoyLoc0: posts small blind $0.50
VahTang_89: posts big blind $1
*** HOLE CARDS ***
Oli3579: folds 
martinobabe: raises $2 to $3
poker_soul11: folds 
ARCTlCkiss: folds 
BoyLoc0: folds 
VahTang_89: folds 
Uncalled bet ($2) returned to martinobabe
martinobabe collected $2.50 from pot
*** SUMMARY ***
Total pot $2.50 | Rake $0 
Seat 1: ARCTlCkiss (button) folded before Flop (didn't bet)
Seat 2: BoyLoc0 (small blind) folded before Flop
Seat 3: VahTang_89 (big blind) folded before Flop
Seat 4: Oli3579 folded before Flop (didn't bet)
Seat 5: martinobabe collected ($2.50)
Seat 6: poker_soul11 folded before Flop (didn't bet)



PokerStars Hand #254560584165:  Hold'em No Limit ($0.50/$1.00 USD) - 2025/01/26 13:02:41 WET [2025/01/26 8:02:41 ET]
Table 'Memoria IV' 6-max Seat #2 is the button
Seat 1: ARCTlCkiss ($125 in chips) 
Seat 2: BoyLoc0 ($100 in chips) 
Seat 3: VahTang_89 ($143.38 in chips) 
Seat 4: Oli3579 ($124.60 in chips) 
Seat 5: martinobabe ($103.33 in chips) 
Seat 6: poker_soul11 ($104.18 in chips) 
VahTang_89: posts small blind $0.50
Oli3579: posts big blind $1
*** HOLE CARDS ***
martinobabe: folds 
poker_soul11: folds 
ARCTlCkiss: folds 
BoyLoc0: folds 
VahTang_89: raises $2 to $3
Oli3579: calls $2
*** FLOP *** [Jh 9h 3s]
VahTang_89: bets $4.27
Oli3579: calls $4.27
*** TURN *** [Jh 9h 3s] [6s]
VahTang_89: checks 
Oli3579: bets $18.40
VahTang_89: folds 
Uncalled bet ($18.40) returned to Oli3579
Oli3579 collected $13.81 from pot
Oli3579: doesn't show hand 
*** SUMMARY ***
Total pot $14.54 | Rake $0.73 
Board [Jh 9h 3s 6s]
Seat 1: ARCTlCkiss folded before Flop (didn't bet)
Seat 2: BoyLoc0 (button) folded before Flop (didn't bet)
Seat 3: VahTang_89 (small blind) folded on the Turn
Seat 4: Oli3579 (big blind) collected ($13.81)
Seat 5: martinobabe folded before Flop (didn't bet)
Seat 6: poker_soul11 folded before Flop (didn't bet)



PokerStars Hand #254560596021:  Hold'em No Limit ($0.50/$1.00 USD) - 2025/01/26 13:03:50 WET [2025/01/26 8:03:50 ET]
Table 'Memoria IV' 6-max Seat #3 is the button
Seat 1: ARCTlCkiss ($125 in chips) 
Seat 2: BoyLoc0 ($100 in chips) 
Seat 3: VahTang_89 ($136.11 in chips) 
Seat 4: Oli3579 ($131.14 in chips) 
Seat 5: martinobabe ($103.33 in chips) 
Seat 6: poker_soul11 ($104.18 in chips) 
Oli3579: posts small blind $0.50
martinobabe: posts big blind $1
*** HOLE CARDS ***
poker_soul11: raises $1.20 to $2.20
ARCTlCkiss: folds 
BoyLoc0: folds 
VahTang_89: folds 
Oli3579: folds 
martinobabe: calls $1.20
*** FLOP *** [2s Kh Kd]
martinobabe: checks 
poker_soul11: bets $1.54
martinobabe: calls $1.54
*** TURN *** [2s Kh Kd] [7h]
martinobabe: checks 
poker_soul11: checks 
*** RIVER *** [2s Kh Kd 7h] [4c]
martinobabe: checks 
poker_soul11: checks 
*** SHOW DOWN ***
martinobabe: shows [Th Jd] (a pair of Kings)
poker_soul11: shows [Ah Jc] (a pair of Kings - Ace kicker)
poker_soul11 collected $7.58 from pot
*** SUMMARY ***
Total pot $7.98 | Rake $0.40 
Board [2s Kh Kd 7h 4c]
Seat 1: ARCTlCkiss folded before Flop (didn't bet)
Seat 2: BoyLoc0 folded before Flop (didn't bet)
Seat 3: VahTang_89 (button) folded before Flop (didn't bet)
Seat 4: Oli3579 (small blind) folded before Flop
Seat 5: martinobabe (big blind) showed [Th Jd] and lost with a pair of Kings
Seat 6: poker_soul11 showed [Ah Jc] and won ($7.58) with a pair of Kings



PokerStars Hand #254560601086:  Hold'em No Limit ($0.50/$1.00 USD) - 2025/01/26 13:04:19 WET [2025/01/26 8:04:19 ET]
Table 'Memoria IV' 6-max Seat #4 is the button
Seat 1: ARCTlCkiss ($125 in chips) 
Seat 2: BoyLoc0 ($100 in chips) 
Seat 3: VahTang_89 ($136.11 in chips) 
Seat 4: Oli3579 ($130.64 in chips) 
Seat 5: martinobabe ($99.59 in chips) 
Seat 6: poker_soul11 ($108.02 in chips) 
martinobabe: posts small blind $0.50
poker_soul11: posts big blind $1
*** HOLE CARDS ***
ARCTlCkiss: folds 
BoyLoc0: folds 
VahTang_89: folds 
Oli3579: folds 
martinobabe: raises $1 to $2
poker_soul11: folds 
Uncalled bet ($1) returned to martinobabe
martinobabe collected $2 from pot
*** SUMMARY ***
Total pot $2 | Rake $0 
Seat 1: ARCTlCkiss folded before Flop (didn't bet)
Seat 2: BoyLoc0 folded before Flop (didn't bet)
Seat 3: VahTang_89 folded before Flop (didn't bet)
Seat 4: Oli3579 (button) folded before Flop (didn't bet)
Seat 5: martinobabe (small blind) collected ($2)
Seat 6: poker_soul11 (big blind) folded before Flop



PokerStars Hand #254560603792:  Hold'em No Limit ($0.50/$1.00 USD) - 2025/01/26 13:04:35 WET [2025/01/26 8:04:35 ET]
Table 'Memoria IV' 6-max Seat #5 is the button
Seat 1: ARCTlCkiss ($125 in chips) 
Seat 2: BoyLoc0 ($100 in chips) 
Seat 3: VahTang_89 ($136.11 in chips) 
Seat 4: Oli3579 ($130.64 in chips) 
Seat 5: martinobabe ($100.59 in chips) 
Seat 6: poker_soul11 ($107.02 in chips) 
poker_soul11: posts small blind $0.50
ARCTlCkiss: posts big blind $1
*** HOLE CARDS ***
BoyLoc0: raises $1.50 to $2.50
VahTang_89: raises $5 to $7.50
Oli3579: folds 
martinobabe: folds 
poker_soul11: folds 
ARCTlCkiss: folds 
BoyLoc0: calls $5
*** FLOP *** [3c Qs 7s]
BoyLoc0: checks 
VahTang_89: bets $5.17
BoyLoc0: calls $5.17
*** TURN *** [3c Qs 7s] [Qc]
BoyLoc0: checks 
VahTang_89: checks 
*** RIVER *** [3c Qs 7s Qc] [7d]
BoyLoc0: bets $19.13
VahTang_89: calls $19.13
*** SHOW DOWN ***
BoyLoc0: shows [Jd Jc] (two pair, Queens and Jacks)
VahTang_89: mucks hand 
BoyLoc0 collected $62.60 from pot
*** SUMMARY ***
Total pot $65.10 | Rake $2.50 
Board [3c Qs 7s Qc 7d]
Seat 1: ARCTlCkiss (big blind) folded before Flop
Seat 2: BoyLoc0 showed [Jd Jc] and won ($62.60) with two pair, Queens and Jacks
Seat 3: VahTang_89 mucked
Seat 4: Oli3579 folded before Flop (didn't bet)
Seat 5: martinobabe (button) folded before Flop (didn't bet)
Seat 6: poker_soul11 (small blind) folded before Flop



PokerStars Hand #254560615013:  Hold'em No Limit ($0.50/$1.00 USD) - 2025/01/26 13:05:40 WET [2025/01/26 8:05:40 ET]
Table 'Memoria IV' 6-max Seat #6 is the button
Seat 1: ARCTlCkiss ($124 in chips) 
Seat 2: BoyLoc0 ($130.80 in chips) 
Seat 3: VahTang_89 ($104.31 in chips) 
Seat 4: Oli3579 ($130.64 in chips) 
Seat 5: martinobabe ($100.59 in chips) 
Seat 6: poker_soul11 ($106.52 in chips) 
ARCTlCkiss: posts small blind $0.50
BoyLoc0: posts big blind $1
*** HOLE CARDS ***
VahTang_89: raises $1.20 to $2.20
Oli3579: folds 
martinobabe: folds 
poker_soul11: folds 
ARCTlCkiss: folds 
BoyLoc0: calls $1.20
*** FLOP *** [3h Qh 4c]
BoyLoc0: checks 
VahTang_89: checks 
*** TURN *** [3h Qh 4c] [Js]
BoyLoc0: checks 
VahTang_89: bets $2.33
BoyLoc0: folds 
Uncalled bet ($2.33) returned to VahTang_89
VahTang_89 collected $4.66 from pot
VahTang_89: doesn't show hand 
*** SUMMARY ***
Total pot $4.90 | Rake $0.24 
Board [3h Qh 4c Js]
Seat 1: ARCTlCkiss (small blind) folded before Flop
Seat 2: BoyLoc0 (big blind) folded on the Turn
Seat 3: VahTang_89 collected ($4.66)
Seat 4: Oli3579 folded before Flop (didn't bet)
Seat 5: martinobabe folded before Flop (didn't bet)
Seat 6: poker_soul11 (button) folded before Flop (didn't bet)



PokerStars Hand #254560622355:  Hold'em No Limit ($0.50/$1.00 USD) - 2025/01/26 13:06:22 WET [2025/01/26 8:06:22 ET]
Table 'Memoria IV' 6-max Seat #1 is the button
Seat 1: ARCTlCkiss ($123.50 in chips) 
Seat 2: BoyLoc0 ($128.60 in chips) 
Seat 3: VahTang_89 ($106.77 in chips) 
Seat 4: Oli3579 ($130.64 in chips) 
Seat 5: martinobabe ($100.59 in chips) 
Seat 6: poker_soul11 ($106.52 in chips) 
BoyLoc0: posts small blind $0.50
VahTang_89: posts big blind $1
*** HOLE CARDS ***
Oli3579: folds 
martinobabe: folds 
poker_soul11: folds 
ARCTlCkiss: raises $1.18 to $2.18
BoyLoc0: folds 
VahTang_89: folds 
Uncalled bet ($1.18) returned to ARCTlCkiss
ARCTlCkiss collected $2.50 from pot
ARCTlCkiss: doesn't show hand 
*** SUMMARY ***
Total pot $2.50 | Rake $0 
Seat 1: ARCTlCkiss (button) collected ($2.50)
Seat 2: BoyLoc0 (small blind) folded before Flop
Seat 3: VahTang_89 (big blind) folded before Flop
Seat 4: Oli3579 folded before Flop (didn't bet)
Seat 5: martinobabe folded before Flop (didn't bet)
Seat 6: poker_soul11 folded before Flop (didn't bet)



PokerStars Hand #254560273398:  Hold'em No Limit ($0.50/$1.00 USD) - 2025/01/26 12:29:46 WET [2025/01/26 7:29:46 ET]
Table 'Memoria IV' 6-max Seat #2 is the button
Seat 2: BoyLoc0 ($100 in chips) 
Seat 4: franco232315 ($80 in chips) 
BoyLoc0: posts small blind $0.50
franco232315: posts big blind $1
*** HOLE CARDS ***
poker_soul11 joins the table at seat #6 
BoyLoc0: raises $1.50 to $2.50
franco232315: folds 
Uncalled bet ($1.50) returned to BoyLoc0
BoyLoc0 collected $2 from pot
BoyLoc0: doesn't show hand 
*** SUMMARY ***
Total pot $2 | Rake $0 
Seat 2: BoyLoc0 (button) (small blind) collected ($2)
Seat 4: franco232315 (big blind) folded before Flop



PokerStars Hand #254560275169:  Hold'em No Limit ($0.50/$1.00 USD) - 2025/01/26 12:29:58 WET [2025/01/26 7:29:58 ET]
Table 'Memoria IV' 6-max Seat #2 is the button
Seat 2: BoyLoc0 ($101 in chips) 
Seat 4: franco232315 ($100 in chips) 
Seat 6: poker_soul11 ($100 in chips) 
franco232315: posts small blind $0.50
poker_soul11: posts big blind $1
*** HOLE CARDS ***
BoyLoc0: folds 
franco232315: folds 
Uncalled bet ($0.50) returned to poker_soul11
poker_soul11 collected $1 from pot
poker_soul11: doesn't show hand 
*** SUMMARY ***
Total pot $1 | Rake $0 
Seat 2: BoyLoc0 (button) folded before Flop (didn't bet)
Seat 4: franco232315 (small blind) folded before Flop
Seat 6: poker_soul11 (big blind) collected ($1)



PokerStars Hand #254560279014:  Hold'em No Limit ($0.50/$1.00 USD) - 2025/01/26 12:30:23 WET [2025/01/26 7:30:23 ET]
Table 'Memoria IV' 6-max Seat #4 is the button
Seat 2: BoyLoc0 ($101 in chips) 
Seat 4: franco232315 ($100 in chips) 
Seat 6: poker_soul11 ($100.50 in chips) 
poker_soul11: posts small blind $0.50
BoyLoc0: posts big blind $1
*** HOLE CARDS ***
franco232315: folds 
poker_soul11: folds 
Uncalled bet ($0.50) returned to BoyLoc0
BoyLoc0 collected $1 from pot
BoyLoc0: doesn't show hand 
*** SUMMARY ***
Total pot $1 | Rake $0 
Seat 2: BoyLoc0 (big blind) collected ($1)
Seat 4: franco232315 (button) folded before Flop (didn't bet)
Seat 6: poker_soul11 (small blind) folded before Flop



PokerStars Hand #254560282012:  Hold'em No Limit ($0.50/$1.00 USD) - 2025/01/26 12:30:42 WET [2025/01/26 7:30:42 ET]
Table 'Memoria IV' 6-max Seat #6 is the button
Seat 2: BoyLoc0 ($101.50 in chips) 
Seat 4: franco232315 ($100 in chips) 
Seat 6: poker_soul11 ($100 in chips) 
BoyLoc0: posts small blind $0.50
franco232315: posts big blind $1
*** HOLE CARDS ***
poker_soul11: folds 
BoyLoc0: raises $2 to $3
franco232315: calls $2
*** FLOP *** [9s 9h Kc]
BoyLoc0: bets $1.88
franco232315: raises $4.76 to $6.64
BoyLoc0: calls $4.76
*** TURN *** [9s 9h Kc] [7h]
BoyLoc0: checks 
franco232315: bets $23.48
BoyLoc0: raises $68.38 to $91.86 and is all-in
franco232315: calls $66.88 and is all-in
Uncalled bet ($1.50) returned to BoyLoc0
*** RIVER *** [9s 9h Kc 7h] [3h]
*** SHOW DOWN ***
BoyLoc0: shows [Jd Td] (a pair of Nines)
franco232315: shows [8s 9c] (three of a kind, Nines)
franco232315 collected $199 from pot
*** SUMMARY ***
Total pot $200 | Rake $1 
Board [9s 9h Kc 7h 3h]
Seat 2: BoyLoc0 (small blind) showed [Jd Td] and lost with a pair of Nines
Seat 4: franco232315 (big blind) showed [8s 9c] and won ($199) with three of a kind, Nines
Seat 6: poker_soul11 (button) folded before Flop (didn't bet)



PokerStars Hand #254560295751:  Hold'em No Limit ($0.50/$1.00 USD) - 2025/01/26 12:32:11 WET [2025/01/26 7:32:11 ET]
Table 'Memoria IV' 6-max Seat #2 is the button
Seat 2: BoyLoc0 ($100 in chips) 
Seat 4: franco232315 ($199 in chips) 
Seat 6: poker_soul11 ($100 in chips) 
franco232315: posts small blind $0.50
poker_soul11: posts big blind $1
*** HOLE CARDS ***
BoyLoc0: raises $1.50 to $2.50
franco232315: folds 
poker_soul11: folds 
Uncalled bet ($1.50) returned to BoyLoc0
BoyLoc0 collected $2.50 from pot
BoyLoc0: doesn't show hand 
*** SUMMARY ***
Total pot $2.50 | Rake $0 
Seat 2: BoyLoc0 (button) collected ($2.50)
Seat 4: franco232315 (small blind) folded before Flop
Seat 6: poker_soul11 (big blind) folded before Flop



PokerStars Hand #254560297937:  Hold'em No Limit ($0.50/$1.00 USD) - 2025/01/26 12:32:24 WET [2025/01/26 7:32:24 ET]
Table 'Memoria IV' 6-max Seat #4 is the button
Seat 2: BoyLoc0 ($101.50 in chips) 
Seat 4: franco232315 ($198.50 in chips) 
Seat 6: poker_soul11 ($100 in chips) 
poker_soul11: posts small blind $0.50
BoyLoc0: posts big blind $1
*** HOLE CARDS ***
franco232315: raises $1.50 to $2.50
poker_soul11: folds 
BoyLoc0: folds 
Uncalled bet ($1.50) returned to franco232315
franco232315 collected $2.50 from pot
franco232315: doesn't show hand 
*** SUMMARY ***
Total pot $2.50 | Rake $0 
Seat 2: BoyLoc0 (big blind) folded before Flop
Seat 4: franco232315 (button) collected ($2.50)
Seat 6: poker_soul11 (small blind) folded before Flop



PokerStars Hand #254560300249:  Hold'em No Limit ($0.50/$1.00 USD) - 2025/01/26 12:32:39 WET [2025/01/26 7:32:39 ET]
Table 'Memoria IV' 6-max Seat #6 is the button
Seat 2: BoyLoc0 ($100.50 in chips) 
Seat 4: franco232315 ($200 in chips) 
Seat 6: poker_soul11 ($100 in chips) 
BoyLoc0: posts small blind $0.50
franco232315: posts big blind $1
*** HOLE CARDS ***
poker_soul11: raises $1.20 to $2.20
BoyLoc0: folds 
franco232315: raises $8.80 to $11
poker_soul11: folds 
Uncalled bet ($8.80) returned to franco232315
franco232315 collected $4.90 from pot
franco232315: doesn't show hand 
*** SUMMARY ***
Total pot $4.90 | Rake $0 
Seat 2: BoyLoc0 (small blind) folded before Flop
Seat 4: franco232315 (big blind) collected ($4.90)
Seat 6: poker_soul11 (button) folded before Flop



PokerStars Hand #254560304036:  Hold'em No Limit ($0.50/$1.00 USD) - 2025/01/26 12:33:03 WET [2025/01/26 7:33:03 ET]
Table 'Memoria IV' 6-max Seat #2 is the button
Seat 2: BoyLoc0 ($100 in chips) 
Seat 6: poker_soul11 ($100 in chips) 
BoyLoc0: posts small blind $0.50
poker_soul11: posts big blind $1
*** HOLE CARDS ***
BoyLoc0: raises $1.50 to $2.50
poker_soul11: folds 
Uncalled bet ($1.50) returned to BoyLoc0
BoyLoc0 collected $2 from pot
BoyLoc0: doesn't show hand 
*** SUMMARY ***
Total pot $2 | Rake $0 
Seat 2: BoyLoc0 (button) (small blind) collected ($2)
Seat 6: poker_soul11 (big blind) folded before Flop



PokerStars Hand #254560306170:  Hold'em No Limit ($0.50/$1.00 USD) - 2025/01/26 12:33:17 WET [2025/01/26 7:33:17 ET]
Table 'Memoria IV' 6-max Seat #6 is the button
Seat 2: BoyLoc0 ($101 in chips) 
Seat 6: poker_soul11 ($100 in chips) 
poker_soul11: posts small blind $0.50
BoyLoc0: posts big blind $1
*** HOLE CARDS ***
poker_soul11: folds 
Uncalled bet ($0.50) returned to BoyLoc0
BoyLoc0 collected $1 from pot
BoyLoc0: doesn't show hand 
*** SUMMARY ***
Total pot $1 | Rake $0 
Seat 2: BoyLoc0 (big blind) collected ($1)
Seat 6: poker_soul11 (button) (small blind) folded before Flop



PokerStars Hand #254560316995:  Hold'em No Limit ($0.50/$1.00 USD) - 2025/01/26 12:34:26 WET [2025/01/26 7:34:26 ET]
Table 'Memoria IV' 6-max Seat #2 is the button
Seat 2: BoyLoc0 ($101.50 in chips) 
Seat 6: poker_soul11 ($100 in chips) 
BoyLoc0: posts small blind $0.50
poker_soul11: posts big blind $1
*** HOLE CARDS ***
BoyLoc0: raises $1.50 to $2.50
poker_soul11: folds 
Uncalled bet ($1.50) returned to BoyLoc0
BoyLoc0 collected $2 from pot
BoyLoc0: doesn't show hand 
*** SUMMARY ***
Total pot $2 | Rake $0 
Seat 2: BoyLoc0 (button) (small blind) collected ($2)
Seat 6: poker_soul11 (big blind) folded before Flop



PokerStars Hand #254560377935:  Hold'em No Limit ($0.50/$1.00 USD) - 2025/01/26 12:40:50 WET [2025/01/26 7:40:50 ET]
Table 'Memoria IV' 6-max Seat #4 is the button
Seat 2: BoyLoc0 ($102.50 in chips) 
Seat 4: Oli3579 ($100 in chips) 
Seat 6: poker_soul11 ($100 in chips) 
poker_soul11: posts small blind $0.50
BoyLoc0: posts big blind $1
*** HOLE CARDS ***
Oli3579: folds 
poker_soul11: raises $2 to $3
BoyLoc0: folds 
Uncalled bet ($2) returned to poker_soul11
poker_soul11 collected $2 from pot
poker_soul11: doesn't show hand 
*** SUMMARY ***
Total pot $2 | Rake $0 
Seat 2: BoyLoc0 (big blind) folded before Flop
Seat 4: Oli3579 (button) folded before Flop (didn't bet)
Seat 6: poker_soul11 (small blind) collected ($2)



PokerStars Hand #254560380606:  Hold'em No Limit ($0.50/$1.00 USD) - 2025/01/26 12:41:06 WET [2025/01/26 7:41:06 ET]
Table 'Memoria IV' 6-max Seat #6 is the button
Seat 2: BoyLoc0 ($101.50 in chips) 
Seat 4: Oli3579 ($100 in chips) 
Seat 6: poker_soul11 ($101 in chips) 
BoyLoc0: posts small blind $0.50
Oli3579: posts big blind $1
*** HOLE CARDS ***
poker_soul11: folds 
BoyLoc0: raises $2 to $3
Oli3579: folds 
Uncalled bet ($2) returned to BoyLoc0
BoyLoc0 collected $2 from pot
BoyLoc0: doesn't show hand 
*** SUMMARY ***
Total pot $2 | Rake $0 
Seat 2: BoyLoc0 (small blind) collected ($2)
Seat 4: Oli3579 (big blind) folded before Flop
Seat 6: poker_soul11 (button) folded before Flop (didn't bet)



PokerStars Hand #254560382866:  Hold'em No Limit ($0.50/$1.00 USD) - 2025/01/26 12:41:20 WET [2025/01/26 7:41:20 ET]
Table 'Memoria IV' 6-max Seat #2 is the button
Seat 2: BoyLoc0 ($102.50 in chips) 
Seat 4: Oli3579 ($100 in chips) 
Seat 6: poker_soul11 ($101 in chips) 
Oli3579: posts small blind $0.50
poker_soul11: posts big blind $1
*** HOLE CARDS ***
BoyLoc0: raises $1.50 to $2.50
Oli3579: folds 
poker_soul11: calls $1.50
*** FLOP *** [6h Ac 3d]
poker_soul11: checks 
BoyLoc0: bets $1.72
poker_soul11: calls $1.72
*** TURN *** [6h Ac 3d] [8s]
poker_soul11: checks 
BoyLoc0: bets $6.37
poker_soul11: folds 
Uncalled bet ($6.37) returned to BoyLoc0
BoyLoc0 collected $8.49 from pot
BoyLoc0: doesn't show hand 
*** SUMMARY ***
Total pot $8.94 | Rake $0.45 
Board [6h Ac 3d 8s]
Seat 2: BoyLoc0 (button) collected ($8.49)
Seat 4: Oli3579 (small blind) folded before Flop
Seat 6: poker_soul11 (big blind) folded on the Turn



PokerStars Hand #254560393716:  Hold'em No Limit ($0.50/$1.00 USD) - 2025/01/26 12:42:26 WET [2025/01/26 7:42:26 ET]
Table 'Memoria IV' 6-max Seat #6 is the button
Seat 2: BoyLoc0 ($106.77 in chips) is sitting out
Seat 4: Oli3579 ($100 in chips) 
Seat 6: poker_soul11 ($100 in chips) 
poker_soul11: posts small blind $0.50
BoyLoc0: is sitting out 
Oli3579: posts big blind $1
*** HOLE CARDS ***
BoyLoc0 leaves the table
poker_soul11: raises $1.50 to $2.50
Oli3579: calls $1.50
*** FLOP *** [4h Ac Kh]
Oli3579: checks 
poker_soul11: bets $5.94
Oli3579: folds 
Uncalled bet ($5.94) returned to poker_soul11
poker_soul11 collected $4.75 from pot
poker_soul11: doesn't show hand 
*** SUMMARY ***
Total pot $5 | Rake $0.25 
Board [4h Ac Kh]
Seat 2: BoyLoc0
Seat 4: Oli3579 (big blind) folded on the Flop
Seat 6: poker_soul11 (button) (small blind) collected ($4.75)



PokerStars Hand #254560397877:  Hold'em No Limit ($0.50/$1.00 USD) - 2025/01/26 12:42:51 WET [2025/01/26 7:42:51 ET]
Table 'Memoria IV' 6-max Seat #4 is the button
Seat 4: Oli3579 ($100 in chips) 
Seat 6: poker_soul11 ($102.25 in chips) 
Oli3579: posts small blind $0.50
poker_soul11: posts big blind $1
*** HOLE CARDS ***
Oli3579: raises $1.50 to $2.50
poker_soul11: folds 
Uncalled bet ($1.50) returned to Oli3579
Oli3579 collected $2 from pot
Oli3579: doesn't show hand 
*** SUMMARY ***
Total pot $2 | Rake $0 
Seat 4: Oli3579 (button) (small blind) collected ($2)
Seat 6: poker_soul11 (big blind) folded before Flop



PokerStars Hand #254560624178:  Hold'em No Limit ($0.50/$1.00 USD) - 2025/01/26 13:06:33 WET [2025/01/26 8:06:33 ET]
Table 'Memoria IV' 6-max Seat #2 is the button
Seat 1: ARCTlCkiss ($125 in chips) 
Seat 2: BoyLoc0 ($128.10 in chips) 
Seat 3: VahTang_89 ($105.77 in chips) 
Seat 4: Oli3579 ($130.64 in chips) 
Seat 5: martinobabe ($100.59 in chips) 
Seat 6: poker_soul11 ($106.52 in chips) 
VahTang_89: posts small blind $0.50
Oli3579: posts big blind $1
*** HOLE CARDS ***
martinobabe: raises $1 to $2
poker_soul11: folds 
ARCTlCkiss: raises $5 to $7
BoyLoc0: folds 
VahTang_89: folds 
Oli3579: raises $14 to $21
martinobabe: folds 
ARCTlCkiss: folds 
Uncalled bet ($14) returned to Oli3579
Oli3579 collected $16.50 from pot
Oli3579: doesn't show hand 
*** SUMMARY ***
Total pot $16.50 | Rake $0 
Seat 1: ARCTlCkiss folded before Flop
Seat 2: BoyLoc0 (button) folded before Flop (didn't bet)
Seat 3: VahTang_89 (small blind) folded before Flop
Seat 4: Oli3579 (big blind) collected ($16.50)
Seat 5: martinobabe folded before Flop
Seat 6: poker_soul11 folded before Flop (didn't bet)



PokerStars Hand #254560632054:  Hold'em No Limit ($0.50/$1.00 USD) - 2025/01/26 13:07:19 WET [2025/01/26 8:07:19 ET]
Table 'Memoria IV' 6-max Seat #3 is the button
Seat 1: ARCTlCkiss ($118 in chips) 
Seat 2: BoyLoc0 ($128.10 in chips) 
Seat 3: VahTang_89 ($105.27 in chips) 
Seat 4: Oli3579 ($140.14 in chips) 
Seat 5: martinobabe ($98.59 in chips) 
Seat 6: poker_soul11 ($106.52 in chips) 
Oli3579: posts small blind $0.50
martinobabe: posts big blind $1
*** HOLE CARDS ***
poker_soul11: raises $1.20 to $2.20
ARCTlCkiss: folds 
BoyLoc0: folds 
VahTang_89: folds 
Oli3579: folds 
martinobabe: calls $1.20
*** FLOP *** [Ad Ah Th]
martinobabe: checks 
poker_soul11: checks 
*** TURN *** [Ad Ah Th] [3s]
martinobabe: bets $2.33
poker_soul11: calls $2.33
*** RIVER *** [Ad Ah Th 3s] [5d]
martinobabe: bets $4.54
poker_soul11: raises $22.70 to $27.24
martinobabe: calls $22.70
*** SHOW DOWN ***
poker_soul11: shows [Ac As] (four of a kind, Aces)
martinobabe: mucks hand 
poker_soul11 collected $61.54 from pot
*** SUMMARY ***
Total pot $64.04 | Rake $2.50 
Board [Ad Ah Th 3s 5d]
Seat 1: ARCTlCkiss folded before Flop (didn't bet)
Seat 2: BoyLoc0 folded before Flop (didn't bet)
Seat 3: VahTang_89 (button) folded before Flop (didn't bet)
Seat 4: Oli3579 (small blind) folded before Flop
Seat 5: martinobabe (big blind) mucked
Seat 6: poker_soul11 showed [Ac As] and won ($61.54) with four of a kind, Aces



PokerStars Hand #254560639177:  Hold'em No Limit ($0.50/$1.00 USD) - 2025/01/26 13:08:00 WET [2025/01/26 8:08:00 ET]
Table 'Memoria IV' 6-max Seat #4 is the button
Seat 1: ARCTlCkiss ($118 in chips) 
Seat 2: BoyLoc0 ($128.10 in chips) 
Seat 3: VahTang_89 ($105.27 in chips) 
Seat 4: Oli3579 ($139.64 in chips) 
Seat 5: martinobabe ($66.82 in chips) 
Seat 6: poker_soul11 ($136.29 in chips) 
martinobabe: posts small blind $0.50
poker_soul11: posts big blind $1
*** HOLE CARDS ***
ARCTlCkiss: raises $1.53 to $2.53
BoyLoc0: folds 
VahTang_89: folds 
Oli3579: folds 
martinobabe: folds 
poker_soul11: folds 
Uncalled bet ($1.53) returned to ARCTlCkiss
ARCTlCkiss collected $2.50 from pot
ARCTlCkiss: doesn't show hand 
*** SUMMARY ***
Total pot $2.50 | Rake $0 
Seat 1: ARCTlCkiss collected ($2.50)
Seat 2: BoyLoc0 folded before Flop (didn't bet)
Seat 3: VahTang_89 folded before Flop (didn't bet)
Seat 4: Oli3579 (button) folded before Flop (didn't bet)
Seat 5: martinobabe (small blind) folded before Flop
Seat 6: poker_soul11 (big blind) folded before Flop



PokerStars Hand #254560641684:  Hold'em No Limit ($0.50/$1.00 USD) - 2025/01/26 13:08:14 WET [2025/01/26 8:08:14 ET]
Table 'Memoria IV' 6-max Seat #5 is the button
Seat 1: ARCTlCkiss ($119.50 in chips) 
Seat 2: BoyLoc0 ($128.10 in chips) 
Seat 3: VahTang_89 ($105.27 in chips) 
Seat 4: Oli3579 ($139.64 in chips) 
Seat 5: martinobabe ($66.32 in chips) 
Seat 6: poker_soul11 ($135.29 in chips) 
poker_soul11: posts small blind $0.50
ARCTlCkiss: posts big blind $1
*** HOLE CARDS ***
BoyLoc0: folds 
VahTang_89: folds 
Oli3579: raises $1.25 to $2.25
martinobabe: raises $4 to $6.25
poker_soul11: folds 
ARCTlCkiss: folds 
Oli3579: calls $4
*** FLOP *** [9d 7d 5s]
Oli3579: checks 
martinobabe: bets $7
Oli3579: folds 
Uncalled bet ($7) returned to martinobabe
martinobabe collected $13.30 from pot
*** SUMMARY ***
Total pot $14 | Rake $0.70 
Board [9d 7d 5s]
Seat 1: ARCTlCkiss (big blind) folded before Flop
Seat 2: BoyLoc0 folded before Flop (didn't bet)
Seat 3: VahTang_89 folded before Flop (didn't bet)
Seat 4: Oli3579 folded on the Flop
Seat 5: martinobabe (button) collected ($13.30)
Seat 6: poker_soul11 (small blind) folded before Flop



PokerStars Hand #254560648852:  Hold'em No Limit ($0.50/$1.00 USD) - 2025/01/26 13:08:56 WET [2025/01/26 8:08:56 ET]
Table 'Memoria IV' 6-max Seat #6 is the button
Seat 1: ARCTlCkiss ($118.50 in chips) 
Seat 2: BoyLoc0 ($128.10 in chips) 
Seat 3: VahTang_89 ($105.27 in chips) 
Seat 4: Oli3579 ($133.39 in chips) 
Seat 5: martinobabe ($73.37 in chips) 
Seat 6: poker_soul11 ($134.79 in chips) 
ARCTlCkiss: posts small blind $0.50
BoyLoc0: posts big blind $1
*** HOLE CARDS ***
VahTang_89: folds 
Oli3579: raises $1.25 to $2.25
martinobabe: raises $5.25 to $7.50
poker_soul11: folds 
ARCTlCkiss: folds 
BoyLoc0: folds 
Oli3579: folds 
Uncalled bet ($5.25) returned to martinobabe
martinobabe collected $6 from pot
*** SUMMARY ***
Total pot $6 | Rake $0 
Seat 1: ARCTlCkiss (small blind) folded before Flop
Seat 2: BoyLoc0 (big blind) folded before Flop
Seat 3: VahTang_89 folded before Flop (didn't bet)
Seat 4: Oli3579 folded before Flop
Seat 5: martinobabe collected ($6)
Seat 6: poker_soul11 (button) folded before Flop (didn't bet)



PokerStars Hand #254560654312:  Hold'em No Limit ($0.50/$1.00 USD) - 2025/01/26 13:09:27 WET [2025/01/26 8:09:27 ET]
Table 'Memoria IV' 6-max Seat #1 is the button
Seat 1: ARCTlCkiss ($118 in chips) 
Seat 2: BoyLoc0 ($127.10 in chips) 
Seat 3: VahTang_89 ($105.27 in chips) 
Seat 4: Oli3579 ($131.14 in chips) 
Seat 5: martinobabe ($77.12 in chips) 
Seat 6: poker_soul11 ($134.79 in chips) 
BoyLoc0: posts small blind $0.50
VahTang_89: posts big blind $1
*** HOLE CARDS ***
Oli3579: folds 
martinobabe: raises $2 to $3
poker_soul11: folds 
ARCTlCkiss: folds 
BoyLoc0: folds 
VahTang_89: folds 
Uncalled bet ($2) returned to martinobabe
martinobabe collected $2.50 from pot
*** SUMMARY ***
Total pot $2.50 | Rake $0 
Seat 1: ARCTlCkiss (button) folded before Flop (didn't bet)
Seat 2: BoyLoc0 (small blind) folded before Flop
Seat 3: VahTang_89 (big blind) folded before Flop
Seat 4: Oli3579 folded before Flop (didn't bet)
Seat 5: martinobabe collected ($2.50)
Seat 6: poker_soul11 folded before Flop (didn't bet)



PokerStars Hand #254560657752:  Hold'em No Limit ($0.50/$1.00 USD) - 2025/01/26 13:09:47 WET [2025/01/26 8:09:47 ET]
Table 'Memoria IV' 6-max Seat #2 is the button
Seat 1: ARCTlCkiss ($118 in chips) 
Seat 2: BoyLoc0 ($126.60 in chips) 
Seat 3: VahTang_89 ($104.27 in chips) 
Seat 4: Oli3579 ($131.14 in chips) 
Seat 5: martinobabe ($78.62 in chips) 
Seat 6: poker_soul11 ($134.79 in chips) 
VahTang_89: posts small blind $0.50
Oli3579: posts big blind $1
*** HOLE CARDS ***
martinobabe: folds 
poker_soul11: folds 
ARCTlCkiss: folds 
BoyLoc0: raises $1.50 to $2.50
VahTang_89: folds 
Oli3579: folds 
Uncalled bet ($1.50) returned to BoyLoc0
BoyLoc0 collected $2.50 from pot
BoyLoc0: doesn't show hand 
*** SUMMARY ***
Total pot $2.50 | Rake $0 
Seat 1: ARCTlCkiss folded before Flop (didn't bet)
Seat 2: BoyLoc0 (button) collected ($2.50)
Seat 3: VahTang_89 (small blind) folded before Flop
Seat 4: Oli3579 (big blind) folded before Flop
Seat 5: martinobabe folded before Flop (didn't bet)
Seat 6: poker_soul11 folded before Flop (didn't bet)



PokerStars Hand #254560662221:  Hold'em No Limit ($0.50/$1.00 USD) - 2025/01/26 13:10:13 WET [2025/01/26 8:10:13 ET]
Table 'Memoria IV' 6-max Seat #3 is the button
Seat 1: ARCTlCkiss ($118 in chips) 
Seat 2: BoyLoc0 ($128.10 in chips) 
Seat 3: VahTang_89 ($103.77 in chips) 
Seat 4: Oli3579 ($130.14 in chips) 
Seat 5: martinobabe ($78.62 in chips) 
Seat 6: poker_soul11 ($134.79 in chips) 
Oli3579: posts small blind $0.50
martinobabe: posts big blind $1
*** HOLE CARDS ***
poker_soul11: raises $1.20 to $2.20
ARCTlCkiss: folds 
BoyLoc0: folds 
VahTang_89: calls $2.20
Oli3579: folds 
martinobabe: calls $1.20
*** FLOP *** [2s 9h Td]
martinobabe: checks 
poker_soul11: bets $5.06
VahTang_89: folds 
martinobabe: folds 
Uncalled bet ($5.06) returned to poker_soul11
poker_soul11 collected $6.74 from pot
poker_soul11: doesn't show hand 
*** SUMMARY ***
Total pot $7.10 | Rake $0.36 
Board [2s 9h Td]
Seat 1: ARCTlCkiss folded before Flop (didn't bet)
Seat 2: BoyLoc0 folded before Flop (didn't bet)
Seat 3: VahTang_89 (button) folded on the Flop
Seat 4: Oli3579 (small blind) folded before Flop
Seat 5: martinobabe (big blind) folded on the Flop
Seat 6: poker_soul11 collected ($6.74)



PokerStars Hand #254560667981:  Hold'em No Limit ($0.50/$1.00 USD) - 2025/01/26 13:10:46 WET [2025/01/26 8:10:46 ET]
Table 'Memoria IV' 6-max Seat #4 is the button
Seat 1: ARCTlCkiss ($118 in chips) 
Seat 2: BoyLoc0 ($128.10 in chips) 
Seat 3: VahTang_89 ($101.57 in chips) 
Seat 4: Oli3579 ($129.64 in chips) 
Seat 5: martinobabe ($76.42 in chips) 
Seat 6: poker_soul11 ($139.33 in chips) 
martinobabe: posts small blind $0.50
poker_soul11: posts big blind $1
*** HOLE CARDS ***
ARCTlCkiss: folds 
BoyLoc0: folds 
VahTang_89: folds 
Oli3579: folds 
martinobabe: folds 
Uncalled bet ($0.50) returned to poker_soul11
poker_soul11 collected $1 from pot
poker_soul11: doesn't show hand 
*** SUMMARY ***
Total pot $1 | Rake $0 
Seat 1: ARCTlCkiss folded before Flop (didn't bet)
Seat 2: BoyLoc0 folded before Flop (didn't bet)
Seat 3: VahTang_89 folded before Flop (didn't bet)
Seat 4: Oli3579 (button) folded before Flop (didn't bet)
Seat 5: martinobabe (small blind) folded before Flop
Seat 6: poker_soul11 (big blind) collected ($1)



PokerStars Hand #254560673903:  Hold'em No Limit ($0.50/$1.00 USD) - 2025/01/26 13:11:21 WET [2025/01/26 8:11:21 ET]
Table 'Memoria IV' 6-max Seat #5 is the button
Seat 1: ARCTlCkiss ($118 in chips) 
Seat 2: BoyLoc0 ($128.10 in chips) 
Seat 3: VahTang_89 ($101.57 in chips) 
Seat 4: Oli3579 ($129.64 in chips) 
Seat 5: martinobabe ($75.92 in chips) 
Seat 6: poker_soul11 ($139.83 in chips) 
poker_soul11: posts small blind $0.50
ARCTlCkiss: posts big blind $1
*** HOLE CARDS ***
BoyLoc0: folds 
VahTang_89: folds 
Oli3579: folds 
martinobabe: folds 
poker_soul11: folds 
Uncalled bet ($0.50) returned to ARCTlCkiss
ARCTlCkiss collected $1 from pot
ARCTlCkiss: doesn't show hand 
*** SUMMARY ***
Total pot $1 | Rake $0 
Seat 1: ARCTlCkiss (big blind) collected ($1)
Seat 2: BoyLoc0 folded before Flop (didn't bet)
Seat 3: VahTang_89 folded before Flop (didn't bet)
Seat 4: Oli3579 folded before Flop (didn't bet)
Seat 5: martinobabe (button) folded before Flop (didn't bet)
Seat 6: poker_soul11 (small blind) folded before Flop



PokerStars Hand #254560675384:  Hold'em No Limit ($0.50/$1.00 USD) - 2025/01/26 13:11:30 WET [2025/01/26 8:11:30 ET]
Table 'Memoria IV' 6-max Seat #6 is the button
Seat 1: ARCTlCkiss ($118.50 in chips) 
Seat 2: BoyLoc0 ($128.10 in chips) 
Seat 3: VahTang_89 ($101.57 in chips) 
Seat 4: Oli3579 ($129.64 in chips) 
Seat 5: martinobabe ($75.92 in chips) 
Seat 6: poker_soul11 ($139.33 in chips) 
ARCTlCkiss: posts small blind $0.50
BoyLoc0: posts big blind $1
*** HOLE CARDS ***
VahTang_89: folds 
Oli3579: folds 
martinobabe: raises $2 to $3
poker_soul11: folds 
ARCTlCkiss: folds 
BoyLoc0: calls $2
*** FLOP *** [3d Jc 6h]
BoyLoc0: checks 
martinobabe: bets $3.09
BoyLoc0: folds 
Uncalled bet ($3.09) returned to martinobabe
martinobabe collected $6.18 from pot
*** SUMMARY ***
Total pot $6.50 | Rake $0.32 
Board [3d Jc 6h]
Seat 1: ARCTlCkiss (small blind) folded before Flop
Seat 2: BoyLoc0 (big blind) folded on the Flop
Seat 3: VahTang_89 folded before Flop (didn't bet)
Seat 4: Oli3579 folded before Flop (didn't bet)
Seat 5: martinobabe collected ($6.18)
Seat 6: poker_soul11 (button) folded before Flop (didn't bet)



PokerStars Hand #254560679587:  Hold'em No Limit ($0.50/$1.00 USD) - 2025/01/26 13:11:54 WET [2025/01/26 8:11:54 ET]
Table 'Memoria IV' 6-max Seat #1 is the button
Seat 1: ARCTlCkiss ($118 in chips) 
Seat 2: BoyLoc0 ($125.10 in chips) 
Seat 3: VahTang_89 ($101.57 in chips) 
Seat 4: Oli3579 ($129.64 in chips) 
Seat 5: martinobabe ($79.10 in chips) 
Seat 6: poker_soul11 ($139.33 in chips) 
BoyLoc0: posts small blind $0.50
VahTang_89: posts big blind $1
*** HOLE CARDS ***
Oli3579: raises $1.25 to $2.25
martinobabe: folds 
poker_soul11: folds 
ARCTlCkiss: folds 
BoyLoc0: folds 
VahTang_89: folds 
Uncalled bet ($1.25) returned to Oli3579
Oli3579 collected $2.50 from pot
Oli3579: doesn't show hand 
*** SUMMARY ***
Total pot $2.50 | Rake $0 
Seat 1: ARCTlCkiss (button) folded before Flop (didn't bet)
Seat 2: BoyLoc0 (small blind) folded before Flop
Seat 3: VahTang_89 (big blind) folded before Flop
Seat 4: Oli3579 collected ($2.50)
Seat 5: martinobabe folded before Flop (didn't bet)
Seat 6: poker_soul11 folded before Flop (didn't bet)



PokerStars Hand #254560681776:  Hold'em No Limit ($0.50/$1.00 USD) - 2025/01/26 13:12:07 WET [2025/01/26 8:12:07 ET]
Table 'Memoria IV' 6-max Seat #2 is the button
Seat 1: ARCTlCkiss ($118 in chips) 
Seat 2: BoyLoc0 ($124.60 in chips) 
Seat 3: VahTang_89 ($100.57 in chips) 
Seat 4: Oli3579 ($131.14 in chips) 
Seat 5: martinobabe ($79.10 in chips) 
Seat 6: poker_soul11 ($139.33 in chips) 
VahTang_89: posts small blind $0.50
Oli3579: posts big blind $1
*** HOLE CARDS ***
martinobabe: folds 
poker_soul11: raises $1.20 to $2.20
ARCTlCkiss: folds 
BoyLoc0: folds 
VahTang_89: folds 
Oli3579: calls $1.20
*** FLOP *** [Jh Kh 8h]
Oli3579: checks 
poker_soul11: bets $1.17
martinobabe is disconnected 
Oli3579: calls $1.17
*** TURN *** [Jh Kh 8h] [6d]
Oli3579: checks 
poker_soul11: checks 
*** RIVER *** [Jh Kh 8h 6d] [Jd]
Oli3579: bets $2.27
poker_soul11: folds 
Uncalled bet ($2.27) returned to Oli3579
Oli3579 collected $6.88 from pot
Oli3579: doesn't show hand 
*** SUMMARY ***
Total pot $7.24 | Rake $0.36 
Board [Jh Kh 8h 6d Jd]
Seat 1: ARCTlCkiss folded before Flop (didn't bet)
Seat 2: BoyLoc0 (button) folded before Flop (didn't bet)
Seat 3: VahTang_89 (small blind) folded before Flop
Seat 4: Oli3579 (big blind) collected ($6.88)
Seat 5: martinobabe folded before Flop (didn't bet)
Seat 6: poker_soul11 folded on the River



PokerStars Hand #254560692412:  Hold'em No Limit ($0.50/$1.00 USD) - 2025/01/26 13:13:07 WET [2025/01/26 8:13:07 ET]
Table 'Memoria IV' 6-max Seat #3 is the button
Seat 1: ARCTlCkiss ($118 in chips) 
Seat 2: BoyLoc0 ($124.60 in chips) 
Seat 3: VahTang_89 ($100.07 in chips) 
Seat 4: Oli3579 ($134.65 in chips) 
Seat 5: martinobabe ($79.10 in chips) 
Seat 6: poker_soul11 ($135.96 in chips) 
Oli3579: posts small blind $0.50
martinobabe: posts big blind $1
*** HOLE CARDS ***
poker_soul11: folds 
ARCTlCkiss: folds 
BoyLoc0: folds 
VahTang_89: raises $1.20 to $2.20
Oli3579: folds 
martinobabe: raises $4.90 to $7.10
VahTang_89: calls $4.90
*** FLOP *** [Ah Qc Kc]
martinobabe: bets $3
VahTang_89: calls $3
*** TURN *** [Ah Qc Kc] [9h]
martinobabe: bets $9.83
VahTang_89: folds 
Uncalled bet ($9.83) returned to martinobabe
martinobabe collected $19.66 from pot
*** SUMMARY ***
Total pot $20.70 | Rake $1.04 
Board [Ah Qc Kc 9h]
Seat 1: ARCTlCkiss folded before Flop (didn't bet)
Seat 2: BoyLoc0 folded before Flop (didn't bet)
Seat 3: VahTang_89 (button) folded on the Turn
Seat 4: Oli3579 (small blind) folded before Flop
Seat 5: martinobabe (big blind) collected ($19.66)
Seat 6: poker_soul11 folded before Flop (didn't bet)



PokerStars Hand #254560700310:  Hold'em No Limit ($0.50/$1.00 USD) - 2025/01/26 13:13:53 WET [2025/01/26 8:13:53 ET]
Table 'Memoria IV' 6-max Seat #4 is the button
Seat 1: ARCTlCkiss ($118 in chips) 
Seat 2: BoyLoc0 ($124.60 in chips) 
Seat 3: VahTang_89 ($100 in chips) 
Seat 4: Oli3579 ($134.15 in chips) 
Seat 5: martinobabe ($88.66 in chips) 
Seat 6: poker_soul11 ($135.96 in chips) 
martinobabe: posts small blind $0.50
poker_soul11: posts big blind $1
*** HOLE CARDS ***
ARCTlCkiss: folds 
BoyLoc0: folds 
VahTang_89: folds 
Oli3579: raises $1.25 to $2.25
martinobabe: calls $1.75
poker_soul11: folds 
*** FLOP *** [Jh 9c Jc]
martinobabe: checks 
Oli3579: checks 
*** TURN *** [Jh 9c Jc] [2h]
martinobabe: bets $5.22
Oli3579: folds 
Uncalled bet ($5.22) returned to martinobabe
martinobabe collected $5.22 from pot
*** SUMMARY ***
Total pot $5.50 | Rake $0.28 
Board [Jh 9c Jc 2h]
Seat 1: ARCTlCkiss folded before Flop (didn't bet)
Seat 2: BoyLoc0 folded before Flop (didn't bet)
Seat 3: VahTang_89 folded before Flop (didn't bet)
Seat 4: Oli3579 (button) folded on the Turn
Seat 5: martinobabe (small blind) collected ($5.22)
Seat 6: poker_soul11 (big blind) folded before Flop



PokerStars Hand #254560707068:  Hold'em No Limit ($0.50/$1.00 USD) - 2025/01/26 13:14:31 WET [2025/01/26 8:14:31 ET]
Table 'Memoria IV' 6-max Seat #5 is the button
Seat 1: ARCTlCkiss ($118 in chips) 
Seat 2: BoyLoc0 ($124.60 in chips) 
Seat 3: VahTang_89 ($100 in chips) 
Seat 4: Oli3579 ($131.90 in chips) 
Seat 5: martinobabe ($91.63 in chips) 
Seat 6: poker_soul11 ($134.96 in chips) 
poker_soul11: posts small blind $0.50
ARCTlCkiss: posts big blind $1
*** HOLE CARDS ***
BoyLoc0: folds 
VahTang_89: folds 
Oli3579: raises $1.25 to $2.25
martinobabe: folds 
poker_soul11: folds 
ARCTlCkiss: folds 
Uncalled bet ($1.25) returned to Oli3579
Oli3579 collected $2.50 from pot
Oli3579: doesn't show hand 
*** SUMMARY ***
Total pot $2.50 | Rake $0 
Seat 1: ARCTlCkiss (big blind) folded before Flop
Seat 2: BoyLoc0 folded before Flop (didn't bet)
Seat 3: VahTang_89 folded before Flop (didn't bet)
Seat 4: Oli3579 collected ($2.50)
Seat 5: martinobabe (button) folded before Flop (didn't bet)
Seat 6: poker_soul11 (small blind) folded before Flop



PokerStars Hand #254560710580:  Hold'em No Limit ($0.50/$1.00 USD) - 2025/01/26 13:14:51 WET [2025/01/26 8:14:51 ET]
Table 'Memoria IV' 6-max Seat #6 is the button
Seat 1: ARCTlCkiss ($117 in chips) 
Seat 2: BoyLoc0 ($124.60 in chips) 
Seat 3: VahTang_89 ($100 in chips) 
Seat 4: Oli3579 ($133.40 in chips) 
Seat 5: martinobabe ($91.63 in chips) 
Seat 6: poker_soul11 ($134.46 in chips) 
ARCTlCkiss: posts small blind $0.50
BoyLoc0: posts big blind $1
*** HOLE CARDS ***
VahTang_89: folds 
Oli3579: folds 
martinobabe: folds 
poker_soul11: raises $1.20 to $2.20
ARCTlCkiss: folds 
BoyLoc0: calls $1.20
*** FLOP *** [Qc 7d Kh]
BoyLoc0: checks 
poker_soul11: checks 
*** TURN *** [Qc 7d Kh] [Jd]
BoyLoc0: bets $3.50
poker_soul11: calls $3.50
*** RIVER *** [Qc 7d Kh Jd] [5h]
BoyLoc0: checks 
poker_soul11: checks 
*** SHOW DOWN ***
BoyLoc0: shows [Td Kc] (a pair of Kings)
poker_soul11: mucks hand 
BoyLoc0 collected $11.30 from pot
*** SUMMARY ***
Total pot $11.90 | Rake $0.60 
Board [Qc 7d Kh Jd 5h]
Seat 1: ARCTlCkiss (small blind) folded before Flop
Seat 2: BoyLoc0 (big blind) showed [Td Kc] and won ($11.30) with a pair of Kings
Seat 3: VahTang_89 folded before Flop (didn't bet)
Seat 4: Oli3579 folded before Flop (didn't bet)
Seat 5: martinobabe folded before Flop (didn't bet)
Seat 6: poker_soul11 (button) mucked



PokerStars Hand #254560721213:  Hold'em No Limit ($0.50/$1.00 USD) - 2025/01/26 13:15:51 WET [2025/01/26 8:15:51 ET]
Table 'Memoria IV' 6-max Seat #1 is the button
Seat 1: ARCTlCkiss ($116.50 in chips) 
Seat 2: BoyLoc0 ($130.20 in chips) 
Seat 3: VahTang_89 ($100 in chips) 
Seat 4: Oli3579 ($133.40 in chips) 
Seat 5: martinobabe ($91.63 in chips) 
Seat 6: poker_soul11 ($128.76 in chips) 
BoyLoc0: posts small blind $0.50
VahTang_89: posts big blind $1
*** HOLE CARDS ***
Oli3579: folds 
martinobabe: raises $1 to $2
poker_soul11: raises $4.50 to $6.50
ARCTlCkiss: folds 
BoyLoc0: folds 
VahTang_89: folds 
martinobabe: calls $4.50
*** FLOP *** [Tc Td 9d]
martinobabe: checks 
poker_soul11: checks 
*** TURN *** [Tc Td 9d] [Qd]
martinobabe: bets $4
poker_soul11: raises $16.34 to $20.34
martinobabe: folds 
Uncalled bet ($16.34) returned to poker_soul11
poker_soul11 collected $21.38 from pot
poker_soul11: doesn't show hand 
*** SUMMARY ***
Total pot $22.50 | Rake $1.12 
Board [Tc Td 9d Qd]
Seat 1: ARCTlCkiss (button) folded before Flop (didn't bet)
Seat 2: BoyLoc0 (small blind) folded before Flop
Seat 3: VahTang_89 (big blind) folded before Flop
Seat 4: Oli3579 folded before Flop (didn't bet)
Seat 5: martinobabe folded on the Turn
Seat 6: poker_soul11 collected ($21.38)



PokerStars Hand #254560727601:  Hold'em No Limit ($0.50/$1.00 USD) - 2025/01/26 13:16:27 WET [2025/01/26 8:16:27 ET]
Table 'Memoria IV' 6-max Seat #2 is the button
Seat 1: ARCTlCkiss ($116.50 in chips) 
Seat 2: BoyLoc0 ($129.70 in chips) 
Seat 3: VahTang_89 ($100 in chips) 
Seat 4: Oli3579 ($133.40 in chips) 
Seat 5: martinobabe ($81.13 in chips) 
Seat 6: poker_soul11 ($139.64 in chips) 
VahTang_89: posts small blind $0.50
Oli3579: posts big blind $1
*** HOLE CARDS ***
martinobabe: raises $2 to $3
poker_soul11: folds 
ARCTlCkiss: folds 
BoyLoc0: folds 
VahTang_89: folds 
Oli3579: calls $2
*** FLOP *** [Qs 6d 2c]
Oli3579: checks 
martinobabe: bets $3.09
Oli3579: folds 
Uncalled bet ($3.09) returned to martinobabe
martinobabe collected $6.18 from pot
*** SUMMARY ***
Total pot $6.50 | Rake $0.32 
Board [Qs 6d 2c]
Seat 1: ARCTlCkiss folded before Flop (didn't bet)
Seat 2: BoyLoc0 (button) folded before Flop (didn't bet)
Seat 3: VahTang_89 (small blind) folded before Flop
Seat 4: Oli3579 (big blind) folded on the Flop
Seat 5: martinobabe collected ($6.18)
Seat 6: poker_soul11 folded before Flop (didn't bet)



PokerStars Hand #254560731289:  Hold'em No Limit ($0.50/$1.00 USD) - 2025/01/26 13:16:48 WET [2025/01/26 8:16:48 ET]
Table 'Memoria IV' 6-max Seat #3 is the button
Seat 1: ARCTlCkiss ($116.50 in chips) 
Seat 2: BoyLoc0 ($129.70 in chips) 
Seat 3: VahTang_89 ($100 in chips) 
Seat 4: Oli3579 ($130.40 in chips) 
Seat 5: martinobabe ($84.31 in chips) 
Seat 6: poker_soul11 ($139.64 in chips) 
Oli3579: posts small blind $0.50
martinobabe: posts big blind $1
*** HOLE CARDS ***
poker_soul11: folds 
ARCTlCkiss: folds 
BoyLoc0: folds 
VahTang_89: raises $1.20 to $2.20
Oli3579: folds 
martinobabe: calls $1.20
*** FLOP *** [Js 4c Td]
martinobabe: checks 
VahTang_89: bets $2.33
martinobabe: calls $2.33
*** TURN *** [Js 4c Td] [2h]
martinobabe: checks 
VahTang_89: bets $6.81
martinobabe: folds 
Uncalled bet ($6.81) returned to VahTang_89
VahTang_89 collected $9.08 from pot
VahTang_89: doesn't show hand 
*** SUMMARY ***
Total pot $9.56 | Rake $0.48 
Board [Js 4c Td 2h]
Seat 1: ARCTlCkiss folded before Flop (didn't bet)
Seat 2: BoyLoc0 folded before Flop (didn't bet)
Seat 3: VahTang_89 (button) collected ($9.08)
Seat 4: Oli3579 (small blind) folded before Flop
Seat 5: martinobabe (big blind) folded on the Turn
Seat 6: poker_soul11 folded before Flop (didn't bet)



PokerStars Hand #254560735826:  Hold'em No Limit ($0.50/$1.00 USD) - 2025/01/26 13:17:13 WET [2025/01/26 8:17:13 ET]
Table 'Memoria IV' 6-max Seat #4 is the button
Seat 1: ARCTlCkiss ($116.50 in chips) 
Seat 2: BoyLoc0 ($129.70 in chips) 
Seat 3: VahTang_89 ($104.55 in chips) 
Seat 4: Oli3579 ($129.90 in chips) 
Seat 5: martinobabe ($79.78 in chips) 
Seat 6: poker_soul11 ($139.64 in chips) 
martinobabe: posts small blind $0.50
poker_soul11: posts big blind $1
*** HOLE CARDS ***
ARCTlCkiss: folds 
BoyLoc0: raises $1.50 to $2.50
VahTang_89: folds 
Oli3579: folds 
martinobabe: folds 
poker_soul11: folds 
Uncalled bet ($1.50) returned to BoyLoc0
BoyLoc0 collected $2.50 from pot
BoyLoc0: doesn't show hand 
*** SUMMARY ***
Total pot $2.50 | Rake $0 
Seat 1: ARCTlCkiss folded before Flop (didn't bet)
Seat 2: BoyLoc0 collected ($2.50)
Seat 3: VahTang_89 folded before Flop (didn't bet)
Seat 4: Oli3579 (button) folded before Flop (didn't bet)
Seat 5: martinobabe (small blind) folded before Flop
Seat 6: poker_soul11 (big blind) folded before Flop



PokerStars Hand #254560737864:  Hold'em No Limit ($0.50/$1.00 USD) - 2025/01/26 13:17:24 WET [2025/01/26 8:17:24 ET]
Table 'Memoria IV' 6-max Seat #5 is the button
Seat 1: ARCTlCkiss ($116.50 in chips) 
Seat 2: BoyLoc0 ($131.20 in chips) 
Seat 3: VahTang_89 ($104.55 in chips) 
Seat 4: Oli3579 ($129.90 in chips) 
Seat 5: martinobabe ($79.28 in chips) 
Seat 6: poker_soul11 ($138.64 in chips) 
poker_soul11: posts small blind $0.50
ARCTlCkiss: posts big blind $1
*** HOLE CARDS ***
BoyLoc0: raises $1.50 to $2.50
VahTang_89: folds 
Oli3579: folds 
martinobabe: calls $2.50
poker_soul11: raises $11.50 to $14
ARCTlCkiss: folds 
BoyLoc0: folds 
martinobabe: calls $11.50
*** FLOP *** [6h Kh 5h]
poker_soul11: bets $7.48
martinobabe: calls $7.48
*** TURN *** [6h Kh 5h] [7c]
poker_soul11: bets $59
martinobabe: folds 
Uncalled bet ($59) returned to poker_soul11
poker_soul11 collected $44.14 from pot
poker_soul11: doesn't show hand 
*** SUMMARY ***
Total pot $46.46 | Rake $2.32 
Board [6h Kh 5h 7c]
Seat 1: ARCTlCkiss (big blind) folded before Flop
Seat 2: BoyLoc0 folded before Flop
Seat 3: VahTang_89 folded before Flop (didn't bet)
Seat 4: Oli3579 folded before Flop (didn't bet)
Seat 5: martinobabe (button) folded on the Turn
Seat 6: poker_soul11 (small blind) collected ($44.14)



PokerStars Hand #254560744445:  Hold'em No Limit ($0.50/$1.00 USD) - 2025/01/26 13:18:01 WET [2025/01/26 8:18:01 ET]
Table 'Memoria IV' 6-max Seat #6 is the button
Seat 1: ARCTlCkiss ($115.50 in chips) 
Seat 2: BoyLoc0 ($128.70 in chips) 
Seat 3: VahTang_89 ($104.55 in chips) 
Seat 4: Oli3579 ($129.90 in chips) 
Seat 5: martinobabe ($57.80 in chips) 
Seat 6: poker_soul11 ($161.30 in chips) 
ARCTlCkiss: posts small blind $0.50
BoyLoc0: posts big blind $1
*** HOLE CARDS ***
VahTang_89: folds 
Oli3579: folds 
martinobabe: raises $2 to $3
poker_soul11: folds 
ARCTlCkiss: raises $8 to $11
BoyLoc0: raises $11 to $22
martinobabe: folds 
ARCTlCkiss: calls $11
*** FLOP *** [2c 5d Jh]
ARCTlCkiss: checks 
BoyLoc0: bets $22.33
ARCTlCkiss: calls $22.33
*** TURN *** [2c 5d Jh] [7h]
ARCTlCkiss: checks 
BoyLoc0: bets $84.37 and is all-in
ARCTlCkiss: calls $71.17 and is all-in
Uncalled bet ($13.20) returned to BoyLoc0
*** RIVER *** [2c 5d Jh 7h] [3s]
*** SHOW DOWN ***
ARCTlCkiss: shows [Ah Ad] (a pair of Aces)
BoyLoc0: shows [Ks Js] (a pair of Jacks)
ARCTlCkiss collected $231.50 from pot
*** SUMMARY ***
Total pot $234 | Rake $2.50 
Board [2c 5d Jh 7h 3s]
Seat 1: ARCTlCkiss (small blind) showed [Ah Ad] and won ($231.50) with a pair of Aces
Seat 2: BoyLoc0 (big blind) showed [Ks Js] and lost with a pair of Jacks
Seat 3: VahTang_89 folded before Flop (didn't bet)
Seat 4: Oli3579 folded before Flop (didn't bet)
Seat 5: martinobabe folded before Flop
Seat 6: poker_soul11 (button) folded before Flop (didn't bet)



PokerStars Hand #254560756974:  Hold'em No Limit ($0.50/$1.00 USD) - 2025/01/26 13:19:11 WET [2025/01/26 8:19:11 ET]
Table 'Memoria IV' 6-max Seat #1 is the button
Seat 1: ARCTlCkiss ($231.50 in chips) 
Seat 2: BoyLoc0 ($100 in chips) 
Seat 3: VahTang_89 ($104.55 in chips) 
Seat 4: Oli3579 ($129.90 in chips) 
Seat 5: martinobabe ($54.80 in chips) 
Seat 6: poker_soul11 ($161.30 in chips) 
BoyLoc0: posts small blind $0.50
VahTang_89: posts big blind $1
*** HOLE CARDS ***
Oli3579: folds 
martinobabe: raises $1 to $2
poker_soul11: folds 
ARCTlCkiss: folds 
BoyLoc0: folds 
VahTang_89: folds 
Uncalled bet ($1) returned to martinobabe
martinobabe collected $2.50 from pot
*** SUMMARY ***
Total pot $2.50 | Rake $0 
Seat 1: ARCTlCkiss (button) folded before Flop (didn't bet)
Seat 2: BoyLoc0 (small blind) folded before Flop
Seat 3: VahTang_89 (big blind) folded before Flop
Seat 4: Oli3579 folded before Flop (didn't bet)
Seat 5: martinobabe collected ($2.50)
Seat 6: poker_soul11 folded before Flop (didn't bet)



PokerStars Hand #254560759411:  Hold'em No Limit ($0.50/$1.00 USD) - 2025/01/26 13:19:24 WET [2025/01/26 8:19:24 ET]
Table 'Memoria IV' 6-max Seat #2 is the button
Seat 1: ARCTlCkiss ($231.50 in chips) 
Seat 2: BoyLoc0 ($100 in chips) 
Seat 3: VahTang_89 ($103.55 in chips) 
Seat 4: Oli3579 ($129.90 in chips) 
Seat 5: martinobabe ($56.30 in chips) 
Seat 6: poker_soul11 ($161.30 in chips) 
VahTang_89: posts small blind $0.50
Oli3579: posts big blind $1
*** HOLE CARDS ***
martinobabe: raises $1 to $2
poker_soul11: folds 
ARCTlCkiss: folds 
BoyLoc0: raises $5.50 to $7.50
VahTang_89: folds 
Oli3579: folds 
martinobabe: calls $5.50
*** FLOP *** [8s 2s Qd]
martinobabe: checks 
BoyLoc0: bets $7.84
martinobabe: calls $7.84
*** TURN *** [8s 2s Qd] [9s]
martinobabe: checks 
BoyLoc0: checks 
*** RIVER *** [8s 2s Qd 9s] [3s]
martinobabe: bets $18.29
BoyLoc0: raises $50.36 to $68.65
martinobabe: calls $22.67 and is all-in
Uncalled bet ($27.69) returned to BoyLoc0
*** SHOW DOWN ***
BoyLoc0: shows [As Td] (a flush, Ace high)
martinobabe: shows [Ts Jd] (a flush, Ten high)
BoyLoc0 collected $111.60 from pot
*** SUMMARY ***
Total pot $114.10 | Rake $2.50 
Board [8s 2s Qd 9s 3s]
Seat 1: ARCTlCkiss folded before Flop (didn't bet)
Seat 2: BoyLoc0 (button) showed [As Td] and won ($111.60) with a flush, Ace high
Seat 3: VahTang_89 (small blind) folded before Flop
Seat 4: Oli3579 (big blind) folded before Flop
Seat 5: martinobabe showed [Ts Jd] and lost with a flush, Ten high
Seat 6: poker_soul11 folded before Flop (didn't bet)



PokerStars Hand #254560767204:  Hold'em No Limit ($0.50/$1.00 USD) - 2025/01/26 13:20:08 WET [2025/01/26 8:20:08 ET]
Table 'Memoria IV' 6-max Seat #3 is the button
Seat 5: martinobabe ($0 in chips) is sitting out
Seat 1: ARCTlCkiss ($231.50 in chips) 
Seat 2: BoyLoc0 ($155.30 in chips) 
Seat 3: VahTang_89 ($103.05 in chips) 
Seat 4: Oli3579 ($128.90 in chips) 
Seat 6: poker_soul11 ($161.30 in chips) 
Oli3579: posts small blind $0.50
poker_soul11: posts big blind $1
*** HOLE CARDS ***
ARCTlCkiss: folds 
BoyLoc0: folds 
VahTang_89: folds 
Oli3579: folds 
Uncalled bet ($0.50) returned to poker_soul11
poker_soul11 collected $1 from pot
poker_soul11: doesn't show hand 
*** SUMMARY ***
Total pot $1 | Rake $0 
Seat 5: martinobabe
Seat 1: ARCTlCkiss folded before Flop (didn't bet)
Seat 2: BoyLoc0 folded before Flop (didn't bet)
Seat 3: VahTang_89 (button) folded before Flop (didn't bet)
Seat 4: Oli3579 (small blind) folded before Flop
Seat 6: poker_soul11 (big blind) collected ($1)



PokerStars Hand #254560769215:  Hold'em No Limit ($0.50/$1.00 USD) - 2025/01/26 13:20:19 WET [2025/01/26 8:20:19 ET]
Table 'Memoria IV' 6-max Seat #4 is the button
Seat 5: martinobabe ($0 in chips) is sitting out
Seat 1: ARCTlCkiss ($231.50 in chips) 
Seat 2: BoyLoc0 ($155.30 in chips) 
Seat 3: VahTang_89 ($103.05 in chips) 
Seat 4: Oli3579 ($128.40 in chips) 
Seat 6: poker_soul11 ($161.80 in chips) 
poker_soul11: posts small blind $0.50
ARCTlCkiss: posts big blind $1
*** HOLE CARDS ***
BoyLoc0: folds 
VahTang_89: folds 
Oli3579: folds 
poker_soul11: folds 
Uncalled bet ($0.50) returned to ARCTlCkiss
ARCTlCkiss collected $1 from pot
ARCTlCkiss: doesn't show hand 
*** SUMMARY ***
Total pot $1 | Rake $0 
Seat 5: martinobabe
Seat 1: ARCTlCkiss (big blind) collected ($1)
Seat 2: BoyLoc0 folded before Flop (didn't bet)
Seat 3: VahTang_89 folded before Flop (didn't bet)
Seat 4: Oli3579 (button) folded before Flop (didn't bet)
Seat 6: poker_soul11 (small blind) folded before Flop



PokerStars Hand #254560770897:  Hold'em No Limit ($0.50/$1.00 USD) - 2025/01/26 13:20:28 WET [2025/01/26 8:20:28 ET]
Table 'Memoria IV' 6-max Seat #6 is the button
Seat 5: martinobabe ($0 in chips) is sitting out
Seat 1: ARCTlCkiss ($232 in chips) 
Seat 2: BoyLoc0 ($155.30 in chips) 
Seat 3: VahTang_89 ($103.05 in chips) 
Seat 4: Oli3579 ($128.40 in chips) 
Seat 6: poker_soul11 ($161.30 in chips) 
ARCTlCkiss: posts small blind $0.50
BoyLoc0: posts big blind $1
*** HOLE CARDS ***
VahTang_89: folds 
martinobabe is disconnected 
Oli3579: raises $1.25 to $2.25
poker_soul11: folds 
ARCTlCkiss: folds 
BoyLoc0: folds 
Uncalled bet ($1.25) returned to Oli3579
Oli3579 collected $2.50 from pot
Oli3579: doesn't show hand 
*** SUMMARY ***
Total pot $2.50 | Rake $0 
Seat 5: martinobabe
Seat 1: ARCTlCkiss (small blind) folded before Flop
Seat 2: BoyLoc0 (big blind) folded before Flop
Seat 3: VahTang_89 folded before Flop (didn't bet)
Seat 4: Oli3579 collected ($2.50)
Seat 6: poker_soul11 (button) folded before Flop (didn't bet)



PokerStars Hand #254560774365:  Hold'em No Limit ($0.50/$1.00 USD) - 2025/01/26 13:20:48 WET [2025/01/26 8:20:48 ET]
Table 'Memoria IV' 6-max Seat #1 is the button
Seat 3: VahTang_89 ($103.05 in chips) is sitting out
Seat 5: martinobabe ($0 in chips) is sitting out
Seat 1: ARCTlCkiss ($231.50 in chips) 
Seat 2: BoyLoc0 ($154.30 in chips) 
Seat 4: Oli3579 ($129.90 in chips) 
Seat 6: poker_soul11 ($161.30 in chips) 
BoyLoc0: posts small blind $0.50
VahTang_89: is sitting out 
Oli3579: posts big blind $1
*** HOLE CARDS ***
VahTang_89 leaves the table
poker_soul11: folds 
ARCTlCkiss: folds 
BoyLoc0: raises $2 to $3
Oli3579: calls $2
*** FLOP *** [Jh 2s Qc]
BoyLoc0: bets $1.88
Oli3579: calls $1.88
*** TURN *** [Jh 2s Qc] [5c]
BoyLoc0: bets $22.91
Oli3579: folds 
Uncalled bet ($22.91) returned to BoyLoc0
BoyLoc0 collected $9.27 from pot
BoyLoc0: doesn't show hand 
*** SUMMARY ***
Total pot $9.76 | Rake $0.49 
Board [Jh 2s Qc 5c]
Seat 3: VahTang_89
Seat 5: martinobabe
Seat 1: ARCTlCkiss (button) folded before Flop (didn't bet)
Seat 2: BoyLoc0 (small blind) collected ($9.27)
Seat 4: Oli3579 (big blind) folded on the Turn
Seat 6: poker_soul11 folded before Flop (didn't bet)



PokerStars Hand #254560782897:  Hold'em No Limit ($0.50/$1.00 USD) - 2025/01/26 13:21:36 WET [2025/01/26 8:21:36 ET]
Table 'Memoria IV' 6-max Seat #2 is the button
Seat 5: martinobabe ($0 in chips) is sitting out
Seat 1: ARCTlCkiss ($231.50 in chips) 
Seat 2: BoyLoc0 ($158.69 in chips) 
Seat 4: Oli3579 ($125.02 in chips) 
Seat 6: poker_soul11 ($161.30 in chips) 
Oli3579: posts small blind $0.50
poker_soul11: posts big blind $1
*** HOLE CARDS ***
ARCTlCkiss: folds 
BoyLoc0: folds 
Oli3579: folds 
Uncalled bet ($0.50) returned to poker_soul11
poker_soul11 collected $1 from pot
poker_soul11: doesn't show hand 
*** SUMMARY ***
Total pot $1 | Rake $0 
Seat 5: martinobabe
Seat 1: ARCTlCkiss folded before Flop (didn't bet)
Seat 2: BoyLoc0 (button) folded before Flop (didn't bet)
Seat 4: Oli3579 (small blind) folded before Flop
Seat 6: poker_soul11 (big blind) collected ($1)



PokerStars Hand #254560784382:  Hold'em No Limit ($0.50/$1.00 USD) - 2025/01/26 13:21:44 WET [2025/01/26 8:21:44 ET]
Table 'Memoria IV' 6-max Seat #4 is the button
Seat 1: ARCTlCkiss ($231.50 in chips) is sitting out
Seat 5: martinobabe ($0 in chips) is sitting out
Seat 2: BoyLoc0 ($158.69 in chips) 
Seat 4: Oli3579 ($124.52 in chips) 
Seat 6: poker_soul11 ($161.80 in chips) 
poker_soul11: posts small blind $0.50
ARCTlCkiss: is sitting out 
BoyLoc0: posts big blind $1
*** HOLE CARDS ***
Oli3579: raises $1.25 to $2.25
poker_soul11: folds 
ARCTlCkiss leaves the table
BoyLoc0: calls $1.25
*** FLOP *** [Kd 5h Js]
BoyLoc0: checks 
Oli3579: bets $6
BoyLoc0: folds 
Uncalled bet ($6) returned to Oli3579
Oli3579 collected $4.75 from pot
Oli3579: doesn't show hand 
*** SUMMARY ***
Total pot $5 | Rake $0.25 
Board [Kd 5h Js]
Seat 1: ARCTlCkiss
Seat 5: martinobabe
Seat 2: BoyLoc0 (big blind) folded on the Flop
Seat 4: Oli3579 (button) collected ($4.75)
Seat 6: poker_soul11 (small blind) folded before Flop



PokerStars Hand #254560788571:  Hold'em No Limit ($0.50/$1.00 USD) - 2025/01/26 13:22:08 WET [2025/01/26 8:22:08 ET]
Table 'Memoria IV' 6-max Seat #2 is the button
Seat 4: Oli3579 ($127.02 in chips) is sitting out
Seat 5: martinobabe ($0 in chips) is sitting out
Seat 2: BoyLoc0 ($156.44 in chips) 
Seat 6: poker_soul11 ($161.30 in chips) 
BoyLoc0: posts small blind $0.50
Oli3579: is sitting out 
poker_soul11: posts big blind $1
*** HOLE CARDS ***
BoyLoc0: raises $1.50 to $2.50
poker_soul11: calls $1.50
*** FLOP *** [6d 5h Ah]
poker_soul11: checks 
BoyLoc0: bets $1.57
poker_soul11: raises $3.95 to $5.52
BoyLoc0: calls $3.95
*** TURN *** [6d 5h Ah] [6h]
poker_soul11: checks 
BoyLoc0: bets $5.03
poker_soul11: folds 
Uncalled bet ($5.03) returned to BoyLoc0
BoyLoc0 collected $15.24 from pot
BoyLoc0: doesn't show hand 
*** SUMMARY ***
Total pot $16.04 | Rake $0.80 
Board [6d 5h Ah 6h]
Seat 4: Oli3579
Seat 5: martinobabe
Seat 2: BoyLoc0 (button) (small blind) collected ($15.24)
Seat 6: poker_soul11 (big blind) folded on the Turn



PokerStars Hand #254560804306:  Hold'em No Limit ($0.50/$1.00 USD) - 2025/01/26 13:23:38 WET [2025/01/26 8:23:38 ET]
Table 'Memoria IV' 6-max Seat #6 is the button
Seat 4: Oli3579 ($127.02 in chips) is sitting out
Seat 5: martinobabe ($0 in chips) is sitting out
Seat 2: BoyLoc0 ($163.66 in chips) 
Seat 6: poker_soul11 ($153.28 in chips) 
poker_soul11: posts small blind $0.50
BoyLoc0: posts big blind $1
*** HOLE CARDS ***
poker_soul11: folds 
Uncalled bet ($0.50) returned to BoyLoc0
BoyLoc0 collected $1 from pot
BoyLoc0: doesn't show hand 
*** SUMMARY ***
Total pot $1 | Rake $0 
Seat 4: Oli3579
Seat 5: martinobabe
Seat 2: BoyLoc0 (big blind) collected ($1)
Seat 6: poker_soul11 (button) (small blind) folded before Flop



