PokerStars Hand #254557280765:  Hold'em No Limit ($0.50/$1.00 USD) - 2025/01/26 4:13:50 WET [2025/01/25 23:13:50 ET]
Table 'Situla III' 6-max Seat #3 is the button
Seat 1: m0nTTu ($10 in chips) 
Seat 2: steepfell ($100 in chips) 
Seat 3: XneferX ($100 in chips) 
Seat 4: lalobaltazar ($16.28 in chips) 
Seat 5: B1GBankroll ($100 in chips) 
Seat 6: Manifestorr ($100 in chips) 
lalobaltazar: posts small blind $0.50
B1GBankroll: posts big blind $1
*** HOLE CARDS ***
Manifestorr: folds 
m0nTTu: folds 
steepfell: folds 
XneferX: folds 
lalobaltazar: folds 
Uncalled bet ($0.50) returned to B1GBankroll
lalobaltazar leaves the table
B1GBankroll collected $1 from pot
B1GBankroll: doesn't show hand 
*** SUMMARY ***
Total pot $1 | Rake $0 
Seat 1: m0nTTu folded before Flop (didn't bet)
Seat 2: steepfell folded before Flop (didn't bet)
Seat 3: XneferX (button) folded before Flop (didn't bet)
Seat 4: lalobaltazar (small blind) folded before Flop
Seat 5: B1GBankroll (big blind) collected ($1)
Seat 6: Manifestorr folded before Flop (didn't bet)



PokerStars Hand #254557282877:  Hold'em No Limit ($0.50/$1.00 USD) - 2025/01/26 4:14:09 WET [2025/01/25 23:14:09 ET]
Table 'Situla III' 6-max Seat #5 is the button
Seat 1: m0nTTu ($10 in chips) 
Seat 2: steepfell ($100 in chips) 
Seat 3: XneferX ($100 in chips) 
Seat 5: B1GBankroll ($100.50 in chips) 
Seat 6: Manifestorr ($100 in chips) 
Manifestorr: posts small blind $0.50
m0nTTu: posts big blind $1
*** HOLE CARDS ***
steepfell: folds 
XneferX: folds 
B1GBankroll: folds 
Manifestorr: raises $2 to $3
m0nTTu: folds 
Uncalled bet ($2) returned to Manifestorr
Manifestorr collected $2 from pot
*** SUMMARY ***
Total pot $2 | Rake $0 
Seat 1: m0nTTu (big blind) folded before Flop
Seat 2: steepfell folded before Flop (didn't bet)
Seat 3: XneferX folded before Flop (didn't bet)
Seat 5: B1GBankroll (button) folded before Flop (didn't bet)
Seat 6: Manifestorr (small blind) collected ($2)



PokerStars Hand #254557286611:  Hold'em No Limit ($0.50/$1.00 USD) - 2025/01/26 4:14:40 WET [2025/01/25 23:14:40 ET]
Table 'Situla III' 6-max Seat #6 is the button
Seat 2: steepfell ($100 in chips) is sitting out
Seat 3: XneferX ($100 in chips) is sitting out
Seat 1: m0nTTu ($10 in chips) 
Seat 5: B1GBankroll ($100.50 in chips) 
Seat 6: Manifestorr ($101 in chips) 
m0nTTu: posts small blind $0.50
steepfell: is sitting out 
XneferX: is sitting out 
B1GBankroll: posts big blind $1
*** HOLE CARDS ***
steepfell leaves the table
XneferX leaves the table
Manifestorr: folds 
m0nTTu: folds 
Uncalled bet ($0.50) returned to B1GBankroll
B1GBankroll collected $1 from pot
B1GBankroll: doesn't show hand 
*** SUMMARY ***
Total pot $1 | Rake $0 
Seat 2: steepfell
Seat 3: XneferX
Seat 1: m0nTTu (small blind) folded before Flop
Seat 5: B1GBankroll (big blind) collected ($1)
Seat 6: Manifestorr (button) folded before Flop (didn't bet)



PokerStars Hand #254557287672:  Hold'em No Limit ($0.50/$1.00 USD) - 2025/01/26 4:14:50 WET [2025/01/25 23:14:50 ET]
Table 'Situla III' 6-max Seat #1 is the button
Seat 1: m0nTTu ($10 in chips) 
Seat 5: B1GBankroll ($101 in chips) 
Seat 6: Manifestorr ($101 in chips) 
B1GBankroll: posts small blind $0.50
Manifestorr: posts big blind $1
*** HOLE CARDS ***
m0nTTu: folds 
B1GBankroll: folds 
Uncalled bet ($0.50) returned to Manifestorr
Manifestorr collected $1 from pot
*** SUMMARY ***
Total pot $1 | Rake $0 
Seat 1: m0nTTu (button) folded before Flop (didn't bet)
Seat 5: B1GBankroll (small blind) folded before Flop
Seat 6: Manifestorr (big blind) collected ($1)



