PokerStars Hand #254571891213:  Hold'em No Limit ($0.50/$1.00 USD) - 2025/01/26 23:22:12 WET [2025/01/26 18:22:12 ET]
Table 'Tone IV' 6-max Seat #4 is the button
Seat 1: nikalas22 ($100.50 in chips) 
Seat 4: Manifestorr ($100 in chips) 
Seat 6: m0nTTu ($11.50 in chips) 
m0nTTu: posts small blind $0.50
nikalas22: posts big blind $1
*** HOLE CARDS ***
Manifestorr: raises $1.20 to $2.20
m0nTTu: folds 
nikalas22: folds 
Uncalled bet ($1.20) returned to Manifestorr
Manifestorr collected $2.50 from pot
*** SUMMARY ***
Total pot $2.50 | Rake $0 
Seat 1: nikalas22 (big blind) folded before Flop
Seat 4: Manifestorr (button) collected ($2.50)
Seat 6: m0nTTu (small blind) folded before Flop



PokerStars Hand #254571897446:  Hold'em No Limit ($0.50/$1.00 USD) - 2025/01/26 23:22:36 WET [2025/01/26 18:22:36 ET]
Table 'Tone IV' 6-max Seat #6 is the button
Seat 1: nikalas22 ($100 in chips) 
Seat 4: Manifestorr ($101.50 in chips) 
Seat 6: m0nTTu ($11 in chips) 
nikalas22: posts small blind $0.50
Manifestorr: posts big blind $1
*** HOLE CARDS ***
m0nTTu: raises $10 to $11 and is all-in
nikalas22: folds 
Manifestorr: calls $10
*** FIRST FLOP *** [8d Kc Qh]
*** FIRST TURN *** [8d Kc Qh] [6c]
*** FIRST RIVER *** [8d Kc Qh 6c] [9s]
*** SECOND FLOP *** [8s 4c 4s]
*** SECOND TURN *** [8s 4c 4s] [7d]
*** SECOND RIVER *** [8s 4c 4s 7d] [Ad]
*** FIRST SHOW DOWN ***
Manifestorr: shows [Qd As] (a pair of Queens)
m0nTTu: shows [Jh Js] (a pair of Jacks)
Manifestorr collected $10.75 from pot
*** SECOND SHOW DOWN ***
Manifestorr: shows [Qd As] (two pair, Aces and Fours)
m0nTTu: shows [Jh Js] (two pair, Jacks and Fours)
Manifestorr collected $10.75 from pot
*** SUMMARY ***
Total pot $22.50 | Rake $1 
Hand was run twice
FIRST Board [8d Kc Qh 6c 9s]
SECOND Board [8s 4c 4s 7d Ad]
Seat 1: nikalas22 (small blind) folded before Flop
Seat 4: Manifestorr (big blind) showed [Qd As] and won ($10.75) with a pair of Queens, and won ($10.75) with two pair, Aces and Fours
Seat 6: m0nTTu (button) showed [Jh Js] and lost with a pair of Jacks, and lost with two pair, Jacks and Fours



PokerStars Hand #254571904290:  Hold'em No Limit ($0.50/$1.00 USD) - 2025/01/26 23:23:02 WET [2025/01/26 18:23:02 ET]
Table 'Tone IV' 6-max Seat #1 is the button
Seat 1: nikalas22 ($100 in chips) 
Seat 4: Manifestorr ($112 in chips) 
Seat 6: m0nTTu ($10 in chips) 
Manifestorr: posts small blind $0.50
m0nTTu: posts big blind $1
*** HOLE CARDS ***
nikalas22: folds 
Manifestorr: folds 
Uncalled bet ($0.50) returned to m0nTTu
m0nTTu collected $1 from pot
m0nTTu: doesn't show hand 
*** SUMMARY ***
Total pot $1 | Rake $0 
Seat 1: nikalas22 (button) folded before Flop (didn't bet)
Seat 4: Manifestorr (small blind) folded before Flop
Seat 6: m0nTTu (big blind) collected ($1)



PokerStars Hand #254571906435:  Hold'em No Limit ($0.50/$1.00 USD) - 2025/01/26 23:23:10 WET [2025/01/26 18:23:10 ET]
Table 'Tone IV' 6-max Seat #4 is the button
Seat 1: nikalas22 ($100 in chips) 
Seat 4: Manifestorr ($111.50 in chips) 
Seat 6: m0nTTu ($10.50 in chips) 
m0nTTu: posts small blind $0.50
nikalas22: posts big blind $1
*** HOLE CARDS ***
Manifestorr: raises $1.20 to $2.20
m0nTTu: raises $8.30 to $10.50 and is all-in
nikalas22: folds 
Manifestorr: calls $8.30
*** FIRST FLOP *** [6s Qd 2s]
*** FIRST TURN *** [6s Qd 2s] [3s]
*** FIRST RIVER *** [6s Qd 2s 3s] [5c]
*** SECOND FLOP *** [Ac 7d 9s]
*** SECOND TURN *** [Ac 7d 9s] [Ks]
*** SECOND RIVER *** [Ac 7d 9s Ks] [4h]
*** FIRST SHOW DOWN ***
m0nTTu: shows [As 4s] (a flush, Ace high)
Manifestorr: shows [Jh Qh] (a pair of Queens)
m0nTTu collected $10.50 from pot
*** SECOND SHOW DOWN ***
m0nTTu: shows [As 4s] (two pair, Aces and Fours)
Manifestorr: shows [Jh Qh] (high card Ace)
m0nTTu collected $10.50 from pot
*** SUMMARY ***
Total pot $22 | Rake $1 
Hand was run twice
FIRST Board [6s Qd 2s 3s 5c]
SECOND Board [Ac 7d 9s Ks 4h]
Seat 1: nikalas22 (big blind) folded before Flop
Seat 4: Manifestorr (button) showed [Jh Qh] and lost with a pair of Queens, and lost with high card Ace
Seat 6: m0nTTu (small blind) showed [As 4s] and won ($10.50) with a flush, Ace high, and won ($10.50) with two pair, Aces and Fours



PokerStars Hand #254571915707:  Hold'em No Limit ($0.50/$1.00 USD) - 2025/01/26 23:23:44 WET [2025/01/26 18:23:44 ET]
Table 'Tone IV' 6-max Seat #1 is the button
Seat 4: Manifestorr ($101 in chips) is sitting out
Seat 1: nikalas22 ($100 in chips) 
Seat 6: m0nTTu ($21 in chips) 
nikalas22: posts small blind $0.50
Manifestorr: is sitting out 
m0nTTu: posts big blind $1
*** HOLE CARDS ***
Manifestorr leaves the table
nikalas22: raises $1.50 to $2.50
m0nTTu: folds 
Uncalled bet ($1.50) returned to nikalas22
nikalas22 collected $2 from pot
nikalas22: doesn't show hand 
*** SUMMARY ***
Total pot $2 | Rake $0 
Seat 4: Manifestorr
Seat 1: nikalas22 (button) (small blind) collected ($2)
Seat 6: m0nTTu (big blind) folded before Flop



PokerStars Hand #254571923219:  Hold'em No Limit ($0.50/$1.00 USD) - 2025/01/26 23:24:13 WET [2025/01/26 18:24:13 ET]
Table 'Tone IV' 6-max Seat #6 is the button
Seat 1: nikalas22 ($101 in chips) 
Seat 6: m0nTTu ($20 in chips) 
m0nTTu: posts small blind $0.50
nikalas22: posts big blind $1
*** HOLE CARDS ***
m0nTTu: raises $1 to $2
nikalas22: calls $1
*** FLOP *** [4h Ts Ks]
nikalas22: checks 
m0nTTu: bets $1.25
nikalas22: folds 
Uncalled bet ($1.25) returned to m0nTTu
m0nTTu collected $3.80 from pot
m0nTTu: doesn't show hand 
*** SUMMARY ***
Total pot $4 | Rake $0.20 
Board [4h Ts Ks]
Seat 1: nikalas22 (big blind) folded on the Flop
Seat 6: m0nTTu (button) (small blind) collected ($3.80)



PokerStars Hand #254572061621:  Hold'em No Limit ($0.50/$1.00 USD) - 2025/01/26 23:32:55 WET [2025/01/26 18:32:55 ET]
Table 'Tone IV' 6-max Seat #2 is the button
Seat 2: XneferX ($100 in chips) 
Seat 4: nikalas22 ($100 in chips) 
Seat 6: m0nTTu ($21.80 in chips) 
nikalas22: posts small blind $0.50
m0nTTu: posts big blind $1
*** HOLE CARDS ***
XneferX: folds 
nikalas22: folds 
Uncalled bet ($0.50) returned to m0nTTu
m0nTTu collected $1 from pot
m0nTTu: doesn't show hand 
*** SUMMARY ***
Total pot $1 | Rake $0 
Seat 2: XneferX (button) folded before Flop (didn't bet)
Seat 4: nikalas22 (small blind) folded before Flop
Seat 6: m0nTTu (big blind) collected ($1)



PokerStars Hand #254572066582:  Hold'em No Limit ($0.50/$1.00 USD) - 2025/01/26 23:33:14 WET [2025/01/26 18:33:14 ET]
Table 'Tone IV' 6-max Seat #4 is the button
Seat 2: XneferX ($100 in chips) 
Seat 4: nikalas22 ($100 in chips) 
Seat 6: m0nTTu ($22.30 in chips) 
m0nTTu: posts small blind $0.50
XneferX: posts big blind $1
*** HOLE CARDS ***
nikalas22: folds 
m0nTTu: folds 
Uncalled bet ($0.50) returned to XneferX
XneferX collected $1 from pot
XneferX: doesn't show hand 
*** SUMMARY ***
Total pot $1 | Rake $0 
Seat 2: XneferX (big blind) collected ($1)
Seat 4: nikalas22 (button) folded before Flop (didn't bet)
Seat 6: m0nTTu (small blind) folded before Flop



PokerStars Hand #254572073612:  Hold'em No Limit ($0.50/$1.00 USD) - 2025/01/26 23:33:42 WET [2025/01/26 18:33:42 ET]
Table 'Tone IV' 6-max Seat #6 is the button
Seat 2: XneferX ($100.50 in chips) 
Seat 4: nikalas22 ($100 in chips) 
Seat 6: m0nTTu ($21.80 in chips) 
XneferX: posts small blind $0.50
nikalas22: posts big blind $1
*** HOLE CARDS ***
m0nTTu: folds 
XneferX: raises $2 to $3
nikalas22: calls $2
*** FLOP *** [9c 7c 2c]
XneferX: bets $1.94
nikalas22: raises $4.79 to $6.73
XneferX: folds 
Uncalled bet ($4.79) returned to nikalas22
nikalas22 collected $9.39 from pot
nikalas22: doesn't show hand 
*** SUMMARY ***
Total pot $9.88 | Rake $0.49 
Board [9c 7c 2c]
Seat 2: XneferX (small blind) folded on the Flop
Seat 4: nikalas22 (big blind) collected ($9.39)
Seat 6: m0nTTu (button) folded before Flop (didn't bet)



PokerStars Hand #254572087466:  Hold'em No Limit ($0.50/$1.00 USD) - 2025/01/26 23:34:35 WET [2025/01/26 18:34:35 ET]
Table 'Tone IV' 6-max Seat #2 is the button
Seat 2: XneferX ($100 in chips) 
Seat 4: nikalas22 ($104.45 in chips) 
Seat 6: m0nTTu ($21.80 in chips) 
nikalas22: posts small blind $0.50
m0nTTu: posts big blind $1
*** HOLE CARDS ***
XneferX: folds 
nikalas22: folds 
Uncalled bet ($0.50) returned to m0nTTu
m0nTTu collected $1 from pot
m0nTTu: doesn't show hand 
*** SUMMARY ***
Total pot $1 | Rake $0 
Seat 2: XneferX (button) folded before Flop (didn't bet)
Seat 4: nikalas22 (small blind) folded before Flop
Seat 6: m0nTTu (big blind) collected ($1)



PokerStars Hand #254572089490:  Hold'em No Limit ($0.50/$1.00 USD) - 2025/01/26 23:34:43 WET [2025/01/26 18:34:43 ET]
Table 'Tone IV' 6-max Seat #4 is the button
Seat 2: XneferX ($100 in chips) 
Seat 4: nikalas22 ($103.95 in chips) 
Seat 6: m0nTTu ($22.30 in chips) 
m0nTTu: posts small blind $0.50
XneferX: posts big blind $1
*** HOLE CARDS ***
nikalas22: folds 
m0nTTu: folds 
Uncalled bet ($0.50) returned to XneferX
XneferX collected $1 from pot
XneferX: doesn't show hand 
*** SUMMARY ***
Total pot $1 | Rake $0 
Seat 2: XneferX (big blind) collected ($1)
Seat 4: nikalas22 (button) folded before Flop (didn't bet)
Seat 6: m0nTTu (small blind) folded before Flop



PokerStars Hand #254572094502:  Hold'em No Limit ($0.50/$1.00 USD) - 2025/01/26 23:35:03 WET [2025/01/26 18:35:03 ET]
Table 'Tone IV' 6-max Seat #6 is the button
Seat 2: XneferX ($100.50 in chips) is sitting out
Seat 4: nikalas22 ($103.95 in chips) 
Seat 6: m0nTTu ($21.80 in chips) 
m0nTTu: posts small blind $0.50
nikalas22: posts big blind $1
*** HOLE CARDS ***
XneferX leaves the table
m0nTTu: raises $20.80 to $21.80 and is all-in
nikalas22: calls $20.80
*** FIRST FLOP *** [3h 6c Kh]
*** FIRST TURN *** [3h 6c Kh] [Tc]
*** FIRST RIVER *** [3h 6c Kh Tc] [9h]
*** SECOND FLOP *** [8d 6h Kc]
*** SECOND TURN *** [8d 6h Kc] [3s]
*** SECOND RIVER *** [8d 6h Kc 3s] [6d]
*** FIRST SHOW DOWN ***
nikalas22: shows [Ah Qd] (high card Ace)
m0nTTu: shows [4d 4h] (a pair of Fours)
m0nTTu collected $21.30 from pot
*** SECOND SHOW DOWN ***
nikalas22: shows [Ah Qd] (a pair of Sixes)
m0nTTu: shows [4d 4h] (two pair, Sixes and Fours)
m0nTTu collected $21.30 from pot
*** SUMMARY ***
Total pot $43.60 | Rake $1 
Hand was run twice
FIRST Board [3h 6c Kh Tc 9h]
SECOND Board [8d 6h Kc 3s 6d]
Seat 2: XneferX
Seat 4: nikalas22 (big blind) showed [Ah Qd] and lost with high card Ace, and lost with a pair of Sixes
Seat 6: m0nTTu (button) (small blind) showed [4d 4h] and won ($21.30) with a pair of Fours, and won ($21.30) with two pair, Sixes and Fours



PokerStars Hand #254572189215:  Hold'em No Limit ($0.50/$1.00 USD) - 2025/01/26 23:41:20 WET [2025/01/26 18:41:20 ET]
Table 'Tone IV' 6-max Seat #1 is the button
Seat 1: Pippa83 ($100 in chips) 
Seat 2: Osmontaneiro17 ($100 in chips) 
Seat 3: Espada Fish ($121.09 in chips) 
Seat 4: nikalas22 ($100 in chips) 
Seat 5: SorinS28 ($100 in chips) 
Seat 6: Manifestorr ($101 in chips) 
Osmontaneiro17: posts small blind $0.50
Espada Fish: posts big blind $1
*** HOLE CARDS ***
nikalas22: folds 
SorinS28: folds 
Manifestorr: folds 
Pippa83: folds 
Osmontaneiro17: raises $1 to $2
Espada Fish: folds 
Uncalled bet ($1) returned to Osmontaneiro17
Osmontaneiro17 collected $2 from pot
*** SUMMARY ***
Total pot $2 | Rake $0 
Seat 1: Pippa83 (button) folded before Flop (didn't bet)
Seat 2: Osmontaneiro17 (small blind) collected ($2)
Seat 3: Espada Fish (big blind) folded before Flop
Seat 4: nikalas22 folded before Flop (didn't bet)
Seat 5: SorinS28 folded before Flop (didn't bet)
Seat 6: Manifestorr folded before Flop (didn't bet)



PokerStars Hand #254572195323:  Hold'em No Limit ($0.50/$1.00 USD) - 2025/01/26 23:41:45 WET [2025/01/26 18:41:45 ET]
Table 'Tone IV' 6-max Seat #2 is the button
Seat 1: Pippa83 ($100 in chips) 
Seat 2: Osmontaneiro17 ($101 in chips) 
Seat 3: Espada Fish ($120.09 in chips) 
Seat 4: nikalas22 ($100 in chips) 
Seat 5: SorinS28 ($100 in chips) 
Seat 6: Manifestorr ($101 in chips) 
Espada Fish: posts small blind $0.50
nikalas22: posts big blind $1
*** HOLE CARDS ***
SorinS28: folds 
Manifestorr: folds 
Pippa83: folds 
Osmontaneiro17: raises $1 to $2
Espada Fish: folds 
nikalas22: raises $9 to $11
Osmontaneiro17: folds 
Uncalled bet ($9) returned to nikalas22
nikalas22 collected $4.50 from pot
nikalas22: doesn't show hand 
*** SUMMARY ***
Total pot $4.50 | Rake $0 
Seat 1: Pippa83 folded before Flop (didn't bet)
Seat 2: Osmontaneiro17 (button) folded before Flop
Seat 3: Espada Fish (small blind) folded before Flop
Seat 4: nikalas22 (big blind) collected ($4.50)
Seat 5: SorinS28 folded before Flop (didn't bet)
Seat 6: Manifestorr folded before Flop (didn't bet)



PokerStars Hand #254572200946:  Hold'em No Limit ($0.50/$1.00 USD) - 2025/01/26 23:42:08 WET [2025/01/26 18:42:08 ET]
Table 'Tone IV' 6-max Seat #3 is the button
Seat 1: Pippa83 ($100 in chips) 
Seat 2: Osmontaneiro17 ($99 in chips) 
Seat 3: Espada Fish ($119.59 in chips) 
Seat 4: nikalas22 ($102.50 in chips) 
Seat 5: SorinS28 ($100 in chips) 
Seat 6: Manifestorr ($101 in chips) 
nikalas22: posts small blind $0.50
SorinS28: posts big blind $1
*** HOLE CARDS ***
Manifestorr: folds 
Pippa83: folds 
Osmontaneiro17: folds 
Espada Fish: raises $1.50 to $2.50
nikalas22: folds 
SorinS28: folds 
Uncalled bet ($1.50) returned to Espada Fish
Espada Fish collected $2.50 from pot
Espada Fish: doesn't show hand 
*** SUMMARY ***
Total pot $2.50 | Rake $0 
Seat 1: Pippa83 folded before Flop (didn't bet)
Seat 2: Osmontaneiro17 folded before Flop (didn't bet)
Seat 3: Espada Fish (button) collected ($2.50)
Seat 4: nikalas22 (small blind) folded before Flop
Seat 5: SorinS28 (big blind) folded before Flop
Seat 6: Manifestorr folded before Flop (didn't bet)



PokerStars Hand #254572206349:  Hold'em No Limit ($0.50/$1.00 USD) - 2025/01/26 23:42:30 WET [2025/01/26 18:42:30 ET]
Table 'Tone IV' 6-max Seat #4 is the button
Seat 1: Pippa83 ($100 in chips) 
Seat 2: Osmontaneiro17 ($99 in chips) 
Seat 3: Espada Fish ($121.09 in chips) 
Seat 4: nikalas22 ($102 in chips) 
Seat 5: SorinS28 ($100 in chips) 
Seat 6: Manifestorr ($101 in chips) 
SorinS28: posts small blind $0.50
Manifestorr: posts big blind $1
*** HOLE CARDS ***
Pippa83: folds 
Osmontaneiro17: folds 
Espada Fish: folds 
nikalas22: raises $1.50 to $2.50
SorinS28: raises $9 to $11.50
Manifestorr: folds 
nikalas22: raises $90.50 to $102 and is all-in
SorinS28: folds 
Uncalled bet ($90.50) returned to nikalas22
nikalas22 collected $24 from pot
nikalas22: doesn't show hand 
*** SUMMARY ***
Total pot $24 | Rake $0 
Seat 1: Pippa83 folded before Flop (didn't bet)
Seat 2: Osmontaneiro17 folded before Flop (didn't bet)
Seat 3: Espada Fish folded before Flop (didn't bet)
Seat 4: nikalas22 (button) collected ($24)
Seat 5: SorinS28 (small blind) folded before Flop
Seat 6: Manifestorr (big blind) folded before Flop



PokerStars Hand #254572213829:  Hold'em No Limit ($0.50/$1.00 USD) - 2025/01/26 23:43:00 WET [2025/01/26 18:43:00 ET]
Table 'Tone IV' 6-max Seat #5 is the button
Seat 1: Pippa83 ($100 in chips) 
Seat 2: Osmontaneiro17 ($99 in chips) 
Seat 3: Espada Fish ($121.09 in chips) 
Seat 4: nikalas22 ($114.50 in chips) 
Seat 5: SorinS28 ($100 in chips) 
Seat 6: Manifestorr ($100 in chips) 
Manifestorr: posts small blind $0.50
Pippa83: posts big blind $1
*** HOLE CARDS ***
Osmontaneiro17: raises $2 to $3
Espada Fish: folds 
nikalas22: folds 
SorinS28: folds 
Manifestorr: raises $9 to $12
Pippa83: folds 
Osmontaneiro17: calls $9
*** FLOP *** [2h Kc 8c]
Manifestorr: bets $7.84
Osmontaneiro17: calls $7.84
*** TURN *** [2h Kc 8c] [7s]
Manifestorr: checks 
Osmontaneiro17: bets $14
Manifestorr: folds 
Uncalled bet ($14) returned to Osmontaneiro17
Osmontaneiro17 collected $38.65 from pot
*** SUMMARY ***
Total pot $40.68 | Rake $2.03 
Board [2h Kc 8c 7s]
Seat 1: Pippa83 (big blind) folded before Flop
Seat 2: Osmontaneiro17 collected ($38.65)
Seat 3: Espada Fish folded before Flop (didn't bet)
Seat 4: nikalas22 folded before Flop (didn't bet)
Seat 5: SorinS28 (button) folded before Flop (didn't bet)
Seat 6: Manifestorr (small blind) folded on the Turn



PokerStars Hand #254572225061:  Hold'em No Limit ($0.50/$1.00 USD) - 2025/01/26 23:43:46 WET [2025/01/26 18:43:46 ET]
Table 'Tone IV' 6-max Seat #6 is the button
Seat 1: Pippa83 ($100 in chips) 
Seat 2: Osmontaneiro17 ($117.81 in chips) 
Seat 3: Espada Fish ($121.09 in chips) 
Seat 4: nikalas22 ($114.50 in chips) 
Seat 5: SorinS28 ($100 in chips) 
Seat 6: Manifestorr ($100 in chips) 
Pippa83: posts small blind $0.50
Osmontaneiro17: posts big blind $1
*** HOLE CARDS ***
Espada Fish: folds 
nikalas22: folds 
SorinS28: raises $1.30 to $2.30
Manifestorr: folds 
Pippa83: folds 
Osmontaneiro17: calls $1.30
*** FLOP *** [Ac Tc 7h]
Osmontaneiro17: checks 
SorinS28: checks 
*** TURN *** [Ac Tc 7h] [5c]
Osmontaneiro17: bets $2
SorinS28: calls $2
*** RIVER *** [Ac Tc 7h 5c] [Jh]
Osmontaneiro17: bets $8
SorinS28: folds 
Uncalled bet ($8) returned to Osmontaneiro17
Osmontaneiro17 collected $8.64 from pot
*** SUMMARY ***
Total pot $9.10 | Rake $0.46 
Board [Ac Tc 7h 5c Jh]
Seat 1: Pippa83 (small blind) folded before Flop
Seat 2: Osmontaneiro17 (big blind) collected ($8.64)
Seat 3: Espada Fish folded before Flop (didn't bet)
Seat 4: nikalas22 folded before Flop (didn't bet)
Seat 5: SorinS28 folded on the River
Seat 6: Manifestorr (button) folded before Flop (didn't bet)



PokerStars Hand #254572243467:  Hold'em No Limit ($0.50/$1.00 USD) - 2025/01/26 23:45:02 WET [2025/01/26 18:45:02 ET]
Table 'Tone IV' 6-max Seat #1 is the button
Seat 1: Pippa83 ($100 in chips) 
Seat 2: Osmontaneiro17 ($122.15 in chips) 
Seat 3: Espada Fish ($121.09 in chips) 
Seat 4: nikalas22 ($114.50 in chips) 
Seat 5: SorinS28 ($100 in chips) 
Seat 6: Manifestorr ($100 in chips) 
Osmontaneiro17: posts small blind $0.50
Espada Fish: posts big blind $1
*** HOLE CARDS ***
nikalas22: raises $1.50 to $2.50
SorinS28: folds 
Manifestorr: folds 
Pippa83: folds 
Osmontaneiro17: calls $2
Espada Fish: folds 
*** FLOP *** [9h 7h 3c]
Osmontaneiro17: checks 
nikalas22: checks 
*** TURN *** [9h 7h 3c] [Ks]
Osmontaneiro17: bets $3
nikalas22: folds 
Uncalled bet ($3) returned to Osmontaneiro17
Osmontaneiro17 collected $5.70 from pot
*** SUMMARY ***
Total pot $6 | Rake $0.30 
Board [9h 7h 3c Ks]
Seat 1: Pippa83 (button) folded before Flop (didn't bet)
Seat 2: Osmontaneiro17 (small blind) collected ($5.70)
Seat 3: Espada Fish (big blind) folded before Flop
Seat 4: nikalas22 folded on the Turn
Seat 5: SorinS28 folded before Flop (didn't bet)
Seat 6: Manifestorr folded before Flop (didn't bet)



PokerStars Hand #254572252424:  Hold'em No Limit ($0.50/$1.00 USD) - 2025/01/26 23:45:39 WET [2025/01/26 18:45:39 ET]
Table 'Tone IV' 6-max Seat #2 is the button
Seat 1: Pippa83 ($100 in chips) 
Seat 2: Osmontaneiro17 ($125.35 in chips) 
Seat 3: Espada Fish ($120.09 in chips) 
Seat 4: nikalas22 ($112 in chips) 
Seat 5: SorinS28 ($100 in chips) 
Seat 6: Manifestorr ($100 in chips) 
Espada Fish: posts small blind $0.50
nikalas22: posts big blind $1
*** HOLE CARDS ***
SorinS28: raises $1.02 to $2.02
Manifestorr: folds 
Pippa83: folds 
Osmontaneiro17: folds 
Espada Fish: folds 
nikalas22: folds 
Uncalled bet ($1.02) returned to SorinS28
SorinS28 collected $2.50 from pot
SorinS28: doesn't show hand 
*** SUMMARY ***
Total pot $2.50 | Rake $0 
Seat 1: Pippa83 folded before Flop (didn't bet)
Seat 2: Osmontaneiro17 (button) folded before Flop (didn't bet)
Seat 3: Espada Fish (small blind) folded before Flop
Seat 4: nikalas22 (big blind) folded before Flop
Seat 5: SorinS28 collected ($2.50)
Seat 6: Manifestorr folded before Flop (didn't bet)



PokerStars Hand #254572259742:  Hold'em No Limit ($0.50/$1.00 USD) - 2025/01/26 23:46:09 WET [2025/01/26 18:46:09 ET]
Table 'Tone IV' 6-max Seat #3 is the button
Seat 1: Pippa83 ($100 in chips) 
Seat 2: Osmontaneiro17 ($125.35 in chips) 
Seat 3: Espada Fish ($119.59 in chips) 
Seat 4: nikalas22 ($111 in chips) 
Seat 5: SorinS28 ($101.50 in chips) 
Seat 6: Manifestorr ($100 in chips) 
nikalas22: posts small blind $0.50
SorinS28: posts big blind $1
*** HOLE CARDS ***
Manifestorr: folds 
Pippa83: folds 
Osmontaneiro17: folds 
Espada Fish: folds 
nikalas22: folds 
Uncalled bet ($0.50) returned to SorinS28
SorinS28 collected $1 from pot
SorinS28: doesn't show hand 
*** SUMMARY ***
Total pot $1 | Rake $0 
Seat 1: Pippa83 folded before Flop (didn't bet)
Seat 2: Osmontaneiro17 folded before Flop (didn't bet)
Seat 3: Espada Fish (button) folded before Flop (didn't bet)
Seat 4: nikalas22 (small blind) folded before Flop
Seat 5: SorinS28 (big blind) collected ($1)
Seat 6: Manifestorr folded before Flop (didn't bet)



PokerStars Hand #254572262781:  Hold'em No Limit ($0.50/$1.00 USD) - 2025/01/26 23:46:22 WET [2025/01/26 18:46:22 ET]
Table 'Tone IV' 6-max Seat #4 is the button
Seat 1: Pippa83 ($100 in chips) 
Seat 2: Osmontaneiro17 ($125.35 in chips) 
Seat 3: Espada Fish ($119.59 in chips) 
Seat 4: nikalas22 ($110.50 in chips) 
Seat 5: SorinS28 ($102 in chips) 
Seat 6: Manifestorr ($100 in chips) 
SorinS28: posts small blind $0.50
Manifestorr: posts big blind $1
*** HOLE CARDS ***
Pippa83: folds 
Osmontaneiro17: folds 
Espada Fish: folds 
nikalas22: raises $1.50 to $2.50
SorinS28: folds 
Manifestorr: raises $9.50 to $12
nikalas22: folds 
Uncalled bet ($9.50) returned to Manifestorr
Manifestorr collected $5.50 from pot
*** SUMMARY ***
Total pot $5.50 | Rake $0 
Seat 1: Pippa83 folded before Flop (didn't bet)
Seat 2: Osmontaneiro17 folded before Flop (didn't bet)
Seat 3: Espada Fish folded before Flop (didn't bet)
Seat 4: nikalas22 (button) folded before Flop
Seat 5: SorinS28 (small blind) folded before Flop
Seat 6: Manifestorr (big blind) collected ($5.50)



PokerStars Hand #254572270922:  Hold'em No Limit ($0.50/$1.00 USD) - 2025/01/26 23:46:56 WET [2025/01/26 18:46:56 ET]
Table 'Tone IV' 6-max Seat #5 is the button
Seat 1: Pippa83 ($100 in chips) 
Seat 2: Osmontaneiro17 ($125.35 in chips) 
Seat 3: Espada Fish ($119.59 in chips) 
Seat 4: nikalas22 ($108 in chips) 
Seat 5: SorinS28 ($101.50 in chips) 
Seat 6: Manifestorr ($103 in chips) 
Manifestorr: posts small blind $0.50
Pippa83: posts big blind $1
*** HOLE CARDS ***
Osmontaneiro17: folds 
Espada Fish: folds 
nikalas22: raises $1.50 to $2.50
SorinS28: folds 
Manifestorr: folds 
Pippa83: folds 
Uncalled bet ($1.50) returned to nikalas22
nikalas22 collected $2.50 from pot
nikalas22: doesn't show hand 
*** SUMMARY ***
Total pot $2.50 | Rake $0 
Seat 1: Pippa83 (big blind) folded before Flop
Seat 2: Osmontaneiro17 folded before Flop (didn't bet)
Seat 3: Espada Fish folded before Flop (didn't bet)
Seat 4: nikalas22 collected ($2.50)
Seat 5: SorinS28 (button) folded before Flop (didn't bet)
Seat 6: Manifestorr (small blind) folded before Flop



PokerStars Hand #254572274641:  Hold'em No Limit ($0.50/$1.00 USD) - 2025/01/26 23:47:12 WET [2025/01/26 18:47:12 ET]
Table 'Tone IV' 6-max Seat #6 is the button
Seat 1: Pippa83 ($100 in chips) 
Seat 2: Osmontaneiro17 ($125.35 in chips) 
Seat 3: Espada Fish ($119.59 in chips) 
Seat 4: nikalas22 ($109.50 in chips) 
Seat 5: SorinS28 ($101.50 in chips) 
Seat 6: Manifestorr ($102.50 in chips) 
Pippa83: posts small blind $0.50
Osmontaneiro17: posts big blind $1
*** HOLE CARDS ***
Espada Fish: folds 
nikalas22: folds 
SorinS28: raises $1.30 to $2.30
Manifestorr: folds 
Pippa83: folds 
Osmontaneiro17: raises $8.70 to $11
SorinS28: raises $18.70 to $29.70
Osmontaneiro17: calls $18.70
*** FLOP *** [4h Td 6d]
Osmontaneiro17: checks 
SorinS28: bets $71.80 and is all-in
Osmontaneiro17: folds 
Uncalled bet ($71.80) returned to SorinS28
SorinS28 collected $57.40 from pot
SorinS28: doesn't show hand 
*** SUMMARY ***
Total pot $59.90 | Rake $2.50 
Board [4h Td 6d]
Seat 1: Pippa83 (small blind) folded before Flop
Seat 2: Osmontaneiro17 (big blind) folded on the Flop
Seat 3: Espada Fish folded before Flop (didn't bet)
Seat 4: nikalas22 folded before Flop (didn't bet)
Seat 5: SorinS28 collected ($57.40)
Seat 6: Manifestorr (button) folded before Flop (didn't bet)



PokerStars Hand #254572286728:  Hold'em No Limit ($0.50/$1.00 USD) - 2025/01/26 23:48:02 WET [2025/01/26 18:48:02 ET]
Table 'Tone IV' 6-max Seat #1 is the button
Seat 1: Pippa83 ($100 in chips) 
Seat 2: Osmontaneiro17 ($95.65 in chips) 
Seat 3: Espada Fish ($119.59 in chips) 
Seat 4: nikalas22 ($109.50 in chips) 
Seat 5: SorinS28 ($129.20 in chips) 
Seat 6: Manifestorr ($102.50 in chips) 
Osmontaneiro17: posts small blind $0.50
Espada Fish: posts big blind $1
*** HOLE CARDS ***
nikalas22: raises $1.50 to $2.50
SorinS28: folds 
Manifestorr: folds 
Pippa83: folds 
Osmontaneiro17: calls $2
Espada Fish: folds 
*** FLOP *** [7s Ad 5d]
Osmontaneiro17: checks 
nikalas22: bets $1.71
Osmontaneiro17: calls $1.71
*** TURN *** [7s Ad 5d] [4h]
Osmontaneiro17: checks 
nikalas22: bets $13.43
Osmontaneiro17: calls $13.43
*** RIVER *** [7s Ad 5d 4h] [Ks]
Osmontaneiro17: bets $18
nikalas22: calls $18
*** SHOW DOWN ***
Osmontaneiro17: shows [3s 5s] (a pair of Fives)
nikalas22: shows [Qs As] (a pair of Aces)
nikalas22 collected $69.78 from pot
*** SUMMARY ***
Total pot $72.28 | Rake $2.50 
Board [7s Ad 5d 4h Ks]
Seat 1: Pippa83 (button) folded before Flop (didn't bet)
Seat 2: Osmontaneiro17 (small blind) showed [3s 5s] and lost with a pair of Fives
Seat 3: Espada Fish (big blind) folded before Flop
Seat 4: nikalas22 showed [Qs As] and won ($69.78) with a pair of Aces
Seat 5: SorinS28 folded before Flop (didn't bet)
Seat 6: Manifestorr folded before Flop (didn't bet)



PokerStars Hand #254572301981:  Hold'em No Limit ($0.50/$1.00 USD) - 2025/01/26 23:49:07 WET [2025/01/26 18:49:07 ET]
Table 'Tone IV' 6-max Seat #2 is the button
Seat 1: Pippa83 ($100 in chips) 
Seat 2: Osmontaneiro17 ($60.01 in chips) 
Seat 3: Espada Fish ($118.59 in chips) 
Seat 4: nikalas22 ($143.64 in chips) 
Seat 5: SorinS28 ($129.20 in chips) 
Seat 6: Manifestorr ($102.50 in chips) 
Espada Fish: posts small blind $0.50
nikalas22: posts big blind $1
*** HOLE CARDS ***
SorinS28: folds 
Manifestorr: folds 
Pippa83: folds 
Osmontaneiro17: raises $1 to $2
Espada Fish: folds 
nikalas22: folds 
Uncalled bet ($1) returned to Osmontaneiro17
Osmontaneiro17 collected $2.50 from pot
*** SUMMARY ***
Total pot $2.50 | Rake $0 
Seat 1: Pippa83 folded before Flop (didn't bet)
Seat 2: Osmontaneiro17 (button) collected ($2.50)
Seat 3: Espada Fish (small blind) folded before Flop
Seat 4: nikalas22 (big blind) folded before Flop
Seat 5: SorinS28 folded before Flop (didn't bet)
Seat 6: Manifestorr folded before Flop (didn't bet)



PokerStars Hand #254572307202:  Hold'em No Limit ($0.50/$1.00 USD) - 2025/01/26 23:49:29 WET [2025/01/26 18:49:29 ET]
Table 'Tone IV' 6-max Seat #3 is the button
Seat 1: Pippa83 ($100 in chips) 
Seat 2: Osmontaneiro17 ($61.51 in chips) 
Seat 3: Espada Fish ($118.09 in chips) 
Seat 4: nikalas22 ($142.64 in chips) 
Seat 5: SorinS28 ($129.20 in chips) 
Seat 6: Manifestorr ($102.50 in chips) 
nikalas22: posts small blind $0.50
SorinS28: posts big blind $1
*** HOLE CARDS ***
Manifestorr: raises $1.20 to $2.20
Pippa83: folds 
Osmontaneiro17: calls $2.20
Espada Fish: folds 
nikalas22: folds 
SorinS28: folds 
*** FLOP *** [4h Jd 9s]
Manifestorr: checks 
Osmontaneiro17: checks 
*** TURN *** [4h Jd 9s] [8d]
Manifestorr: checks 
Osmontaneiro17: bets $5
Manifestorr: folds 
Uncalled bet ($5) returned to Osmontaneiro17
Osmontaneiro17 collected $5.60 from pot
*** SUMMARY ***
Total pot $5.90 | Rake $0.30 
Board [4h Jd 9s 8d]
Seat 1: Pippa83 folded before Flop (didn't bet)
Seat 2: Osmontaneiro17 collected ($5.60)
Seat 3: Espada Fish (button) folded before Flop (didn't bet)
Seat 4: nikalas22 (small blind) folded before Flop
Seat 5: SorinS28 (big blind) folded before Flop
Seat 6: Manifestorr folded on the Turn



PokerStars Hand #254572318169:  Hold'em No Limit ($0.50/$1.00 USD) - 2025/01/26 23:50:16 WET [2025/01/26 18:50:16 ET]
Table 'Tone IV' 6-max Seat #4 is the button
Seat 1: Pippa83 ($100 in chips) 
Seat 2: Osmontaneiro17 ($64.91 in chips) 
Seat 3: Espada Fish ($118.09 in chips) 
Seat 4: nikalas22 ($142.14 in chips) 
Seat 5: SorinS28 ($128.20 in chips) 
Seat 6: Manifestorr ($100.30 in chips) 
SorinS28: posts small blind $0.50
Manifestorr: posts big blind $1
*** HOLE CARDS ***
Pippa83: folds 
Osmontaneiro17: folds 
Espada Fish: folds 
nikalas22: folds 
SorinS28: raises $2 to $3
Manifestorr: folds 
Uncalled bet ($2) returned to SorinS28
SorinS28 collected $2 from pot
SorinS28: doesn't show hand 
*** SUMMARY ***
Total pot $2 | Rake $0 
Seat 1: Pippa83 folded before Flop (didn't bet)
Seat 2: Osmontaneiro17 folded before Flop (didn't bet)
Seat 3: Espada Fish folded before Flop (didn't bet)
Seat 4: nikalas22 (button) folded before Flop (didn't bet)
Seat 5: SorinS28 (small blind) collected ($2)
Seat 6: Manifestorr (big blind) folded before Flop



PokerStars Hand #254572321441:  Hold'em No Limit ($0.50/$1.00 USD) - 2025/01/26 23:50:30 WET [2025/01/26 18:50:30 ET]
Table 'Tone IV' 6-max Seat #5 is the button
Seat 1: Pippa83 ($100 in chips) is sitting out
Seat 2: Osmontaneiro17 ($64.91 in chips) 
Seat 3: Espada Fish ($118.09 in chips) 
Seat 4: nikalas22 ($142.14 in chips) 
Seat 5: SorinS28 ($129.20 in chips) 
Seat 6: Manifestorr ($100 in chips) 
Manifestorr: posts small blind $0.50
Pippa83: is sitting out 
Osmontaneiro17: posts big blind $1
*** HOLE CARDS ***
Pippa83 leaves the table
reiyser joins the table at seat #1 
Espada Fish: folds 
nikalas22: folds 
SorinS28: folds 
Manifestorr: raises $2 to $3
Osmontaneiro17: calls $2
*** FLOP *** [As Kh 3h]
Manifestorr: checks 
Osmontaneiro17: checks 
*** TURN *** [As Kh 3h] [Ah]
Manifestorr: checks 
Osmontaneiro17: bets $4
Manifestorr: folds 
Uncalled bet ($4) returned to Osmontaneiro17
Osmontaneiro17 collected $5.70 from pot
*** SUMMARY ***
Total pot $6 | Rake $0.30 
Board [As Kh 3h Ah]
Seat 1: Pippa83
Seat 2: Osmontaneiro17 (big blind) collected ($5.70)
Seat 3: Espada Fish folded before Flop (didn't bet)
Seat 4: nikalas22 folded before Flop (didn't bet)
Seat 5: SorinS28 (button) folded before Flop (didn't bet)
Seat 6: Manifestorr (small blind) folded on the Turn



PokerStars Hand #254572331492:  Hold'em No Limit ($0.50/$1.00 USD) - 2025/01/26 23:51:15 WET [2025/01/26 18:51:15 ET]
Table 'Tone IV' 6-max Seat #6 is the button
Seat 1: reiyser ($100 in chips) is sitting out
Seat 2: Osmontaneiro17 ($67.61 in chips) 
Seat 3: Espada Fish ($118.09 in chips) 
Seat 4: nikalas22 ($142.14 in chips) 
Seat 5: SorinS28 ($129.20 in chips) 
Seat 6: Manifestorr ($100 in chips) 
Osmontaneiro17: posts small blind $0.50
Espada Fish: posts big blind $1
*** HOLE CARDS ***
nikalas22: folds 
SorinS28: folds 
Manifestorr: folds 
Osmontaneiro17: raises $1 to $2
Espada Fish: calls $1
*** FLOP *** [Jc 4h Kd]
Osmontaneiro17: checks 
Espada Fish: checks 
*** TURN *** [Jc 4h Kd] [Kh]
Osmontaneiro17: checks 
Espada Fish: bets $2.85
Osmontaneiro17: raises $7.15 to $10
Espada Fish: calls $7.15
*** RIVER *** [Jc 4h Kd Kh] [9d]
Osmontaneiro17: bets $55.61 and is all-in
Espada Fish: folds 
Uncalled bet ($55.61) returned to Osmontaneiro17
Osmontaneiro17 collected $22.80 from pot
*** SUMMARY ***
Total pot $24 | Rake $1.20 
Board [Jc 4h Kd Kh 9d]
Seat 1: reiyser
Seat 2: Osmontaneiro17 (small blind) collected ($22.80)
Seat 3: Espada Fish (big blind) folded on the River
Seat 4: nikalas22 folded before Flop (didn't bet)
Seat 5: SorinS28 folded before Flop (didn't bet)
Seat 6: Manifestorr (button) folded before Flop (didn't bet)



PokerStars Hand #254572351732:  Hold'em No Limit ($0.50/$1.00 USD) - 2025/01/26 23:52:43 WET [2025/01/26 18:52:43 ET]
Table 'Tone IV' 6-max Seat #2 is the button
Seat 1: reiyser ($100 in chips) is sitting out
Seat 2: Osmontaneiro17 ($78.41 in chips) 
Seat 3: Espada Fish ($106.09 in chips) 
Seat 4: nikalas22 ($142.14 in chips) 
Seat 5: SorinS28 ($129.20 in chips) 
Seat 6: Manifestorr ($100 in chips) 
Espada Fish: posts small blind $0.50
nikalas22: posts big blind $1
reiyser: sits out 
*** HOLE CARDS ***
SorinS28: folds 
Manifestorr: folds 
Osmontaneiro17: folds 
Espada Fish: folds 
Uncalled bet ($0.50) returned to nikalas22
nikalas22 collected $1 from pot
nikalas22: doesn't show hand 
*** SUMMARY ***
Total pot $1 | Rake $0 
Seat 1: reiyser
Seat 2: Osmontaneiro17 (button) folded before Flop (didn't bet)
Seat 3: Espada Fish (small blind) folded before Flop
Seat 4: nikalas22 (big blind) collected ($1)
Seat 5: SorinS28 folded before Flop (didn't bet)
Seat 6: Manifestorr folded before Flop (didn't bet)



PokerStars Hand #254572353741:  Hold'em No Limit ($0.50/$1.00 USD) - 2025/01/26 23:52:52 WET [2025/01/26 18:52:52 ET]
Table 'Tone IV' 6-max Seat #3 is the button
Seat 1: reiyser ($100 in chips) is sitting out
Seat 2: Osmontaneiro17 ($78.41 in chips) 
Seat 3: Espada Fish ($105.59 in chips) 
Seat 4: nikalas22 ($142.64 in chips) 
Seat 5: SorinS28 ($129.20 in chips) 
Seat 6: Manifestorr ($100 in chips) 
nikalas22: posts small blind $0.50
SorinS28: posts big blind $1
reiyser: sits out 
*** HOLE CARDS ***
Manifestorr: folds 
Osmontaneiro17: folds 
Espada Fish: folds 
nikalas22: raises $2 to $3
SorinS28: folds 
Uncalled bet ($2) returned to nikalas22
nikalas22 collected $2 from pot
nikalas22: doesn't show hand 
*** SUMMARY ***
Total pot $2 | Rake $0 
Seat 1: reiyser
Seat 2: Osmontaneiro17 folded before Flop (didn't bet)
Seat 3: Espada Fish (button) folded before Flop (didn't bet)
Seat 4: nikalas22 (small blind) collected ($2)
Seat 5: SorinS28 (big blind) folded before Flop
Seat 6: Manifestorr folded before Flop (didn't bet)



PokerStars Hand #254572357538:  Hold'em No Limit ($0.50/$1.00 USD) - 2025/01/26 23:53:08 WET [2025/01/26 18:53:08 ET]
Table 'Tone IV' 6-max Seat #4 is the button
Seat 1: reiyser ($100 in chips) is sitting out
Seat 2: Osmontaneiro17 ($78.41 in chips) 
Seat 3: Espada Fish ($105.59 in chips) 
Seat 4: nikalas22 ($143.64 in chips) 
Seat 5: SorinS28 ($128.20 in chips) 
Seat 6: Manifestorr ($100 in chips) 
SorinS28: posts small blind $0.50
Manifestorr: posts big blind $1
reiyser: sits out 
*** HOLE CARDS ***
Osmontaneiro17: folds 
Espada Fish: folds 
nikalas22: folds 
SorinS28: raises $2 to $3
Manifestorr: calls $2
*** FLOP *** [5h 9h 9c]
SorinS28: bets $1.60
Manifestorr: calls $1.60
*** TURN *** [5h 9h 9c] [Ts]
SorinS28: checks 
Manifestorr: checks 
*** RIVER *** [5h 9h 9c Ts] [Ah]
SorinS28: bets $4.37
Manifestorr: folds 
Uncalled bet ($4.37) returned to SorinS28
SorinS28 collected $8.74 from pot
SorinS28: doesn't show hand 
*** SUMMARY ***
Total pot $9.20 | Rake $0.46 
Board [5h 9h 9c Ts Ah]
Seat 1: reiyser
Seat 2: Osmontaneiro17 folded before Flop (didn't bet)
Seat 3: Espada Fish folded before Flop (didn't bet)
Seat 4: nikalas22 (button) folded before Flop (didn't bet)
Seat 5: SorinS28 (small blind) collected ($8.74)
Seat 6: Manifestorr (big blind) folded on the River



PokerStars Hand #254572370383:  Hold'em No Limit ($0.50/$1.00 USD) - 2025/01/26 23:54:04 WET [2025/01/26 18:54:04 ET]
Table 'Tone IV' 6-max Seat #5 is the button
Seat 1: reiyser ($100 in chips) 
Seat 2: Osmontaneiro17 ($78.41 in chips) 
Seat 3: Espada Fish ($105.59 in chips) 
Seat 4: nikalas22 ($143.64 in chips) 
Seat 5: SorinS28 ($132.34 in chips) 
Seat 6: Manifestorr ($100 in chips) 
Manifestorr: posts small blind $0.50
reiyser: posts big blind $1
*** HOLE CARDS ***
Osmontaneiro17: raises $1 to $2
Espada Fish: folds 
nikalas22: folds 
SorinS28: folds 
Manifestorr: folds 
reiyser: folds 
Uncalled bet ($1) returned to Osmontaneiro17
Osmontaneiro17 collected $2.50 from pot
*** SUMMARY ***
Total pot $2.50 | Rake $0 
Seat 1: reiyser (big blind) folded before Flop
Seat 2: Osmontaneiro17 collected ($2.50)
Seat 3: Espada Fish folded before Flop (didn't bet)
Seat 4: nikalas22 folded before Flop (didn't bet)
Seat 5: SorinS28 (button) folded before Flop (didn't bet)
Seat 6: Manifestorr (small blind) folded before Flop



PokerStars Hand #254572374204:  Hold'em No Limit ($0.50/$1.00 USD) - 2025/01/26 23:54:21 WET [2025/01/26 18:54:21 ET]
Table 'Tone IV' 6-max Seat #6 is the button
Seat 1: reiyser ($100 in chips) 
Seat 2: Osmontaneiro17 ($79.91 in chips) 
Seat 3: Espada Fish ($105.59 in chips) 
Seat 4: nikalas22 ($143.64 in chips) 
Seat 5: SorinS28 ($132.34 in chips) 
Seat 6: Manifestorr ($100 in chips) 
reiyser: posts small blind $0.50
Osmontaneiro17: posts big blind $1
*** HOLE CARDS ***
Espada Fish: folds 
nikalas22: folds 
SorinS28: folds 
Manifestorr: folds 
reiyser: raises $1.80 to $2.80
Osmontaneiro17: calls $1.80
*** FLOP *** [2c 8s 3s]
reiyser: checks 
Osmontaneiro17: bets $3
reiyser: folds 
Uncalled bet ($3) returned to Osmontaneiro17
Osmontaneiro17 collected $5.32 from pot
*** SUMMARY ***
Total pot $5.60 | Rake $0.28 
Board [2c 8s 3s]
Seat 1: reiyser (small blind) folded on the Flop
Seat 2: Osmontaneiro17 (big blind) collected ($5.32)
Seat 3: Espada Fish folded before Flop (didn't bet)
Seat 4: nikalas22 folded before Flop (didn't bet)
Seat 5: SorinS28 folded before Flop (didn't bet)
Seat 6: Manifestorr (button) folded before Flop (didn't bet)



PokerStars Hand #254572380729:  Hold'em No Limit ($0.50/$1.00 USD) - 2025/01/26 23:54:49 WET [2025/01/26 18:54:49 ET]
Table 'Tone IV' 6-max Seat #1 is the button
Seat 1: reiyser ($100 in chips) 
Seat 2: Osmontaneiro17 ($82.43 in chips) 
Seat 3: Espada Fish ($105.59 in chips) 
Seat 4: nikalas22 ($143.64 in chips) 
Seat 5: SorinS28 ($132.34 in chips) 
Seat 6: Manifestorr ($100 in chips) 
Osmontaneiro17: posts small blind $0.50
Espada Fish: posts big blind $1
*** HOLE CARDS ***
nikalas22: folds 
SorinS28: folds 
Manifestorr: folds 
reiyser: folds 
Osmontaneiro17: raises $1 to $2
Espada Fish: raises $7 to $9
Osmontaneiro17: calls $7
*** FLOP *** [Qh 9c 6h]
Osmontaneiro17: checks 
Espada Fish: bets $8.55
Osmontaneiro17: calls $8.55
*** TURN *** [Qh 9c 6h] [5h]
Osmontaneiro17: checks 
Espada Fish: checks 
*** RIVER *** [Qh 9c 6h 5h] [Ad]
Osmontaneiro17: bets $24
Espada Fish: folds 
Uncalled bet ($24) returned to Osmontaneiro17
Osmontaneiro17 collected $33.34 from pot
*** SUMMARY ***
Total pot $35.10 | Rake $1.76 
Board [Qh 9c 6h 5h Ad]
Seat 1: reiyser (button) folded before Flop (didn't bet)
Seat 2: Osmontaneiro17 (small blind) collected ($33.34)
Seat 3: Espada Fish (big blind) folded on the River
Seat 4: nikalas22 folded before Flop (didn't bet)
Seat 5: SorinS28 folded before Flop (didn't bet)
Seat 6: Manifestorr folded before Flop (didn't bet)



PokerStars Hand #254572395425:  Hold'em No Limit ($0.50/$1.00 USD) - 2025/01/26 23:56:12 WET [2025/01/26 18:56:12 ET]
Table 'Tone IV' 6-max Seat #2 is the button
Seat 1: reiyser ($100 in chips) 
Seat 2: Osmontaneiro17 ($98.22 in chips) 
Seat 3: Espada Fish ($100 in chips) 
Seat 4: nikalas22 ($143.64 in chips) 
Seat 5: SorinS28 ($132.34 in chips) 
Seat 6: Manifestorr ($100 in chips) 
Espada Fish: posts small blind $0.50
nikalas22: posts big blind $1
*** HOLE CARDS ***
SorinS28: raises $1.02 to $2.02
Manifestorr: folds 
reiyser: folds 
Osmontaneiro17: calls $2.02
Espada Fish: folds 
nikalas22: folds 
*** FLOP *** [Qd 8d Ad]
SorinS28: checks 
Osmontaneiro17: checks 
*** TURN *** [Qd 8d Ad] [6h]
SorinS28: checks 
Osmontaneiro17: bets $5
SorinS28: folds 
Uncalled bet ($5) returned to Osmontaneiro17
Osmontaneiro17 collected $5.26 from pot
*** SUMMARY ***
Total pot $5.54 | Rake $0.28 
Board [Qd 8d Ad 6h]
Seat 1: reiyser folded before Flop (didn't bet)
Seat 2: Osmontaneiro17 (button) collected ($5.26)
Seat 3: Espada Fish (small blind) folded before Flop
Seat 4: nikalas22 (big blind) folded before Flop
Seat 5: SorinS28 folded on the Turn
Seat 6: Manifestorr folded before Flop (didn't bet)



PokerStars Hand #254572401943:  Hold'em No Limit ($0.50/$1.00 USD) - 2025/01/26 23:56:53 WET [2025/01/26 18:56:53 ET]
Table 'Tone IV' 6-max Seat #3 is the button
Seat 1: reiyser ($100 in chips) 
Seat 2: Osmontaneiro17 ($101.46 in chips) 
Seat 3: Espada Fish ($100 in chips) 
Seat 4: nikalas22 ($142.64 in chips) 
Seat 5: SorinS28 ($130.32 in chips) 
Seat 6: Manifestorr ($100 in chips) 
nikalas22: posts small blind $0.50
SorinS28: posts big blind $1
*** HOLE CARDS ***
Manifestorr: folds 
reiyser: folds 
Osmontaneiro17: raises $2 to $3
Espada Fish: folds 
nikalas22: folds 
SorinS28: folds 
Uncalled bet ($2) returned to Osmontaneiro17
Osmontaneiro17 collected $2.50 from pot
*** SUMMARY ***
Total pot $2.50 | Rake $0 
Seat 1: reiyser folded before Flop (didn't bet)
Seat 2: Osmontaneiro17 collected ($2.50)
Seat 3: Espada Fish (button) folded before Flop (didn't bet)
Seat 4: nikalas22 (small blind) folded before Flop
Seat 5: SorinS28 (big blind) folded before Flop
Seat 6: Manifestorr folded before Flop (didn't bet)



PokerStars Hand #254572404554:  Hold'em No Limit ($0.50/$1.00 USD) - 2025/01/26 23:57:08 WET [2025/01/26 18:57:08 ET]
Table 'Tone IV' 6-max Seat #4 is the button
Seat 1: reiyser ($100 in chips) 
Seat 2: Osmontaneiro17 ($102.96 in chips) 
Seat 3: Espada Fish ($100 in chips) 
Seat 4: nikalas22 ($142.14 in chips) 
Seat 5: SorinS28 ($129.32 in chips) 
Seat 6: Manifestorr ($100 in chips) 
SorinS28: posts small blind $0.50
Manifestorr: posts big blind $1
*** HOLE CARDS ***
reiyser: folds 
Osmontaneiro17: folds 
Espada Fish: folds 
nikalas22: raises $1.50 to $2.50
SorinS28: folds 
Manifestorr: folds 
Uncalled bet ($1.50) returned to nikalas22
nikalas22 collected $2.50 from pot
nikalas22: doesn't show hand 
*** SUMMARY ***
Total pot $2.50 | Rake $0 
Seat 1: reiyser folded before Flop (didn't bet)
Seat 2: Osmontaneiro17 folded before Flop (didn't bet)
Seat 3: Espada Fish folded before Flop (didn't bet)
Seat 4: nikalas22 (button) collected ($2.50)
Seat 5: SorinS28 (small blind) folded before Flop
Seat 6: Manifestorr (big blind) folded before Flop



PokerStars Hand #254572406313:  Hold'em No Limit ($0.50/$1.00 USD) - 2025/01/26 23:57:19 WET [2025/01/26 18:57:19 ET]
Table 'Tone IV' 6-max Seat #5 is the button
Seat 1: reiyser ($100 in chips) 
Seat 2: Osmontaneiro17 ($102.96 in chips) 
Seat 3: Espada Fish ($100 in chips) 
Seat 4: nikalas22 ($143.64 in chips) 
Seat 5: SorinS28 ($128.82 in chips) 
Seat 6: Manifestorr ($100 in chips) 
Manifestorr: posts small blind $0.50
reiyser: posts big blind $1
*** HOLE CARDS ***
Osmontaneiro17: raises $1 to $2
Espada Fish: folds 
nikalas22: folds 
SorinS28: folds 
Manifestorr: folds 
reiyser: folds 
Uncalled bet ($1) returned to Osmontaneiro17
Osmontaneiro17 collected $2.50 from pot
*** SUMMARY ***
Total pot $2.50 | Rake $0 
Seat 1: reiyser (big blind) folded before Flop
Seat 2: Osmontaneiro17 collected ($2.50)
Seat 3: Espada Fish folded before Flop (didn't bet)
Seat 4: nikalas22 folded before Flop (didn't bet)
Seat 5: SorinS28 (button) folded before Flop (didn't bet)
Seat 6: Manifestorr (small blind) folded before Flop



PokerStars Hand #254572408342:  Hold'em No Limit ($0.50/$1.00 USD) - 2025/01/26 23:57:32 WET [2025/01/26 18:57:32 ET]
Table 'Tone IV' 6-max Seat #6 is the button
Seat 1: reiyser ($100 in chips) 
Seat 2: Osmontaneiro17 ($104.46 in chips) 
Seat 3: Espada Fish ($100 in chips) 
Seat 4: nikalas22 ($143.64 in chips) 
Seat 5: SorinS28 ($128.82 in chips) 
Seat 6: Manifestorr ($100 in chips) 
reiyser: posts small blind $0.50
Osmontaneiro17: posts big blind $1
*** HOLE CARDS ***
Espada Fish: folds 
nikalas22: folds 
SorinS28: folds 
Manifestorr: raises $1.20 to $2.20
reiyser: folds 
Osmontaneiro17: calls $1.20
*** FLOP *** [7h 5c 4d]
Osmontaneiro17: checks 
Manifestorr: checks 
*** TURN *** [7h 5c 4d] [As]
Osmontaneiro17: checks 
Manifestorr: bets $3.50
Osmontaneiro17: calls $3.50
*** RIVER *** [7h 5c 4d As] [Js]
Osmontaneiro17: checks 
Manifestorr: bets $8.50
Osmontaneiro17: calls $8.50
*** SHOW DOWN ***
Manifestorr: shows [Kd Ac] (a pair of Aces)
Osmontaneiro17: mucks hand 
Manifestorr collected $27.46 from pot
*** SUMMARY ***
Total pot $28.90 | Rake $1.44 
Board [7h 5c 4d As Js]
Seat 1: reiyser (small blind) folded before Flop
Seat 2: Osmontaneiro17 (big blind) mucked
Seat 3: Espada Fish folded before Flop (didn't bet)
Seat 4: nikalas22 folded before Flop (didn't bet)
Seat 5: SorinS28 folded before Flop (didn't bet)
Seat 6: Manifestorr (button) showed [Kd Ac] and won ($27.46) with a pair of Aces



PokerStars Hand #254572416607:  Hold'em No Limit ($0.50/$1.00 USD) - 2025/01/26 23:58:23 WET [2025/01/26 18:58:23 ET]
Table 'Tone IV' 6-max Seat #1 is the button
Seat 1: reiyser ($100 in chips) 
Seat 2: Osmontaneiro17 ($90.26 in chips) 
Seat 3: Espada Fish ($100 in chips) 
Seat 4: nikalas22 ($143.64 in chips) 
Seat 5: SorinS28 ($128.82 in chips) 
Seat 6: Manifestorr ($113.26 in chips) 
Osmontaneiro17: posts small blind $0.50
Espada Fish: posts big blind $1
*** HOLE CARDS ***
nikalas22: folds 
SorinS28: folds 
Manifestorr: raises $1.20 to $2.20
reiyser: folds 
Osmontaneiro17: folds 
Espada Fish: folds 
Uncalled bet ($1.20) returned to Manifestorr
Manifestorr collected $2.50 from pot
*** SUMMARY ***
Total pot $2.50 | Rake $0 
Seat 1: reiyser (button) folded before Flop (didn't bet)
Seat 2: Osmontaneiro17 (small blind) folded before Flop
Seat 3: Espada Fish (big blind) folded before Flop
Seat 4: nikalas22 folded before Flop (didn't bet)
Seat 5: SorinS28 folded before Flop (didn't bet)
Seat 6: Manifestorr collected ($2.50)



PokerStars Hand #254572421360:  Hold'em No Limit ($0.50/$1.00 USD) - 2025/01/26 23:58:53 WET [2025/01/26 18:58:53 ET]
Table 'Tone IV' 6-max Seat #2 is the button
Seat 1: reiyser ($100 in chips) 
Seat 2: Osmontaneiro17 ($89.76 in chips) 
Seat 3: Espada Fish ($100 in chips) 
Seat 4: nikalas22 ($143.64 in chips) 
Seat 5: SorinS28 ($128.82 in chips) 
Seat 6: Manifestorr ($114.76 in chips) 
Espada Fish: posts small blind $0.50
nikalas22: posts big blind $1
*** HOLE CARDS ***
SorinS28: folds 
Manifestorr: raises $1.20 to $2.20
reiyser: folds 
Osmontaneiro17: folds 
Espada Fish: folds 
nikalas22: calls $1.20
*** FLOP *** [8s 8c Ad]
nikalas22: checks 
Manifestorr: checks 
*** TURN *** [8s 8c Ad] [5c]
nikalas22: bets $1.40
Manifestorr: calls $1.40
*** RIVER *** [8s 8c Ad 5c] [Ah]
nikalas22: bets $10.98
Manifestorr: folds 
Uncalled bet ($10.98) returned to nikalas22
nikalas22 collected $7.32 from pot
nikalas22: doesn't show hand 
*** SUMMARY ***
Total pot $7.70 | Rake $0.38 
Board [8s 8c Ad 5c Ah]
Seat 1: reiyser folded before Flop (didn't bet)
Seat 2: Osmontaneiro17 (button) folded before Flop (didn't bet)
Seat 3: Espada Fish (small blind) folded before Flop
Seat 4: nikalas22 (big blind) collected ($7.32)
Seat 5: SorinS28 folded before Flop (didn't bet)
Seat 6: Manifestorr folded on the River



PokerStars Hand #254572429796:  Hold'em No Limit ($0.50/$1.00 USD) - 2025/01/26 23:59:46 WET [2025/01/26 18:59:46 ET]
Table 'Tone IV' 6-max Seat #3 is the button
Seat 1: reiyser ($100 in chips) 
Seat 2: Osmontaneiro17 ($89.76 in chips) 
Seat 3: Espada Fish ($100 in chips) 
Seat 4: nikalas22 ($147.36 in chips) 
Seat 5: SorinS28 ($128.82 in chips) 
Seat 6: Manifestorr ($111.16 in chips) 
nikalas22: posts small blind $0.50
SorinS28: posts big blind $1
*** HOLE CARDS ***
Manifestorr: folds 
reiyser: raises $1.23 to $2.23
Osmontaneiro17: calls $2.23
Espada Fish: folds 
nikalas22: folds 
SorinS28: folds 
*** FLOP *** [4s 7d Js]
reiyser: checks 
Osmontaneiro17: checks 
*** TURN *** [4s 7d Js] [2h]
reiyser: checks 
Osmontaneiro17: checks 
*** RIVER *** [4s 7d Js 2h] [6c]
reiyser: checks 
Osmontaneiro17: bets $5
reiyser: folds 
Uncalled bet ($5) returned to Osmontaneiro17
Osmontaneiro17 collected $5.66 from pot
*** SUMMARY ***
Total pot $5.96 | Rake $0.30 
Board [4s 7d Js 2h 6c]
Seat 1: reiyser folded on the River
Seat 2: Osmontaneiro17 collected ($5.66)
Seat 3: Espada Fish (button) folded before Flop (didn't bet)
Seat 4: nikalas22 (small blind) folded before Flop
Seat 5: SorinS28 (big blind) folded before Flop
Seat 6: Manifestorr folded before Flop (didn't bet)



PokerStars Hand #254572437720:  Hold'em No Limit ($0.50/$1.00 USD) - 2025/01/26 0:00:34 WET [2025/01/26 19:00:34 ET]
Table 'Tone IV' 6-max Seat #4 is the button
Seat 1: reiyser ($100 in chips) 
Seat 2: Osmontaneiro17 ($93.19 in chips) 
Seat 3: Espada Fish ($100 in chips) 
Seat 4: nikalas22 ($146.86 in chips) 
Seat 5: SorinS28 ($127.82 in chips) 
Seat 6: Manifestorr ($111.16 in chips) 
SorinS28: posts small blind $0.50
Manifestorr: posts big blind $1
*** HOLE CARDS ***
reiyser: raises $1.23 to $2.23
Osmontaneiro17: calls $2.23
Espada Fish: folds 
nikalas22: folds 
SorinS28: folds 
Manifestorr: folds 
*** FLOP *** [Jd 5s Ah]
reiyser: checks 
Osmontaneiro17: checks 
*** TURN *** [Jd 5s Ah] [9s]
reiyser: bets $4.30
Osmontaneiro17: calls $4.30
*** RIVER *** [Jd 5s Ah 9s] [Ac]
reiyser: bets $10.31
Osmontaneiro17: folds 
Uncalled bet ($10.31) returned to reiyser
reiyser collected $13.83 from pot
reiyser: doesn't show hand 
*** SUMMARY ***
Total pot $14.56 | Rake $0.73 
Board [Jd 5s Ah 9s Ac]
Seat 1: reiyser collected ($13.83)
Seat 2: Osmontaneiro17 folded on the River
Seat 3: Espada Fish folded before Flop (didn't bet)
Seat 4: nikalas22 (button) folded before Flop (didn't bet)
Seat 5: SorinS28 (small blind) folded before Flop
Seat 6: Manifestorr (big blind) folded before Flop



PokerStars Hand #254572446537:  Hold'em No Limit ($0.50/$1.00 USD) - 2025/01/26 0:01:19 WET [2025/01/26 19:01:19 ET]
Table 'Tone IV' 6-max Seat #5 is the button
Seat 1: reiyser ($107.30 in chips) 
Seat 2: Osmontaneiro17 ($86.66 in chips) 
Seat 3: Espada Fish ($100 in chips) 
Seat 4: nikalas22 ($146.86 in chips) 
Seat 5: SorinS28 ($127.32 in chips) 
Seat 6: Manifestorr ($110.16 in chips) 
Manifestorr: posts small blind $0.50
reiyser: posts big blind $1
*** HOLE CARDS ***
Osmontaneiro17: folds 
Espada Fish: folds 
nikalas22: folds 
SorinS28: raises $1.50 to $2.50
Manifestorr: folds 
reiyser: folds 
Uncalled bet ($1.50) returned to SorinS28
SorinS28 collected $2.50 from pot
SorinS28: doesn't show hand 
*** SUMMARY ***
Total pot $2.50 | Rake $0 
Seat 1: reiyser (big blind) folded before Flop
Seat 2: Osmontaneiro17 folded before Flop (didn't bet)
Seat 3: Espada Fish folded before Flop (didn't bet)
Seat 4: nikalas22 folded before Flop (didn't bet)
Seat 5: SorinS28 (button) collected ($2.50)
Seat 6: Manifestorr (small blind) folded before Flop



PokerStars Hand #254572450570:  Hold'em No Limit ($0.50/$1.00 USD) - 2025/01/26 0:01:38 WET [2025/01/26 19:01:38 ET]
Table 'Tone IV' 6-max Seat #6 is the button
Seat 1: reiyser ($106.30 in chips) 
Seat 2: Osmontaneiro17 ($86.66 in chips) 
Seat 3: Espada Fish ($100 in chips) 
Seat 4: nikalas22 ($146.86 in chips) 
Seat 5: SorinS28 ($128.82 in chips) 
Seat 6: Manifestorr ($109.66 in chips) 
reiyser: posts small blind $0.50
Osmontaneiro17: posts big blind $1
*** HOLE CARDS ***
Espada Fish: folds 
nikalas22: folds 
SorinS28: folds 
Manifestorr: folds 
reiyser: folds 
Uncalled bet ($0.50) returned to Osmontaneiro17
Osmontaneiro17 collected $1 from pot
*** SUMMARY ***
Total pot $1 | Rake $0 
Seat 1: reiyser (small blind) folded before Flop
Seat 2: Osmontaneiro17 (big blind) collected ($1)
Seat 3: Espada Fish folded before Flop (didn't bet)
Seat 4: nikalas22 folded before Flop (didn't bet)
Seat 5: SorinS28 folded before Flop (didn't bet)
Seat 6: Manifestorr (button) folded before Flop (didn't bet)



PokerStars Hand #254572453314:  Hold'em No Limit ($0.50/$1.00 USD) - 2025/01/26 0:01:50 WET [2025/01/26 19:01:50 ET]
Table 'Tone IV' 6-max Seat #1 is the button
Seat 1: reiyser ($105.80 in chips) 
Seat 2: Osmontaneiro17 ($87.16 in chips) 
Seat 3: Espada Fish ($100 in chips) 
Seat 4: nikalas22 ($146.86 in chips) 
Seat 5: SorinS28 ($128.82 in chips) 
Seat 6: Manifestorr ($109.66 in chips) 
Osmontaneiro17: posts small blind $0.50
Espada Fish: posts big blind $1
*** HOLE CARDS ***
nikalas22: raises $1.50 to $2.50
SorinS28: folds 
Manifestorr: folds 
reiyser: raises $5.50 to $8
Osmontaneiro17: folds 
Espada Fish: folds 
nikalas22: calls $5.50
*** FLOP *** [8h 6s 3d]
nikalas22: checks 
reiyser: bets $8.64
nikalas22: calls $8.64
*** TURN *** [8h 6s 3d] [Ts]
nikalas22: checks 
reiyser: bets $25.11
nikalas22: calls $25.11
*** RIVER *** [8h 6s 3d Ts] [Tc]
nikalas22: checks 
reiyser: bets $64.05 and is all-in
nikalas22: calls $64.05
*** SHOW DOWN ***
reiyser: shows [As Ah] (two pair, Aces and Tens)
nikalas22: shows [Js Jh] (two pair, Jacks and Tens)
reiyser collected $210.60 from pot
*** SUMMARY ***
Total pot $213.10 | Rake $2.50 
Board [8h 6s 3d Ts Tc]
Seat 1: reiyser (button) showed [As Ah] and won ($210.60) with two pair, Aces and Tens
Seat 2: Osmontaneiro17 (small blind) folded before Flop
Seat 3: Espada Fish (big blind) folded before Flop
Seat 4: nikalas22 showed [Js Jh] and lost with two pair, Jacks and Tens
Seat 5: SorinS28 folded before Flop (didn't bet)
Seat 6: Manifestorr folded before Flop (didn't bet)



PokerStars Hand #254572471283:  Hold'em No Limit ($0.50/$1.00 USD) - 2025/01/26 0:03:11 WET [2025/01/26 19:03:11 ET]
Table 'Tone IV' 6-max Seat #2 is the button
Seat 1: reiyser ($210.60 in chips) 
Seat 2: Osmontaneiro17 ($86.66 in chips) 
Seat 3: Espada Fish ($100 in chips) 
Seat 4: nikalas22 ($100 in chips) 
Seat 5: SorinS28 ($128.82 in chips) 
Seat 6: Manifestorr ($109.66 in chips) 
Espada Fish: posts small blind $0.50
nikalas22: posts big blind $1
*** HOLE CARDS ***
SorinS28: folds 
Manifestorr: folds 
reiyser: folds 
Osmontaneiro17: raises $1 to $2
Espada Fish: folds 
nikalas22: folds 
Uncalled bet ($1) returned to Osmontaneiro17
Osmontaneiro17 collected $2.50 from pot
*** SUMMARY ***
Total pot $2.50 | Rake $0 
Seat 1: reiyser folded before Flop (didn't bet)
Seat 2: Osmontaneiro17 (button) collected ($2.50)
Seat 3: Espada Fish (small blind) folded before Flop
Seat 4: nikalas22 (big blind) folded before Flop
Seat 5: SorinS28 folded before Flop (didn't bet)
Seat 6: Manifestorr folded before Flop (didn't bet)



PokerStars Hand #254572475773:  Hold'em No Limit ($0.50/$1.00 USD) - 2025/01/26 0:03:31 WET [2025/01/26 19:03:31 ET]
Table 'Tone IV' 6-max Seat #3 is the button
Seat 1: reiyser ($210.60 in chips) 
Seat 2: Osmontaneiro17 ($88.16 in chips) 
Seat 3: Espada Fish ($100 in chips) 
Seat 4: nikalas22 ($100 in chips) 
Seat 5: SorinS28 ($128.82 in chips) 
Seat 6: Manifestorr ($109.66 in chips) 
nikalas22: posts small blind $0.50
SorinS28: posts big blind $1
*** HOLE CARDS ***
Manifestorr: folds 
reiyser: folds 
Osmontaneiro17: folds 
Espada Fish: raises $1.50 to $2.50
nikalas22: folds 
SorinS28: raises $10 to $12.50
Espada Fish: folds 
Uncalled bet ($10) returned to SorinS28
SorinS28 collected $5.50 from pot
SorinS28: doesn't show hand 
*** SUMMARY ***
Total pot $5.50 | Rake $0 
Seat 1: reiyser folded before Flop (didn't bet)
Seat 2: Osmontaneiro17 folded before Flop (didn't bet)
Seat 3: Espada Fish (button) folded before Flop
Seat 4: nikalas22 (small blind) folded before Flop
Seat 5: SorinS28 (big blind) collected ($5.50)
Seat 6: Manifestorr folded before Flop (didn't bet)



PokerStars Hand #254572484809:  Hold'em No Limit ($0.50/$1.00 USD) - 2025/01/26 0:04:12 WET [2025/01/26 19:04:12 ET]
Table 'Tone IV' 6-max Seat #4 is the button
Seat 1: reiyser ($210.60 in chips) 
Seat 2: Osmontaneiro17 ($88.16 in chips) 
Seat 3: Espada Fish ($100 in chips) 
Seat 4: nikalas22 ($100 in chips) 
Seat 5: SorinS28 ($131.82 in chips) 
Seat 6: Manifestorr ($109.66 in chips) 
SorinS28: posts small blind $0.50
Manifestorr: posts big blind $1
*** HOLE CARDS ***
reiyser: folds 
Osmontaneiro17: folds 
Espada Fish: folds 
nikalas22: raises $1.50 to $2.50
SorinS28: folds 
Manifestorr: raises $9.50 to $12
nikalas22: folds 
Uncalled bet ($9.50) returned to Manifestorr
Manifestorr collected $5.50 from pot
*** SUMMARY ***
Total pot $5.50 | Rake $0 
Seat 1: reiyser folded before Flop (didn't bet)
Seat 2: Osmontaneiro17 folded before Flop (didn't bet)
Seat 3: Espada Fish folded before Flop (didn't bet)
Seat 4: nikalas22 (button) folded before Flop
Seat 5: SorinS28 (small blind) folded before Flop
Seat 6: Manifestorr (big blind) collected ($5.50)



PokerStars Hand #254572490952:  Hold'em No Limit ($0.50/$1.00 USD) - 2025/01/26 0:04:40 WET [2025/01/26 19:04:40 ET]
Table 'Tone IV' 6-max Seat #5 is the button
Seat 1: reiyser ($210.60 in chips) 
Seat 2: Osmontaneiro17 ($88.16 in chips) 
Seat 3: Espada Fish ($100 in chips) 
Seat 4: nikalas22 ($100 in chips) 
Seat 5: SorinS28 ($131.32 in chips) 
Seat 6: Manifestorr ($112.66 in chips) 
Manifestorr: posts small blind $0.50
reiyser: posts big blind $1
*** HOLE CARDS ***
Osmontaneiro17: raises $1 to $2
Espada Fish is disconnected 
Espada Fish is connected 
Espada Fish has timed out
Espada Fish: folds 
nikalas22: folds 
SorinS28: folds 
Manifestorr: folds 
reiyser: calls $1
*** FLOP *** [2h 8d Kd]
reiyser: checks 
Osmontaneiro17: bets $2
reiyser: calls $2
*** TURN *** [2h 8d Kd] [3h]
reiyser: checks 
Osmontaneiro17: bets $8
reiyser: calls $8
*** RIVER *** [2h 8d Kd 3h] [Qc]
reiyser: checks 
Osmontaneiro17: bets $23
reiyser: folds 
Uncalled bet ($23) returned to Osmontaneiro17
Osmontaneiro17 collected $23.28 from pot
*** SUMMARY ***
Total pot $24.50 | Rake $1.22 
Board [2h 8d Kd 3h Qc]
Seat 1: reiyser (big blind) folded on the River
Seat 2: Osmontaneiro17 collected ($23.28)
Seat 3: Espada Fish folded before Flop (didn't bet)
Seat 4: nikalas22 folded before Flop (didn't bet)
Seat 5: SorinS28 (button) folded before Flop (didn't bet)
Seat 6: Manifestorr (small blind) folded before Flop



PokerStars Hand #254572509222:  Hold'em No Limit ($0.50/$1.00 USD) - 2025/01/26 0:06:03 WET [2025/01/26 19:06:03 ET]
Table 'Tone IV' 6-max Seat #6 is the button
Seat 1: reiyser ($198.60 in chips) 
Seat 2: Osmontaneiro17 ($99.44 in chips) 
Seat 3: Espada Fish ($100 in chips) 
Seat 4: nikalas22 ($100 in chips) 
Seat 5: SorinS28 ($131.32 in chips) 
Seat 6: Manifestorr ($112.16 in chips) 
reiyser: posts small blind $0.50
Osmontaneiro17: posts big blind $1
*** HOLE CARDS ***
Espada Fish: folds 
nikalas22: folds 
SorinS28: folds 
Manifestorr: raises $1.20 to $2.20
reiyser: raises $9.30 to $11.50
Osmontaneiro17: folds 
Manifestorr: raises $12.50 to $24
reiyser: calls $12.50
*** FLOP *** [5s 5d Ts]
reiyser: checks 
Manifestorr: bets $15.86
reiyser: calls $15.86
*** TURN *** [5s 5d Ts] [6d]
reiyser: checks 
Manifestorr: checks 
*** RIVER *** [5s 5d Ts 6d] [Ac]
reiyser: checks 
Manifestorr: checks 
*** SHOW DOWN ***
reiyser: shows [Tc Td] (a full house, Tens full of Fives)
Manifestorr: mucks hand 
reiyser collected $78.22 from pot
*** SUMMARY ***
Total pot $80.72 | Rake $2.50 
Board [5s 5d Ts 6d Ac]
Seat 1: reiyser (small blind) showed [Tc Td] and won ($78.22) with a full house, Tens full of Fives
Seat 2: Osmontaneiro17 (big blind) folded before Flop
Seat 3: Espada Fish folded before Flop (didn't bet)
Seat 4: nikalas22 folded before Flop (didn't bet)
Seat 5: SorinS28 folded before Flop (didn't bet)
Seat 6: Manifestorr (button) mucked



PokerStars Hand #254572528196:  Hold'em No Limit ($0.50/$1.00 USD) - 2025/01/26 0:07:30 WET [2025/01/26 19:07:30 ET]
Table 'Tone IV' 6-max Seat #1 is the button
Seat 1: reiyser ($236.96 in chips) 
Seat 2: Osmontaneiro17 ($98.44 in chips) 
Seat 3: Espada Fish ($100 in chips) 
Seat 4: nikalas22 ($100 in chips) 
Seat 5: SorinS28 ($131.32 in chips) 
Seat 6: Manifestorr ($100 in chips) 
Osmontaneiro17: posts small blind $0.50
Espada Fish: posts big blind $1
*** HOLE CARDS ***
nikalas22: folds 
SorinS28: folds 
Manifestorr: folds 
reiyser: folds 
Osmontaneiro17: raises $1 to $2
Espada Fish: calls $1
*** FLOP *** [4s 7s 5c]
Osmontaneiro17: bets $3
Espada Fish: calls $3
*** TURN *** [4s 7s 5c] [2h]
Osmontaneiro17: bets $9
Espada Fish: folds 
Uncalled bet ($9) returned to Osmontaneiro17
Osmontaneiro17 collected $9.50 from pot
*** SUMMARY ***
Total pot $10 | Rake $0.50 
Board [4s 7s 5c 2h]
Seat 1: reiyser (button) folded before Flop (didn't bet)
Seat 2: Osmontaneiro17 (small blind) collected ($9.50)
Seat 3: Espada Fish (big blind) folded on the Turn
Seat 4: nikalas22 folded before Flop (didn't bet)
Seat 5: SorinS28 folded before Flop (didn't bet)
Seat 6: Manifestorr folded before Flop (didn't bet)



PokerStars Hand #254572541943:  Hold'em No Limit ($0.50/$1.00 USD) - 2025/01/26 0:08:32 WET [2025/01/26 19:08:32 ET]
Table 'Tone IV' 6-max Seat #2 is the button
Seat 1: reiyser ($236.96 in chips) 
Seat 2: Osmontaneiro17 ($102.94 in chips) 
Seat 3: Espada Fish ($100 in chips) 
Seat 4: nikalas22 ($100 in chips) 
Seat 5: SorinS28 ($131.32 in chips) 
Seat 6: Manifestorr ($100 in chips) 
Espada Fish: posts small blind $0.50
nikalas22: posts big blind $1
*** HOLE CARDS ***
SorinS28: raises $1.02 to $2.02
Manifestorr: raises $4.48 to $6.50
reiyser: folds 
Osmontaneiro17: folds 
Espada Fish: folds 
nikalas22: folds 
SorinS28: folds 
Uncalled bet ($4.48) returned to Manifestorr
Manifestorr collected $5.54 from pot
*** SUMMARY ***
Total pot $5.54 | Rake $0 
Seat 1: reiyser folded before Flop (didn't bet)
Seat 2: Osmontaneiro17 (button) folded before Flop (didn't bet)
Seat 3: Espada Fish (small blind) folded before Flop
Seat 4: nikalas22 (big blind) folded before Flop
Seat 5: SorinS28 folded before Flop
Seat 6: Manifestorr collected ($5.54)



PokerStars Hand #254572547850:  Hold'em No Limit ($0.50/$1.00 USD) - 2025/01/26 0:08:59 WET [2025/01/26 19:08:59 ET]
Table 'Tone IV' 6-max Seat #3 is the button
Seat 1: reiyser ($236.96 in chips) 
Seat 2: Osmontaneiro17 ($102.94 in chips) 
Seat 3: Espada Fish ($100 in chips) 
Seat 4: nikalas22 ($100 in chips) 
Seat 5: SorinS28 ($129.30 in chips) 
Seat 6: Manifestorr ($103.52 in chips) 
nikalas22: posts small blind $0.50
SorinS28: posts big blind $1
*** HOLE CARDS ***
Manifestorr: folds 
reiyser: folds 
Osmontaneiro17: raises $1 to $2
Espada Fish: calls $2
nikalas22: folds 
SorinS28: folds 
*** FLOP *** [2h 6c Qd]
Osmontaneiro17: checks 
Espada Fish: checks 
*** TURN *** [2h 6c Qd] [9c]
Osmontaneiro17: bets $5
Espada Fish: folds 
Uncalled bet ($5) returned to Osmontaneiro17
Osmontaneiro17 collected $5.22 from pot
*** SUMMARY ***
Total pot $5.50 | Rake $0.28 
Board [2h 6c Qd 9c]
Seat 1: reiyser folded before Flop (didn't bet)
Seat 2: Osmontaneiro17 collected ($5.22)
Seat 3: Espada Fish (button) folded on the Turn
Seat 4: nikalas22 (small blind) folded before Flop
Seat 5: SorinS28 (big blind) folded before Flop
Seat 6: Manifestorr folded before Flop (didn't bet)



PokerStars Hand #254572560879:  Hold'em No Limit ($0.50/$1.00 USD) - 2025/01/26 0:09:58 WET [2025/01/26 19:09:58 ET]
Table 'Tone IV' 6-max Seat #4 is the button
Seat 1: reiyser ($236.96 in chips) 
Seat 2: Osmontaneiro17 ($106.16 in chips) 
Seat 3: Espada Fish ($100 in chips) 
Seat 4: nikalas22 ($100 in chips) 
Seat 5: SorinS28 ($128.30 in chips) 
Seat 6: Manifestorr ($103.52 in chips) 
SorinS28: posts small blind $0.50
Manifestorr: posts big blind $1
*** HOLE CARDS ***
reiyser: folds 
Osmontaneiro17: folds 
Espada Fish: folds 
nikalas22: folds 
SorinS28: raises $2 to $3
Manifestorr: folds 
Uncalled bet ($2) returned to SorinS28
SorinS28 collected $2 from pot
SorinS28: doesn't show hand 
*** SUMMARY ***
Total pot $2 | Rake $0 
Seat 1: reiyser folded before Flop (didn't bet)
Seat 2: Osmontaneiro17 folded before Flop (didn't bet)
Seat 3: Espada Fish folded before Flop (didn't bet)
Seat 4: nikalas22 (button) folded before Flop (didn't bet)
Seat 5: SorinS28 (small blind) collected ($2)
Seat 6: Manifestorr (big blind) folded before Flop



PokerStars Hand #254572565079:  Hold'em No Limit ($0.50/$1.00 USD) - 2025/01/26 0:10:18 WET [2025/01/26 19:10:18 ET]
Table 'Tone IV' 6-max Seat #5 is the button
Seat 1: reiyser ($236.96 in chips) 
Seat 2: Osmontaneiro17 ($106.16 in chips) 
Seat 3: Espada Fish ($100 in chips) 
Seat 4: nikalas22 ($100 in chips) 
Seat 5: SorinS28 ($129.30 in chips) 
Seat 6: Manifestorr ($102.52 in chips) 
Manifestorr: posts small blind $0.50
reiyser: posts big blind $1
*** HOLE CARDS ***
Osmontaneiro17: folds 
Espada Fish: raises $1.20 to $2.20
nikalas22: raises $5.80 to $8
SorinS28: folds 
Manifestorr: folds 
reiyser: folds 
Espada Fish: folds 
Uncalled bet ($5.80) returned to nikalas22
nikalas22 collected $5.90 from pot
nikalas22: doesn't show hand 
*** SUMMARY ***
Total pot $5.90 | Rake $0 
Seat 1: reiyser (big blind) folded before Flop
Seat 2: Osmontaneiro17 folded before Flop (didn't bet)
Seat 3: Espada Fish folded before Flop
Seat 4: nikalas22 collected ($5.90)
Seat 5: SorinS28 (button) folded before Flop (didn't bet)
Seat 6: Manifestorr (small blind) folded before Flop



PokerStars Hand #254572571232:  Hold'em No Limit ($0.50/$1.00 USD) - 2025/01/26 0:10:46 WET [2025/01/26 19:10:46 ET]
Table 'Tone IV' 6-max Seat #6 is the button
Seat 1: reiyser ($235.96 in chips) 
Seat 2: Osmontaneiro17 ($106.16 in chips) 
Seat 3: Espada Fish ($100 in chips) 
Seat 4: nikalas22 ($103.70 in chips) 
Seat 5: SorinS28 ($129.30 in chips) 
Seat 6: Manifestorr ($102.02 in chips) 
reiyser: posts small blind $0.50
Osmontaneiro17: posts big blind $1
*** HOLE CARDS ***
Espada Fish: folds 
nikalas22: folds 
SorinS28: folds 
Manifestorr: raises $1.20 to $2.20
reiyser: folds 
Osmontaneiro17: calls $1.20
*** FLOP *** [6h 2c 5c]
Osmontaneiro17: checks 
Manifestorr: checks 
*** TURN *** [6h 2c 5c] [5s]
Osmontaneiro17: checks 
Manifestorr: checks 
*** RIVER *** [6h 2c 5c 5s] [Th]
Osmontaneiro17: bets $4
Manifestorr: folds 
Uncalled bet ($4) returned to Osmontaneiro17
Osmontaneiro17 collected $4.66 from pot
*** SUMMARY ***
Total pot $4.90 | Rake $0.24 
Board [6h 2c 5c 5s Th]
Seat 1: reiyser (small blind) folded before Flop
Seat 2: Osmontaneiro17 (big blind) collected ($4.66)
Seat 3: Espada Fish folded before Flop (didn't bet)
Seat 4: nikalas22 folded before Flop (didn't bet)
Seat 5: SorinS28 folded before Flop (didn't bet)
Seat 6: Manifestorr (button) folded on the River



PokerStars Hand #254572578792:  Hold'em No Limit ($0.50/$1.00 USD) - 2025/01/26 0:11:22 WET [2025/01/26 19:11:22 ET]
Table 'Tone IV' 6-max Seat #1 is the button
Seat 1: reiyser ($235.46 in chips) 
Seat 2: Osmontaneiro17 ($108.62 in chips) 
Seat 3: Espada Fish ($100 in chips) 
Seat 4: nikalas22 ($103.70 in chips) 
Seat 5: SorinS28 ($129.30 in chips) 
Seat 6: Manifestorr ($100 in chips) 
Osmontaneiro17: posts small blind $0.50
Espada Fish: posts big blind $1
*** HOLE CARDS ***
nikalas22: folds 
SorinS28: folds 
Manifestorr: raises $1.20 to $2.20
reiyser: folds 
Osmontaneiro17: calls $1.70
Espada Fish: folds 
*** FLOP *** [Jd 6h 4h]
Osmontaneiro17: checks 
Manifestorr: bets $2.57
Osmontaneiro17: folds 
Uncalled bet ($2.57) returned to Manifestorr
Manifestorr collected $5.13 from pot
*** SUMMARY ***
Total pot $5.40 | Rake $0.27 
Board [Jd 6h 4h]
Seat 1: reiyser (button) folded before Flop (didn't bet)
Seat 2: Osmontaneiro17 (small blind) folded on the Flop
Seat 3: Espada Fish (big blind) folded before Flop
Seat 4: nikalas22 folded before Flop (didn't bet)
Seat 5: SorinS28 folded before Flop (didn't bet)
Seat 6: Manifestorr collected ($5.13)



PokerStars Hand #254572586680:  Hold'em No Limit ($0.50/$1.00 USD) - 2025/01/26 0:11:59 WET [2025/01/26 19:11:59 ET]
Table 'Tone IV' 6-max Seat #2 is the button
Seat 1: reiyser ($235.46 in chips) 
Seat 2: Osmontaneiro17 ($106.42 in chips) 
Seat 3: Espada Fish ($100 in chips) 
Seat 4: nikalas22 ($103.70 in chips) 
Seat 5: SorinS28 ($129.30 in chips) 
Seat 6: Manifestorr ($102.93 in chips) 
Espada Fish: posts small blind $0.50
nikalas22: posts big blind $1
*** HOLE CARDS ***
SorinS28: folds 
Manifestorr: folds 
reiyser: folds 
Osmontaneiro17: folds 
Espada Fish: folds 
Uncalled bet ($0.50) returned to nikalas22
nikalas22 collected $1 from pot
nikalas22: doesn't show hand 
*** SUMMARY ***
Total pot $1 | Rake $0 
Seat 1: reiyser folded before Flop (didn't bet)
Seat 2: Osmontaneiro17 (button) folded before Flop (didn't bet)
Seat 3: Espada Fish (small blind) folded before Flop
Seat 4: nikalas22 (big blind) collected ($1)
Seat 5: SorinS28 folded before Flop (didn't bet)
Seat 6: Manifestorr folded before Flop (didn't bet)



PokerStars Hand #254572591612:  Hold'em No Limit ($0.50/$1.00 USD) - 2025/01/26 0:12:22 WET [2025/01/26 19:12:22 ET]
Table 'Tone IV' 6-max Seat #3 is the button
Seat 1: reiyser ($235.46 in chips) 
Seat 2: Osmontaneiro17 ($106.42 in chips) 
Seat 3: Espada Fish ($100 in chips) 
Seat 4: nikalas22 ($104.20 in chips) 
Seat 5: SorinS28 ($129.30 in chips) 
Seat 6: Manifestorr ($102.93 in chips) 
nikalas22: posts small blind $0.50
SorinS28: posts big blind $1
*** HOLE CARDS ***
Manifestorr: folds 
reiyser: folds 
Osmontaneiro17: raises $1 to $2
Espada Fish: folds 
nikalas22: folds 
SorinS28: calls $1
*** FLOP *** [Ts 3s 8c]
SorinS28: checks 
Osmontaneiro17: bets $3
SorinS28: calls $3
*** TURN *** [Ts 3s 8c] [Js]
SorinS28: checks 
Osmontaneiro17: bets $6
SorinS28: calls $6
*** RIVER *** [Ts 3s 8c Js] [4s]
SorinS28: checks 
Osmontaneiro17: checks 
*** SHOW DOWN ***
SorinS28: shows [9c Ks] (a flush, King high)
Osmontaneiro17: mucks hand 
SorinS28 collected $21.38 from pot
*** SUMMARY ***
Total pot $22.50 | Rake $1.12 
Board [Ts 3s 8c Js 4s]
Seat 1: reiyser folded before Flop (didn't bet)
Seat 2: Osmontaneiro17 mucked
Seat 3: Espada Fish (button) folded before Flop (didn't bet)
Seat 4: nikalas22 (small blind) folded before Flop
Seat 5: SorinS28 (big blind) showed [9c Ks] and won ($21.38) with a flush, King high
Seat 6: Manifestorr folded before Flop (didn't bet)



PokerStars Hand #254572603527:  Hold'em No Limit ($0.50/$1.00 USD) - 2025/01/26 0:13:19 WET [2025/01/26 19:13:19 ET]
Table 'Tone IV' 6-max Seat #4 is the button
Seat 1: reiyser ($235.46 in chips) 
Seat 2: Osmontaneiro17 ($95.42 in chips) 
Seat 3: Espada Fish ($100 in chips) 
Seat 4: nikalas22 ($103.70 in chips) 
Seat 5: SorinS28 ($139.68 in chips) 
Seat 6: Manifestorr ($102.93 in chips) 
SorinS28: posts small blind $0.50
Manifestorr: posts big blind $1
*** HOLE CARDS ***
reiyser: folds 
Osmontaneiro17: folds 
Osmontaneiro17 leaves the table
Espada Fish: folds 
nikalas22: folds 
SorinS28: raises $2 to $3
Manifestorr: raises $6 to $9
SorinS28: folds 
Uncalled bet ($6) returned to Manifestorr
Manifestorr collected $6 from pot
*** SUMMARY ***
Total pot $6 | Rake $0 
Seat 1: reiyser folded before Flop (didn't bet)
Seat 2: Osmontaneiro17 folded before Flop (didn't bet)
Seat 3: Espada Fish folded before Flop (didn't bet)
Seat 4: nikalas22 (button) folded before Flop (didn't bet)
Seat 5: SorinS28 (small blind) folded before Flop
Seat 6: Manifestorr (big blind) collected ($6)



