PokerStars Hand #254567209958:  Hold'em No Limit ($0.50/$1.00 USD) - 2025/01/26 19:28:44 WET [2025/01/26 14:28:44 ET]
Table 'Phobos V' 6-max Seat #3 is the button
Seat 2: henri789 ($100 in chips) is sitting out
Seat 3: I am Anux! ($100 in chips) 
Seat 5: kars0n ($80 in chips) 
I am Anux!: posts small blind $0.50
kars0n: posts big blind $1
*** HOLE CARDS ***
I am Anux!: raises $1 to $2
kars0n: calls $1
*** FLOP *** [4c 8h 9s]
kars0n: checks 
I am Anux!: bets $2.85
kars0n: folds 
Uncalled bet ($2.85) returned to I am Anux!
I am Anux! collected $3.80 from pot
I am Anux!: doesn't show hand 
*** SUMMARY ***
Total pot $4 | Rake $0.20 
Board [4c 8h 9s]
Seat 2: henri789
Seat 3: I am Anux! (button) (small blind) collected ($3.80)
Seat 5: kars0n (big blind) folded on the Flop



PokerStars Hand #254567255189:  Hold'em No Limit ($0.50/$1.00 USD) - 2025/01/26 19:30:48 WET [2025/01/26 14:30:48 ET]
Table 'Phobos V' 6-max Seat #4 is the button
Seat 1: mariofcd ($100 in chips) 
Seat 2: blistein ($100 in chips) 
Seat 4: Roggalolz ($60.94 in chips) 
Seat 5: kars0n ($100 in chips) 
Seat 6: nastja336 ($100 in chips) 
kars0n: posts small blind $0.50
nastja336: posts big blind $1
*** HOLE CARDS ***
mariofcd: folds 
blistein: folds 
Roggalolz: raises $1 to $2
kars0n: folds 
worker0k joins the table at seat #3 
nastja336: folds 
Uncalled bet ($1) returned to Roggalolz
Roggalolz collected $2.50 from pot
*** SUMMARY ***
Total pot $2.50 | Rake $0 
Seat 1: mariofcd folded before Flop (didn't bet)
Seat 2: blistein folded before Flop (didn't bet)
Seat 4: Roggalolz (button) collected ($2.50)
Seat 5: kars0n (small blind) folded before Flop
Seat 6: nastja336 (big blind) folded before Flop



PokerStars Hand #254567263729:  Hold'em No Limit ($0.50/$1.00 USD) - 2025/01/26 19:31:11 WET [2025/01/26 14:31:11 ET]
Table 'Phobos V' 6-max Seat #5 is the button
Seat 3: worker0k ($100 in chips) is sitting out
Seat 1: mariofcd ($100 in chips) 
Seat 2: blistein ($100 in chips) 
Seat 4: Roggalolz ($62.44 in chips) 
Seat 5: kars0n ($100 in chips) 
Seat 6: nastja336 ($100 in chips) 
nastja336: posts small blind $0.50
mariofcd: posts big blind $1
worker0k: sits out 
*** HOLE CARDS ***
blistein: raises $1.20 to $2.20
Roggalolz: calls $2.20
kars0n: folds 
nastja336: folds 
mariofcd: folds 
*** FLOP *** [Qh 3s 5c]
blistein: bets $1.90
Roggalolz: calls $1.90
*** TURN *** [Qh 3s 5c] [4h]
blistein: checks 
Roggalolz: bets $3
blistein: raises $6 to $9
Roggalolz: folds 
Uncalled bet ($6) returned to blistein
blistein collected $14.92 from pot
blistein: doesn't show hand 
*** SUMMARY ***
Total pot $15.70 | Rake $0.78 
Board [Qh 3s 5c 4h]
Seat 3: worker0k
Seat 1: mariofcd (big blind) folded before Flop
Seat 2: blistein collected ($14.92)
Seat 4: Roggalolz folded on the Turn
Seat 5: kars0n (button) folded before Flop (didn't bet)
Seat 6: nastja336 (small blind) folded before Flop



PokerStars Hand #254567288128:  Hold'em No Limit ($0.50/$1.00 USD) - 2025/01/26 19:32:17 WET [2025/01/26 14:32:17 ET]
Table 'Phobos V' 6-max Seat #6 is the button
Seat 3: worker0k ($100 in chips) is sitting out
Seat 1: mariofcd ($100 in chips) 
Seat 2: blistein ($107.82 in chips) 
Seat 4: Roggalolz ($55.34 in chips) 
Seat 5: kars0n ($100 in chips) 
Seat 6: nastja336 ($100 in chips) 
mariofcd: posts small blind $0.50
blistein: posts big blind $1
worker0k: sits out 
*** HOLE CARDS ***
Roggalolz: folds 
kars0n: folds 
nastja336: folds 
mariofcd: folds 
Uncalled bet ($0.50) returned to blistein
blistein collected $1 from pot
blistein: doesn't show hand 
*** SUMMARY ***
Total pot $1 | Rake $0 
Seat 3: worker0k
Seat 1: mariofcd (small blind) folded before Flop
Seat 2: blistein (big blind) collected ($1)
Seat 4: Roggalolz folded before Flop (didn't bet)
Seat 5: kars0n folded before Flop (didn't bet)
Seat 6: nastja336 (button) folded before Flop (didn't bet)



PokerStars Hand #254567293112:  Hold'em No Limit ($0.50/$1.00 USD) - 2025/01/26 19:32:31 WET [2025/01/26 14:32:31 ET]
Table 'Phobos V' 6-max Seat #1 is the button
Seat 1: mariofcd ($100 in chips) 
Seat 2: blistein ($108.32 in chips) 
Seat 3: worker0k ($100 in chips) 
Seat 4: Roggalolz ($55.34 in chips) 
Seat 5: kars0n ($100 in chips) 
Seat 6: nastja336 ($100 in chips) 
blistein: posts small blind $0.50
worker0k: posts big blind $1
*** HOLE CARDS ***
Roggalolz: raises $1 to $2
kars0n: raises $4.50 to $6.50
nastja336: folds 
mariofcd: folds 
blistein: folds 
worker0k: folds 
Roggalolz: calls $4.50
*** FLOP *** [Qs 2h 8d]
Roggalolz: checks 
kars0n: bets $4.55
Roggalolz: folds 
Uncalled bet ($4.55) returned to kars0n
kars0n collected $13.78 from pot
kars0n: doesn't show hand 
*** SUMMARY ***
Total pot $14.50 | Rake $0.72 
Board [Qs 2h 8d]
Seat 1: mariofcd (button) folded before Flop (didn't bet)
Seat 2: blistein (small blind) folded before Flop
Seat 3: worker0k (big blind) folded before Flop
Seat 4: Roggalolz folded on the Flop
Seat 5: kars0n collected ($13.78)
Seat 6: nastja336 folded before Flop (didn't bet)



PokerStars Hand #254567302918:  Hold'em No Limit ($0.50/$1.00 USD) - 2025/01/26 19:32:57 WET [2025/01/26 14:32:57 ET]
Table 'Phobos V' 6-max Seat #2 is the button
Seat 1: mariofcd ($100 in chips) 
Seat 2: blistein ($107.82 in chips) 
Seat 3: worker0k ($100 in chips) 
Seat 4: Roggalolz ($48.84 in chips) 
Seat 5: kars0n ($107.28 in chips) 
Seat 6: nastja336 ($100 in chips) 
worker0k: posts small blind $0.50
Roggalolz: posts big blind $1
*** HOLE CARDS ***
kars0n: folds 
nastja336: folds 
mariofcd: folds 
blistein: raises $1.50 to $2.50
worker0k: folds 
Roggalolz: folds 
Uncalled bet ($1.50) returned to blistein
blistein collected $2.50 from pot
blistein: doesn't show hand 
*** SUMMARY ***
Total pot $2.50 | Rake $0 
Seat 1: mariofcd folded before Flop (didn't bet)
Seat 2: blistein (button) collected ($2.50)
Seat 3: worker0k (small blind) folded before Flop
Seat 4: Roggalolz (big blind) folded before Flop
Seat 5: kars0n folded before Flop (didn't bet)
Seat 6: nastja336 folded before Flop (didn't bet)



PokerStars Hand #254567308088:  Hold'em No Limit ($0.50/$1.00 USD) - 2025/01/26 19:33:11 WET [2025/01/26 14:33:11 ET]
Table 'Phobos V' 6-max Seat #3 is the button
Seat 1: mariofcd ($100 in chips) 
Seat 2: blistein ($109.32 in chips) 
Seat 3: worker0k ($100 in chips) 
Seat 4: Roggalolz ($47.84 in chips) 
Seat 5: kars0n ($107.28 in chips) 
Seat 6: nastja336 ($100 in chips) 
Roggalolz: posts small blind $0.50
kars0n: posts big blind $1
*** HOLE CARDS ***
nastja336: folds 
mariofcd: folds 
blistein: folds 
worker0k: folds 
Roggalolz: calls $0.50
kars0n: checks 
*** FLOP *** [6h 8s 2d]
Roggalolz: bets $1
kars0n: calls $1
*** TURN *** [6h 8s 2d] [7h]
Roggalolz: checks 
kars0n: bets $5.70
Roggalolz: calls $5.70
*** RIVER *** [6h 8s 2d 7h] [4c]
Roggalolz: bets $1
kars0n: raises $98.58 to $99.58 and is all-in
Roggalolz: folds [As Ad]
Uncalled bet ($98.58) returned to kars0n
kars0n collected $16.53 from pot
kars0n: doesn't show hand 
*** SUMMARY ***
Total pot $17.40 | Rake $0.87 
Board [6h 8s 2d 7h 4c]
Seat 1: mariofcd folded before Flop (didn't bet)
Seat 2: blistein folded before Flop (didn't bet)
Seat 3: worker0k (button) folded before Flop (didn't bet)
Seat 4: Roggalolz (small blind) folded on the River
Seat 5: kars0n (big blind) collected ($16.53)
Seat 6: nastja336 folded before Flop (didn't bet)



PokerStars Hand #254567333513:  Hold'em No Limit ($0.50/$1.00 USD) - 2025/01/26 19:34:18 WET [2025/01/26 14:34:18 ET]
Table 'Phobos V' 6-max Seat #4 is the button
Seat 1: mariofcd ($100 in chips) 
Seat 2: blistein ($109.32 in chips) 
Seat 3: worker0k ($100 in chips) 
Seat 4: Roggalolz ($39.14 in chips) 
Seat 5: kars0n ($115.11 in chips) 
Seat 6: nastja336 ($100 in chips) 
kars0n: posts small blind $0.50
nastja336: posts big blind $1
*** HOLE CARDS ***
mariofcd: folds 
blistein: folds 
worker0k: folds 
Roggalolz: folds 
kars0n: folds 
Uncalled bet ($0.50) returned to nastja336
nastja336 collected $1 from pot
nastja336: doesn't show hand 
*** SUMMARY ***
Total pot $1 | Rake $0 
Seat 1: mariofcd folded before Flop (didn't bet)
Seat 2: blistein folded before Flop (didn't bet)
Seat 3: worker0k folded before Flop (didn't bet)
Seat 4: Roggalolz (button) folded before Flop (didn't bet)
Seat 5: kars0n (small blind) folded before Flop
Seat 6: nastja336 (big blind) collected ($1)



PokerStars Hand #254567338277:  Hold'em No Limit ($0.50/$1.00 USD) - 2025/01/26 19:34:31 WET [2025/01/26 14:34:31 ET]
Table 'Phobos V' 6-max Seat #5 is the button
Seat 1: mariofcd ($100 in chips) 
Seat 2: blistein ($109.32 in chips) 
Seat 3: worker0k ($100 in chips) 
Seat 4: Roggalolz ($39.14 in chips) 
Seat 5: kars0n ($114.61 in chips) 
Seat 6: nastja336 ($100.50 in chips) 
nastja336: posts small blind $0.50
mariofcd: posts big blind $1
*** HOLE CARDS ***
blistein: folds 
worker0k: raises $1.30 to $2.30
Roggalolz: folds 
kars0n: folds 
nastja336: folds 
mariofcd: folds 
Uncalled bet ($1.30) returned to worker0k
worker0k collected $2.50 from pot
*** SUMMARY ***
Total pot $2.50 | Rake $0 
Seat 1: mariofcd (big blind) folded before Flop
Seat 2: blistein folded before Flop (didn't bet)
Seat 3: worker0k collected ($2.50)
Seat 4: Roggalolz folded before Flop (didn't bet)
Seat 5: kars0n (button) folded before Flop (didn't bet)
Seat 6: nastja336 (small blind) folded before Flop



PokerStars Hand #254567347062:  Hold'em No Limit ($0.50/$1.00 USD) - 2025/01/26 19:34:55 WET [2025/01/26 14:34:55 ET]
Table 'Phobos V' 6-max Seat #6 is the button
Seat 1: mariofcd ($100 in chips) 
Seat 2: blistein ($109.32 in chips) 
Seat 3: worker0k ($101.50 in chips) 
Seat 4: Roggalolz ($39.14 in chips) 
Seat 5: kars0n ($114.61 in chips) 
Seat 6: nastja336 ($100 in chips) 
mariofcd: posts small blind $0.50
blistein: posts big blind $1
*** HOLE CARDS ***
worker0k: folds 
Roggalolz: folds 
kars0n: folds 
nastja336: raises $1.50 to $2.50
mariofcd: folds 
blistein: folds 
Uncalled bet ($1.50) returned to nastja336
nastja336 collected $2.50 from pot
nastja336: doesn't show hand 
*** SUMMARY ***
Total pot $2.50 | Rake $0 
Seat 1: mariofcd (small blind) folded before Flop
Seat 2: blistein (big blind) folded before Flop
Seat 3: worker0k folded before Flop (didn't bet)
Seat 4: Roggalolz folded before Flop (didn't bet)
Seat 5: kars0n folded before Flop (didn't bet)
Seat 6: nastja336 (button) collected ($2.50)



PokerStars Hand #254567352167:  Hold'em No Limit ($0.50/$1.00 USD) - 2025/01/26 19:35:09 WET [2025/01/26 14:35:09 ET]
Table 'Phobos V' 6-max Seat #1 is the button
Seat 1: mariofcd ($100 in chips) 
Seat 2: blistein ($108.32 in chips) 
Seat 3: worker0k ($101.50 in chips) 
Seat 4: Roggalolz ($39.14 in chips) 
Seat 5: kars0n ($114.61 in chips) 
Seat 6: nastja336 ($101.50 in chips) 
blistein: posts small blind $0.50
worker0k: posts big blind $1
*** HOLE CARDS ***
Roggalolz: folds 
kars0n: folds 
nastja336: folds 
mariofcd: folds 
blistein: folds 
Uncalled bet ($0.50) returned to worker0k
worker0k collected $1 from pot
*** SUMMARY ***
Total pot $1 | Rake $0 
Seat 1: mariofcd (button) folded before Flop (didn't bet)
Seat 2: blistein (small blind) folded before Flop
Seat 3: worker0k (big blind) collected ($1)
Seat 4: Roggalolz folded before Flop (didn't bet)
Seat 5: kars0n folded before Flop (didn't bet)
Seat 6: nastja336 folded before Flop (didn't bet)



PokerStars Hand #254567357348:  Hold'em No Limit ($0.50/$1.00 USD) - 2025/01/26 19:35:23 WET [2025/01/26 14:35:23 ET]
Table 'Phobos V' 6-max Seat #2 is the button
Seat 1: mariofcd ($100 in chips) 
Seat 2: blistein ($107.82 in chips) 
Seat 3: worker0k ($102 in chips) 
Seat 4: Roggalolz ($39.14 in chips) 
Seat 5: kars0n ($114.61 in chips) 
Seat 6: nastja336 ($101.50 in chips) 
worker0k: posts small blind $0.50
Roggalolz: posts big blind $1
*** HOLE CARDS ***
kars0n: folds 
nastja336: folds 
mariofcd: raises $1.25 to $2.25
blistein: folds 
worker0k: folds 
Roggalolz: calls $1.25
*** FLOP *** [9s 4h 9d]
Roggalolz: checks 
mariofcd: checks 
*** TURN *** [9s 4h 9d] [3c]
Roggalolz: bets $1
mariofcd: folds 
Uncalled bet ($1) returned to Roggalolz
Roggalolz collected $4.75 from pot
Roggalolz: shows [9h 3h]
*** SUMMARY ***
Total pot $5 | Rake $0.25 
Board [9s 4h 9d 3c]
Seat 1: mariofcd folded on the Turn
Seat 2: blistein (button) folded before Flop (didn't bet)
Seat 3: worker0k (small blind) folded before Flop
Seat 4: Roggalolz (big blind) collected ($4.75)
Seat 5: kars0n folded before Flop (didn't bet)
Seat 6: nastja336 folded before Flop (didn't bet)



PokerStars Hand #254567370535:  Hold'em No Limit ($0.50/$1.00 USD) - 2025/01/26 19:35:59 WET [2025/01/26 14:35:59 ET]
Table 'Phobos V' 6-max Seat #3 is the button
Seat 1: mariofcd ($100 in chips) 
Seat 2: blistein ($107.82 in chips) 
Seat 3: worker0k ($101.50 in chips) 
Seat 4: Roggalolz ($41.64 in chips) 
Seat 5: kars0n ($114.61 in chips) 
Seat 6: nastja336 ($101.50 in chips) 
Roggalolz: posts small blind $0.50
kars0n: posts big blind $1
*** HOLE CARDS ***
nastja336: folds 
mariofcd: raises $1.50 to $2.50
blistein: folds 
worker0k: calls $2.50
Roggalolz: calls $2
kars0n: folds 
*** FLOP *** [8h 2c Ac]
Roggalolz: bets $1
mariofcd: folds 
worker0k: raises $5.04 to $6.04
Roggalolz: folds 
Uncalled bet ($5.04) returned to worker0k
worker0k collected $9.98 from pot
*** SUMMARY ***
Total pot $10.50 | Rake $0.52 
Board [8h 2c Ac]
Seat 1: mariofcd folded on the Flop
Seat 2: blistein folded before Flop (didn't bet)
Seat 3: worker0k (button) collected ($9.98)
Seat 4: Roggalolz (small blind) folded on the Flop
Seat 5: kars0n (big blind) folded before Flop
Seat 6: nastja336 folded before Flop (didn't bet)



PokerStars Hand #254567393976:  Hold'em No Limit ($0.50/$1.00 USD) - 2025/01/26 19:37:01 WET [2025/01/26 14:37:01 ET]
Table 'Phobos V' 6-max Seat #4 is the button
Seat 1: mariofcd ($100 in chips) 
Seat 2: blistein ($107.82 in chips) 
Seat 3: worker0k ($107.98 in chips) 
Seat 4: Roggalolz ($38.14 in chips) 
Seat 5: kars0n ($113.61 in chips) 
Seat 6: nastja336 ($101.50 in chips) 
kars0n: posts small blind $0.50
nastja336: posts big blind $1
*** HOLE CARDS ***
mariofcd: raises $1.20 to $2.20
blistein: folds 
worker0k: folds 
Roggalolz: folds 
kars0n: folds 
nastja336: folds 
Uncalled bet ($1.20) returned to mariofcd
mariofcd collected $2.50 from pot
mariofcd: doesn't show hand 
*** SUMMARY ***
Total pot $2.50 | Rake $0 
Seat 1: mariofcd collected ($2.50)
Seat 2: blistein folded before Flop (didn't bet)
Seat 3: worker0k folded before Flop (didn't bet)
Seat 4: Roggalolz (button) folded before Flop (didn't bet)
Seat 5: kars0n (small blind) folded before Flop
Seat 6: nastja336 (big blind) folded before Flop



PokerStars Hand #254567404135:  Hold'em No Limit ($0.50/$1.00 USD) - 2025/01/26 19:37:29 WET [2025/01/26 14:37:29 ET]
Table 'Phobos V' 6-max Seat #5 is the button
Seat 1: mariofcd ($101.50 in chips) 
Seat 2: blistein ($107.82 in chips) 
Seat 3: worker0k ($107.98 in chips) 
Seat 4: Roggalolz ($38.14 in chips) 
Seat 5: kars0n ($113.11 in chips) 
Seat 6: nastja336 ($100.50 in chips) 
nastja336: posts small blind $0.50
mariofcd: posts big blind $1
*** HOLE CARDS ***
blistein: folds 
worker0k: folds 
Roggalolz: raises $1 to $2
kars0n: folds 
nastja336: folds 
mariofcd: folds 
Uncalled bet ($1) returned to Roggalolz
Roggalolz collected $2.50 from pot
*** SUMMARY ***
Total pot $2.50 | Rake $0 
Seat 1: mariofcd (big blind) folded before Flop
Seat 2: blistein folded before Flop (didn't bet)
Seat 3: worker0k folded before Flop (didn't bet)
Seat 4: Roggalolz collected ($2.50)
Seat 5: kars0n (button) folded before Flop (didn't bet)
Seat 6: nastja336 (small blind) folded before Flop



PokerStars Hand #254567410871:  Hold'em No Limit ($0.50/$1.00 USD) - 2025/01/26 19:37:47 WET [2025/01/26 14:37:47 ET]
Table 'Phobos V' 6-max Seat #6 is the button
Seat 1: mariofcd ($100.50 in chips) 
Seat 2: blistein ($107.82 in chips) 
Seat 3: worker0k ($107.98 in chips) 
Seat 4: Roggalolz ($39.64 in chips) 
Seat 5: kars0n ($113.11 in chips) 
Seat 6: nastja336 ($100 in chips) 
mariofcd: posts small blind $0.50
blistein: posts big blind $1
*** HOLE CARDS ***
worker0k: folds 
Roggalolz: raises $1 to $2
kars0n: folds 
nastja336: folds 
mariofcd: folds 
blistein: folds 
Uncalled bet ($1) returned to Roggalolz
Roggalolz collected $2.50 from pot
*** SUMMARY ***
Total pot $2.50 | Rake $0 
Seat 1: mariofcd (small blind) folded before Flop
Seat 2: blistein (big blind) folded before Flop
Seat 3: worker0k folded before Flop (didn't bet)
Seat 4: Roggalolz collected ($2.50)
Seat 5: kars0n folded before Flop (didn't bet)
Seat 6: nastja336 (button) folded before Flop (didn't bet)



PokerStars Hand #254567421530:  Hold'em No Limit ($0.50/$1.00 USD) - 2025/01/26 19:38:16 WET [2025/01/26 14:38:16 ET]
Table 'Phobos V' 6-max Seat #1 is the button
Seat 1: mariofcd ($100 in chips) 
Seat 2: blistein ($106.82 in chips) 
Seat 3: worker0k ($107.98 in chips) 
Seat 4: Roggalolz ($41.14 in chips) 
Seat 5: kars0n ($113.11 in chips) 
Seat 6: nastja336 ($100 in chips) 
blistein: posts small blind $0.50
worker0k: posts big blind $1
*** HOLE CARDS ***
Roggalolz: folds 
kars0n: raises $1 to $2
nastja336: folds 
mariofcd: folds 
blistein: folds 
worker0k: folds 
Uncalled bet ($1) returned to kars0n
kars0n collected $2.50 from pot
kars0n: doesn't show hand 
*** SUMMARY ***
Total pot $2.50 | Rake $0 
Seat 1: mariofcd (button) folded before Flop (didn't bet)
Seat 2: blistein (small blind) folded before Flop
Seat 3: worker0k (big blind) folded before Flop
Seat 4: Roggalolz folded before Flop (didn't bet)
Seat 5: kars0n collected ($2.50)
Seat 6: nastja336 folded before Flop (didn't bet)



PokerStars Hand #254567427895:  Hold'em No Limit ($0.50/$1.00 USD) - 2025/01/26 19:38:33 WET [2025/01/26 14:38:33 ET]
Table 'Phobos V' 6-max Seat #2 is the button
Seat 1: mariofcd ($100 in chips) 
Seat 2: blistein ($106.32 in chips) 
Seat 3: worker0k ($106.98 in chips) 
Seat 4: Roggalolz ($41.14 in chips) 
Seat 5: kars0n ($114.61 in chips) 
Seat 6: nastja336 ($100 in chips) 
worker0k: posts small blind $0.50
Roggalolz: posts big blind $1
*** HOLE CARDS ***
kars0n: raises $1 to $2
nastja336: folds 
mariofcd: folds 
blistein: folds 
worker0k: folds 
Roggalolz: folds 
Uncalled bet ($1) returned to kars0n
kars0n collected $2.50 from pot
kars0n: doesn't show hand 
*** SUMMARY ***
Total pot $2.50 | Rake $0 
Seat 1: mariofcd folded before Flop (didn't bet)
Seat 2: blistein (button) folded before Flop (didn't bet)
Seat 3: worker0k (small blind) folded before Flop
Seat 4: Roggalolz (big blind) folded before Flop
Seat 5: kars0n collected ($2.50)
Seat 6: nastja336 folded before Flop (didn't bet)



PokerStars Hand #254567433777:  Hold'em No Limit ($0.50/$1.00 USD) - 2025/01/26 19:38:49 WET [2025/01/26 14:38:49 ET]
Table 'Phobos V' 6-max Seat #3 is the button
Seat 1: mariofcd ($100 in chips) 
Seat 2: blistein ($106.32 in chips) 
Seat 3: worker0k ($106.48 in chips) 
Seat 4: Roggalolz ($40.14 in chips) 
Seat 5: kars0n ($116.11 in chips) 
Seat 6: nastja336 ($100 in chips) 
Roggalolz: posts small blind $0.50
kars0n: posts big blind $1
*** HOLE CARDS ***
nastja336: raises $1.50 to $2.50
mariofcd: folds 
blistein: folds 
worker0k: folds 
Roggalolz: calls $2
kars0n: raises $11 to $13.50
nastja336: calls $11
Roggalolz: calls $11
*** FLOP *** [Th 3h Kh]
Roggalolz: checks 
kars0n: checks 
nastja336: checks 
*** TURN *** [Th 3h Kh] [Qh]
Roggalolz: checks 
kars0n: checks 
nastja336: checks 
*** RIVER *** [Th 3h Kh Qh] [2h]
Roggalolz: checks 
kars0n: checks 
nastja336: checks 
*** SHOW DOWN ***
Roggalolz: shows [6s 6d] (a flush, King high)
kars0n: shows [Ac As] (a flush, King high)
nastja336: shows [Qs Qc] (a flush, King high)
Roggalolz collected $12.83 from pot
kars0n collected $12.83 from pot
nastja336 collected $12.82 from pot
*** SUMMARY ***
Total pot $40.50 | Rake $2.02 
Board [Th 3h Kh Qh 2h]
Seat 1: mariofcd folded before Flop (didn't bet)
Seat 2: blistein folded before Flop (didn't bet)
Seat 3: worker0k (button) folded before Flop (didn't bet)
Seat 4: Roggalolz (small blind) showed [6s 6d] and won ($12.83) with a flush, King high
Seat 5: kars0n (big blind) showed [Ac As] and won ($12.83) with a flush, King high
Seat 6: nastja336 showed [Qs Qc] and won ($12.82) with a flush, King high



PokerStars Hand #254567458693:  Hold'em No Limit ($0.50/$1.00 USD) - 2025/01/26 19:39:56 WET [2025/01/26 14:39:56 ET]
Table 'Phobos V' 6-max Seat #4 is the button
Seat 1: mariofcd ($100 in chips) 
Seat 2: blistein ($106.32 in chips) 
Seat 3: worker0k ($106.48 in chips) 
Seat 4: Roggalolz ($39.47 in chips) 
Seat 5: kars0n ($115.44 in chips) 
Seat 6: nastja336 ($100 in chips) 
kars0n: posts small blind $0.50
nastja336: posts big blind $1
*** HOLE CARDS ***
mariofcd has timed out
mariofcd: folds 
blistein: folds 
worker0k: folds 
Roggalolz: raises $1 to $2
kars0n: folds 
nastja336: calls $1
*** FLOP *** [4c 5h 9d]
nastja336: checks 
Roggalolz: checks 
*** TURN *** [4c 5h 9d] [Ac]
nastja336: checks 
Roggalolz: checks 
*** RIVER *** [4c 5h 9d Ac] [Qs]
nastja336: bets $5.69
Roggalolz: folds 
Uncalled bet ($5.69) returned to nastja336
nastja336 collected $4.28 from pot
nastja336: doesn't show hand 
*** SUMMARY ***
Total pot $4.50 | Rake $0.22 
Board [4c 5h 9d Ac Qs]
Seat 1: mariofcd folded before Flop (didn't bet)
Seat 2: blistein folded before Flop (didn't bet)
Seat 3: worker0k folded before Flop (didn't bet)
Seat 4: Roggalolz (button) folded on the River
Seat 5: kars0n (small blind) folded before Flop
Seat 6: nastja336 (big blind) collected ($4.28)



PokerStars Hand #254567471226:  Hold'em No Limit ($0.50/$1.00 USD) - 2025/01/26 19:40:30 WET [2025/01/26 14:40:30 ET]
Table 'Phobos V' 6-max Seat #5 is the button
Seat 1: mariofcd ($100 in chips) 
Seat 2: blistein ($106.32 in chips) 
Seat 3: worker0k ($106.48 in chips) 
Seat 4: Roggalolz ($37.47 in chips) 
Seat 5: kars0n ($114.94 in chips) 
Seat 6: nastja336 ($102.28 in chips) 
nastja336: posts small blind $0.50
mariofcd: posts big blind $1
*** HOLE CARDS ***
blistein: folds 
worker0k: folds 
Roggalolz: folds 
kars0n: folds 
nastja336: folds 
Uncalled bet ($0.50) returned to mariofcd
mariofcd collected $1 from pot
mariofcd: doesn't show hand 
*** SUMMARY ***
Total pot $1 | Rake $0 
Seat 1: mariofcd (big blind) collected ($1)
Seat 2: blistein folded before Flop (didn't bet)
Seat 3: worker0k folded before Flop (didn't bet)
Seat 4: Roggalolz folded before Flop (didn't bet)
Seat 5: kars0n (button) folded before Flop (didn't bet)
Seat 6: nastja336 (small blind) folded before Flop



PokerStars Hand #254567477883:  Hold'em No Limit ($0.50/$1.00 USD) - 2025/01/26 19:40:48 WET [2025/01/26 14:40:48 ET]
Table 'Phobos V' 6-max Seat #6 is the button
Seat 1: mariofcd ($100.50 in chips) 
Seat 2: blistein ($106.32 in chips) 
Seat 3: worker0k ($106.48 in chips) 
Seat 4: Roggalolz ($37.47 in chips) 
Seat 5: kars0n ($114.94 in chips) 
Seat 6: nastja336 ($101.78 in chips) 
mariofcd: posts small blind $0.50
blistein: posts big blind $1
*** HOLE CARDS ***
worker0k: folds 
Roggalolz: calls $1
kars0n: folds 
nastja336: folds 
mariofcd: raises $3 to $4
blistein: folds 
Roggalolz: calls $3
*** FLOP *** [8d Tc 5h]
mariofcd: bets $2.57
Roggalolz: folds 
Uncalled bet ($2.57) returned to mariofcd
mariofcd collected $8.55 from pot
mariofcd: doesn't show hand 
*** SUMMARY ***
Total pot $9 | Rake $0.45 
Board [8d Tc 5h]
Seat 1: mariofcd (small blind) collected ($8.55)
Seat 2: blistein (big blind) folded before Flop
Seat 3: worker0k folded before Flop (didn't bet)
Seat 4: Roggalolz folded on the Flop
Seat 5: kars0n folded before Flop (didn't bet)
Seat 6: nastja336 (button) folded before Flop (didn't bet)



PokerStars Hand #254567497801:  Hold'em No Limit ($0.50/$1.00 USD) - 2025/01/26 19:41:40 WET [2025/01/26 14:41:40 ET]
Table 'Phobos V' 6-max Seat #1 is the button
Seat 1: mariofcd ($105.05 in chips) 
Seat 2: blistein ($105.32 in chips) 
Seat 3: worker0k ($106.48 in chips) 
Seat 4: Roggalolz ($33.47 in chips) 
Seat 5: kars0n ($114.94 in chips) 
Seat 6: nastja336 ($101.78 in chips) 
blistein: posts small blind $0.50
worker0k: posts big blind $1
*** HOLE CARDS ***
Roggalolz: raises $2.50 to $3.50
kars0n: folds 
nastja336: folds 
mariofcd: folds 
blistein: folds 
worker0k: folds 
Uncalled bet ($2.50) returned to Roggalolz
Roggalolz collected $2.50 from pot
*** SUMMARY ***
Total pot $2.50 | Rake $0 
Seat 1: mariofcd (button) folded before Flop (didn't bet)
Seat 2: blistein (small blind) folded before Flop
Seat 3: worker0k (big blind) folded before Flop
Seat 4: Roggalolz collected ($2.50)
Seat 5: kars0n folded before Flop (didn't bet)
Seat 6: nastja336 folded before Flop (didn't bet)



PokerStars Hand #254567505395:  Hold'em No Limit ($0.50/$1.00 USD) - 2025/01/26 19:42:01 WET [2025/01/26 14:42:01 ET]
Table 'Phobos V' 6-max Seat #2 is the button
Seat 1: mariofcd ($105.05 in chips) 
Seat 2: blistein ($104.82 in chips) 
Seat 3: worker0k ($105.48 in chips) 
Seat 4: Roggalolz ($34.97 in chips) 
Seat 5: kars0n ($114.94 in chips) 
Seat 6: nastja336 ($101.78 in chips) 
worker0k: posts small blind $0.50
Roggalolz: posts big blind $1
*** HOLE CARDS ***
kars0n: folds 
nastja336: folds 
mariofcd: raises $1.25 to $2.25
blistein: folds 
worker0k: folds 
Roggalolz: folds 
Uncalled bet ($1.25) returned to mariofcd
mariofcd collected $2.50 from pot
mariofcd: doesn't show hand 
*** SUMMARY ***
Total pot $2.50 | Rake $0 
Seat 1: mariofcd collected ($2.50)
Seat 2: blistein (button) folded before Flop (didn't bet)
Seat 3: worker0k (small blind) folded before Flop
Seat 4: Roggalolz (big blind) folded before Flop
Seat 5: kars0n folded before Flop (didn't bet)
Seat 6: nastja336 folded before Flop (didn't bet)



PokerStars Hand #254567512299:  Hold'em No Limit ($0.50/$1.00 USD) - 2025/01/26 19:42:20 WET [2025/01/26 14:42:20 ET]
Table 'Phobos V' 6-max Seat #3 is the button
Seat 1: mariofcd ($106.55 in chips) 
Seat 2: blistein ($104.82 in chips) 
Seat 3: worker0k ($104.98 in chips) 
Seat 4: Roggalolz ($33.97 in chips) 
Seat 5: kars0n ($114.94 in chips) 
Seat 6: nastja336 ($101.78 in chips) 
Roggalolz: posts small blind $0.50
kars0n: posts big blind $1
*** HOLE CARDS ***
nastja336: folds 
mariofcd: folds 
blistein: raises $1.30 to $2.30
worker0k: folds 
Roggalolz: calls $1.80
kars0n: folds 
*** FLOP *** [5h Ac 2h]
Roggalolz: bets $2.66
blistein: folds 
Uncalled bet ($2.66) returned to Roggalolz
Roggalolz collected $5.32 from pot
*** SUMMARY ***
Total pot $5.60 | Rake $0.28 
Board [5h Ac 2h]
Seat 1: mariofcd folded before Flop (didn't bet)
Seat 2: blistein folded on the Flop
Seat 3: worker0k (button) folded before Flop (didn't bet)
Seat 4: Roggalolz (small blind) collected ($5.32)
Seat 5: kars0n (big blind) folded before Flop
Seat 6: nastja336 folded before Flop (didn't bet)



PokerStars Hand #254567528232:  Hold'em No Limit ($0.50/$1.00 USD) - 2025/01/26 19:43:02 WET [2025/01/26 14:43:02 ET]
Table 'Phobos V' 6-max Seat #4 is the button
Seat 1: mariofcd ($106.55 in chips) 
Seat 2: blistein ($102.52 in chips) 
Seat 3: worker0k ($104.98 in chips) 
Seat 4: Roggalolz ($36.99 in chips) 
Seat 5: kars0n ($113.94 in chips) 
Seat 6: nastja336 ($101.78 in chips) 
kars0n: posts small blind $0.50
nastja336: posts big blind $1
*** HOLE CARDS ***
mariofcd: folds 
blistein: folds 
worker0k: folds 
Roggalolz: raises $1 to $2
kars0n: folds 
nastja336: folds 
Uncalled bet ($1) returned to Roggalolz
Roggalolz collected $2.50 from pot
*** SUMMARY ***
Total pot $2.50 | Rake $0 
Seat 1: mariofcd folded before Flop (didn't bet)
Seat 2: blistein folded before Flop (didn't bet)
Seat 3: worker0k folded before Flop (didn't bet)
Seat 4: Roggalolz (button) collected ($2.50)
Seat 5: kars0n (small blind) folded before Flop
Seat 6: nastja336 (big blind) folded before Flop



PokerStars Hand #254567533149:  Hold'em No Limit ($0.50/$1.00 USD) - 2025/01/26 19:43:16 WET [2025/01/26 14:43:16 ET]
Table 'Phobos V' 6-max Seat #5 is the button
Seat 1: mariofcd ($106.55 in chips) 
Seat 2: blistein ($102.52 in chips) 
Seat 3: worker0k ($104.98 in chips) 
Seat 4: Roggalolz ($38.49 in chips) 
Seat 5: kars0n ($113.44 in chips) 
Seat 6: nastja336 ($100.78 in chips) 
nastja336: posts small blind $0.50
mariofcd: posts big blind $1
*** HOLE CARDS ***
blistein: folds 
worker0k: folds 
Roggalolz: folds 
kars0n: folds 
nastja336: folds 
Uncalled bet ($0.50) returned to mariofcd
mariofcd collected $1 from pot
mariofcd: doesn't show hand 
*** SUMMARY ***
Total pot $1 | Rake $0 
Seat 1: mariofcd (big blind) collected ($1)
Seat 2: blistein folded before Flop (didn't bet)
Seat 3: worker0k folded before Flop (didn't bet)
Seat 4: Roggalolz folded before Flop (didn't bet)
Seat 5: kars0n (button) folded before Flop (didn't bet)
Seat 6: nastja336 (small blind) folded before Flop



PokerStars Hand #254567536704:  Hold'em No Limit ($0.50/$1.00 USD) - 2025/01/26 19:43:26 WET [2025/01/26 14:43:26 ET]
Table 'Phobos V' 6-max Seat #6 is the button
Seat 1: mariofcd ($107.05 in chips) 
Seat 2: blistein ($102.52 in chips) 
Seat 3: worker0k ($104.98 in chips) 
Seat 4: Roggalolz ($38.49 in chips) 
Seat 5: kars0n ($113.44 in chips) 
Seat 6: nastja336 ($100.28 in chips) 
mariofcd: posts small blind $0.50
blistein: posts big blind $1
*** HOLE CARDS ***
worker0k: folds 
Roggalolz: folds 
kars0n: raises $1.50 to $2.50
nastja336: folds 
mariofcd: folds 
blistein: folds 
Uncalled bet ($1.50) returned to kars0n
kars0n collected $2.50 from pot
kars0n: doesn't show hand 
*** SUMMARY ***
Total pot $2.50 | Rake $0 
Seat 1: mariofcd (small blind) folded before Flop
Seat 2: blistein (big blind) folded before Flop
Seat 3: worker0k folded before Flop (didn't bet)
Seat 4: Roggalolz folded before Flop (didn't bet)
Seat 5: kars0n collected ($2.50)
Seat 6: nastja336 (button) folded before Flop (didn't bet)



PokerStars Hand #254567541256:  Hold'em No Limit ($0.50/$1.00 USD) - 2025/01/26 19:43:38 WET [2025/01/26 14:43:38 ET]
Table 'Phobos V' 6-max Seat #1 is the button
Seat 1: mariofcd ($106.55 in chips) 
Seat 2: blistein ($101.52 in chips) 
Seat 3: worker0k ($104.98 in chips) 
Seat 4: Roggalolz ($38.49 in chips) 
Seat 5: kars0n ($114.94 in chips) 
Seat 6: nastja336 ($100.28 in chips) 
blistein: posts small blind $0.50
worker0k: posts big blind $1
*** HOLE CARDS ***
Roggalolz: folds 
kars0n: folds 
nastja336: raises $1.50 to $2.50
mariofcd: folds 
blistein: folds 
worker0k: folds 
Uncalled bet ($1.50) returned to nastja336
nastja336 collected $2.50 from pot
nastja336: doesn't show hand 
*** SUMMARY ***
Total pot $2.50 | Rake $0 
Seat 1: mariofcd (button) folded before Flop (didn't bet)
Seat 2: blistein (small blind) folded before Flop
Seat 3: worker0k (big blind) folded before Flop
Seat 4: Roggalolz folded before Flop (didn't bet)
Seat 5: kars0n folded before Flop (didn't bet)
Seat 6: nastja336 collected ($2.50)



PokerStars Hand #254567549037:  Hold'em No Limit ($0.50/$1.00 USD) - 2025/01/26 19:43:59 WET [2025/01/26 14:43:59 ET]
Table 'Phobos V' 6-max Seat #2 is the button
Seat 1: mariofcd ($106.55 in chips) 
Seat 2: blistein ($101.02 in chips) 
Seat 3: worker0k ($103.98 in chips) 
Seat 4: Roggalolz ($38.49 in chips) 
Seat 5: kars0n ($114.94 in chips) 
Seat 6: nastja336 ($101.78 in chips) 
worker0k: posts small blind $0.50
Roggalolz: posts big blind $1
*** HOLE CARDS ***
kars0n: folds 
nastja336: folds 
mariofcd: folds 
nastja336 leaves the table
blistein: raises $1.50 to $2.50
worker0k: raises $8.50 to $11
yzuk joins the table at seat #6 
Roggalolz: folds 
blistein: raises $13 to $24
worker0k: folds 
Uncalled bet ($13) returned to blistein
blistein collected $23 from pot
blistein: doesn't show hand 
*** SUMMARY ***
Total pot $23 | Rake $0 
Seat 1: mariofcd folded before Flop (didn't bet)
Seat 2: blistein (button) collected ($23)
Seat 3: worker0k (small blind) folded before Flop
Seat 4: Roggalolz (big blind) folded before Flop
Seat 5: kars0n folded before Flop (didn't bet)
Seat 6: nastja336 folded before Flop (didn't bet)



PokerStars Hand #254567561951:  Hold'em No Limit ($0.50/$1.00 USD) - 2025/01/26 19:44:34 WET [2025/01/26 14:44:34 ET]
Table 'Phobos V' 6-max Seat #3 is the button
Seat 6: yzuk ($100 in chips) is sitting out
Seat 1: mariofcd ($106.55 in chips) 
Seat 2: blistein ($113.02 in chips) 
Seat 3: worker0k ($100 in chips) 
Seat 4: Roggalolz ($37.49 in chips) 
Seat 5: kars0n ($114.94 in chips) 
Roggalolz: posts small blind $0.50
kars0n: posts big blind $1
yzuk: sits out 
*** HOLE CARDS ***
mariofcd: folds 
blistein: folds 
worker0k: folds 
Roggalolz: folds 
Uncalled bet ($0.50) returned to kars0n
kars0n collected $1 from pot
kars0n: doesn't show hand 
*** SUMMARY ***
Total pot $1 | Rake $0 
Seat 6: yzuk
Seat 1: mariofcd folded before Flop (didn't bet)
Seat 2: blistein folded before Flop (didn't bet)
Seat 3: worker0k (button) folded before Flop (didn't bet)
Seat 4: Roggalolz (small blind) folded before Flop
Seat 5: kars0n (big blind) collected ($1)



PokerStars Hand #254567740342:  Hold'em No Limit ($0.50/$1.00 USD) - 2025/01/26 19:52:39 WET [2025/01/26 14:52:39 ET]
Table 'Phobos V' 6-max Seat #1 is the button
Seat 1: mariofcd ($109.85 in chips) 
Seat 2: blistein ($104.32 in chips) 
Seat 4: Roggalolz ($98.50 in chips) 
Seat 5: kars0n ($109 in chips) 
Seat 6: yzuk ($100 in chips) 
blistein: posts small blind $0.50
Roggalolz: posts big blind $1
*** HOLE CARDS ***
kars0n: raises $1 to $2
yzuk: folds 
mariofcd: folds 
sta$igk joins the table at seat #3 
blistein: folds 
Roggalolz: folds 
Uncalled bet ($1) returned to kars0n
kars0n collected $2.50 from pot
kars0n: doesn't show hand 
*** SUMMARY ***
Total pot $2.50 | Rake $0 
Seat 1: mariofcd (button) folded before Flop (didn't bet)
Seat 2: blistein (small blind) folded before Flop
Seat 4: Roggalolz (big blind) folded before Flop
Seat 5: kars0n collected ($2.50)
Seat 6: yzuk folded before Flop (didn't bet)



PokerStars Hand #254567746856:  Hold'em No Limit ($0.50/$1.00 USD) - 2025/01/26 19:52:57 WET [2025/01/26 14:52:57 ET]
Table 'Phobos V' 6-max Seat #2 is the button
Seat 3: sta$igk ($100 in chips) is sitting out
Seat 1: mariofcd ($109.85 in chips) 
Seat 2: blistein ($103.82 in chips) 
Seat 4: Roggalolz ($97.50 in chips) 
Seat 5: kars0n ($110.50 in chips) 
Seat 6: yzuk ($100 in chips) 
Roggalolz: posts small blind $0.50
kars0n: posts big blind $1
*** HOLE CARDS ***
yzuk: folds 
mariofcd: raises $1.25 to $2.25
blistein: folds 
Roggalolz: folds 
kars0n: calls $1.25
*** FLOP *** [Kd 9c 4s]
kars0n: checks 
mariofcd: checks 
*** TURN *** [Kd 9c 4s] [Js]
kars0n: checks 
mariofcd: checks 
*** RIVER *** [Kd 9c 4s Js] [8d]
kars0n: bets $3.56
mariofcd: calls $3.56
*** SHOW DOWN ***
kars0n: shows [Ac Jc] (a pair of Jacks)
mariofcd: mucks hand 
kars0n collected $11.51 from pot
*** SUMMARY ***
Total pot $12.12 | Rake $0.61 
Board [Kd 9c 4s Js 8d]
Seat 3: sta$igk
Seat 1: mariofcd mucked
Seat 2: blistein (button) folded before Flop (didn't bet)
Seat 4: Roggalolz (small blind) folded before Flop
Seat 5: kars0n (big blind) showed [Ac Jc] and won ($11.51) with a pair of Jacks
Seat 6: yzuk folded before Flop (didn't bet)



PokerStars Hand #254567767608:  Hold'em No Limit ($0.50/$1.00 USD) - 2025/01/26 19:53:54 WET [2025/01/26 14:53:54 ET]
Table 'Phobos V' 6-max Seat #4 is the button
Seat 3: sta$igk ($100 in chips) is sitting out
Seat 1: mariofcd ($104.04 in chips) 
Seat 2: blistein ($103.82 in chips) 
Seat 4: Roggalolz ($97 in chips) 
Seat 5: kars0n ($116.20 in chips) 
Seat 6: yzuk ($100 in chips) 
kars0n: posts small blind $0.50
yzuk: posts big blind $1
sta$igk: sits out 
*** HOLE CARDS ***
mariofcd: raises $1.20 to $2.20
blistein: folds 
Roggalolz: folds 
kars0n: folds 
yzuk: folds 
Uncalled bet ($1.20) returned to mariofcd
mariofcd collected $2.50 from pot
mariofcd: doesn't show hand 
*** SUMMARY ***
Total pot $2.50 | Rake $0 
Seat 3: sta$igk
Seat 1: mariofcd collected ($2.50)
Seat 2: blistein folded before Flop (didn't bet)
Seat 4: Roggalolz (button) folded before Flop (didn't bet)
Seat 5: kars0n (small blind) folded before Flop
Seat 6: yzuk (big blind) folded before Flop



PokerStars Hand #254567773202:  Hold'em No Limit ($0.50/$1.00 USD) - 2025/01/26 19:54:09 WET [2025/01/26 14:54:09 ET]
Table 'Phobos V' 6-max Seat #5 is the button
Seat 3: sta$igk ($100 in chips) is sitting out
Seat 1: mariofcd ($105.54 in chips) 
Seat 2: blistein ($103.82 in chips) 
Seat 4: Roggalolz ($97 in chips) 
Seat 5: kars0n ($115.70 in chips) 
Seat 6: yzuk ($100 in chips) 
yzuk: posts small blind $0.50
mariofcd: posts big blind $1
sta$igk: sits out 
*** HOLE CARDS ***
blistein: folds 
blistein leaves the table
Roggalolz: raises $1 to $2
alexandr699 joins the table at seat #2 
kars0n: raises $5.50 to $7.50
yzuk: folds 
mariofcd: folds 
Roggalolz: calls $5.50
*** FLOP *** [Jh Th 2h]
Roggalolz: checks 
kars0n: bets $5.17
Roggalolz: folds [7c Qc]
Uncalled bet ($5.17) returned to kars0n
kars0n collected $15.68 from pot
kars0n: doesn't show hand 
*** SUMMARY ***
Total pot $16.50 | Rake $0.82 
Board [Jh Th 2h]
Seat 3: sta$igk
Seat 1: mariofcd (big blind) folded before Flop
Seat 2: blistein folded before Flop (didn't bet)
Seat 4: Roggalolz folded on the Flop
Seat 5: kars0n (button) collected ($15.68)
Seat 6: yzuk (small blind) folded before Flop



PokerStars Hand #254567786816:  Hold'em No Limit ($0.50/$1.00 USD) - 2025/01/26 19:54:46 WET [2025/01/26 14:54:46 ET]
Table 'Phobos V' 6-max Seat #6 is the button
Seat 3: sta$igk ($100 in chips) is sitting out
Seat 1: mariofcd ($104.54 in chips) 
Seat 2: alexandr699 ($100 in chips) 
Seat 4: Roggalolz ($89.50 in chips) 
Seat 5: kars0n ($123.88 in chips) 
Seat 6: yzuk ($100 in chips) 
mariofcd: posts small blind $0.50
alexandr699: posts big blind $1
sta$igk: sits out 
*** HOLE CARDS ***
Roggalolz: folds 
kars0n: raises $1.50 to $2.50
Roggalolz leaves the table
yzuk: folds 
mariofcd: folds 
alexandr699: calls $1.50
*** FLOP *** [7s 5s Jc]
alexandr699: checks 
kars0n: bets $1.72
alexandr699: folds 
Uncalled bet ($1.72) returned to kars0n
kars0n collected $5.22 from pot
kars0n: doesn't show hand 
*** SUMMARY ***
Total pot $5.50 | Rake $0.28 
Board [7s 5s Jc]
Seat 3: sta$igk
Seat 1: mariofcd (small blind) folded before Flop
Seat 2: alexandr699 (big blind) folded on the Flop
Seat 4: Roggalolz folded before Flop (didn't bet)
Seat 5: kars0n collected ($5.22)
Seat 6: yzuk (button) folded before Flop (didn't bet)



PokerStars Hand #254567797436:  Hold'em No Limit ($0.50/$1.00 USD) - 2025/01/26 19:55:19 WET [2025/01/26 14:55:19 ET]
Table 'Phobos V' 6-max Seat #1 is the button
Seat 1: mariofcd ($104.04 in chips) 
Seat 2: alexandr699 ($100 in chips) 
Seat 3: sta$igk ($100 in chips) 
Seat 5: kars0n ($126.60 in chips) 
Seat 6: yzuk ($100 in chips) 
alexandr699: posts small blind $0.50
sta$igk: posts big blind $1
*** HOLE CARDS ***
kars0n: raises $1 to $2
yzuk: folds 
mariofcd: folds 
alexandr699: folds 
sta$igk: calls $1
*** FLOP *** [4s Kd 4d]
sta$igk: checks 
kars0n: bets $1.07
sta$igk: folds 
Uncalled bet ($1.07) returned to kars0n
kars0n collected $4.28 from pot
kars0n: doesn't show hand 
*** SUMMARY ***
Total pot $4.50 | Rake $0.22 
Board [4s Kd 4d]
Seat 1: mariofcd (button) folded before Flop (didn't bet)
Seat 2: alexandr699 (small blind) folded before Flop
Seat 3: sta$igk (big blind) folded on the Flop
Seat 5: kars0n collected ($4.28)
Seat 6: yzuk folded before Flop (didn't bet)



PokerStars Hand #254567804564:  Hold'em No Limit ($0.50/$1.00 USD) - 2025/01/26 19:55:52 WET [2025/01/26 14:55:52 ET]
Table 'Phobos V' 6-max Seat #2 is the button
Seat 1: mariofcd ($104.04 in chips) 
Seat 2: alexandr699 ($100 in chips) 
Seat 3: sta$igk ($100 in chips) 
Seat 5: kars0n ($128.88 in chips) 
Seat 6: yzuk ($100 in chips) 
sta$igk: posts small blind $0.50
kars0n: posts big blind $1
*** HOLE CARDS ***
yzuk: raises $1.50 to $2.50
mariofcd: folds 
alexandr699: folds 
sta$igk: folds 
kars0n: folds 
Uncalled bet ($1.50) returned to yzuk
yzuk collected $2.50 from pot
yzuk: doesn't show hand 
*** SUMMARY ***
Total pot $2.50 | Rake $0 
Seat 1: mariofcd folded before Flop (didn't bet)
Seat 2: alexandr699 (button) folded before Flop (didn't bet)
Seat 3: sta$igk (small blind) folded before Flop
Seat 5: kars0n (big blind) folded before Flop
Seat 6: yzuk collected ($2.50)



PokerStars Hand #254567809806:  Hold'em No Limit ($0.50/$1.00 USD) - 2025/01/26 19:56:17 WET [2025/01/26 14:56:17 ET]
Table 'Phobos V' 6-max Seat #3 is the button
Seat 1: mariofcd ($104.04 in chips) is sitting out
Seat 6: yzuk ($101.50 in chips) is sitting out
Seat 2: alexandr699 ($100 in chips) 
Seat 3: sta$igk ($100 in chips) 
Seat 5: kars0n ($127.88 in chips) 
kars0n: posts small blind $0.50
yzuk: is sitting out 
mariofcd: is sitting out 
alexandr699: posts big blind $1
*** HOLE CARDS ***
yzuk leaves the table
sta$igk: folds 
sta$igk leaves the table
kars0n: raises $2 to $3
mariofcd leaves the table
alexandr699: calls $2
*** FLOP *** [Ad 5h 2h]
kars0n: checks 
alexandr699: bets $1.88
kars0n: calls $1.88
*** TURN *** [Ad 5h 2h] [6c]
kars0n: checks 
alexandr699: bets $6.95
kars0n: raises $17.05 to $24
alexandr699: raises $35.76 to $59.76
kars0n: raises $63.24 to $123 and is all-in
alexandr699: folds 
Uncalled bet ($63.24) returned to kars0n
kars0n collected $128.28 from pot
kars0n: doesn't show hand 
*** SUMMARY ***
Total pot $129.28 | Rake $1 
Board [Ad 5h 2h 6c]
Seat 1: mariofcd
Seat 6: yzuk
Seat 2: alexandr699 (big blind) folded on the Turn
Seat 3: sta$igk (button) folded before Flop (didn't bet)
Seat 5: kars0n (small blind) collected ($128.28)



