PokerStars Hand #254557331831:  Hold'em No Limit ($0.50/$1.00 USD) - 2025/01/26 4:21:21 WET [2025/01/25 23:21:21 ET]
Table 'Leverrier III' 6-max Seat #3 is the button
Seat 1: Xenicide ($100 in chips) 
Seat 3: m0nTTu ($84.86 in chips) 
m0nTTu: posts small blind $0.50
Xenicide: posts big blind $1
*** HOLE CARDS ***
m0nTTu: raises $1.50 to $2.50
Xenicide: calls $1.50
*** FLOP *** [9c Tc 2d]
Xenicide: checks 
m0nTTu: checks 
*** TURN *** [9c Tc 2d] [9h]
Xenicide: checks 
m0nTTu: checks 
*** RIVER *** [9c Tc 2d 9h] [6d]
Xenicide: checks 
m0nTTu: checks 
*** SHOW DOWN ***
Xenicide: shows [5s 7s] (a pair of Nines)
m0nTTu: shows [Ah 8c] (a pair of Nines - Ace kicker)
m0nTTu collected $4.75 from pot
*** SUMMARY ***
Total pot $5 | Rake $0.25 
Board [9c Tc 2d 9h 6d]
Seat 1: Xenicide (big blind) showed [5s 7s] and lost with a pair of Nines
Seat 3: m0nTTu (button) (small blind) showed [Ah 8c] and won ($4.75) with a pair of Nines



PokerStars Hand #254557926366:  Hold'em No Limit ($0.50/$1.00 USD) - 2025/01/26 6:06:34 WET [2025/01/26 1:06:34 ET]
Table 'Leverrier III' 6-max Seat #2 is the button
Seat 3: Tunaking77 ($0 in chips) is sitting out
Seat 2: ec0n0mist ($128.90 in chips) 
Seat 5: BeauParleur ($105.43 in chips) 
ec0n0mist: posts small blind $0.50
BeauParleur: posts big blind $1
*** HOLE CARDS ***
ec0n0mist: raises $2.25 to $3.25
BeauParleur: folds 
Uncalled bet ($2.25) returned to ec0n0mist
ec0n0mist collected $2 from pot
ec0n0mist: doesn't show hand 
*** SUMMARY ***
Total pot $2 | Rake $0 
Seat 3: Tunaking77
Seat 2: ec0n0mist (button) (small blind) collected ($2)
Seat 5: BeauParleur (big blind) folded before Flop



PokerStars Hand #254557927287:  Hold'em No Limit ($0.50/$1.00 USD) - 2025/01/26 6:06:44 WET [2025/01/26 1:06:44 ET]
Table 'Leverrier III' 6-max Seat #5 is the button
Seat 3: Tunaking77 ($0 in chips) is sitting out
Seat 2: ec0n0mist ($129.90 in chips) 
Seat 5: BeauParleur ($104.43 in chips) 
BeauParleur: posts small blind $0.50
ec0n0mist: posts big blind $1
*** HOLE CARDS ***
BeauParleur: raises $1.25 to $2.25
ec0n0mist: calls $1.25
*** FLOP *** [2d 9c Jd]
ec0n0mist: checks 
BeauParleur: bets $3.21
ec0n0mist: folds 
Uncalled bet ($3.21) returned to BeauParleur
BeauParleur collected $4.28 from pot
BeauParleur: doesn't show hand 
*** SUMMARY ***
Total pot $4.50 | Rake $0.22 
Board [2d 9c Jd]
Seat 3: Tunaking77
Seat 2: ec0n0mist (big blind) folded on the Flop
Seat 5: BeauParleur (button) (small blind) collected ($4.28)



PokerStars Hand #254557929218:  Hold'em No Limit ($0.50/$1.00 USD) - 2025/01/26 6:07:09 WET [2025/01/26 1:07:09 ET]
Table 'Leverrier III' 6-max Seat #2 is the button
Seat 3: Tunaking77 ($0 in chips) is sitting out
Seat 2: ec0n0mist ($127.65 in chips) 
Seat 5: BeauParleur ($106.46 in chips) 
ec0n0mist: posts small blind $0.50
BeauParleur: posts big blind $1
*** HOLE CARDS ***
ec0n0mist: raises $1.15 to $2.15
BeauParleur: calls $1.15
*** FLOP *** [7h Ac Ks]
BeauParleur: checks 
ec0n0mist: bets $1.02
BeauParleur: folds 
Uncalled bet ($1.02) returned to ec0n0mist
ec0n0mist collected $4.08 from pot
ec0n0mist: doesn't show hand 
*** SUMMARY ***
Total pot $4.30 | Rake $0.22 
Board [7h Ac Ks]
Seat 3: Tunaking77
Seat 2: ec0n0mist (button) (small blind) collected ($4.08)
Seat 5: BeauParleur (big blind) folded on the Flop



PokerStars Hand #254557931633:  Hold'em No Limit ($0.50/$1.00 USD) - 2025/01/26 6:07:37 WET [2025/01/26 1:07:37 ET]
Table 'Leverrier III' 6-max Seat #5 is the button
Seat 3: Tunaking77 ($0 in chips) is sitting out
Seat 2: ec0n0mist ($129.58 in chips) 
Seat 5: BeauParleur ($104.31 in chips) 
BeauParleur: posts small blind $0.50
ec0n0mist: posts big blind $1
*** HOLE CARDS ***
BeauParleur: raises $1.25 to $2.25
ec0n0mist: folds 
Uncalled bet ($1.25) returned to BeauParleur
BeauParleur collected $2 from pot
BeauParleur: doesn't show hand 
*** SUMMARY ***
Total pot $2 | Rake $0 
Seat 3: Tunaking77
Seat 2: ec0n0mist (big blind) folded before Flop
Seat 5: BeauParleur (button) (small blind) collected ($2)



PokerStars Hand #254557932337:  Hold'em No Limit ($0.50/$1.00 USD) - 2025/01/26 6:07:45 WET [2025/01/26 1:07:45 ET]
Table 'Leverrier III' 6-max Seat #2 is the button
Seat 3: Tunaking77 ($0 in chips) is sitting out
Seat 2: ec0n0mist ($128.58 in chips) 
Seat 5: BeauParleur ($105.31 in chips) 
ec0n0mist: posts small blind $0.50
BeauParleur: posts big blind $1
*** HOLE CARDS ***
ec0n0mist: raises $1.15 to $2.15
BeauParleur: calls $1.15
*** FLOP *** [2c 4c Kc]
BeauParleur: checks 
ec0n0mist: bets $1.02
BeauParleur: raises $3.06 to $4.08
ec0n0mist: folds 
Uncalled bet ($3.06) returned to BeauParleur
BeauParleur collected $6.02 from pot
BeauParleur: doesn't show hand 
*** SUMMARY ***
Total pot $6.34 | Rake $0.32 
Board [2c 4c Kc]
Seat 3: Tunaking77
Seat 2: ec0n0mist (button) (small blind) folded on the Flop
Seat 5: BeauParleur (big blind) collected ($6.02)



PokerStars Hand #254557934016:  Hold'em No Limit ($0.50/$1.00 USD) - 2025/01/26 6:08:05 WET [2025/01/26 1:08:05 ET]
Table 'Leverrier III' 6-max Seat #5 is the button
Seat 3: Tunaking77 ($0 in chips) is sitting out
Seat 2: ec0n0mist ($125.41 in chips) 
Seat 5: BeauParleur ($108.16 in chips) 
BeauParleur: posts small blind $0.50
ec0n0mist: posts big blind $1
*** HOLE CARDS ***
BeauParleur: raises $1.25 to $2.25
ec0n0mist: folds 
Uncalled bet ($1.25) returned to BeauParleur
BeauParleur collected $2 from pot
BeauParleur: doesn't show hand 
*** SUMMARY ***
Total pot $2 | Rake $0 
Seat 3: Tunaking77
Seat 2: ec0n0mist (big blind) folded before Flop
Seat 5: BeauParleur (button) (small blind) collected ($2)



PokerStars Hand #254557659688:  Hold'em No Limit ($0.50/$1.00 USD) - 2025/01/26 5:15:30 WET [2025/01/26 0:15:30 ET]
Table 'Leverrier III' 6-max Seat #1 is the button
Seat 6: PoKeRaRcSuNY ($100 in chips) is sitting out
Seat 1: Xenicide ($206.89 in chips) 
Seat 2: 7bekon7 ($100 in chips) 
Seat 3: CashfishT ($103.75 in chips) 
Seat 4: lys_26 ($71 in chips) 
Seat 5: AlexEliseev7 ($100 in chips) 
7bekon7: posts small blind $0.50
CashfishT: posts big blind $1
PoKeRaRcSuNY: sits out 
*** HOLE CARDS ***
lys_26: folds 
AlexEliseev7: folds 
Xenicide: folds 
7bekon7: folds 
Uncalled bet ($0.50) returned to CashfishT
CashfishT collected $1 from pot
CashfishT: doesn't show hand 
*** SUMMARY ***
Total pot $1 | Rake $0 
Seat 6: PoKeRaRcSuNY
Seat 1: Xenicide (button) folded before Flop (didn't bet)
Seat 2: 7bekon7 (small blind) folded before Flop
Seat 3: CashfishT (big blind) collected ($1)
Seat 4: lys_26 folded before Flop (didn't bet)
Seat 5: AlexEliseev7 folded before Flop (didn't bet)



PokerStars Hand #254557661063:  Hold'em No Limit ($0.50/$1.00 USD) - 2025/01/26 5:15:45 WET [2025/01/26 0:15:45 ET]
Table 'Leverrier III' 6-max Seat #2 is the button
Seat 6: PoKeRaRcSuNY ($100 in chips) is sitting out
Seat 1: Xenicide ($206.89 in chips) 
Seat 2: 7bekon7 ($100 in chips) 
Seat 3: CashfishT ($104.25 in chips) 
Seat 4: lys_26 ($71 in chips) 
Seat 5: AlexEliseev7 ($100 in chips) 
CashfishT: posts small blind $0.50
lys_26: posts big blind $1
PoKeRaRcSuNY: sits out 
*** HOLE CARDS ***
AlexEliseev7: folds 
Xenicide: folds 
7bekon7: folds 
CashfishT: folds 
Uncalled bet ($0.50) returned to lys_26
lys_26 collected $1 from pot
lys_26: doesn't show hand 
*** SUMMARY ***
Total pot $1 | Rake $0 
Seat 6: PoKeRaRcSuNY
Seat 1: Xenicide folded before Flop (didn't bet)
Seat 2: 7bekon7 (button) folded before Flop (didn't bet)
Seat 3: CashfishT (small blind) folded before Flop
Seat 4: lys_26 (big blind) collected ($1)
Seat 5: AlexEliseev7 folded before Flop (didn't bet)



PokerStars Hand #254557662557:  Hold'em No Limit ($0.50/$1.00 USD) - 2025/01/26 5:16:01 WET [2025/01/26 0:16:01 ET]
Table 'Leverrier III' 6-max Seat #3 is the button
Seat 6: PoKeRaRcSuNY ($100 in chips) is sitting out
Seat 1: Xenicide ($206.89 in chips) 
Seat 2: 7bekon7 ($100 in chips) 
Seat 3: CashfishT ($103.75 in chips) 
Seat 4: lys_26 ($71.50 in chips) 
Seat 5: AlexEliseev7 ($100 in chips) 
lys_26: posts small blind $0.50
AlexEliseev7: posts big blind $1
PoKeRaRcSuNY: sits out 
*** HOLE CARDS ***
Xenicide: folds 
7bekon7: folds 
CashfishT: folds 
lys_26: raises $1 to $2
AlexEliseev7: calls $1
*** FLOP *** [4d Kc 5s]
lys_26: checks 
AlexEliseev7: bets $1.25
lys_26: folds 
Uncalled bet ($1.25) returned to AlexEliseev7
AlexEliseev7 collected $3.80 from pot
AlexEliseev7: doesn't show hand 
*** SUMMARY ***
Total pot $4 | Rake $0.20 
Board [4d Kc 5s]
Seat 6: PoKeRaRcSuNY
Seat 1: Xenicide folded before Flop (didn't bet)
Seat 2: 7bekon7 folded before Flop (didn't bet)
Seat 3: CashfishT (button) folded before Flop (didn't bet)
Seat 4: lys_26 (small blind) folded on the Flop
Seat 5: AlexEliseev7 (big blind) collected ($3.80)



PokerStars Hand #254557666495:  Hold'em No Limit ($0.50/$1.00 USD) - 2025/01/26 5:16:43 WET [2025/01/26 0:16:43 ET]
Table 'Leverrier III' 6-max Seat #4 is the button
Seat 1: Xenicide ($206.89 in chips) 
Seat 2: 7bekon7 ($100 in chips) 
Seat 3: CashfishT ($103.75 in chips) 
Seat 4: lys_26 ($69.50 in chips) 
Seat 5: AlexEliseev7 ($101.80 in chips) 
Seat 6: PoKeRaRcSuNY ($100 in chips) 
AlexEliseev7: posts small blind $0.50
PoKeRaRcSuNY: posts big blind $1
*** HOLE CARDS ***
Xenicide: raises $1 to $2
7bekon7: raises $5.50 to $7.50
CashfishT: folds 
lys_26: folds 
AlexEliseev7: folds 
PoKeRaRcSuNY: folds 
Xenicide: raises $11.50 to $19
7bekon7: folds 
Uncalled bet ($11.50) returned to Xenicide
Xenicide collected $16.50 from pot
*** SUMMARY ***
Total pot $16.50 | Rake $0 
Seat 1: Xenicide collected ($16.50)
Seat 2: 7bekon7 folded before Flop
Seat 3: CashfishT folded before Flop (didn't bet)
Seat 4: lys_26 (button) folded before Flop (didn't bet)
Seat 5: AlexEliseev7 (small blind) folded before Flop
Seat 6: PoKeRaRcSuNY (big blind) folded before Flop



PokerStars Hand #254557672186:  Hold'em No Limit ($0.50/$1.00 USD) - 2025/01/26 5:17:44 WET [2025/01/26 0:17:44 ET]
Table 'Leverrier III' 6-max Seat #5 is the button
Seat 1: Xenicide ($215.89 in chips) 
Seat 2: 7bekon7 ($100 in chips) 
Seat 3: CashfishT ($103.75 in chips) 
Seat 4: lys_26 ($69.50 in chips) 
Seat 5: AlexEliseev7 ($101.30 in chips) 
Seat 6: PoKeRaRcSuNY ($100 in chips) 
PoKeRaRcSuNY: posts small blind $0.50
Xenicide: posts big blind $1
*** HOLE CARDS ***
7bekon7: folds 
CashfishT: folds 
lys_26: folds 
7bekon7 leaves the table
AlexEliseev7: raises $1.50 to $2.50
PoKeRaRcSuNY: folds 
Xenicide: calls $1.50
*** FLOP *** [3c Ks 2c]
Xenicide: checks 
AlexEliseev7: bets $1.72
Xenicide: folds 
Uncalled bet ($1.72) returned to AlexEliseev7
AlexEliseev7 collected $5.22 from pot
AlexEliseev7: doesn't show hand 
*** SUMMARY ***
Total pot $5.50 | Rake $0.28 
Board [3c Ks 2c]
Seat 1: Xenicide (big blind) folded on the Flop
Seat 2: 7bekon7 folded before Flop (didn't bet)
Seat 3: CashfishT folded before Flop (didn't bet)
Seat 4: lys_26 folded before Flop (didn't bet)
Seat 5: AlexEliseev7 (button) collected ($5.22)
Seat 6: PoKeRaRcSuNY (small blind) folded before Flop



PokerStars Hand #254557677709:  Hold'em No Limit ($0.50/$1.00 USD) - 2025/01/26 5:18:43 WET [2025/01/26 0:18:43 ET]
Table 'Leverrier III' 6-max Seat #6 is the button
Seat 1: Xenicide ($213.39 in chips) 
Seat 3: CashfishT ($103.75 in chips) 
Seat 4: lys_26 ($69.50 in chips) 
Seat 5: AlexEliseev7 ($104.02 in chips) 
Seat 6: PoKeRaRcSuNY ($100 in chips) 
Xenicide: posts small blind $0.50
CashfishT: posts big blind $1
*** HOLE CARDS ***
lys_26: folds 
AlexEliseev7: folds 
PoKeRaRcSuNY: folds 
Xenicide: folds 
Uncalled bet ($0.50) returned to CashfishT
CashfishT collected $1 from pot
CashfishT: doesn't show hand 
*** SUMMARY ***
Total pot $1 | Rake $0 
Seat 1: Xenicide (small blind) folded before Flop
Seat 3: CashfishT (big blind) collected ($1)
Seat 4: lys_26 folded before Flop (didn't bet)
Seat 5: AlexEliseev7 folded before Flop (didn't bet)
Seat 6: PoKeRaRcSuNY (button) folded before Flop (didn't bet)



PokerStars Hand #254557678897:  Hold'em No Limit ($0.50/$1.00 USD) - 2025/01/26 5:18:56 WET [2025/01/26 0:18:56 ET]
Table 'Leverrier III' 6-max Seat #1 is the button
Seat 1: Xenicide ($212.89 in chips) 
Seat 3: CashfishT ($104.25 in chips) 
Seat 4: lys_26 ($69.50 in chips) 
Seat 5: AlexEliseev7 ($104.02 in chips) 
Seat 6: PoKeRaRcSuNY ($100 in chips) 
CashfishT: posts small blind $0.50
lys_26: posts big blind $1
*** HOLE CARDS ***
AlexEliseev7: folds 
PoKeRaRcSuNY: folds 
Xenicide: folds 
CashfishT: folds 
Uncalled bet ($0.50) returned to lys_26
lys_26 collected $1 from pot
lys_26: doesn't show hand 
*** SUMMARY ***
Total pot $1 | Rake $0 
Seat 1: Xenicide (button) folded before Flop (didn't bet)
Seat 3: CashfishT (small blind) folded before Flop
Seat 4: lys_26 (big blind) collected ($1)
Seat 5: AlexEliseev7 folded before Flop (didn't bet)
Seat 6: PoKeRaRcSuNY folded before Flop (didn't bet)



PokerStars Hand #254557680704:  Hold'em No Limit ($0.50/$1.00 USD) - 2025/01/26 5:19:15 WET [2025/01/26 0:19:15 ET]
Table 'Leverrier III' 6-max Seat #3 is the button
Seat 1: Xenicide ($212.89 in chips) 
Seat 3: CashfishT ($103.75 in chips) 
Seat 4: lys_26 ($70 in chips) 
Seat 5: AlexEliseev7 ($104.02 in chips) 
Seat 6: PoKeRaRcSuNY ($100 in chips) 
lys_26: posts small blind $0.50
AlexEliseev7: posts big blind $1
*** HOLE CARDS ***
PoKeRaRcSuNY: raises $1.22 to $2.22
Xenicide: folds 
CashfishT: folds 
lys_26: calls $1.72
AlexEliseev7: calls $1.22
*** FLOP *** [Qh 4d 8d]
lys_26: checks 
AlexEliseev7: checks 
PoKeRaRcSuNY: bets $4.09
lys_26: raises $4.09 to $8.18
AlexEliseev7: folds 
PoKeRaRcSuNY: raises $89.60 to $97.78 and is all-in
lys_26: calls $59.60 and is all-in
Uncalled bet ($30) returned to PoKeRaRcSuNY
*** TURN *** [Qh 4d 8d] [9h]
*** RIVER *** [Qh 4d 8d 9h] [7c]
*** SHOW DOWN ***
lys_26: shows [Ah Qd] (a pair of Queens)
PoKeRaRcSuNY: shows [Kd Td] (high card King)
lys_26 collected $139.72 from pot
*** SUMMARY ***
Total pot $142.22 | Rake $2.50 
Board [Qh 4d 8d 9h 7c]
Seat 1: Xenicide folded before Flop (didn't bet)
Seat 3: CashfishT (button) folded before Flop (didn't bet)
Seat 4: lys_26 (small blind) showed [Ah Qd] and won ($139.72) with a pair of Queens
Seat 5: AlexEliseev7 (big blind) folded on the Flop
Seat 6: PoKeRaRcSuNY showed [Kd Td] and lost with high card King



PokerStars Hand #254557686272:  Hold'em No Limit ($0.50/$1.00 USD) - 2025/01/26 5:20:15 WET [2025/01/26 0:20:15 ET]
Table 'Leverrier III' 6-max Seat #4 is the button
Seat 1: Xenicide ($212.89 in chips) 
Seat 3: CashfishT ($103.75 in chips) 
Seat 4: lys_26 ($139.72 in chips) 
Seat 5: AlexEliseev7 ($101.80 in chips) 
Seat 6: PoKeRaRcSuNY ($100 in chips) 
AlexEliseev7: posts small blind $0.50
PoKeRaRcSuNY: posts big blind $1
*** HOLE CARDS ***
Xenicide: raises $1 to $2
CashfishT: folds 
lys_26: folds 
AlexEliseev7: folds 
PoKeRaRcSuNY: raises $10 to $12
Xenicide: raises $12 to $24
PoKeRaRcSuNY: raises $76 to $100 and is all-in
Xenicide: calls $76
*** FLOP *** [Jd Ts Jh]
*** TURN *** [Jd Ts Jh] [9s]
*** RIVER *** [Jd Ts Jh 9s] [8d]
*** SHOW DOWN ***
PoKeRaRcSuNY: shows [Th Tc] (a full house, Tens full of Jacks)
Xenicide: shows [Kd Ad] (a pair of Jacks)
PoKeRaRcSuNY collected $198 from pot
*** SUMMARY ***
Total pot $200.50 | Rake $2.50 
Board [Jd Ts Jh 9s 8d]
Seat 1: Xenicide showed [Kd Ad] and lost with a pair of Jacks
Seat 3: CashfishT folded before Flop (didn't bet)
Seat 4: lys_26 (button) folded before Flop (didn't bet)
Seat 5: AlexEliseev7 (small blind) folded before Flop
Seat 6: PoKeRaRcSuNY (big blind) showed [Th Tc] and won ($198) with a full house, Tens full of Jacks



PokerStars Hand #254557691244:  Hold'em No Limit ($0.50/$1.00 USD) - 2025/01/26 5:21:09 WET [2025/01/26 0:21:09 ET]
Table 'Leverrier III' 6-max Seat #5 is the button
Seat 1: Xenicide ($112.89 in chips) 
Seat 3: CashfishT ($103.75 in chips) 
Seat 4: lys_26 ($139.72 in chips) 
Seat 5: AlexEliseev7 ($101.30 in chips) 
Seat 6: PoKeRaRcSuNY ($198 in chips) 
PoKeRaRcSuNY: posts small blind $0.50
Xenicide: posts big blind $1
*** HOLE CARDS ***
CashfishT: folds 
lys_26: raises $2 to $3
AlexEliseev7: raises $6 to $9
PoKeRaRcSuNY: folds 
Xenicide: folds 
lys_26: calls $6
*** FLOP *** [2s 7d Ts]
lys_26: checks 
AlexEliseev7: bets $6.11
lys_26: raises $9.89 to $16
AlexEliseev7: raises $76.30 to $92.30 and is all-in
lys_26: folds 
Uncalled bet ($76.30) returned to AlexEliseev7
AlexEliseev7 collected $49 from pot
AlexEliseev7: doesn't show hand 
*** SUMMARY ***
Total pot $51.50 | Rake $2.50 
Board [2s 7d Ts]
Seat 1: Xenicide (big blind) folded before Flop
Seat 3: CashfishT folded before Flop (didn't bet)
Seat 4: lys_26 folded on the Flop
Seat 5: AlexEliseev7 (button) collected ($49)
Seat 6: PoKeRaRcSuNY (small blind) folded before Flop



PokerStars Hand #254557697948:  Hold'em No Limit ($0.50/$1.00 USD) - 2025/01/26 5:22:21 WET [2025/01/26 0:22:21 ET]
Table 'Leverrier III' 6-max Seat #6 is the button
Seat 1: Xenicide ($111.89 in chips) 
Seat 3: CashfishT ($103.75 in chips) 
Seat 4: lys_26 ($114.72 in chips) 
Seat 5: AlexEliseev7 ($125.30 in chips) 
Seat 6: PoKeRaRcSuNY ($197.50 in chips) 
Xenicide: posts small blind $0.50
CashfishT: posts big blind $1
*** HOLE CARDS ***
lys_26: folds 
AlexEliseev7: folds 
PoKeRaRcSuNY: folds 
Xenicide: raises $2.50 to $3.50
CashfishT: folds 
Uncalled bet ($2.50) returned to Xenicide
Xenicide collected $2 from pot
*** SUMMARY ***
Total pot $2 | Rake $0 
Seat 1: Xenicide (small blind) collected ($2)
Seat 3: CashfishT (big blind) folded before Flop
Seat 4: lys_26 folded before Flop (didn't bet)
Seat 5: AlexEliseev7 folded before Flop (didn't bet)
Seat 6: PoKeRaRcSuNY (button) folded before Flop (didn't bet)



PokerStars Hand #254557699122:  Hold'em No Limit ($0.50/$1.00 USD) - 2025/01/26 5:22:34 WET [2025/01/26 0:22:34 ET]
Table 'Leverrier III' 6-max Seat #1 is the button
Seat 1: Xenicide ($112.89 in chips) 
Seat 3: CashfishT ($102.75 in chips) 
Seat 4: lys_26 ($114.72 in chips) 
Seat 5: AlexEliseev7 ($125.30 in chips) 
Seat 6: PoKeRaRcSuNY ($197.50 in chips) 
CashfishT: posts small blind $0.50
lys_26: posts big blind $1
*** HOLE CARDS ***
AlexEliseev7: folds 
PoKeRaRcSuNY: folds 
Xenicide: folds 
CashfishT: raises $2 to $3
lys_26: folds 
Uncalled bet ($2) returned to CashfishT
CashfishT collected $2 from pot
CashfishT: doesn't show hand 
*** SUMMARY ***
Total pot $2 | Rake $0 
Seat 1: Xenicide (button) folded before Flop (didn't bet)
Seat 3: CashfishT (small blind) collected ($2)
Seat 4: lys_26 (big blind) folded before Flop
Seat 5: AlexEliseev7 folded before Flop (didn't bet)
Seat 6: PoKeRaRcSuNY folded before Flop (didn't bet)



PokerStars Hand #254557700708:  Hold'em No Limit ($0.50/$1.00 USD) - 2025/01/26 5:22:51 WET [2025/01/26 0:22:51 ET]
Table 'Leverrier III' 6-max Seat #3 is the button
Seat 1: Xenicide ($112.89 in chips) 
Seat 3: CashfishT ($103.75 in chips) 
Seat 4: lys_26 ($113.72 in chips) 
Seat 5: AlexEliseev7 ($125.30 in chips) 
Seat 6: PoKeRaRcSuNY ($197.50 in chips) 
lys_26: posts small blind $0.50
AlexEliseev7: posts big blind $1
*** HOLE CARDS ***
PoKeRaRcSuNY: raises $1.22 to $2.22
Xenicide: folds 
CashfishT: folds 
lys_26: folds 
AlexEliseev7: folds 
Uncalled bet ($1.22) returned to PoKeRaRcSuNY
PoKeRaRcSuNY collected $2.50 from pot
PoKeRaRcSuNY: doesn't show hand 
*** SUMMARY ***
Total pot $2.50 | Rake $0 
Seat 1: Xenicide folded before Flop (didn't bet)
Seat 3: CashfishT (button) folded before Flop (didn't bet)
Seat 4: lys_26 (small blind) folded before Flop
Seat 5: AlexEliseev7 (big blind) folded before Flop
Seat 6: PoKeRaRcSuNY collected ($2.50)



PokerStars Hand #254557702919:  Hold'em No Limit ($0.50/$1.00 USD) - 2025/01/26 5:23:15 WET [2025/01/26 0:23:15 ET]
Table 'Leverrier III' 6-max Seat #4 is the button
Seat 1: Xenicide ($112.89 in chips) 
Seat 3: CashfishT ($103.75 in chips) 
Seat 4: lys_26 ($113.22 in chips) 
Seat 5: AlexEliseev7 ($124.30 in chips) 
Seat 6: PoKeRaRcSuNY ($199 in chips) 
AlexEliseev7: posts small blind $0.50
PoKeRaRcSuNY: posts big blind $1
*** HOLE CARDS ***
Xenicide: folds 
CashfishT: folds 
lys_26: raises $1.75 to $2.75
AlexEliseev7: folds 
PoKeRaRcSuNY: folds 
Uncalled bet ($1.75) returned to lys_26
lys_26 collected $2.50 from pot
lys_26: doesn't show hand 
*** SUMMARY ***
Total pot $2.50 | Rake $0 
Seat 1: Xenicide folded before Flop (didn't bet)
Seat 3: CashfishT folded before Flop (didn't bet)
Seat 4: lys_26 (button) collected ($2.50)
Seat 5: AlexEliseev7 (small blind) folded before Flop
Seat 6: PoKeRaRcSuNY (big blind) folded before Flop



PokerStars Hand #254557704389:  Hold'em No Limit ($0.50/$1.00 USD) - 2025/01/26 5:23:31 WET [2025/01/26 0:23:31 ET]
Table 'Leverrier III' 6-max Seat #5 is the button
Seat 1: Xenicide ($112.89 in chips) 
Seat 3: CashfishT ($103.75 in chips) 
Seat 4: lys_26 ($114.72 in chips) 
Seat 5: AlexEliseev7 ($123.80 in chips) 
Seat 6: PoKeRaRcSuNY ($198 in chips) 
PoKeRaRcSuNY: posts small blind $0.50
Xenicide: posts big blind $1
*** HOLE CARDS ***
CashfishT: raises $1.20 to $2.20
lys_26: folds 
AlexEliseev7: folds 
PoKeRaRcSuNY: folds 
Xenicide: folds 
Uncalled bet ($1.20) returned to CashfishT
CashfishT collected $2.50 from pot
CashfishT: doesn't show hand 
*** SUMMARY ***
Total pot $2.50 | Rake $0 
Seat 1: Xenicide (big blind) folded before Flop
Seat 3: CashfishT collected ($2.50)
Seat 4: lys_26 folded before Flop (didn't bet)
Seat 5: AlexEliseev7 (button) folded before Flop (didn't bet)
Seat 6: PoKeRaRcSuNY (small blind) folded before Flop



PokerStars Hand #254557705672:  Hold'em No Limit ($0.50/$1.00 USD) - 2025/01/26 5:23:45 WET [2025/01/26 0:23:45 ET]
Table 'Leverrier III' 6-max Seat #6 is the button
Seat 1: Xenicide ($111.89 in chips) 
Seat 3: CashfishT ($105.25 in chips) 
Seat 4: lys_26 ($114.72 in chips) 
Seat 5: AlexEliseev7 ($123.80 in chips) 
Seat 6: PoKeRaRcSuNY ($197.50 in chips) 
Xenicide: posts small blind $0.50
CashfishT: posts big blind $1
*** HOLE CARDS ***
lys_26: folds 
AlexEliseev7: raises $1.50 to $2.50
PoKeRaRcSuNY: folds 
Xenicide: folds 
CashfishT: folds 
Uncalled bet ($1.50) returned to AlexEliseev7
AlexEliseev7 collected $2.50 from pot
AlexEliseev7: doesn't show hand 
*** SUMMARY ***
Total pot $2.50 | Rake $0 
Seat 1: Xenicide (small blind) folded before Flop
Seat 3: CashfishT (big blind) folded before Flop
Seat 4: lys_26 folded before Flop (didn't bet)
Seat 5: AlexEliseev7 collected ($2.50)
Seat 6: PoKeRaRcSuNY (button) folded before Flop (didn't bet)



PokerStars Hand #254557706834:  Hold'em No Limit ($0.50/$1.00 USD) - 2025/01/26 5:23:57 WET [2025/01/26 0:23:57 ET]
Table 'Leverrier III' 6-max Seat #1 is the button
Seat 1: Xenicide ($111.39 in chips) 
Seat 3: CashfishT ($104.25 in chips) 
Seat 4: lys_26 ($114.72 in chips) 
Seat 5: AlexEliseev7 ($125.30 in chips) 
Seat 6: PoKeRaRcSuNY ($197.50 in chips) 
CashfishT: posts small blind $0.50
lys_26: posts big blind $1
*** HOLE CARDS ***
AlexEliseev7: raises $1.50 to $2.50
PoKeRaRcSuNY: folds 
Xenicide: folds 
CashfishT: folds 
lys_26: folds 
Uncalled bet ($1.50) returned to AlexEliseev7
AlexEliseev7 collected $2.50 from pot
AlexEliseev7: doesn't show hand 
*** SUMMARY ***
Total pot $2.50 | Rake $0 
Seat 1: Xenicide (button) folded before Flop (didn't bet)
Seat 3: CashfishT (small blind) folded before Flop
Seat 4: lys_26 (big blind) folded before Flop
Seat 5: AlexEliseev7 collected ($2.50)
Seat 6: PoKeRaRcSuNY folded before Flop (didn't bet)



PokerStars Hand #254557708087:  Hold'em No Limit ($0.50/$1.00 USD) - 2025/01/26 5:24:11 WET [2025/01/26 0:24:11 ET]
Table 'Leverrier III' 6-max Seat #3 is the button
Seat 1: Xenicide ($111.39 in chips) 
Seat 3: CashfishT ($103.75 in chips) 
Seat 4: lys_26 ($113.72 in chips) 
Seat 5: AlexEliseev7 ($126.80 in chips) 
Seat 6: PoKeRaRcSuNY ($197.50 in chips) 
lys_26: posts small blind $0.50
AlexEliseev7: posts big blind $1
*** HOLE CARDS ***
PoKeRaRcSuNY: folds 
Xenicide: folds 
CashfishT: folds 
lys_26: folds 
Uncalled bet ($0.50) returned to AlexEliseev7
AlexEliseev7 collected $1 from pot
AlexEliseev7: doesn't show hand 
*** SUMMARY ***
Total pot $1 | Rake $0 
Seat 1: Xenicide folded before Flop (didn't bet)
Seat 3: CashfishT (button) folded before Flop (didn't bet)
Seat 4: lys_26 (small blind) folded before Flop
Seat 5: AlexEliseev7 (big blind) collected ($1)
Seat 6: PoKeRaRcSuNY folded before Flop (didn't bet)



PokerStars Hand #254557492005:  Hold'em No Limit ($0.50/$1.00 USD) - 2025/01/26 4:45:49 WET [2025/01/25 23:45:49 ET]
Table 'Leverrier III' 6-max Seat #4 is the button
Seat 1: Xenicide ($100 in chips) 
Seat 4: CashfishT ($100 in chips) 
CashfishT: posts small blind $0.50
Xenicide: posts big blind $1
*** HOLE CARDS ***
CashfishT: raises $1.20 to $2.20
Xenicide: calls $1.20
*** FLOP *** [Kd 9c 6h]
Xenicide: checks 
CashfishT: bets $1.38
Xenicide: calls $1.38
*** TURN *** [Kd 9c 6h] [2h]
Xenicide: checks 
CashfishT: bets $5.10
Xenicide: folds 
Uncalled bet ($5.10) returned to CashfishT
CashfishT collected $6.80 from pot
CashfishT: doesn't show hand 
*** SUMMARY ***
Total pot $7.16 | Rake $0.36 
Board [Kd 9c 6h 2h]
Seat 1: Xenicide (big blind) folded on the Turn
Seat 4: CashfishT (button) (small blind) collected ($6.80)



PokerStars Hand #254557509178:  Hold'em No Limit ($0.50/$1.00 USD) - 2025/01/26 4:48:36 WET [2025/01/25 23:48:36 ET]
Table 'Leverrier III' 6-max Seat #6 is the button
Seat 1: Xenicide ($100 in chips) 
Seat 2: 7bekon7 ($100 in chips) 
Seat 3: avlee1 ($100 in chips) 
Seat 4: iTrustU21 ($100 in chips) 
Seat 6: Doomstrike420 ($84.55 in chips) 
Xenicide: posts small blind $0.50
7bekon7: posts big blind $1
*** HOLE CARDS ***
avlee1: folds 
iTrustU21: folds 
Doomstrike420: folds 
Xenicide: raises $2.50 to $3.50
7bekon7: folds 
Uncalled bet ($2.50) returned to Xenicide
Xenicide collected $2 from pot
*** SUMMARY ***
Total pot $2 | Rake $0 
Seat 1: Xenicide (small blind) collected ($2)
Seat 2: 7bekon7 (big blind) folded before Flop
Seat 3: avlee1 folded before Flop (didn't bet)
Seat 4: iTrustU21 folded before Flop (didn't bet)
Seat 6: Doomstrike420 (button) folded before Flop (didn't bet)



PokerStars Hand #254557511751:  Hold'em No Limit ($0.50/$1.00 USD) - 2025/01/26 4:49:02 WET [2025/01/25 23:49:02 ET]
Table 'Leverrier III' 6-max Seat #1 is the button
Seat 1: Xenicide ($101 in chips) 
Seat 2: 7bekon7 ($100 in chips) 
Seat 3: avlee1 ($100 in chips) 
Seat 4: iTrustU21 ($100 in chips) 
Seat 6: Doomstrike420 ($84.55 in chips) 
7bekon7: posts small blind $0.50
avlee1: posts big blind $1
*** HOLE CARDS ***
iTrustU21: folds 
Doomstrike420: calls $1
Xenicide: raises $3.50 to $4.50
7bekon7: folds 
avlee1: folds 
Doomstrike420: folds 
Uncalled bet ($3.50) returned to Xenicide
Xenicide collected $3.50 from pot
*** SUMMARY ***
Total pot $3.50 | Rake $0 
Seat 1: Xenicide (button) collected ($3.50)
Seat 2: 7bekon7 (small blind) folded before Flop
Seat 3: avlee1 (big blind) folded before Flop
Seat 4: iTrustU21 folded before Flop (didn't bet)
Seat 6: Doomstrike420 folded before Flop



PokerStars Hand #254557513962:  Hold'em No Limit ($0.50/$1.00 USD) - 2025/01/26 4:49:24 WET [2025/01/25 23:49:24 ET]
Table 'Leverrier III' 6-max Seat #2 is the button
Seat 1: Xenicide ($103.50 in chips) 
Seat 2: 7bekon7 ($100 in chips) 
Seat 3: avlee1 ($100 in chips) 
Seat 4: iTrustU21 ($100 in chips) 
Seat 6: Doomstrike420 ($83.55 in chips) 
avlee1: posts small blind $0.50
iTrustU21: posts big blind $1
*** HOLE CARDS ***
AlexEliseev7 joins the table at seat #5 
Doomstrike420: raises $2 to $3
Xenicide: folds 
7bekon7: folds 
avlee1: folds 
iTrustU21: raises $7.50 to $10.50
Doomstrike420: calls $7.50
*** FLOP *** [4c Td Ad]
iTrustU21: bets $13.50
Doomstrike420: calls $13.50
*** TURN *** [4c Td Ad] [7c]
iTrustU21: bets $76 and is all-in
Doomstrike420: folds 
Uncalled bet ($76) returned to iTrustU21
iTrustU21 collected $46.08 from pot
iTrustU21: doesn't show hand 
*** SUMMARY ***
Total pot $48.50 | Rake $2.42 
Board [4c Td Ad 7c]
Seat 1: Xenicide folded before Flop (didn't bet)
Seat 2: 7bekon7 (button) folded before Flop (didn't bet)
Seat 3: avlee1 (small blind) folded before Flop
Seat 4: iTrustU21 (big blind) collected ($46.08)
Seat 6: Doomstrike420 folded on the Turn



PokerStars Hand #254557520014:  Hold'em No Limit ($0.50/$1.00 USD) - 2025/01/26 4:50:25 WET [2025/01/25 23:50:25 ET]
Table 'Leverrier III' 6-max Seat #3 is the button
Seat 1: Xenicide ($103.50 in chips) 
Seat 2: 7bekon7 ($100 in chips) 
Seat 3: avlee1 ($100 in chips) 
Seat 4: iTrustU21 ($122.08 in chips) 
Seat 5: AlexEliseev7 ($100 in chips) 
Seat 6: Doomstrike420 ($59.55 in chips) 
iTrustU21: posts small blind $0.50
AlexEliseev7: posts big blind $1
*** HOLE CARDS ***
Doomstrike420: raises $1 to $2
Xenicide: folds 
7bekon7: folds 
avlee1: folds 
iTrustU21: folds 
AlexEliseev7: calls $1
*** FLOP *** [3d Qc 2s]
AlexEliseev7: checks 
Doomstrike420: bets $2.14
AlexEliseev7: calls $2.14
*** TURN *** [3d Qc 2s] [8h]
AlexEliseev7: checks 
Doomstrike420: checks 
*** RIVER *** [3d Qc 2s 8h] [9h]
AlexEliseev7: bets $6.51
Doomstrike420: raises $17.49 to $24
AlexEliseev7: folds 
Uncalled bet ($17.49) returned to Doomstrike420
Doomstrike420 collected $20.71 from pot
Doomstrike420: doesn't show hand 
*** SUMMARY ***
Total pot $21.80 | Rake $1.09 
Board [3d Qc 2s 8h 9h]
Seat 1: Xenicide folded before Flop (didn't bet)
Seat 2: 7bekon7 folded before Flop (didn't bet)
Seat 3: avlee1 (button) folded before Flop (didn't bet)
Seat 4: iTrustU21 (small blind) folded before Flop
Seat 5: AlexEliseev7 (big blind) folded on the River
Seat 6: Doomstrike420 collected ($20.71)



PokerStars Hand #254557526316:  Hold'em No Limit ($0.50/$1.00 USD) - 2025/01/26 4:51:30 WET [2025/01/25 23:51:30 ET]
Table 'Leverrier III' 6-max Seat #4 is the button
Seat 1: Xenicide ($103.50 in chips) 
Seat 2: 7bekon7 ($100 in chips) 
Seat 3: avlee1 ($100 in chips) 
Seat 4: iTrustU21 ($121.58 in chips) 
Seat 5: AlexEliseev7 ($100 in chips) 
Seat 6: Doomstrike420 ($69.61 in chips) 
AlexEliseev7: posts small blind $0.50
Doomstrike420: posts big blind $1
*** HOLE CARDS ***
Xenicide: folds 
7bekon7: folds 
avlee1: raises $1.50 to $2.50
iTrustU21: folds 
AlexEliseev7: folds 
Doomstrike420: folds 
Uncalled bet ($1.50) returned to avlee1
avlee1 collected $2.50 from pot
avlee1: doesn't show hand 
*** SUMMARY ***
Total pot $2.50 | Rake $0 
Seat 1: Xenicide folded before Flop (didn't bet)
Seat 2: 7bekon7 folded before Flop (didn't bet)
Seat 3: avlee1 collected ($2.50)
Seat 4: iTrustU21 (button) folded before Flop (didn't bet)
Seat 5: AlexEliseev7 (small blind) folded before Flop
Seat 6: Doomstrike420 (big blind) folded before Flop



PokerStars Hand #254557529597:  Hold'em No Limit ($0.50/$1.00 USD) - 2025/01/26 4:52:04 WET [2025/01/25 23:52:04 ET]
Table 'Leverrier III' 6-max Seat #5 is the button
Seat 1: Xenicide ($103.50 in chips) 
Seat 2: 7bekon7 ($100 in chips) 
Seat 3: avlee1 ($101.50 in chips) 
Seat 4: iTrustU21 ($121.58 in chips) 
Seat 5: AlexEliseev7 ($100 in chips) 
Seat 6: Doomstrike420 ($68.61 in chips) 
Doomstrike420: posts small blind $0.50
Xenicide: posts big blind $1
*** HOLE CARDS ***
7bekon7: folds 
avlee1: raises $1.50 to $2.50
iTrustU21: folds 
AlexEliseev7: folds 
Doomstrike420: calls $2
Xenicide: folds 
*** FLOP *** [7d Ks Js]
Doomstrike420: checks 
avlee1: bets $1.60
Doomstrike420: raises $1.60 to $3.20
avlee1: calls $1.60
*** TURN *** [7d Ks Js] [5d]
Doomstrike420: checks 
avlee1: checks 
*** RIVER *** [7d Ks Js 5d] [3d]
Doomstrike420: bets $5.89
avlee1: raises $19.61 to $25.50
Doomstrike420: folds 
Uncalled bet ($19.61) returned to avlee1
avlee1 collected $22.97 from pot
avlee1: doesn't show hand 
*** SUMMARY ***
Total pot $24.18 | Rake $1.21 
Board [7d Ks Js 5d 3d]
Seat 1: Xenicide (big blind) folded before Flop
Seat 2: 7bekon7 folded before Flop (didn't bet)
Seat 3: avlee1 collected ($22.97)
Seat 4: iTrustU21 folded before Flop (didn't bet)
Seat 5: AlexEliseev7 (button) folded before Flop (didn't bet)
Seat 6: Doomstrike420 (small blind) folded on the River



PokerStars Hand #254557538208:  Hold'em No Limit ($0.50/$1.00 USD) - 2025/01/26 4:53:30 WET [2025/01/25 23:53:30 ET]
Table 'Leverrier III' 6-max Seat #6 is the button
Seat 1: Xenicide ($102.50 in chips) 
Seat 2: 7bekon7 ($100 in chips) 
Seat 3: avlee1 ($112.88 in chips) 
Seat 4: iTrustU21 ($121.58 in chips) 
Seat 5: AlexEliseev7 ($100 in chips) 
Seat 6: Doomstrike420 ($57.02 in chips) 
Xenicide: posts small blind $0.50
7bekon7: posts big blind $1
*** HOLE CARDS ***
avlee1: folds 
iTrustU21: folds 
avlee1 leaves the table
AlexEliseev7: folds 
Doomstrike420: calls $1
Xenicide: folds 
CashfishT joins the table at seat #3 
7bekon7: checks 
*** FLOP *** [Jh 4h Kd]
7bekon7: checks 
Doomstrike420: bets $1.19
7bekon7: folds 
Uncalled bet ($1.19) returned to Doomstrike420
Doomstrike420 collected $2.38 from pot
Doomstrike420: doesn't show hand 
*** SUMMARY ***
Total pot $2.50 | Rake $0.12 
Board [Jh 4h Kd]
Seat 1: Xenicide (small blind) folded before Flop
Seat 2: 7bekon7 (big blind) folded on the Flop
Seat 3: avlee1 folded before Flop (didn't bet)
Seat 4: iTrustU21 folded before Flop (didn't bet)
Seat 5: AlexEliseev7 folded before Flop (didn't bet)
Seat 6: Doomstrike420 (button) collected ($2.38)



PokerStars Hand #254557542210:  Hold'em No Limit ($0.50/$1.00 USD) - 2025/01/26 4:54:11 WET [2025/01/25 23:54:11 ET]
Table 'Leverrier III' 6-max Seat #1 is the button
Seat 1: Xenicide ($102 in chips) 
Seat 2: 7bekon7 ($100 in chips) 
Seat 3: CashfishT ($103.22 in chips) 
Seat 4: iTrustU21 ($121.58 in chips) 
Seat 5: AlexEliseev7 ($100 in chips) 
Seat 6: Doomstrike420 ($58.40 in chips) 
7bekon7: posts small blind $0.50
CashfishT: posts big blind $1
*** HOLE CARDS ***
iTrustU21: folds 
AlexEliseev7: folds 
Doomstrike420: folds 
Xenicide: folds 
7bekon7: calls $0.50
CashfishT: checks 
*** FLOP *** [As 8h Jh]
7bekon7: checks 
CashfishT: bets $1.43
7bekon7: calls $1.43
*** TURN *** [As 8h Jh] [Ad]
7bekon7: checks 
CashfishT: checks 
*** RIVER *** [As 8h Jh Ad] [8d]
7bekon7: checks 
CashfishT: checks 
*** SHOW DOWN ***
7bekon7: shows [Kh 6c] (two pair, Aces and Eights)
CashfishT: mucks hand 
7bekon7 collected $4.62 from pot
*** SUMMARY ***
Total pot $4.86 | Rake $0.24 
Board [As 8h Jh Ad 8d]
Seat 1: Xenicide (button) folded before Flop (didn't bet)
Seat 2: 7bekon7 (small blind) showed [Kh 6c] and won ($4.62) with two pair, Aces and Eights
Seat 3: CashfishT (big blind) mucked
Seat 4: iTrustU21 folded before Flop (didn't bet)
Seat 5: AlexEliseev7 folded before Flop (didn't bet)
Seat 6: Doomstrike420 folded before Flop (didn't bet)



PokerStars Hand #254557551359:  Hold'em No Limit ($0.50/$1.00 USD) - 2025/01/26 4:55:52 WET [2025/01/25 23:55:52 ET]
Table 'Leverrier III' 6-max Seat #2 is the button
Seat 1: Xenicide ($102 in chips) 
Seat 2: 7bekon7 ($102.19 in chips) 
Seat 3: CashfishT ($100.79 in chips) 
Seat 4: iTrustU21 ($121.58 in chips) 
Seat 5: AlexEliseev7 ($100 in chips) 
Seat 6: Doomstrike420 ($58.40 in chips) 
CashfishT: posts small blind $0.50
iTrustU21: posts big blind $1
*** HOLE CARDS ***
AlexEliseev7: folds 
Doomstrike420: folds 
Xenicide: folds 
7bekon7: folds 
CashfishT: raises $2 to $3
iTrustU21: raises $6 to $9
CashfishT: folds 
Uncalled bet ($6) returned to iTrustU21
iTrustU21 collected $6 from pot
iTrustU21: doesn't show hand 
*** SUMMARY ***
Total pot $6 | Rake $0 
Seat 1: Xenicide folded before Flop (didn't bet)
Seat 2: 7bekon7 (button) folded before Flop (didn't bet)
Seat 3: CashfishT (small blind) folded before Flop
Seat 4: iTrustU21 (big blind) collected ($6)
Seat 5: AlexEliseev7 folded before Flop (didn't bet)
Seat 6: Doomstrike420 folded before Flop (didn't bet)



PokerStars Hand #254557554403:  Hold'em No Limit ($0.50/$1.00 USD) - 2025/01/26 4:56:30 WET [2025/01/25 23:56:30 ET]
Table 'Leverrier III' 6-max Seat #3 is the button
Seat 1: Xenicide ($102 in chips) 
Seat 2: 7bekon7 ($102.19 in chips) 
Seat 3: CashfishT ($100 in chips) 
Seat 4: iTrustU21 ($124.58 in chips) 
Seat 5: AlexEliseev7 ($100 in chips) 
Seat 6: Doomstrike420 ($58.40 in chips) 
iTrustU21: posts small blind $0.50
AlexEliseev7: posts big blind $1
*** HOLE CARDS ***
Doomstrike420: folds 
Xenicide: folds 
7bekon7: folds 
CashfishT: raises $1.20 to $2.20
iTrustU21: folds 
AlexEliseev7: calls $1.20
*** FLOP *** [Tc Ac 7s]
AlexEliseev7: checks 
CashfishT: bets $1.54
AlexEliseev7: folds 
Uncalled bet ($1.54) returned to CashfishT
CashfishT collected $4.66 from pot
CashfishT: doesn't show hand 
*** SUMMARY ***
Total pot $4.90 | Rake $0.24 
Board [Tc Ac 7s]
Seat 1: Xenicide folded before Flop (didn't bet)
Seat 2: 7bekon7 folded before Flop (didn't bet)
Seat 3: CashfishT (button) collected ($4.66)
Seat 4: iTrustU21 (small blind) folded before Flop
Seat 5: AlexEliseev7 (big blind) folded on the Flop
Seat 6: Doomstrike420 folded before Flop (didn't bet)



PokerStars Hand #254557557250:  Hold'em No Limit ($0.50/$1.00 USD) - 2025/01/26 4:57:05 WET [2025/01/25 23:57:05 ET]
Table 'Leverrier III' 6-max Seat #4 is the button
Seat 1: Xenicide ($102 in chips) 
Seat 2: 7bekon7 ($102.19 in chips) 
Seat 3: CashfishT ($102.46 in chips) 
Seat 4: iTrustU21 ($124.08 in chips) 
Seat 5: AlexEliseev7 ($100 in chips) 
Seat 6: Doomstrike420 ($58.40 in chips) 
AlexEliseev7: posts small blind $0.50
Doomstrike420: posts big blind $1
*** HOLE CARDS ***
Xenicide: raises $1 to $2
7bekon7: folds 
CashfishT: folds 
iTrustU21: folds 
AlexEliseev7: folds 
Doomstrike420: calls $1
*** FLOP *** [7d Td 3d]
Doomstrike420: checks 
Xenicide: bets $1.07
Doomstrike420: calls $1.07
*** TURN *** [7d Td 3d] [Qc]
Doomstrike420: checks 
Xenicide: bets $1.96
Doomstrike420: raises $1.96 to $3.92
Xenicide: calls $1.96
*** RIVER *** [7d Td 3d Qc] [Qd]
Doomstrike420: bets $51.41 and is all-in
Xenicide: folds 
Uncalled bet ($51.41) returned to Doomstrike420
Doomstrike420 collected $13.76 from pot
Doomstrike420: doesn't show hand 
*** SUMMARY ***
Total pot $14.48 | Rake $0.72 
Board [7d Td 3d Qc Qd]
Seat 1: Xenicide folded on the River
Seat 2: 7bekon7 folded before Flop (didn't bet)
Seat 3: CashfishT folded before Flop (didn't bet)
Seat 4: iTrustU21 (button) folded before Flop (didn't bet)
Seat 5: AlexEliseev7 (small blind) folded before Flop
Seat 6: Doomstrike420 (big blind) collected ($13.76)



PokerStars Hand #254557567296:  Hold'em No Limit ($0.50/$1.00 USD) - 2025/01/26 4:59:10 WET [2025/01/25 23:59:10 ET]
Table 'Leverrier III' 6-max Seat #5 is the button
Seat 1: Xenicide ($100 in chips) 
Seat 2: 7bekon7 ($102.19 in chips) 
Seat 3: CashfishT ($102.46 in chips) 
Seat 4: iTrustU21 ($124.08 in chips) 
Seat 5: AlexEliseev7 ($100 in chips) 
Seat 6: Doomstrike420 ($65.17 in chips) 
Doomstrike420: posts small blind $0.50
Xenicide: posts big blind $1
*** HOLE CARDS ***
7bekon7: folds 
CashfishT: folds 
iTrustU21: folds 
AlexEliseev7: raises $1.50 to $2.50
Doomstrike420: calls $2
Xenicide: folds 
*** FLOP *** [Jc 5c 2c]
Doomstrike420: checks 
AlexEliseev7: checks 
*** TURN *** [Jc 5c 2c] [Qd]
Doomstrike420: bets $2.85
AlexEliseev7: calls $2.85
*** RIVER *** [Jc 5c 2c Qd] [Tc]
Doomstrike420: bets $11.12
AlexEliseev7: calls $11.12
*** SHOW DOWN ***
Doomstrike420: shows [Ac Jh] (a flush, Ace high)
AlexEliseev7: mucks hand 
Doomstrike420 collected $32.24 from pot
*** SUMMARY ***
Total pot $33.94 | Rake $1.70 
Board [Jc 5c 2c Qd Tc]
Seat 1: Xenicide (big blind) folded before Flop
Seat 2: 7bekon7 folded before Flop (didn't bet)
Seat 3: CashfishT folded before Flop (didn't bet)
Seat 4: iTrustU21 folded before Flop (didn't bet)
Seat 5: AlexEliseev7 (button) mucked
Seat 6: Doomstrike420 (small blind) showed [Ac Jh] and won ($32.24) with a flush, Ace high



PokerStars Hand #254557591220:  Hold'em No Limit ($0.50/$1.00 USD) - 2025/01/26 5:03:35 WET [2025/01/26 0:03:35 ET]
Table 'Leverrier III' 6-max Seat #4 is the button
Seat 1: Xenicide ($106.05 in chips) 
Seat 2: 7bekon7 ($100 in chips) 
Seat 3: CashfishT ($108.44 in chips) 
Seat 4: iTrustU21 ($120.08 in chips) 
Seat 5: AlexEliseev7 ($100.50 in chips) 
Seat 6: Doomstrike420 ($74.44 in chips) 
AlexEliseev7: posts small blind $0.50
Doomstrike420: posts big blind $1
*** HOLE CARDS ***
Xenicide: folds 
7bekon7: folds 
CashfishT: raises $1.20 to $2.20
iTrustU21: folds 
AlexEliseev7: folds 
Doomstrike420: calls $1.20
*** FLOP *** [3s 3h Ac]
Doomstrike420: checks 
CashfishT: bets $1.17
Doomstrike420: calls $1.17
*** TURN *** [3s 3h Ac] [Qd]
Doomstrike420: checks 
CashfishT: checks 
*** RIVER *** [3s 3h Ac Qd] [7d]
Doomstrike420: checks 
CashfishT: checks 
*** SHOW DOWN ***
Doomstrike420: shows [5h 9h] (a pair of Threes)
CashfishT: shows [Qc 8c] (two pair, Queens and Threes)
CashfishT collected $6.88 from pot
*** SUMMARY ***
Total pot $7.24 | Rake $0.36 
Board [3s 3h Ac Qd 7d]
Seat 1: Xenicide folded before Flop (didn't bet)
Seat 2: 7bekon7 folded before Flop (didn't bet)
Seat 3: CashfishT showed [Qc 8c] and won ($6.88) with two pair, Queens and Threes
Seat 4: iTrustU21 (button) folded before Flop (didn't bet)
Seat 5: AlexEliseev7 (small blind) folded before Flop
Seat 6: Doomstrike420 (big blind) showed [5h 9h] and lost with a pair of Threes



PokerStars Hand #254557596331:  Hold'em No Limit ($0.50/$1.00 USD) - 2025/01/26 5:04:29 WET [2025/01/26 0:04:29 ET]
Table 'Leverrier III' 6-max Seat #5 is the button
Seat 1: Xenicide ($106.05 in chips) 
Seat 2: 7bekon7 ($100 in chips) 
Seat 3: CashfishT ($111.95 in chips) 
Seat 4: iTrustU21 ($120.08 in chips) 
Seat 5: AlexEliseev7 ($100 in chips) 
Seat 6: Doomstrike420 ($71.07 in chips) 
Doomstrike420: posts small blind $0.50
Xenicide: posts big blind $1
*** HOLE CARDS ***
7bekon7: folds 
CashfishT: folds 
iTrustU21: folds 
AlexEliseev7: raises $1.50 to $2.50
Doomstrike420: folds 
Xenicide: folds 
Uncalled bet ($1.50) returned to AlexEliseev7
AlexEliseev7 collected $2.50 from pot
AlexEliseev7: doesn't show hand 
*** SUMMARY ***
Total pot $2.50 | Rake $0 
Seat 1: Xenicide (big blind) folded before Flop
Seat 2: 7bekon7 folded before Flop (didn't bet)
Seat 3: CashfishT folded before Flop (didn't bet)
Seat 4: iTrustU21 folded before Flop (didn't bet)
Seat 5: AlexEliseev7 (button) collected ($2.50)
Seat 6: Doomstrike420 (small blind) folded before Flop



PokerStars Hand #254557598271:  Hold'em No Limit ($0.50/$1.00 USD) - 2025/01/26 5:04:49 WET [2025/01/26 0:04:49 ET]
Table 'Leverrier III' 6-max Seat #6 is the button
Seat 1: Xenicide ($105.05 in chips) 
Seat 2: 7bekon7 ($100 in chips) 
Seat 3: CashfishT ($111.95 in chips) 
Seat 4: iTrustU21 ($120.08 in chips) 
Seat 5: AlexEliseev7 ($101.50 in chips) 
Seat 6: Doomstrike420 ($70.57 in chips) 
Xenicide: posts small blind $0.50
7bekon7: posts big blind $1
*** HOLE CARDS ***
CashfishT: raises $1.20 to $2.20
iTrustU21: folds 
AlexEliseev7: folds 
Doomstrike420 has timed out
Doomstrike420: folds 
Xenicide: raises $7.80 to $10
7bekon7: folds 
CashfishT: folds 
Uncalled bet ($7.80) returned to Xenicide
Xenicide collected $5.40 from pot
*** SUMMARY ***
Total pot $5.40 | Rake $0 
Seat 1: Xenicide (small blind) collected ($5.40)
Seat 2: 7bekon7 (big blind) folded before Flop
Seat 3: CashfishT folded before Flop
Seat 4: iTrustU21 folded before Flop (didn't bet)
Seat 5: AlexEliseev7 folded before Flop (didn't bet)
Seat 6: Doomstrike420 (button) folded before Flop (didn't bet)



PokerStars Hand #254557602214:  Hold'em No Limit ($0.50/$1.00 USD) - 2025/01/26 5:05:30 WET [2025/01/26 0:05:30 ET]
Table 'Leverrier III' 6-max Seat #1 is the button
Seat 6: Doomstrike420 ($70.57 in chips) is sitting out
Seat 1: Xenicide ($108.25 in chips) 
Seat 2: 7bekon7 ($100 in chips) 
Seat 3: CashfishT ($109.75 in chips) 
Seat 4: iTrustU21 ($120.08 in chips) 
Seat 5: AlexEliseev7 ($101.50 in chips) 
7bekon7: posts small blind $0.50
CashfishT: posts big blind $1
*** HOLE CARDS ***
iTrustU21: folds 
AlexEliseev7: folds 
Xenicide: folds 
7bekon7: folds 
Uncalled bet ($0.50) returned to CashfishT
CashfishT collected $1 from pot
CashfishT: doesn't show hand 
*** SUMMARY ***
Total pot $1 | Rake $0 
Seat 6: Doomstrike420
Seat 1: Xenicide (button) folded before Flop (didn't bet)
Seat 2: 7bekon7 (small blind) folded before Flop
Seat 3: CashfishT (big blind) collected ($1)
Seat 4: iTrustU21 folded before Flop (didn't bet)
Seat 5: AlexEliseev7 folded before Flop (didn't bet)



PokerStars Hand #254557603140:  Hold'em No Limit ($0.50/$1.00 USD) - 2025/01/26 5:05:40 WET [2025/01/26 0:05:40 ET]
Table 'Leverrier III' 6-max Seat #2 is the button
Seat 6: Doomstrike420 ($70.57 in chips) is sitting out
Seat 1: Xenicide ($108.25 in chips) 
Seat 2: 7bekon7 ($100 in chips) 
Seat 3: CashfishT ($110.25 in chips) 
Seat 4: iTrustU21 ($120.08 in chips) 
Seat 5: AlexEliseev7 ($101.50 in chips) 
CashfishT: posts small blind $0.50
iTrustU21: posts big blind $1
*** HOLE CARDS ***
AlexEliseev7: folds 
Xenicide: folds 
7bekon7: folds 
CashfishT: folds 
Uncalled bet ($0.50) returned to iTrustU21
iTrustU21 collected $1 from pot
iTrustU21: doesn't show hand 
*** SUMMARY ***
Total pot $1 | Rake $0 
Seat 6: Doomstrike420
Seat 1: Xenicide folded before Flop (didn't bet)
Seat 2: 7bekon7 (button) folded before Flop (didn't bet)
Seat 3: CashfishT (small blind) folded before Flop
Seat 4: iTrustU21 (big blind) collected ($1)
Seat 5: AlexEliseev7 folded before Flop (didn't bet)



PokerStars Hand #254557604866:  Hold'em No Limit ($0.50/$1.00 USD) - 2025/01/26 5:05:57 WET [2025/01/26 0:05:57 ET]
Table 'Leverrier III' 6-max Seat #3 is the button
Seat 1: Xenicide ($108.25 in chips) 
Seat 2: 7bekon7 ($100 in chips) 
Seat 3: CashfishT ($109.75 in chips) 
Seat 4: iTrustU21 ($120.58 in chips) 
Seat 5: AlexEliseev7 ($101.50 in chips) 
Seat 6: Doomstrike420 ($70.57 in chips) 
iTrustU21: posts small blind $0.50
AlexEliseev7: posts big blind $1
*** HOLE CARDS ***
Doomstrike420 has timed out
Doomstrike420: folds 
Xenicide: folds 
7bekon7: raises $1.25 to $2.25
CashfishT: folds 
iTrustU21: folds 
AlexEliseev7: folds 
Uncalled bet ($1.25) returned to 7bekon7
7bekon7 collected $2.50 from pot
7bekon7: doesn't show hand 
*** SUMMARY ***
Total pot $2.50 | Rake $0 
Seat 1: Xenicide folded before Flop (didn't bet)
Seat 2: 7bekon7 collected ($2.50)
Seat 3: CashfishT (button) folded before Flop (didn't bet)
Seat 4: iTrustU21 (small blind) folded before Flop
Seat 5: AlexEliseev7 (big blind) folded before Flop
Seat 6: Doomstrike420 folded before Flop (didn't bet)



PokerStars Hand #254557607539:  Hold'em No Limit ($0.50/$1.00 USD) - 2025/01/26 5:06:24 WET [2025/01/26 0:06:24 ET]
Table 'Leverrier III' 6-max Seat #4 is the button
Seat 6: Doomstrike420 ($70.57 in chips) is sitting out
Seat 1: Xenicide ($108.25 in chips) 
Seat 2: 7bekon7 ($101.50 in chips) 
Seat 3: CashfishT ($109.75 in chips) 
Seat 4: iTrustU21 ($120.08 in chips) 
Seat 5: AlexEliseev7 ($100.50 in chips) 
AlexEliseev7: posts small blind $0.50
Xenicide: posts big blind $1
*** HOLE CARDS ***
7bekon7: folds 
CashfishT: raises $1.20 to $2.20
iTrustU21: raises $5.30 to $7.50
AlexEliseev7: folds 
Xenicide: folds 
CashfishT: calls $5.30
*** FLOP *** [Jh Qc Ts]
CashfishT: checks 
iTrustU21: checks 
*** TURN *** [Jh Qc Ts] [Jd]
CashfishT: checks 
iTrustU21: checks 
*** RIVER *** [Jh Qc Ts Jd] [4h]
CashfishT: checks 
iTrustU21: checks 
*** SHOW DOWN ***
CashfishT: shows [5c 4c] (two pair, Jacks and Fours)
iTrustU21: shows [7h 7c] (two pair, Jacks and Sevens)
iTrustU21 collected $15.68 from pot
*** SUMMARY ***
Total pot $16.50 | Rake $0.82 
Board [Jh Qc Ts Jd 4h]
Seat 6: Doomstrike420
Seat 1: Xenicide (big blind) folded before Flop
Seat 2: 7bekon7 folded before Flop (didn't bet)
Seat 3: CashfishT showed [5c 4c] and lost with two pair, Jacks and Fours
Seat 4: iTrustU21 (button) showed [7h 7c] and won ($15.68) with two pair, Jacks and Sevens
Seat 5: AlexEliseev7 (small blind) folded before Flop



PokerStars Hand #254557616140:  Hold'em No Limit ($0.50/$1.00 USD) - 2025/01/26 5:07:52 WET [2025/01/26 0:07:52 ET]
Table 'Leverrier III' 6-max Seat #5 is the button
Seat 6: Doomstrike420 ($70.57 in chips) is sitting out
Seat 1: Xenicide ($107.25 in chips) 
Seat 2: 7bekon7 ($101.50 in chips) 
Seat 3: CashfishT ($102.25 in chips) 
Seat 4: iTrustU21 ($128.26 in chips) 
Seat 5: AlexEliseev7 ($100 in chips) 
Xenicide: posts small blind $0.50
7bekon7: posts big blind $1
*** HOLE CARDS ***
CashfishT: raises $1.20 to $2.20
iTrustU21: folds 
AlexEliseev7: folds 
Xenicide: folds 
7bekon7: folds 
Uncalled bet ($1.20) returned to CashfishT
CashfishT collected $2.50 from pot
CashfishT: doesn't show hand 
*** SUMMARY ***
Total pot $2.50 | Rake $0 
Seat 6: Doomstrike420
Seat 1: Xenicide (small blind) folded before Flop
Seat 2: 7bekon7 (big blind) folded before Flop
Seat 3: CashfishT collected ($2.50)
Seat 4: iTrustU21 folded before Flop (didn't bet)
Seat 5: AlexEliseev7 (button) folded before Flop (didn't bet)



PokerStars Hand #254557617286:  Hold'em No Limit ($0.50/$1.00 USD) - 2025/01/26 5:08:05 WET [2025/01/26 0:08:05 ET]
Table 'Leverrier III' 6-max Seat #1 is the button
Seat 6: Doomstrike420 ($70.57 in chips) is sitting out
Seat 1: Xenicide ($106.75 in chips) 
Seat 2: 7bekon7 ($100.50 in chips) 
Seat 3: CashfishT ($103.75 in chips) 
Seat 4: iTrustU21 ($128.26 in chips) 
Seat 5: AlexEliseev7 ($100 in chips) 
7bekon7: posts small blind $0.50
CashfishT: posts big blind $1
*** HOLE CARDS ***
iTrustU21: folds 
AlexEliseev7: raises $1.50 to $2.50
Xenicide: folds 
7bekon7: raises $6 to $8.50
CashfishT: folds 
AlexEliseev7: raises $13 to $21.50
7bekon7: calls $13
*** FLOP *** [Qh 8c Qd]
7bekon7: checks 
iTrustU21 leaves the table
AlexEliseev7: bets $10.50
7bekon7: calls $10.50
*** TURN *** [Qh 8c Qd] [Kd]
7bekon7: checks 
AlexEliseev7: bets $15.50
7bekon7: folds 
Uncalled bet ($15.50) returned to AlexEliseev7
AlexEliseev7 collected $62.50 from pot
AlexEliseev7: doesn't show hand 
*** SUMMARY ***
Total pot $65 | Rake $2.50 
Board [Qh 8c Qd Kd]
Seat 6: Doomstrike420
Seat 1: Xenicide (button) folded before Flop (didn't bet)
Seat 2: 7bekon7 (small blind) folded on the Turn
Seat 3: CashfishT (big blind) folded before Flop
Seat 4: iTrustU21 folded before Flop (didn't bet)
Seat 5: AlexEliseev7 collected ($62.50)



PokerStars Hand #254557628050:  Hold'em No Limit ($0.50/$1.00 USD) - 2025/01/26 5:09:56 WET [2025/01/26 0:09:56 ET]
Table 'Leverrier III' 6-max Seat #2 is the button
Seat 6: Doomstrike420 ($70.57 in chips) is sitting out
Seat 1: Xenicide ($106.75 in chips) 
Seat 2: 7bekon7 ($100 in chips) 
Seat 3: CashfishT ($102.75 in chips) 
Seat 5: AlexEliseev7 ($130.50 in chips) 
CashfishT: posts small blind $0.50
AlexEliseev7: posts big blind $1
*** HOLE CARDS ***
Xenicide: folds 
7bekon7: folds 
CashfishT: folds 
Uncalled bet ($0.50) returned to AlexEliseev7
AlexEliseev7 collected $1 from pot
AlexEliseev7: doesn't show hand 
*** SUMMARY ***
Total pot $1 | Rake $0 
Seat 6: Doomstrike420
Seat 1: Xenicide folded before Flop (didn't bet)
Seat 2: 7bekon7 (button) folded before Flop (didn't bet)
Seat 3: CashfishT (small blind) folded before Flop
Seat 5: AlexEliseev7 (big blind) collected ($1)



PokerStars Hand #254557629620:  Hold'em No Limit ($0.50/$1.00 USD) - 2025/01/26 5:10:12 WET [2025/01/26 0:10:12 ET]
Table 'Leverrier III' 6-max Seat #3 is the button
Seat 6: Doomstrike420 ($70.57 in chips) is sitting out
Seat 1: Xenicide ($106.75 in chips) 
Seat 2: 7bekon7 ($100 in chips) 
Seat 3: CashfishT ($102.25 in chips) 
Seat 5: AlexEliseev7 ($131 in chips) 
AlexEliseev7: posts small blind $0.50
Xenicide: posts big blind $1
*** HOLE CARDS ***
7bekon7: folds 
CashfishT: raises $1.20 to $2.20
AlexEliseev7: folds 
Xenicide: folds 
Uncalled bet ($1.20) returned to CashfishT
CashfishT collected $2.50 from pot
CashfishT: doesn't show hand 
*** SUMMARY ***
Total pot $2.50 | Rake $0 
Seat 6: Doomstrike420
Seat 1: Xenicide (big blind) folded before Flop
Seat 2: 7bekon7 folded before Flop (didn't bet)
Seat 3: CashfishT (button) collected ($2.50)
Seat 5: AlexEliseev7 (small blind) folded before Flop



PokerStars Hand #254557631173:  Hold'em No Limit ($0.50/$1.00 USD) - 2025/01/26 5:10:29 WET [2025/01/26 0:10:29 ET]
Table 'Leverrier III' 6-max Seat #5 is the button
Seat 6: Doomstrike420 ($70.57 in chips) is sitting out
Seat 1: Xenicide ($105.75 in chips) 
Seat 2: 7bekon7 ($100 in chips) 
Seat 3: CashfishT ($103.75 in chips) 
Seat 5: AlexEliseev7 ($130.50 in chips) 
Xenicide: posts small blind $0.50
7bekon7: posts big blind $1
*** HOLE CARDS ***
CashfishT: folds 
AlexEliseev7: raises $1.50 to $2.50
Xenicide: folds 
7bekon7: folds 
Uncalled bet ($1.50) returned to AlexEliseev7
AlexEliseev7 collected $2.50 from pot
AlexEliseev7: doesn't show hand 
*** SUMMARY ***
Total pot $2.50 | Rake $0 
Seat 6: Doomstrike420
Seat 1: Xenicide (small blind) folded before Flop
Seat 2: 7bekon7 (big blind) folded before Flop
Seat 3: CashfishT folded before Flop (didn't bet)
Seat 5: AlexEliseev7 (button) collected ($2.50)



PokerStars Hand #254557633579:  Hold'em No Limit ($0.50/$1.00 USD) - 2025/01/26 5:10:53 WET [2025/01/26 0:10:53 ET]
Table 'Leverrier III' 6-max Seat #1 is the button
Seat 3: CashfishT ($103.75 in chips) is sitting out
Seat 6: Doomstrike420 ($70.57 in chips) is sitting out
Seat 1: Xenicide ($105.25 in chips) 
Seat 2: 7bekon7 ($100 in chips) 
Seat 5: AlexEliseev7 ($132 in chips) 
7bekon7: posts small blind $0.50
CashfishT: is sitting out 
AlexEliseev7: posts big blind $1
*** HOLE CARDS ***
Xenicide: folds 
7bekon7: raises $2 to $3
CashfishT leaves the table
AlexEliseev7: calls $2
*** FLOP *** [Ad 2s Jc]
7bekon7: bets $1.43
AlexEliseev7: raises $6.68 to $8.11
7bekon7: folds 
Uncalled bet ($6.68) returned to AlexEliseev7
AlexEliseev7 collected $8.42 from pot
AlexEliseev7: doesn't show hand 
*** SUMMARY ***
Total pot $8.86 | Rake $0.44 
Board [Ad 2s Jc]
Seat 3: CashfishT
Seat 6: Doomstrike420
Seat 1: Xenicide (button) folded before Flop (didn't bet)
Seat 2: 7bekon7 (small blind) folded on the Flop
Seat 5: AlexEliseev7 (big blind) collected ($8.42)



PokerStars Hand #254557638254:  Hold'em No Limit ($0.50/$1.00 USD) - 2025/01/26 5:11:43 WET [2025/01/26 0:11:43 ET]
Table 'Leverrier III' 6-max Seat #2 is the button
Seat 6: Doomstrike420 ($70.57 in chips) is sitting out
Seat 1: Xenicide ($105.25 in chips) 
Seat 2: 7bekon7 ($100 in chips) 
Seat 5: AlexEliseev7 ($135.99 in chips) 
AlexEliseev7: posts small blind $0.50
Xenicide: posts big blind $1
*** HOLE CARDS ***
7bekon7: folds 
AlexEliseev7: raises $2 to $3
Xenicide: calls $2
*** FLOP *** [6s 7d 6d]
AlexEliseev7: checks 
Xenicide: bets $1.43
AlexEliseev7: raises $6.68 to $8.11
Xenicide: folds 
Uncalled bet ($6.68) returned to AlexEliseev7
AlexEliseev7 collected $8.42 from pot
AlexEliseev7: doesn't show hand 
*** SUMMARY ***
Total pot $8.86 | Rake $0.44 
Board [6s 7d 6d]
Seat 6: Doomstrike420
Seat 1: Xenicide (big blind) folded on the Flop
Seat 2: 7bekon7 (button) folded before Flop (didn't bet)
Seat 5: AlexEliseev7 (small blind) collected ($8.42)



PokerStars Hand #254557643194:  Hold'em No Limit ($0.50/$1.00 USD) - 2025/01/26 5:12:35 WET [2025/01/26 0:12:35 ET]
Table 'Leverrier III' 6-max Seat #5 is the button
Seat 6: Doomstrike420 ($70.57 in chips) is sitting out
Seat 1: Xenicide ($100.82 in chips) 
Seat 2: 7bekon7 ($100 in chips) 
Seat 5: AlexEliseev7 ($139.98 in chips) 
Xenicide: posts small blind $0.50
7bekon7: posts big blind $1
*** HOLE CARDS ***
AlexEliseev7: folds 
Xenicide: folds 
Uncalled bet ($0.50) returned to 7bekon7
7bekon7 collected $1 from pot
7bekon7: doesn't show hand 
*** SUMMARY ***
Total pot $1 | Rake $0 
Seat 6: Doomstrike420
Seat 1: Xenicide (small blind) folded before Flop
Seat 2: 7bekon7 (big blind) collected ($1)
Seat 5: AlexEliseev7 (button) folded before Flop (didn't bet)



PokerStars Hand #254557644757:  Hold'em No Limit ($0.50/$1.00 USD) - 2025/01/26 5:12:52 WET [2025/01/26 0:12:52 ET]
Table 'Leverrier III' 6-max Seat #1 is the button
Seat 6: Doomstrike420 ($70.57 in chips) is sitting out
Seat 1: Xenicide ($100.32 in chips) 
Seat 2: 7bekon7 ($100.50 in chips) 
Seat 5: AlexEliseev7 ($139.98 in chips) 
7bekon7: posts small blind $0.50
AlexEliseev7: posts big blind $1
*** HOLE CARDS ***
Xenicide: raises $1.25 to $2.25
7bekon7: folds 
AlexEliseev7: calls $1.25
*** FLOP *** [6d Ac Kc]
AlexEliseev7: checks 
Xenicide: bets $5.94
CashfishT joins the table at seat #3 
AlexEliseev7: calls $5.94
*** TURN *** [6d Ac Kc] [5h]
AlexEliseev7: checks 
Xenicide: bets $24.06
AlexEliseev7: calls $24.06
*** RIVER *** [6d Ac Kc 5h] [6c]
AlexEliseev7: checks 
Xenicide: bets $68.07 and is all-in
AlexEliseev7: calls $68.07
*** SHOW DOWN ***
Xenicide: shows [6h Ah] (a full house, Sixes full of Aces)
AlexEliseev7: shows [Qc 3c] (a flush, Ace high)
Xenicide collected $200.14 from pot
*** SUMMARY ***
Total pot $201.14 | Rake $1 
Board [6d Ac Kc 5h 6c]
Seat 6: Doomstrike420
Seat 1: Xenicide (button) showed [6h Ah] and won ($200.14) with a full house, Sixes full of Aces
Seat 2: 7bekon7 (small blind) folded before Flop
Seat 5: AlexEliseev7 (big blind) showed [Qc 3c] and lost with a flush, Ace high



PokerStars Hand #254557654191:  Hold'em No Limit ($0.50/$1.00 USD) - 2025/01/26 5:14:32 WET [2025/01/26 0:14:32 ET]
Table 'Leverrier III' 6-max Seat #2 is the button
Seat 3: CashfishT ($103.75 in chips) is sitting out
Seat 6: Doomstrike420 ($70.57 in chips) is sitting out
Seat 1: Xenicide ($200.14 in chips) 
Seat 2: 7bekon7 ($100 in chips) 
Seat 5: AlexEliseev7 ($100 in chips) 
AlexEliseev7: posts small blind $0.50
Xenicide: posts big blind $1
*** HOLE CARDS ***
7bekon7: raises $1.25 to $2.25
AlexEliseev7: folds 
lys_26 joins the table at seat #4 
Xenicide: raises $7.75 to $10
7bekon7: folds 
Uncalled bet ($7.75) returned to Xenicide
Xenicide collected $5 from pot
Doomstrike420 leaves the table
*** SUMMARY ***
Total pot $5 | Rake $0 
Seat 3: CashfishT
Seat 6: Doomstrike420
Seat 1: Xenicide (big blind) collected ($5)
Seat 2: 7bekon7 (button) folded before Flop
Seat 5: AlexEliseev7 (small blind) folded before Flop



PokerStars Hand #254557657374:  Hold'em No Limit ($0.50/$1.00 USD) - 2025/01/26 5:15:05 WET [2025/01/26 0:15:05 ET]
Table 'Leverrier III' 6-max Seat #5 is the button
Seat 3: CashfishT ($103.75 in chips) is sitting out
Seat 1: Xenicide ($202.89 in chips) 
Seat 2: 7bekon7 ($100 in chips) 
Seat 4: lys_26 ($74 in chips) 
Seat 5: AlexEliseev7 ($100 in chips) 
Xenicide: posts small blind $0.50
7bekon7: posts big blind $1
CashfishT: sits out 
lys_26: posts big blind $1
*** HOLE CARDS ***
lys_26: raises $2 to $3
AlexEliseev7: folds 
PoKeRaRcSuNY joins the table at seat #6 
Xenicide: raises $7.50 to $10.50
7bekon7: folds 
lys_26: folds 
Uncalled bet ($7.50) returned to Xenicide
Xenicide collected $7 from pot
*** SUMMARY ***
Total pot $7 | Rake $0 
Seat 3: CashfishT
Seat 1: Xenicide (small blind) collected ($7)
Seat 2: 7bekon7 (big blind) folded before Flop
Seat 4: lys_26 folded before Flop
Seat 5: AlexEliseev7 (button) folded before Flop (didn't bet)



PokerStars Hand #254557321668:  Hold'em No Limit ($0.50/$1.00 USD) - 2025/01/26 4:19:50 WET [2025/01/25 23:19:50 ET]
Table 'Leverrier III' 6-max Seat #1 is the button
Seat 4: CashfishT ($100 in chips) is sitting out
Seat 1: Xenicide ($100 in chips) 
Seat 3: m0nTTu ($80 in chips) 
Xenicide: posts small blind $0.50
m0nTTu: posts big blind $1
*** HOLE CARDS ***
CashfishT leaves the table
Xenicide: raises $1.25 to $2.25
m0nTTu: calls $1.25
*** FLOP *** [3h 4d Kc]
m0nTTu: checks 
Xenicide: bets $1.07
m0nTTu: calls $1.07
*** TURN *** [3h 4d Kc] [3d]
m0nTTu: checks 
Xenicide: checks 
*** RIVER *** [3h 4d Kc 3d] [5s]
m0nTTu: bets $2.08
Xenicide: calls $2.08
*** SHOW DOWN ***
m0nTTu: shows [6c 3c] (three of a kind, Threes)
Xenicide: mucks hand 
m0nTTu collected $10.26 from pot
*** SUMMARY ***
Total pot $10.80 | Rake $0.54 
Board [3h 4d Kc 3d 5s]
Seat 4: CashfishT
Seat 1: Xenicide (button) (small blind) mucked
Seat 3: m0nTTu (big blind) showed [6c 3c] and won ($10.26) with three of a kind, Threes



PokerStars Hand #254557831255:  Hold'em No Limit ($0.50/$1.00 USD) - 2025/01/26 5:47:01 WET [2025/01/26 0:47:01 ET]
Table 'Leverrier III' 6-max Seat #1 is the button
Seat 3: dtziomek88 ($0 in chips) is sitting out
Seat 1: Xenicide ($141.93 in chips) 
Seat 2: ec0n0mist ($103.46 in chips) 
Seat 4: lys_26 ($64.31 in chips) 
Seat 5: AlexEliseev7 ($191.61 in chips) 
Seat 6: HelloEzie ($102.50 in chips) 
ec0n0mist: posts small blind $0.50
lys_26: posts big blind $1
*** HOLE CARDS ***
AlexEliseev7: raises $1.50 to $2.50
HelloEzie: folds 
Xenicide: folds 
ec0n0mist: folds 
dtziomek88 leaves the table
lys_26: calls $1.50
*** FLOP *** [8d 8c 3s]
lys_26: checks 
AlexEliseev7: bets $1.72
lys_26: folds 
Uncalled bet ($1.72) returned to AlexEliseev7
AlexEliseev7 collected $5.22 from pot
AlexEliseev7: doesn't show hand 
*** SUMMARY ***
Total pot $5.50 | Rake $0.28 
Board [8d 8c 3s]
Seat 3: dtziomek88
Seat 1: Xenicide (button) folded before Flop (didn't bet)
Seat 2: ec0n0mist (small blind) folded before Flop
Seat 4: lys_26 (big blind) folded on the Flop
Seat 5: AlexEliseev7 collected ($5.22)
Seat 6: HelloEzie folded before Flop (didn't bet)



PokerStars Hand #254557833155:  Hold'em No Limit ($0.50/$1.00 USD) - 2025/01/26 5:47:23 WET [2025/01/26 0:47:23 ET]
Table 'Leverrier III' 6-max Seat #2 is the button
Seat 1: Xenicide ($141.93 in chips) 
Seat 2: ec0n0mist ($102.96 in chips) 
Seat 4: lys_26 ($61.81 in chips) 
Seat 5: AlexEliseev7 ($194.33 in chips) 
Seat 6: HelloEzie ($102.50 in chips) 
lys_26: posts small blind $0.50
AlexEliseev7: posts big blind $1
*** HOLE CARDS ***
HelloEzie: folds 
Xenicide: raises $1 to $2
ec0n0mist: calls $2
lys_26: folds 
AlexEliseev7: calls $1
*** FLOP *** [9s 2h 6d]
AlexEliseev7: checks 
Xenicide: bets $2.60
ec0n0mist: folds 
AlexEliseev7: folds 
Uncalled bet ($2.60) returned to Xenicide
Xenicide collected $6.18 from pot
*** SUMMARY ***
Total pot $6.50 | Rake $0.32 
Board [9s 2h 6d]
Seat 1: Xenicide collected ($6.18)
Seat 2: ec0n0mist (button) folded on the Flop
Seat 4: lys_26 (small blind) folded before Flop
Seat 5: AlexEliseev7 (big blind) folded on the Flop
Seat 6: HelloEzie folded before Flop (didn't bet)



PokerStars Hand #254557836525:  Hold'em No Limit ($0.50/$1.00 USD) - 2025/01/26 5:48:01 WET [2025/01/26 0:48:01 ET]
Table 'Leverrier III' 6-max Seat #4 is the button
Seat 1: Xenicide ($146.11 in chips) 
Seat 2: ec0n0mist ($100.96 in chips) 
Seat 4: lys_26 ($61.31 in chips) 
Seat 5: AlexEliseev7 ($192.33 in chips) 
Seat 6: HelloEzie ($102.50 in chips) 
AlexEliseev7: posts small blind $0.50
HelloEzie: posts big blind $1
*** HOLE CARDS ***
Xenicide: folds 
ec0n0mist: folds 
lys_26: raises $2 to $3
AlexEliseev7: folds 
HelloEzie: folds 
Uncalled bet ($2) returned to lys_26
lys_26 collected $2.50 from pot
lys_26: doesn't show hand 
*** SUMMARY ***
Total pot $2.50 | Rake $0 
Seat 1: Xenicide folded before Flop (didn't bet)
Seat 2: ec0n0mist folded before Flop (didn't bet)
Seat 4: lys_26 (button) collected ($2.50)
Seat 5: AlexEliseev7 (small blind) folded before Flop
Seat 6: HelloEzie (big blind) folded before Flop



PokerStars Hand #254557837912:  Hold'em No Limit ($0.50/$1.00 USD) - 2025/01/26 5:48:17 WET [2025/01/26 0:48:17 ET]
Table 'Leverrier III' 6-max Seat #5 is the button
Seat 1: Xenicide ($146.11 in chips) 
Seat 2: ec0n0mist ($100.96 in chips) 
Seat 4: lys_26 ($62.81 in chips) 
Seat 5: AlexEliseev7 ($191.83 in chips) 
Seat 6: HelloEzie ($101.50 in chips) 
HelloEzie: posts small blind $0.50
Xenicide: posts big blind $1
*** HOLE CARDS ***
ec0n0mist: folds 
lys_26: raises $2 to $3
AlexEliseev7: folds 
HelloEzie: raises $9 to $12
Xenicide: folds 
lys_26: raises $50.81 to $62.81 and is all-in
HelloEzie: folds 
Uncalled bet ($50.81) returned to lys_26
lys_26 collected $25 from pot
lys_26: doesn't show hand 
*** SUMMARY ***
Total pot $25 | Rake $0 
Seat 1: Xenicide (big blind) folded before Flop
Seat 2: ec0n0mist folded before Flop (didn't bet)
Seat 4: lys_26 collected ($25)
Seat 5: AlexEliseev7 (button) folded before Flop (didn't bet)
Seat 6: HelloEzie (small blind) folded before Flop



PokerStars Hand #254557840748:  Hold'em No Limit ($0.50/$1.00 USD) - 2025/01/26 5:48:49 WET [2025/01/26 0:48:49 ET]
Table 'Leverrier III' 6-max Seat #6 is the button
Seat 1: Xenicide ($145.11 in chips) 
Seat 2: ec0n0mist ($100.96 in chips) 
Seat 4: lys_26 ($75.81 in chips) 
Seat 5: AlexEliseev7 ($191.83 in chips) 
Seat 6: HelloEzie ($100 in chips) 
Xenicide: posts small blind $0.50
ec0n0mist: posts big blind $1
*** HOLE CARDS ***
lys_26: folds 
AlexEliseev7: raises $1.50 to $2.50
HelloEzie: folds 
Xenicide: folds 
ec0n0mist: folds 
Uncalled bet ($1.50) returned to AlexEliseev7
AlexEliseev7 collected $2.50 from pot
AlexEliseev7: doesn't show hand 
*** SUMMARY ***
Total pot $2.50 | Rake $0 
Seat 1: Xenicide (small blind) folded before Flop
Seat 2: ec0n0mist (big blind) folded before Flop
Seat 4: lys_26 folded before Flop (didn't bet)
Seat 5: AlexEliseev7 collected ($2.50)
Seat 6: HelloEzie (button) folded before Flop (didn't bet)



PokerStars Hand #254557842155:  Hold'em No Limit ($0.50/$1.00 USD) - 2025/01/26 5:49:05 WET [2025/01/26 0:49:05 ET]
Table 'Leverrier III' 6-max Seat #1 is the button
Seat 1: Xenicide ($144.61 in chips) 
Seat 2: ec0n0mist ($99.96 in chips) 
Seat 4: lys_26 ($75.81 in chips) 
Seat 5: AlexEliseev7 ($193.33 in chips) 
Seat 6: HelloEzie ($100 in chips) 
ec0n0mist: posts small blind $0.50
lys_26: posts big blind $1
*** HOLE CARDS ***
AlexEliseev7: raises $1.50 to $2.50
HelloEzie: folds 
Xenicide: raises $4.50 to $7
ec0n0mist: folds 
lys_26: folds 
AlexEliseev7: folds 
Uncalled bet ($4.50) returned to Xenicide
Xenicide collected $6.50 from pot
*** SUMMARY ***
Total pot $6.50 | Rake $0 
Seat 1: Xenicide (button) collected ($6.50)
Seat 2: ec0n0mist (small blind) folded before Flop
Seat 4: lys_26 (big blind) folded before Flop
Seat 5: AlexEliseev7 folded before Flop
Seat 6: HelloEzie folded before Flop (didn't bet)



PokerStars Hand #254557844604:  Hold'em No Limit ($0.50/$1.00 USD) - 2025/01/26 5:49:33 WET [2025/01/26 0:49:33 ET]
Table 'Leverrier III' 6-max Seat #2 is the button
Seat 1: Xenicide ($148.61 in chips) 
Seat 2: ec0n0mist ($99.46 in chips) 
Seat 4: lys_26 ($74.81 in chips) 
Seat 5: AlexEliseev7 ($190.83 in chips) 
Seat 6: HelloEzie ($100 in chips) 
lys_26: posts small blind $0.50
AlexEliseev7: posts big blind $1
*** HOLE CARDS ***
HelloEzie: raises $1.50 to $2.50
Xenicide: folds 
ec0n0mist: folds 
lys_26: folds 
AlexEliseev7: folds 
Uncalled bet ($1.50) returned to HelloEzie
HelloEzie collected $2.50 from pot
*** SUMMARY ***
Total pot $2.50 | Rake $0 
Seat 1: Xenicide folded before Flop (didn't bet)
Seat 2: ec0n0mist (button) folded before Flop (didn't bet)
Seat 4: lys_26 (small blind) folded before Flop
Seat 5: AlexEliseev7 (big blind) folded before Flop
Seat 6: HelloEzie collected ($2.50)



PokerStars Hand #254557845961:  Hold'em No Limit ($0.50/$1.00 USD) - 2025/01/26 5:49:49 WET [2025/01/26 0:49:49 ET]
Table 'Leverrier III' 6-max Seat #4 is the button
Seat 1: Xenicide ($148.61 in chips) 
Seat 2: ec0n0mist ($99.46 in chips) 
Seat 4: lys_26 ($74.31 in chips) 
Seat 5: AlexEliseev7 ($189.83 in chips) 
Seat 6: HelloEzie ($101.50 in chips) 
AlexEliseev7: posts small blind $0.50
HelloEzie: posts big blind $1
*** HOLE CARDS ***
Xenicide: folds 
ec0n0mist: folds 
lys_26: folds 
AlexEliseev7: raises $2 to $3
HelloEzie: folds 
Uncalled bet ($2) returned to AlexEliseev7
AlexEliseev7 collected $2 from pot
AlexEliseev7: doesn't show hand 
*** SUMMARY ***
Total pot $2 | Rake $0 
Seat 1: Xenicide folded before Flop (didn't bet)
Seat 2: ec0n0mist folded before Flop (didn't bet)
Seat 4: lys_26 (button) folded before Flop (didn't bet)
Seat 5: AlexEliseev7 (small blind) collected ($2)
Seat 6: HelloEzie (big blind) folded before Flop



PokerStars Hand #254557847484:  Hold'em No Limit ($0.50/$1.00 USD) - 2025/01/26 5:50:07 WET [2025/01/26 0:50:07 ET]
Table 'Leverrier III' 6-max Seat #5 is the button
Seat 1: Xenicide ($148.61 in chips) 
Seat 2: ec0n0mist ($99.46 in chips) 
Seat 4: lys_26 ($74.31 in chips) 
Seat 5: AlexEliseev7 ($190.83 in chips) 
Seat 6: HelloEzie ($100.50 in chips) 
HelloEzie: posts small blind $0.50
Xenicide: posts big blind $1
*** HOLE CARDS ***
ec0n0mist: folds 
lys_26: folds 
AlexEliseev7: raises $1.50 to $2.50
HelloEzie: folds 
Xenicide: folds 
Uncalled bet ($1.50) returned to AlexEliseev7
AlexEliseev7 collected $2.50 from pot
AlexEliseev7: doesn't show hand 
*** SUMMARY ***
Total pot $2.50 | Rake $0 
Seat 1: Xenicide (big blind) folded before Flop
Seat 2: ec0n0mist folded before Flop (didn't bet)
Seat 4: lys_26 folded before Flop (didn't bet)
Seat 5: AlexEliseev7 (button) collected ($2.50)
Seat 6: HelloEzie (small blind) folded before Flop



PokerStars Hand #254557848586:  Hold'em No Limit ($0.50/$1.00 USD) - 2025/01/26 5:50:20 WET [2025/01/26 0:50:20 ET]
Table 'Leverrier III' 6-max Seat #6 is the button
Seat 1: Xenicide ($147.61 in chips) 
Seat 2: ec0n0mist ($99.46 in chips) 
Seat 4: lys_26 ($74.31 in chips) 
Seat 5: AlexEliseev7 ($192.33 in chips) 
Seat 6: HelloEzie ($100 in chips) 
Xenicide: posts small blind $0.50
ec0n0mist: posts big blind $1
*** HOLE CARDS ***
lys_26: calls $1
AlexEliseev7: folds 
HelloEzie: folds 
Xenicide: calls $0.50
ec0n0mist: checks 
*** FLOP *** [8s 9d Jh]
Xenicide: checks 
ec0n0mist: bets $2.14
lys_26: folds 
Xenicide: folds 
Uncalled bet ($2.14) returned to ec0n0mist
ec0n0mist collected $2.85 from pot
ec0n0mist: doesn't show hand 
*** SUMMARY ***
Total pot $3 | Rake $0.15 
Board [8s 9d Jh]
Seat 1: Xenicide (small blind) folded on the Flop
Seat 2: ec0n0mist (big blind) collected ($2.85)
Seat 4: lys_26 folded on the Flop
Seat 5: AlexEliseev7 folded before Flop (didn't bet)
Seat 6: HelloEzie (button) folded before Flop (didn't bet)



PokerStars Hand #254557851113:  Hold'em No Limit ($0.50/$1.00 USD) - 2025/01/26 5:50:48 WET [2025/01/26 0:50:48 ET]
Table 'Leverrier III' 6-max Seat #1 is the button
Seat 1: Xenicide ($146.61 in chips) 
Seat 2: ec0n0mist ($101.31 in chips) 
Seat 4: lys_26 ($73.31 in chips) 
Seat 5: AlexEliseev7 ($192.33 in chips) 
Seat 6: HelloEzie ($100 in chips) 
ec0n0mist: posts small blind $0.50
lys_26: posts big blind $1
*** HOLE CARDS ***
AlexEliseev7: folds 
HelloEzie: folds 
Xenicide: folds 
ec0n0mist: folds 
Uncalled bet ($0.50) returned to lys_26
lys_26 collected $1 from pot
lys_26: doesn't show hand 
*** SUMMARY ***
Total pot $1 | Rake $0 
Seat 1: Xenicide (button) folded before Flop (didn't bet)
Seat 2: ec0n0mist (small blind) folded before Flop
Seat 4: lys_26 (big blind) collected ($1)
Seat 5: AlexEliseev7 folded before Flop (didn't bet)
Seat 6: HelloEzie folded before Flop (didn't bet)



PokerStars Hand #254557852118:  Hold'em No Limit ($0.50/$1.00 USD) - 2025/01/26 5:51:00 WET [2025/01/26 0:51:00 ET]
Table 'Leverrier III' 6-max Seat #2 is the button
Seat 1: Xenicide ($146.61 in chips) 
Seat 2: ec0n0mist ($100.81 in chips) 
Seat 4: lys_26 ($73.81 in chips) 
Seat 5: AlexEliseev7 ($192.33 in chips) 
Seat 6: HelloEzie ($100 in chips) 
lys_26: posts small blind $0.50
AlexEliseev7: posts big blind $1
*** HOLE CARDS ***
HelloEzie: folds 
Xenicide: raises $1 to $2
ec0n0mist: folds 
lys_26: calls $1.50
AlexEliseev7: folds 
*** FLOP *** [Th Kh 4d]
lys_26: checks 
Xenicide: bets $1.19
lys_26: folds 
Uncalled bet ($1.19) returned to Xenicide
Xenicide collected $4.75 from pot
*** SUMMARY ***
Total pot $5 | Rake $0.25 
Board [Th Kh 4d]
Seat 1: Xenicide collected ($4.75)
Seat 2: ec0n0mist (button) folded before Flop (didn't bet)
Seat 4: lys_26 (small blind) folded on the Flop
Seat 5: AlexEliseev7 (big blind) folded before Flop
Seat 6: HelloEzie folded before Flop (didn't bet)



PokerStars Hand #254557854729:  Hold'em No Limit ($0.50/$1.00 USD) - 2025/01/26 5:51:30 WET [2025/01/26 0:51:30 ET]
Table 'Leverrier III' 6-max Seat #4 is the button
Seat 1: Xenicide ($149.36 in chips) 
Seat 2: ec0n0mist ($100.81 in chips) 
Seat 4: lys_26 ($71.81 in chips) 
Seat 5: AlexEliseev7 ($191.33 in chips) 
Seat 6: HelloEzie ($100 in chips) 
AlexEliseev7: posts small blind $0.50
HelloEzie: posts big blind $1
*** HOLE CARDS ***
Xenicide: folds 
ec0n0mist: raises $1.15 to $2.15
lys_26: calls $2.15
AlexEliseev7: folds 
HelloEzie: calls $1.15
*** FLOP *** [2s Jc Th]
HelloEzie: checks 
ec0n0mist: checks 
lys_26: checks 
*** TURN *** [2s Jc Th] [3h]
HelloEzie: bets $8.25
ec0n0mist: folds 
lys_26: folds 
Uncalled bet ($8.25) returned to HelloEzie
HelloEzie collected $6.60 from pot
*** SUMMARY ***
Total pot $6.95 | Rake $0.35 
Board [2s Jc Th 3h]
Seat 1: Xenicide folded before Flop (didn't bet)
Seat 2: ec0n0mist folded on the Turn
Seat 4: lys_26 (button) folded on the Turn
Seat 5: AlexEliseev7 (small blind) folded before Flop
Seat 6: HelloEzie (big blind) collected ($6.60)



PokerStars Hand #254557858861:  Hold'em No Limit ($0.50/$1.00 USD) - 2025/01/26 5:52:20 WET [2025/01/26 0:52:20 ET]
Table 'Leverrier III' 6-max Seat #5 is the button
Seat 1: Xenicide ($149.36 in chips) 
Seat 2: ec0n0mist ($98.66 in chips) 
Seat 4: lys_26 ($69.66 in chips) 
Seat 5: AlexEliseev7 ($190.83 in chips) 
Seat 6: HelloEzie ($104.45 in chips) 
HelloEzie: posts small blind $0.50
Xenicide: posts big blind $1
*** HOLE CARDS ***
ec0n0mist: folds 
lys_26: folds 
AlexEliseev7: raises $1.50 to $2.50
HelloEzie: folds 
Xenicide: folds 
Uncalled bet ($1.50) returned to AlexEliseev7
AlexEliseev7 collected $2.50 from pot
AlexEliseev7: doesn't show hand 
*** SUMMARY ***
Total pot $2.50 | Rake $0 
Seat 1: Xenicide (big blind) folded before Flop
Seat 2: ec0n0mist folded before Flop (didn't bet)
Seat 4: lys_26 folded before Flop (didn't bet)
Seat 5: AlexEliseev7 (button) collected ($2.50)
Seat 6: HelloEzie (small blind) folded before Flop



PokerStars Hand #254557860511:  Hold'em No Limit ($0.50/$1.00 USD) - 2025/01/26 5:52:38 WET [2025/01/26 0:52:38 ET]
Table 'Leverrier III' 6-max Seat #6 is the button
Seat 1: Xenicide ($148.36 in chips) 
Seat 2: ec0n0mist ($98.66 in chips) 
Seat 4: lys_26 ($69.66 in chips) 
Seat 5: AlexEliseev7 ($192.33 in chips) 
Seat 6: HelloEzie ($103.95 in chips) 
Xenicide: posts small blind $0.50
ec0n0mist: posts big blind $1
*** HOLE CARDS ***
lys_26: folds 
AlexEliseev7: folds 
HelloEzie: raises $1 to $2
Xenicide: folds 
ec0n0mist: calls $1
*** FLOP *** [8c Qs Ts]
ec0n0mist: checks 
HelloEzie: bets $2.14
ec0n0mist: folds 
Uncalled bet ($2.14) returned to HelloEzie
HelloEzie collected $4.28 from pot
*** SUMMARY ***
Total pot $4.50 | Rake $0.22 
Board [8c Qs Ts]
Seat 1: Xenicide (small blind) folded before Flop
Seat 2: ec0n0mist (big blind) folded on the Flop
Seat 4: lys_26 folded before Flop (didn't bet)
Seat 5: AlexEliseev7 folded before Flop (didn't bet)
Seat 6: HelloEzie (button) collected ($4.28)



PokerStars Hand #254557863674:  Hold'em No Limit ($0.50/$1.00 USD) - 2025/01/26 5:53:15 WET [2025/01/26 0:53:15 ET]
Table 'Leverrier III' 6-max Seat #1 is the button
Seat 1: Xenicide ($147.86 in chips) 
Seat 2: ec0n0mist ($96.66 in chips) 
Seat 4: lys_26 ($69.66 in chips) 
Seat 5: AlexEliseev7 ($192.33 in chips) 
Seat 6: HelloEzie ($106.23 in chips) 
ec0n0mist: posts small blind $0.50
lys_26: posts big blind $1
*** HOLE CARDS ***
AlexEliseev7: raises $1.50 to $2.50
HelloEzie: raises $5 to $7.50
Xenicide: folds 
ec0n0mist: folds 
lys_26: folds 
AlexEliseev7: calls $5
*** FLOP *** [Jc Qd 4s]
AlexEliseev7: checks 
HelloEzie: bets $5.17
AlexEliseev7: raises $12.75 to $17.92
HelloEzie: calls $12.75
*** TURN *** [Jc Qd 4s] [2h]
AlexEliseev7: bets $24.42
HelloEzie: calls $24.42
*** RIVER *** [Jc Qd 4s 2h] [7s]
AlexEliseev7: bets $142.49 and is all-in
Tunaking77 joins the table at seat #3 
Tunaking77 is disconnected 
HelloEzie: calls $56.39 and is all-in
Uncalled bet ($86.10) returned to AlexEliseev7
*** SHOW DOWN ***
AlexEliseev7: shows [9d Td] (high card Queen)
HelloEzie: shows [Ac Ad] (a pair of Aces)
HelloEzie collected $211.46 from pot
*** SUMMARY ***
Total pot $213.96 | Rake $2.50 
Board [Jc Qd 4s 2h 7s]
Seat 1: Xenicide (button) folded before Flop (didn't bet)
Seat 2: ec0n0mist (small blind) folded before Flop
Seat 4: lys_26 (big blind) folded before Flop
Seat 5: AlexEliseev7 showed [9d Td] and lost with high card Queen
Seat 6: HelloEzie showed [Ac Ad] and won ($211.46) with a pair of Aces



PokerStars Hand #254557875118:  Hold'em No Limit ($0.50/$1.00 USD) - 2025/01/26 5:55:35 WET [2025/01/26 0:55:35 ET]
Table 'Leverrier III' 6-max Seat #2 is the button
Seat 3: Tunaking77 ($52.70 in chips) is sitting out
Seat 1: Xenicide ($147.86 in chips) 
Seat 2: ec0n0mist ($96.16 in chips) 
Seat 4: lys_26 ($68.66 in chips) 
Seat 5: AlexEliseev7 ($100 in chips) 
Seat 6: HelloEzie ($211.46 in chips) 
lys_26: posts small blind $0.50
AlexEliseev7: posts big blind $1
*** HOLE CARDS ***
HelloEzie: folds 
Xenicide: folds 
ec0n0mist: raises $2.25 to $3.25
lys_26: folds 
AlexEliseev7: calls $2.25
*** FLOP *** [Td Kh 4c]
AlexEliseev7: checks 
ec0n0mist: bets $1.66
AlexEliseev7: folds 
Uncalled bet ($1.66) returned to ec0n0mist
ec0n0mist collected $6.65 from pot
ec0n0mist: doesn't show hand 
*** SUMMARY ***
Total pot $7 | Rake $0.35 
Board [Td Kh 4c]
Seat 3: Tunaking77
Seat 1: Xenicide folded before Flop (didn't bet)
Seat 2: ec0n0mist (button) collected ($6.65)
Seat 4: lys_26 (small blind) folded before Flop
Seat 5: AlexEliseev7 (big blind) folded on the Flop
Seat 6: HelloEzie folded before Flop (didn't bet)



PokerStars Hand #254557877010:  Hold'em No Limit ($0.50/$1.00 USD) - 2025/01/26 5:56:01 WET [2025/01/26 0:56:01 ET]
Table 'Leverrier III' 6-max Seat #4 is the button
Seat 3: Tunaking77 ($52.70 in chips) is sitting out
Seat 1: Xenicide ($147.86 in chips) 
Seat 2: ec0n0mist ($99.56 in chips) 
Seat 4: lys_26 ($68.16 in chips) 
Seat 5: AlexEliseev7 ($100 in chips) 
Seat 6: HelloEzie ($211.46 in chips) 
AlexEliseev7: posts small blind $0.50
HelloEzie: posts big blind $1
Tunaking77: sits out 
*** HOLE CARDS ***
Xenicide: folds 
ec0n0mist: raises $2.25 to $3.25
lys_26: calls $3.25
AlexEliseev7: folds 
HelloEzie: folds 
*** FLOP *** [Jh Js 2d]
ec0n0mist: bets $1.90
lys_26: folds 
Uncalled bet ($1.90) returned to ec0n0mist
ec0n0mist collected $7.60 from pot
ec0n0mist: doesn't show hand 
*** SUMMARY ***
Total pot $8 | Rake $0.40 
Board [Jh Js 2d]
Seat 3: Tunaking77
Seat 1: Xenicide folded before Flop (didn't bet)
Seat 2: ec0n0mist collected ($7.60)
Seat 4: lys_26 (button) folded on the Flop
Seat 5: AlexEliseev7 (small blind) folded before Flop
Seat 6: HelloEzie (big blind) folded before Flop



PokerStars Hand #254557878445:  Hold'em No Limit ($0.50/$1.00 USD) - 2025/01/26 5:56:21 WET [2025/01/26 0:56:21 ET]
Table 'Leverrier III' 6-max Seat #5 is the button
Seat 1: Xenicide ($147.86 in chips) 
Seat 2: ec0n0mist ($103.91 in chips) 
Seat 3: Tunaking77 ($52.70 in chips) 
Seat 4: lys_26 ($64.91 in chips) 
Seat 5: AlexEliseev7 ($100 in chips) 
Seat 6: HelloEzie ($210.46 in chips) 
HelloEzie: posts small blind $0.50
Xenicide: posts big blind $1
Tunaking77: posts big blind $1
*** HOLE CARDS ***
ec0n0mist: folds 
Tunaking77: checks 
lys_26: folds 
AlexEliseev7: folds 
HelloEzie: folds 
Xenicide: checks 
*** FLOP *** [9c 2s Qs]
Xenicide: checks 
Tunaking77: bets $1
Xenicide: folds 
Uncalled bet ($1) returned to Tunaking77
Tunaking77 collected $2.38 from pot
*** SUMMARY ***
Total pot $2.50 | Rake $0.12 
Board [9c 2s Qs]
Seat 1: Xenicide (big blind) folded on the Flop
Seat 2: ec0n0mist folded before Flop (didn't bet)
Seat 3: Tunaking77 collected ($2.38)
Seat 4: lys_26 folded before Flop (didn't bet)
Seat 5: AlexEliseev7 (button) folded before Flop (didn't bet)
Seat 6: HelloEzie (small blind) folded before Flop



PokerStars Hand #254557880786:  Hold'em No Limit ($0.50/$1.00 USD) - 2025/01/26 5:56:53 WET [2025/01/26 0:56:53 ET]
Table 'Leverrier III' 6-max Seat #6 is the button
Seat 1: Xenicide ($146.86 in chips) 
Seat 2: ec0n0mist ($103.91 in chips) 
Seat 3: Tunaking77 ($54.08 in chips) 
Seat 4: lys_26 ($64.91 in chips) 
Seat 5: AlexEliseev7 ($100 in chips) 
Seat 6: HelloEzie ($209.96 in chips) 
Xenicide: posts small blind $0.50
ec0n0mist: posts big blind $1
*** HOLE CARDS ***
Tunaking77: folds 
lys_26: raises $2 to $3
AlexEliseev7: raises $5 to $8
HelloEzie: folds 
Xenicide: folds 
ec0n0mist: folds 
lys_26: calls $5
*** FLOP *** [3d 5d 8c]
lys_26: checks 
AlexEliseev7: checks 
*** TURN *** [3d 5d 8c] [Kh]
lys_26: checks 
AlexEliseev7: checks 
*** RIVER *** [3d 5d 8c Kh] [5s]
lys_26: checks 
AlexEliseev7: checks 
*** SHOW DOWN ***
lys_26: shows [8d 9d] (two pair, Eights and Fives)
AlexEliseev7: mucks hand 
lys_26 collected $16.62 from pot
*** SUMMARY ***
Total pot $17.50 | Rake $0.88 
Board [3d 5d 8c Kh 5s]
Seat 1: Xenicide (small blind) folded before Flop
Seat 2: ec0n0mist (big blind) folded before Flop
Seat 3: Tunaking77 folded before Flop (didn't bet)
Seat 4: lys_26 showed [8d 9d] and won ($16.62) with two pair, Eights and Fives
Seat 5: AlexEliseev7 mucked
Seat 6: HelloEzie (button) folded before Flop (didn't bet)



PokerStars Hand #254557884168:  Hold'em No Limit ($0.50/$1.00 USD) - 2025/01/26 5:57:40 WET [2025/01/26 0:57:40 ET]
Table 'Leverrier III' 6-max Seat #1 is the button
Seat 1: Xenicide ($146.36 in chips) 
Seat 2: ec0n0mist ($102.91 in chips) 
Seat 3: Tunaking77 ($54.08 in chips) 
Seat 4: lys_26 ($73.53 in chips) 
Seat 5: AlexEliseev7 ($100 in chips) 
Seat 6: HelloEzie ($209.96 in chips) 
ec0n0mist: posts small blind $0.50
Tunaking77: posts big blind $1
*** HOLE CARDS ***
lys_26: folds 
AlexEliseev7: raises $1.50 to $2.50
HelloEzie: folds 
Xenicide: folds 
ec0n0mist: folds 
Tunaking77: calls $1.50
*** FLOP *** [2d Tc 7d]
Tunaking77: bets $3
AlexEliseev7: calls $3
*** TURN *** [2d Tc 7d] [Kh]
Tunaking77: checks 
AlexEliseev7: checks 
*** RIVER *** [2d Tc 7d Kh] [Ac]
Tunaking77: checks 
AlexEliseev7: bets $8.52
Tunaking77: folds 
Uncalled bet ($8.52) returned to AlexEliseev7
AlexEliseev7 collected $10.92 from pot
AlexEliseev7: doesn't show hand 
*** SUMMARY ***
Total pot $11.50 | Rake $0.58 
Board [2d Tc 7d Kh Ac]
Seat 1: Xenicide (button) folded before Flop (didn't bet)
Seat 2: ec0n0mist (small blind) folded before Flop
Seat 3: Tunaking77 (big blind) folded on the River
Seat 4: lys_26 folded before Flop (didn't bet)
Seat 5: AlexEliseev7 collected ($10.92)
Seat 6: HelloEzie folded before Flop (didn't bet)



PokerStars Hand #254557890357:  Hold'em No Limit ($0.50/$1.00 USD) - 2025/01/26 5:59:07 WET [2025/01/26 0:59:07 ET]
Table 'Leverrier III' 6-max Seat #2 is the button
Seat 1: Xenicide ($146.36 in chips) 
Seat 2: ec0n0mist ($102.41 in chips) 
Seat 3: Tunaking77 ($48.58 in chips) 
Seat 4: lys_26 ($73.53 in chips) 
Seat 5: AlexEliseev7 ($105.42 in chips) 
Seat 6: HelloEzie ($209.96 in chips) 
Tunaking77: posts small blind $0.50
lys_26: posts big blind $1
*** HOLE CARDS ***
AlexEliseev7: folds 
HelloEzie: folds 
Xenicide: folds 
ec0n0mist: folds 
Tunaking77: calls $0.50
lys_26: raises $2 to $3
Tunaking77: calls $2
*** FLOP *** [Td 6s 2s]
Tunaking77: checks 
lys_26: bets $3
Tunaking77: folds 
Uncalled bet ($3) returned to lys_26
lys_26 collected $5.70 from pot
lys_26: doesn't show hand 
*** SUMMARY ***
Total pot $6 | Rake $0.30 
Board [Td 6s 2s]
Seat 1: Xenicide folded before Flop (didn't bet)
Seat 2: ec0n0mist (button) folded before Flop (didn't bet)
Seat 3: Tunaking77 (small blind) folded on the Flop
Seat 4: lys_26 (big blind) collected ($5.70)
Seat 5: AlexEliseev7 folded before Flop (didn't bet)
Seat 6: HelloEzie folded before Flop (didn't bet)



PokerStars Hand #254557892390:  Hold'em No Limit ($0.50/$1.00 USD) - 2025/01/26 5:59:36 WET [2025/01/26 0:59:36 ET]
Table 'Leverrier III' 6-max Seat #3 is the button
Seat 5: AlexEliseev7 ($105.42 in chips) is sitting out
Seat 1: Xenicide ($146.36 in chips) 
Seat 2: ec0n0mist ($102.41 in chips) 
Seat 3: Tunaking77 ($45.58 in chips) 
Seat 4: lys_26 ($76.23 in chips) 
Seat 6: HelloEzie ($209.96 in chips) 
lys_26: posts small blind $0.50
AlexEliseev7: is sitting out 
HelloEzie: posts big blind $1
*** HOLE CARDS ***
AlexEliseev7 leaves the table
Xenicide: folds 
ec0n0mist: folds 
Tunaking77: folds 
lys_26: raises $2 to $3
BeauParleur joins the table at seat #5 
HelloEzie: folds 
Uncalled bet ($2) returned to lys_26
lys_26 collected $2 from pot
lys_26: doesn't show hand 
*** SUMMARY ***
Total pot $2 | Rake $0 
Seat 5: AlexEliseev7
Seat 1: Xenicide folded before Flop (didn't bet)
Seat 2: ec0n0mist folded before Flop (didn't bet)
Seat 3: Tunaking77 (button) folded before Flop (didn't bet)
Seat 4: lys_26 (small blind) collected ($2)
Seat 6: HelloEzie (big blind) folded before Flop



PokerStars Hand #254557893577:  Hold'em No Limit ($0.50/$1.00 USD) - 2025/01/26 5:59:53 WET [2025/01/26 0:59:53 ET]
Table 'Leverrier III' 6-max Seat #4 is the button
Seat 5: BeauParleur ($100 in chips) is sitting out
Seat 1: Xenicide ($146.36 in chips) 
Seat 2: ec0n0mist ($102.41 in chips) 
Seat 3: Tunaking77 ($45.58 in chips) 
Seat 4: lys_26 ($77.23 in chips) 
Seat 6: HelloEzie ($208.96 in chips) 
HelloEzie: posts small blind $0.50
Xenicide: posts big blind $1
*** HOLE CARDS ***
ec0n0mist: folds 
Tunaking77: calls $1
lys_26: folds 
HelloEzie: folds 
Xenicide: checks 
*** FLOP *** [2h 5h Jd]
Xenicide: checks 
Tunaking77: bets $2
Xenicide: raises $4 to $6
Tunaking77: calls $4
*** TURN *** [2h 5h Jd] [9c]
Xenicide: bets $6.89
Tunaking77: calls $6.89
*** RIVER *** [2h 5h Jd 9c] [6h]
Xenicide: bets $31.50
Tunaking77: folds 
Uncalled bet ($31.50) returned to Xenicide
Xenicide collected $26.87 from pot
*** SUMMARY ***
Total pot $28.28 | Rake $1.41 
Board [2h 5h Jd 9c 6h]
Seat 5: BeauParleur
Seat 1: Xenicide (big blind) collected ($26.87)
Seat 2: ec0n0mist folded before Flop (didn't bet)
Seat 3: Tunaking77 folded on the River
Seat 4: lys_26 (button) folded before Flop (didn't bet)
Seat 6: HelloEzie (small blind) folded before Flop



PokerStars Hand #254557902582:  Hold'em No Limit ($0.50/$1.00 USD) - 2025/01/26 6:01:48 WET [2025/01/26 1:01:48 ET]
Table 'Leverrier III' 6-max Seat #6 is the button
Seat 5: BeauParleur ($100 in chips) is sitting out
Seat 1: Xenicide ($159.34 in chips) 
Seat 2: ec0n0mist ($102.41 in chips) 
Seat 3: Tunaking77 ($31.69 in chips) 
Seat 4: lys_26 ($77.23 in chips) 
Seat 6: HelloEzie ($208.46 in chips) 
Xenicide: posts small blind $0.50
ec0n0mist: posts big blind $1
BeauParleur: sits out 
*** HOLE CARDS ***
Tunaking77: raises $1 to $2
lys_26: folds 
HelloEzie: folds 
Xenicide: folds 
ec0n0mist: raises $100.41 to $102.41 and is all-in
Tunaking77: calls $29.69 and is all-in
Uncalled bet ($70.72) returned to ec0n0mist
*** FLOP *** [Kd Js Ac]
*** TURN *** [Kd Js Ac] [2d]
*** RIVER *** [Kd Js Ac 2d] [Th]
*** SHOW DOWN ***
ec0n0mist: shows [Ks Ad] (two pair, Aces and Kings)
Tunaking77: shows [9d 7d] (high card Ace)
ec0n0mist collected $61.38 from pot
*** SUMMARY ***
Total pot $63.88 | Rake $2.50 
Board [Kd Js Ac 2d Th]
Seat 5: BeauParleur
Seat 1: Xenicide (small blind) folded before Flop
Seat 2: ec0n0mist (big blind) showed [Ks Ad] and won ($61.38) with two pair, Aces and Kings
Seat 3: Tunaking77 showed [9d 7d] and lost with high card Ace
Seat 4: lys_26 folded before Flop (didn't bet)
Seat 6: HelloEzie (button) folded before Flop (didn't bet)



PokerStars Hand #254557905502:  Hold'em No Limit ($0.50/$1.00 USD) - 2025/01/26 6:02:23 WET [2025/01/26 1:02:23 ET]
Table 'Leverrier III' 6-max Seat #1 is the button
Seat 3: Tunaking77 ($0 in chips) is sitting out
Seat 4: lys_26 ($77.23 in chips) is sitting out
Seat 1: Xenicide ($158.84 in chips) 
Seat 2: ec0n0mist ($132.10 in chips) 
Seat 5: BeauParleur ($100 in chips) 
Seat 6: HelloEzie ($208.46 in chips) 
ec0n0mist: posts small blind $0.50
lys_26: is sitting out 
BeauParleur: posts big blind $1
*** HOLE CARDS ***
HelloEzie: folds 
Xenicide: raises $1.25 to $2.25
ec0n0mist: folds 
BeauParleur: folds 
Uncalled bet ($1.25) returned to Xenicide
Xenicide collected $2.50 from pot
*** SUMMARY ***
Total pot $2.50 | Rake $0 
Seat 3: Tunaking77
Seat 4: lys_26
Seat 1: Xenicide (button) collected ($2.50)
Seat 2: ec0n0mist (small blind) folded before Flop
Seat 5: BeauParleur (big blind) folded before Flop
Seat 6: HelloEzie folded before Flop (didn't bet)



PokerStars Hand #254557906551:  Hold'em No Limit ($0.50/$1.00 USD) - 2025/01/26 6:02:36 WET [2025/01/26 1:02:36 ET]
Table 'Leverrier III' 6-max Seat #2 is the button
Seat 3: Tunaking77 ($0 in chips) is sitting out
Seat 4: lys_26 ($77.23 in chips) is sitting out
Seat 1: Xenicide ($160.34 in chips) 
Seat 2: ec0n0mist ($131.60 in chips) 
Seat 5: BeauParleur ($100 in chips) 
Seat 6: HelloEzie ($208.46 in chips) 
BeauParleur: posts small blind $0.50
HelloEzie: posts big blind $1
*** HOLE CARDS ***
Xenicide: raises $1 to $2
lys_26 leaves the table
ec0n0mist: folds 
Tunaking77 is disconnected 
BeauParleur: folds 
HelloEzie: folds 
Uncalled bet ($1) returned to Xenicide
Xenicide collected $2.50 from pot
*** SUMMARY ***
Total pot $2.50 | Rake $0 
Seat 3: Tunaking77
Seat 4: lys_26
Seat 1: Xenicide collected ($2.50)
Seat 2: ec0n0mist (button) folded before Flop (didn't bet)
Seat 5: BeauParleur (small blind) folded before Flop
Seat 6: HelloEzie (big blind) folded before Flop



PokerStars Hand #254557908638:  Hold'em No Limit ($0.50/$1.00 USD) - 2025/01/26 6:03:01 WET [2025/01/26 1:03:01 ET]
Table 'Leverrier III' 6-max Seat #5 is the button
Seat 1: Xenicide ($161.84 in chips) is sitting out
Seat 3: Tunaking77 ($0 in chips) is sitting out
Seat 2: ec0n0mist ($131.60 in chips) 
Seat 5: BeauParleur ($100 in chips) 
Seat 6: HelloEzie ($207.46 in chips) 
HelloEzie: posts small blind $0.50
Xenicide: is sitting out 
ec0n0mist: posts big blind $1
*** HOLE CARDS ***
Xenicide leaves the table
BeauParleur: raises $1.50 to $2.50
HelloEzie: folds 
ec0n0mist: raises $8.90 to $11.40
BeauParleur: folds 
Uncalled bet ($8.90) returned to ec0n0mist
ec0n0mist collected $5.50 from pot
ec0n0mist: doesn't show hand 
*** SUMMARY ***
Total pot $5.50 | Rake $0 
Seat 1: Xenicide
Seat 3: Tunaking77
Seat 2: ec0n0mist (big blind) collected ($5.50)
Seat 5: BeauParleur (button) folded before Flop
Seat 6: HelloEzie (small blind) folded before Flop



PokerStars Hand #254557910083:  Hold'em No Limit ($0.50/$1.00 USD) - 2025/01/26 6:03:18 WET [2025/01/26 1:03:18 ET]
Table 'Leverrier III' 6-max Seat #6 is the button
Seat 3: Tunaking77 ($0 in chips) is sitting out
Seat 2: ec0n0mist ($134.60 in chips) 
Seat 5: BeauParleur ($100 in chips) 
Seat 6: HelloEzie ($206.96 in chips) 
ec0n0mist: posts small blind $0.50
BeauParleur: posts big blind $1
*** HOLE CARDS ***
HelloEzie: folds 
HelloEzie leaves the table
ec0n0mist: raises $2.25 to $3.25
BeauParleur: folds 
Uncalled bet ($2.25) returned to ec0n0mist
ec0n0mist collected $2 from pot
ec0n0mist: doesn't show hand 
*** SUMMARY ***
Total pot $2 | Rake $0 
Seat 3: Tunaking77
Seat 2: ec0n0mist (small blind) collected ($2)
Seat 5: BeauParleur (big blind) folded before Flop
Seat 6: HelloEzie (button) folded before Flop (didn't bet)



PokerStars Hand #254557910782:  Hold'em No Limit ($0.50/$1.00 USD) - 2025/01/26 6:03:27 WET [2025/01/26 1:03:27 ET]
Table 'Leverrier III' 6-max Seat #5 is the button
Seat 3: Tunaking77 ($0 in chips) is sitting out
Seat 2: ec0n0mist ($135.60 in chips) 
Seat 5: BeauParleur ($100 in chips) 
BeauParleur: posts small blind $0.50
ec0n0mist: posts big blind $1
*** HOLE CARDS ***
BeauParleur: raises $1.25 to $2.25
ec0n0mist: calls $1.25
*** FLOP *** [6h 3d Jc]
ec0n0mist: checks 
BeauParleur: bets $3.21
ec0n0mist: folds 
Uncalled bet ($3.21) returned to BeauParleur
BeauParleur collected $4.28 from pot
BeauParleur: doesn't show hand 
*** SUMMARY ***
Total pot $4.50 | Rake $0.22 
Board [6h 3d Jc]
Seat 3: Tunaking77
Seat 2: ec0n0mist (big blind) folded on the Flop
Seat 5: BeauParleur (button) (small blind) collected ($4.28)



PokerStars Hand #254557912577:  Hold'em No Limit ($0.50/$1.00 USD) - 2025/01/26 6:03:48 WET [2025/01/26 1:03:48 ET]
Table 'Leverrier III' 6-max Seat #2 is the button
Seat 3: Tunaking77 ($0 in chips) is sitting out
Seat 2: ec0n0mist ($133.35 in chips) 
Seat 5: BeauParleur ($102.03 in chips) 
ec0n0mist: posts small blind $0.50
BeauParleur: posts big blind $1
*** HOLE CARDS ***
ec0n0mist: folds 
Uncalled bet ($0.50) returned to BeauParleur
BeauParleur collected $1 from pot
BeauParleur: doesn't show hand 
*** SUMMARY ***
Total pot $1 | Rake $0 
Seat 3: Tunaking77
Seat 2: ec0n0mist (button) (small blind) folded before Flop
Seat 5: BeauParleur (big blind) collected ($1)



PokerStars Hand #254557913129:  Hold'em No Limit ($0.50/$1.00 USD) - 2025/01/26 6:03:54 WET [2025/01/26 1:03:54 ET]
Table 'Leverrier III' 6-max Seat #5 is the button
Seat 3: Tunaking77 ($0 in chips) is sitting out
Seat 2: ec0n0mist ($132.85 in chips) 
Seat 5: BeauParleur ($102.53 in chips) 
BeauParleur: posts small blind $0.50
ec0n0mist: posts big blind $1
*** HOLE CARDS ***
BeauParleur: raises $1.25 to $2.25
ec0n0mist: calls $1.25
*** FLOP *** [2h 4c 3d]
ec0n0mist: checks 
BeauParleur: checks 
*** TURN *** [2h 4c 3d] [5s]
ec0n0mist: checks 
BeauParleur: checks 
*** RIVER *** [2h 4c 3d 5s] [6s]
ec0n0mist: bets $6.42
BeauParleur: folds 
Uncalled bet ($6.42) returned to ec0n0mist
ec0n0mist collected $4.28 from pot
ec0n0mist: doesn't show hand 
*** SUMMARY ***
Total pot $4.50 | Rake $0.22 
Board [2h 4c 3d 5s 6s]
Seat 3: Tunaking77
Seat 2: ec0n0mist (big blind) collected ($4.28)
Seat 5: BeauParleur (button) (small blind) folded on the River



PokerStars Hand #254557916560:  Hold'em No Limit ($0.50/$1.00 USD) - 2025/01/26 6:04:35 WET [2025/01/26 1:04:35 ET]
Table 'Leverrier III' 6-max Seat #2 is the button
Seat 3: Tunaking77 ($0 in chips) is sitting out
Seat 2: ec0n0mist ($134.88 in chips) 
Seat 5: BeauParleur ($100.28 in chips) 
ec0n0mist: posts small blind $0.50
BeauParleur: posts big blind $1
*** HOLE CARDS ***
ec0n0mist: raises $2.25 to $3.25
BeauParleur: folds 
Uncalled bet ($2.25) returned to ec0n0mist
ec0n0mist collected $2 from pot
ec0n0mist: doesn't show hand 
*** SUMMARY ***
Total pot $2 | Rake $0 
Seat 3: Tunaking77
Seat 2: ec0n0mist (button) (small blind) collected ($2)
Seat 5: BeauParleur (big blind) folded before Flop



PokerStars Hand #254557917656:  Hold'em No Limit ($0.50/$1.00 USD) - 2025/01/26 6:04:48 WET [2025/01/26 1:04:48 ET]
Table 'Leverrier III' 6-max Seat #5 is the button
Seat 3: Tunaking77 ($0 in chips) is sitting out
Seat 2: ec0n0mist ($135.88 in chips) 
Seat 5: BeauParleur ($100 in chips) 
BeauParleur: posts small blind $0.50
ec0n0mist: posts big blind $1
*** HOLE CARDS ***
BeauParleur: raises $1.25 to $2.25
ec0n0mist: folds 
Uncalled bet ($1.25) returned to BeauParleur
BeauParleur collected $2 from pot
BeauParleur: doesn't show hand 
*** SUMMARY ***
Total pot $2 | Rake $0 
Seat 3: Tunaking77
Seat 2: ec0n0mist (big blind) folded before Flop
Seat 5: BeauParleur (button) (small blind) collected ($2)



PokerStars Hand #254557918365:  Hold'em No Limit ($0.50/$1.00 USD) - 2025/01/26 6:04:56 WET [2025/01/26 1:04:56 ET]
Table 'Leverrier III' 6-max Seat #2 is the button
Seat 3: Tunaking77 ($0 in chips) is sitting out
Seat 2: ec0n0mist ($134.88 in chips) 
Seat 5: BeauParleur ($101 in chips) 
ec0n0mist: posts small blind $0.50
BeauParleur: posts big blind $1
*** HOLE CARDS ***
ec0n0mist: raises $2.25 to $3.25
BeauParleur: calls $2.25
*** FLOP *** [Th 3s 8c]
BeauParleur: checks 
ec0n0mist: bets $2.04
BeauParleur: calls $2.04
*** TURN *** [Th 3s 8c] [8h]
BeauParleur: checks 
ec0n0mist: bets $5.60
BeauParleur: raises $15.94 to $21.54
ec0n0mist: folds 
Uncalled bet ($15.94) returned to BeauParleur
BeauParleur collected $20.78 from pot
BeauParleur: doesn't show hand 
*** SUMMARY ***
Total pot $21.78 | Rake $1 
Board [Th 3s 8c 8h]
Seat 3: Tunaking77
Seat 2: ec0n0mist (button) (small blind) folded on the Turn
Seat 5: BeauParleur (big blind) collected ($20.78)



PokerStars Hand #254557922223:  Hold'em No Limit ($0.50/$1.00 USD) - 2025/01/26 6:05:43 WET [2025/01/26 1:05:43 ET]
Table 'Leverrier III' 6-max Seat #5 is the button
Seat 3: Tunaking77 ($0 in chips) is sitting out
Seat 2: ec0n0mist ($123.99 in chips) 
Seat 5: BeauParleur ($110.89 in chips) 
BeauParleur: posts small blind $0.50
ec0n0mist: posts big blind $1
*** HOLE CARDS ***
BeauParleur: raises $1.25 to $2.25
ec0n0mist: calls $1.25
*** FLOP *** [Jh Kh 8s]
ec0n0mist: checks 
BeauParleur: bets $3.21
ec0n0mist: calls $3.21
*** TURN *** [Jh Kh 8s] [3h]
ec0n0mist: checks 
BeauParleur: checks 
*** RIVER *** [Jh Kh 8s 3h] [Tc]
ec0n0mist: checks 
BeauParleur: checks 
*** SHOW DOWN ***
ec0n0mist: shows [9h Td] (a pair of Tens)
BeauParleur: mucks hand 
ec0n0mist collected $10.37 from pot
*** SUMMARY ***
Total pot $10.92 | Rake $0.55 
Board [Jh Kh 8s 3h Tc]
Seat 3: Tunaking77
Seat 2: ec0n0mist (big blind) showed [9h Td] and won ($10.37) with a pair of Tens
Seat 5: BeauParleur (button) (small blind) mucked



PokerStars Hand #254557708919:  Hold'em No Limit ($0.50/$1.00 USD) - 2025/01/26 5:24:20 WET [2025/01/26 0:24:20 ET]
Table 'Leverrier III' 6-max Seat #4 is the button
Seat 1: Xenicide ($111.39 in chips) 
Seat 3: CashfishT ($103.75 in chips) 
Seat 4: lys_26 ($113.22 in chips) 
Seat 5: AlexEliseev7 ($127.30 in chips) 
Seat 6: PoKeRaRcSuNY ($197.50 in chips) 
AlexEliseev7: posts small blind $0.50
PoKeRaRcSuNY: posts big blind $1
*** HOLE CARDS ***
Xenicide: folds 
CashfishT: raises $1.20 to $2.20
lys_26: raises $2.80 to $5
AlexEliseev7: folds 
PoKeRaRcSuNY: folds 
CashfishT: calls $2.80
*** FLOP *** [5c 8h Ah]
CashfishT: checks 
lys_26: checks 
*** TURN *** [5c 8h Ah] [6s]
CashfishT: bets $5.46
lys_26: calls $5.46
*** RIVER *** [5c 8h Ah 6s] [9h]
CashfishT: checks 
lys_26: checks 
*** SHOW DOWN ***
CashfishT: shows [As 4s] (a pair of Aces)
lys_26: mucks hand 
CashfishT collected $21.30 from pot
*** SUMMARY ***
Total pot $22.42 | Rake $1.12 
Board [5c 8h Ah 6s 9h]
Seat 1: Xenicide folded before Flop (didn't bet)
Seat 3: CashfishT showed [As 4s] and won ($21.30) with a pair of Aces
Seat 4: lys_26 (button) mucked
Seat 5: AlexEliseev7 (small blind) folded before Flop
Seat 6: PoKeRaRcSuNY (big blind) folded before Flop



PokerStars Hand #254557712326:  Hold'em No Limit ($0.50/$1.00 USD) - 2025/01/26 5:24:57 WET [2025/01/26 0:24:57 ET]
Table 'Leverrier III' 6-max Seat #5 is the button
Seat 1: Xenicide ($111.39 in chips) 
Seat 3: CashfishT ($114.59 in chips) 
Seat 4: lys_26 ($102.76 in chips) 
Seat 5: AlexEliseev7 ($126.80 in chips) 
Seat 6: PoKeRaRcSuNY ($196.50 in chips) 
PoKeRaRcSuNY: posts small blind $0.50
Xenicide: posts big blind $1
*** HOLE CARDS ***
CashfishT: raises $1.20 to $2.20
lys_26: folds 
AlexEliseev7: folds 
PoKeRaRcSuNY: folds 
Xenicide: folds 
Uncalled bet ($1.20) returned to CashfishT
CashfishT collected $2.50 from pot
CashfishT: doesn't show hand 
*** SUMMARY ***
Total pot $2.50 | Rake $0 
Seat 1: Xenicide (big blind) folded before Flop
Seat 3: CashfishT collected ($2.50)
Seat 4: lys_26 folded before Flop (didn't bet)
Seat 5: AlexEliseev7 (button) folded before Flop (didn't bet)
Seat 6: PoKeRaRcSuNY (small blind) folded before Flop



PokerStars Hand #254557714254:  Hold'em No Limit ($0.50/$1.00 USD) - 2025/01/26 5:25:18 WET [2025/01/26 0:25:18 ET]
Table 'Leverrier III' 6-max Seat #6 is the button
Seat 1: Xenicide ($110.39 in chips) 
Seat 3: CashfishT ($116.09 in chips) 
Seat 4: lys_26 ($102.76 in chips) 
Seat 5: AlexEliseev7 ($126.80 in chips) 
Seat 6: PoKeRaRcSuNY ($196 in chips) 
Xenicide: posts small blind $0.50
CashfishT: posts big blind $1
*** HOLE CARDS ***
lys_26: folds 
AlexEliseev7: raises $1.50 to $2.50
PoKeRaRcSuNY: folds 
Xenicide: folds 
CashfishT: raises $10.50 to $13
AlexEliseev7: folds 
Uncalled bet ($10.50) returned to CashfishT
CashfishT collected $5.50 from pot
CashfishT: doesn't show hand 
*** SUMMARY ***
Total pot $5.50 | Rake $0 
Seat 1: Xenicide (small blind) folded before Flop
Seat 3: CashfishT (big blind) collected ($5.50)
Seat 4: lys_26 folded before Flop (didn't bet)
Seat 5: AlexEliseev7 folded before Flop
Seat 6: PoKeRaRcSuNY (button) folded before Flop (didn't bet)



PokerStars Hand #254557717069:  Hold'em No Limit ($0.50/$1.00 USD) - 2025/01/26 5:25:49 WET [2025/01/26 0:25:49 ET]
Table 'Leverrier III' 6-max Seat #1 is the button
Seat 1: Xenicide ($109.89 in chips) 
Seat 3: CashfishT ($119.09 in chips) 
Seat 4: lys_26 ($102.76 in chips) 
Seat 5: AlexEliseev7 ($124.30 in chips) 
Seat 6: PoKeRaRcSuNY ($196 in chips) 
CashfishT: posts small blind $0.50
lys_26: posts big blind $1
*** HOLE CARDS ***
AlexEliseev7: raises $1.50 to $2.50
PoKeRaRcSuNY: folds 
Xenicide: folds 
CashfishT: folds 
lys_26: folds 
Uncalled bet ($1.50) returned to AlexEliseev7
AlexEliseev7 collected $2.50 from pot
AlexEliseev7: doesn't show hand 
*** SUMMARY ***
Total pot $2.50 | Rake $0 
Seat 1: Xenicide (button) folded before Flop (didn't bet)
Seat 3: CashfishT (small blind) folded before Flop
Seat 4: lys_26 (big blind) folded before Flop
Seat 5: AlexEliseev7 collected ($2.50)
Seat 6: PoKeRaRcSuNY folded before Flop (didn't bet)



PokerStars Hand #254557718380:  Hold'em No Limit ($0.50/$1.00 USD) - 2025/01/26 5:26:03 WET [2025/01/26 0:26:03 ET]
Table 'Leverrier III' 6-max Seat #3 is the button
Seat 1: Xenicide ($109.89 in chips) 
Seat 3: CashfishT ($118.59 in chips) 
Seat 4: lys_26 ($101.76 in chips) 
Seat 5: AlexEliseev7 ($125.80 in chips) 
Seat 6: PoKeRaRcSuNY ($196 in chips) 
lys_26: posts small blind $0.50
AlexEliseev7: posts big blind $1
*** HOLE CARDS ***
PoKeRaRcSuNY: folds 
Xenicide: folds 
CashfishT: folds 
lys_26: folds 
Uncalled bet ($0.50) returned to AlexEliseev7
AlexEliseev7 collected $1 from pot
AlexEliseev7: doesn't show hand 
*** SUMMARY ***
Total pot $1 | Rake $0 
Seat 1: Xenicide folded before Flop (didn't bet)
Seat 3: CashfishT (button) folded before Flop (didn't bet)
Seat 4: lys_26 (small blind) folded before Flop
Seat 5: AlexEliseev7 (big blind) collected ($1)
Seat 6: PoKeRaRcSuNY folded before Flop (didn't bet)



PokerStars Hand #254557719908:  Hold'em No Limit ($0.50/$1.00 USD) - 2025/01/26 5:26:20 WET [2025/01/26 0:26:20 ET]
Table 'Leverrier III' 6-max Seat #4 is the button
Seat 1: Xenicide ($109.89 in chips) 
Seat 3: CashfishT ($118.59 in chips) 
Seat 4: lys_26 ($101.26 in chips) 
Seat 5: AlexEliseev7 ($126.30 in chips) 
Seat 6: PoKeRaRcSuNY ($196 in chips) 
AlexEliseev7: posts small blind $0.50
PoKeRaRcSuNY: posts big blind $1
*** HOLE CARDS ***
Xenicide: raises $1 to $2
CashfishT: folds 
lys_26: folds 
AlexEliseev7: raises $9 to $11
PoKeRaRcSuNY: folds 
Xenicide: folds 
Uncalled bet ($9) returned to AlexEliseev7
AlexEliseev7 collected $5 from pot
AlexEliseev7: doesn't show hand 
*** SUMMARY ***
Total pot $5 | Rake $0 
Seat 1: Xenicide folded before Flop
Seat 3: CashfishT folded before Flop (didn't bet)
Seat 4: lys_26 (button) folded before Flop (didn't bet)
Seat 5: AlexEliseev7 (small blind) collected ($5)
Seat 6: PoKeRaRcSuNY (big blind) folded before Flop



PokerStars Hand #254557723397:  Hold'em No Limit ($0.50/$1.00 USD) - 2025/01/26 5:26:59 WET [2025/01/26 0:26:59 ET]
Table 'Leverrier III' 6-max Seat #5 is the button
Seat 1: Xenicide ($107.89 in chips) 
Seat 3: CashfishT ($118.59 in chips) 
Seat 4: lys_26 ($101.26 in chips) 
Seat 5: AlexEliseev7 ($129.30 in chips) 
Seat 6: PoKeRaRcSuNY ($195 in chips) 
PoKeRaRcSuNY: posts small blind $0.50
Xenicide: posts big blind $1
*** HOLE CARDS ***
CashfishT: folds 
lys_26: folds 
AlexEliseev7: folds 
PoKeRaRcSuNY: folds 
Uncalled bet ($0.50) returned to Xenicide
Xenicide collected $1 from pot
*** SUMMARY ***
Total pot $1 | Rake $0 
Seat 1: Xenicide (big blind) collected ($1)
Seat 3: CashfishT folded before Flop (didn't bet)
Seat 4: lys_26 folded before Flop (didn't bet)
Seat 5: AlexEliseev7 (button) folded before Flop (didn't bet)
Seat 6: PoKeRaRcSuNY (small blind) folded before Flop



PokerStars Hand #254557724278:  Hold'em No Limit ($0.50/$1.00 USD) - 2025/01/26 5:27:08 WET [2025/01/26 0:27:08 ET]
Table 'Leverrier III' 6-max Seat #6 is the button
Seat 1: Xenicide ($108.39 in chips) 
Seat 3: CashfishT ($118.59 in chips) 
Seat 4: lys_26 ($101.26 in chips) 
Seat 5: AlexEliseev7 ($129.30 in chips) 
Seat 6: PoKeRaRcSuNY ($194.50 in chips) 
Xenicide: posts small blind $0.50
CashfishT: posts big blind $1
*** HOLE CARDS ***
lys_26: calls $1
AlexEliseev7: folds 
PoKeRaRcSuNY: folds 
Xenicide: folds 
CashfishT: raises $4 to $5
lys_26: calls $4
*** FLOP *** [3s 3h Tc]
CashfishT: bets $2.50
lys_26: raises $3.75 to $6.25
CashfishT: calls $3.75
*** TURN *** [3s 3h Tc] [Ts]
CashfishT: checks 
lys_26: bets $11
CashfishT: calls $11
*** RIVER *** [3s 3h Tc Ts] [Qh]
CashfishT: checks 
lys_26: checks 
*** SHOW DOWN ***
CashfishT: shows [Qd Ac] (two pair, Queens and Tens)
lys_26: mucks hand 
CashfishT collected $42.75 from pot
*** SUMMARY ***
Total pot $45 | Rake $2.25 
Board [3s 3h Tc Ts Qh]
Seat 1: Xenicide (small blind) folded before Flop
Seat 3: CashfishT (big blind) showed [Qd Ac] and won ($42.75) with two pair, Queens and Tens
Seat 4: lys_26 mucked
Seat 5: AlexEliseev7 folded before Flop (didn't bet)
Seat 6: PoKeRaRcSuNY (button) folded before Flop (didn't bet)



PokerStars Hand #254557731298:  Hold'em No Limit ($0.50/$1.00 USD) - 2025/01/26 5:28:24 WET [2025/01/26 0:28:24 ET]
Table 'Leverrier III' 6-max Seat #1 is the button
Seat 1: Xenicide ($107.89 in chips) 
Seat 3: CashfishT ($139.09 in chips) 
Seat 4: lys_26 ($79.01 in chips) 
Seat 5: AlexEliseev7 ($129.30 in chips) 
Seat 6: PoKeRaRcSuNY ($194.50 in chips) 
CashfishT: posts small blind $0.50
lys_26: posts big blind $1
*** HOLE CARDS ***
AlexEliseev7: raises $1.50 to $2.50
PoKeRaRcSuNY: folds 
Xenicide: folds 
CashfishT: folds 
lys_26: folds 
Uncalled bet ($1.50) returned to AlexEliseev7
AlexEliseev7 collected $2.50 from pot
AlexEliseev7: doesn't show hand 
*** SUMMARY ***
Total pot $2.50 | Rake $0 
Seat 1: Xenicide (button) folded before Flop (didn't bet)
Seat 3: CashfishT (small blind) folded before Flop
Seat 4: lys_26 (big blind) folded before Flop
Seat 5: AlexEliseev7 collected ($2.50)
Seat 6: PoKeRaRcSuNY folded before Flop (didn't bet)



PokerStars Hand #254557732879:  Hold'em No Limit ($0.50/$1.00 USD) - 2025/01/26 5:28:41 WET [2025/01/26 0:28:41 ET]
Table 'Leverrier III' 6-max Seat #3 is the button
Seat 1: Xenicide ($107.89 in chips) 
Seat 3: CashfishT ($138.59 in chips) 
Seat 4: lys_26 ($78.01 in chips) 
Seat 5: AlexEliseev7 ($130.80 in chips) 
Seat 6: PoKeRaRcSuNY ($194.50 in chips) 
lys_26: posts small blind $0.50
AlexEliseev7: posts big blind $1
*** HOLE CARDS ***
PoKeRaRcSuNY: folds 
Xenicide: folds 
CashfishT: raises $1.20 to $2.20
lys_26: calls $1.70
AlexEliseev7: folds 
*** FLOP *** [4h Jc 2d]
lys_26: checks 
CashfishT: checks 
*** TURN *** [4h Jc 2d] [4c]
lys_26: checks 
CashfishT: checks 
*** RIVER *** [4h Jc 2d 4c] [5h]
lys_26: checks 
CashfishT: checks 
*** SHOW DOWN ***
lys_26: shows [Td 9h] (a pair of Fours)
CashfishT: shows [As 6c] (a pair of Fours - Ace kicker)
CashfishT collected $5.13 from pot
*** SUMMARY ***
Total pot $5.40 | Rake $0.27 
Board [4h Jc 2d 4c 5h]
Seat 1: Xenicide folded before Flop (didn't bet)
Seat 3: CashfishT (button) showed [As 6c] and won ($5.13) with a pair of Fours
Seat 4: lys_26 (small blind) showed [Td 9h] and lost with a pair of Fours
Seat 5: AlexEliseev7 (big blind) folded before Flop
Seat 6: PoKeRaRcSuNY folded before Flop (didn't bet)



PokerStars Hand #254557736931:  Hold'em No Limit ($0.50/$1.00 USD) - 2025/01/26 5:29:25 WET [2025/01/26 0:29:25 ET]
Table 'Leverrier III' 6-max Seat #4 is the button
Seat 1: Xenicide ($107.89 in chips) 
Seat 3: CashfishT ($141.52 in chips) 
Seat 4: lys_26 ($75.81 in chips) 
Seat 5: AlexEliseev7 ($129.80 in chips) 
Seat 6: PoKeRaRcSuNY ($194.50 in chips) 
AlexEliseev7: posts small blind $0.50
PoKeRaRcSuNY: posts big blind $1
*** HOLE CARDS ***
Xenicide: folds 
CashfishT: raises $1.20 to $2.20
lys_26: folds 
AlexEliseev7: raises $9.80 to $12
PoKeRaRcSuNY: folds 
CashfishT: folds 
Uncalled bet ($9.80) returned to AlexEliseev7
AlexEliseev7 collected $5.40 from pot
AlexEliseev7: doesn't show hand 
*** SUMMARY ***
Total pot $5.40 | Rake $0 
Seat 1: Xenicide folded before Flop (didn't bet)
Seat 3: CashfishT folded before Flop
Seat 4: lys_26 (button) folded before Flop (didn't bet)
Seat 5: AlexEliseev7 (small blind) collected ($5.40)
Seat 6: PoKeRaRcSuNY (big blind) folded before Flop



PokerStars Hand #254557739516:  Hold'em No Limit ($0.50/$1.00 USD) - 2025/01/26 5:29:53 WET [2025/01/26 0:29:53 ET]
Table 'Leverrier III' 6-max Seat #5 is the button
Seat 1: Xenicide ($107.89 in chips) 
Seat 3: CashfishT ($139.32 in chips) 
Seat 4: lys_26 ($75.81 in chips) 
Seat 5: AlexEliseev7 ($133 in chips) 
Seat 6: PoKeRaRcSuNY ($193.50 in chips) 
PoKeRaRcSuNY: posts small blind $0.50
Xenicide: posts big blind $1
*** HOLE CARDS ***
CashfishT: folds 
lys_26: folds 
AlexEliseev7: raises $1.50 to $2.50
PoKeRaRcSuNY: folds 
Xenicide: calls $1.50
*** FLOP *** [3s 9c 2c]
Xenicide: checks 
AlexEliseev7: bets $2.56
ec0n0mist joins the table at seat #2 
Xenicide: folds 
Uncalled bet ($2.56) returned to AlexEliseev7
AlexEliseev7 collected $5.22 from pot
AlexEliseev7: doesn't show hand 
*** SUMMARY ***
Total pot $5.50 | Rake $0.28 
Board [3s 9c 2c]
Seat 1: Xenicide (big blind) folded on the Flop
Seat 3: CashfishT folded before Flop (didn't bet)
Seat 4: lys_26 folded before Flop (didn't bet)
Seat 5: AlexEliseev7 (button) collected ($5.22)
Seat 6: PoKeRaRcSuNY (small blind) folded before Flop



PokerStars Hand #254557744545:  Hold'em No Limit ($0.50/$1.00 USD) - 2025/01/26 5:30:49 WET [2025/01/26 0:30:49 ET]
Table 'Leverrier III' 6-max Seat #6 is the button
Seat 1: Xenicide ($105.39 in chips) 
Seat 2: ec0n0mist ($100 in chips) 
Seat 3: CashfishT ($139.32 in chips) 
Seat 4: lys_26 ($75.81 in chips) 
Seat 5: AlexEliseev7 ($135.72 in chips) 
Seat 6: PoKeRaRcSuNY ($193 in chips) 
Xenicide: posts small blind $0.50
ec0n0mist: posts big blind $1
*** HOLE CARDS ***
CashfishT: folds 
lys_26: raises $2 to $3
AlexEliseev7: folds 
PoKeRaRcSuNY: folds 
Xenicide: folds 
ec0n0mist: folds 
Uncalled bet ($2) returned to lys_26
lys_26 collected $2.50 from pot
lys_26: doesn't show hand 
*** SUMMARY ***
Total pot $2.50 | Rake $0 
Seat 1: Xenicide (small blind) folded before Flop
Seat 2: ec0n0mist (big blind) folded before Flop
Seat 3: CashfishT folded before Flop (didn't bet)
Seat 4: lys_26 collected ($2.50)
Seat 5: AlexEliseev7 folded before Flop (didn't bet)
Seat 6: PoKeRaRcSuNY (button) folded before Flop (didn't bet)



PokerStars Hand #254557745830:  Hold'em No Limit ($0.50/$1.00 USD) - 2025/01/26 5:31:02 WET [2025/01/26 0:31:02 ET]
Table 'Leverrier III' 6-max Seat #1 is the button
Seat 1: Xenicide ($104.89 in chips) 
Seat 2: ec0n0mist ($99 in chips) 
Seat 3: CashfishT ($139.32 in chips) 
Seat 4: lys_26 ($77.31 in chips) 
Seat 5: AlexEliseev7 ($135.72 in chips) 
Seat 6: PoKeRaRcSuNY ($193 in chips) 
ec0n0mist: posts small blind $0.50
CashfishT: posts big blind $1
*** HOLE CARDS ***
lys_26: folds 
AlexEliseev7: folds 
PoKeRaRcSuNY: folds 
Xenicide: raises $1.25 to $2.25
ec0n0mist: folds 
CashfishT: calls $1.25
*** FLOP *** [Qc Ad 4s]
CashfishT: checks 
Xenicide: bets $1.19
CashfishT: calls $1.19
*** TURN *** [Qc Ad 4s] [5s]
CashfishT: checks 
Xenicide: checks 
*** RIVER *** [Qc Ad 4s 5s] [Jh]
CashfishT: checks 
Xenicide: checks 
*** SHOW DOWN ***
CashfishT: shows [Jc Ks] (a pair of Jacks)
Xenicide: shows [Ah 6s] (a pair of Aces)
Xenicide collected $7.01 from pot
*** SUMMARY ***
Total pot $7.38 | Rake $0.37 
Board [Qc Ad 4s 5s Jh]
Seat 1: Xenicide (button) showed [Ah 6s] and won ($7.01) with a pair of Aces
Seat 2: ec0n0mist (small blind) folded before Flop
Seat 3: CashfishT (big blind) showed [Jc Ks] and lost with a pair of Jacks
Seat 4: lys_26 folded before Flop (didn't bet)
Seat 5: AlexEliseev7 folded before Flop (didn't bet)
Seat 6: PoKeRaRcSuNY folded before Flop (didn't bet)



PokerStars Hand #254557753008:  Hold'em No Limit ($0.50/$1.00 USD) - 2025/01/26 5:32:22 WET [2025/01/26 0:32:22 ET]
Table 'Leverrier III' 6-max Seat #2 is the button
Seat 1: Xenicide ($108.46 in chips) 
Seat 2: ec0n0mist ($98.50 in chips) 
Seat 3: CashfishT ($135.88 in chips) 
Seat 4: lys_26 ($77.31 in chips) 
Seat 5: AlexEliseev7 ($135.72 in chips) 
Seat 6: PoKeRaRcSuNY ($193 in chips) 
CashfishT: posts small blind $0.50
lys_26: posts big blind $1
*** HOLE CARDS ***
AlexEliseev7: raises $1.50 to $2.50
PoKeRaRcSuNY: folds 
Xenicide: folds 
ec0n0mist: folds 
CashfishT: folds 
lys_26: folds 
Uncalled bet ($1.50) returned to AlexEliseev7
AlexEliseev7 collected $2.50 from pot
AlexEliseev7: doesn't show hand 
*** SUMMARY ***
Total pot $2.50 | Rake $0 
Seat 1: Xenicide folded before Flop (didn't bet)
Seat 2: ec0n0mist (button) folded before Flop (didn't bet)
Seat 3: CashfishT (small blind) folded before Flop
Seat 4: lys_26 (big blind) folded before Flop
Seat 5: AlexEliseev7 collected ($2.50)
Seat 6: PoKeRaRcSuNY folded before Flop (didn't bet)



PokerStars Hand #254557753818:  Hold'em No Limit ($0.50/$1.00 USD) - 2025/01/26 5:32:30 WET [2025/01/26 0:32:30 ET]
Table 'Leverrier III' 6-max Seat #3 is the button
Seat 1: Xenicide ($108.46 in chips) 
Seat 2: ec0n0mist ($98.50 in chips) 
Seat 3: CashfishT ($135.38 in chips) 
Seat 4: lys_26 ($76.31 in chips) 
Seat 5: AlexEliseev7 ($137.22 in chips) 
Seat 6: PoKeRaRcSuNY ($193 in chips) 
lys_26: posts small blind $0.50
AlexEliseev7: posts big blind $1
*** HOLE CARDS ***
PoKeRaRcSuNY: folds 
Xenicide: folds 
ec0n0mist: folds 
CashfishT: raises $1.20 to $2.20
lys_26: raises $2.80 to $5
AlexEliseev7: folds 
CashfishT: calls $2.80
*** FLOP *** [4h Jh Kd]
lys_26: checks 
CashfishT: bets $3.45
lys_26: folds 
Uncalled bet ($3.45) returned to CashfishT
CashfishT collected $10.45 from pot
CashfishT: doesn't show hand 
*** SUMMARY ***
Total pot $11 | Rake $0.55 
Board [4h Jh Kd]
Seat 1: Xenicide folded before Flop (didn't bet)
Seat 2: ec0n0mist folded before Flop (didn't bet)
Seat 3: CashfishT (button) collected ($10.45)
Seat 4: lys_26 (small blind) folded on the Flop
Seat 5: AlexEliseev7 (big blind) folded before Flop
Seat 6: PoKeRaRcSuNY folded before Flop (didn't bet)



PokerStars Hand #254557755898:  Hold'em No Limit ($0.50/$1.00 USD) - 2025/01/26 5:32:53 WET [2025/01/26 0:32:53 ET]
Table 'Leverrier III' 6-max Seat #4 is the button
Seat 6: PoKeRaRcSuNY ($193 in chips) is sitting out
Seat 1: Xenicide ($108.46 in chips) 
Seat 2: ec0n0mist ($98.50 in chips) 
Seat 3: CashfishT ($140.83 in chips) 
Seat 4: lys_26 ($71.31 in chips) 
Seat 5: AlexEliseev7 ($136.22 in chips) 
AlexEliseev7: posts small blind $0.50
PoKeRaRcSuNY: is sitting out 
Xenicide: posts big blind $1
*** HOLE CARDS ***
ec0n0mist: folds 
CashfishT: raises $1.20 to $2.20
lys_26: folds 
AlexEliseev7: raises $9.80 to $12
PoKeRaRcSuNY leaves the table
Xenicide: folds 
CashfishT: calls $9.80
*** FLOP *** [4h Td 8h]
AlexEliseev7: checks 
CashfishT: bets $7.84
AlexEliseev7: raises $19.32 to $27.16
CashfishT: folds 
Uncalled bet ($19.32) returned to AlexEliseev7
AlexEliseev7 collected $38.65 from pot
AlexEliseev7: doesn't show hand 
*** SUMMARY ***
Total pot $40.68 | Rake $2.03 
Board [4h Td 8h]
Seat 6: PoKeRaRcSuNY
Seat 1: Xenicide (big blind) folded before Flop
Seat 2: ec0n0mist folded before Flop (didn't bet)
Seat 3: CashfishT folded on the Flop
Seat 4: lys_26 (button) folded before Flop (didn't bet)
Seat 5: AlexEliseev7 (small blind) collected ($38.65)



PokerStars Hand #254557764084:  Hold'em No Limit ($0.50/$1.00 USD) - 2025/01/26 5:34:23 WET [2025/01/26 0:34:23 ET]
Table 'Leverrier III' 6-max Seat #5 is the button
Seat 1: Xenicide ($107.46 in chips) 
Seat 2: ec0n0mist ($98.50 in chips) 
Seat 3: CashfishT ($120.99 in chips) 
Seat 4: lys_26 ($71.31 in chips) 
Seat 5: AlexEliseev7 ($155.03 in chips) 
Xenicide: posts small blind $0.50
ec0n0mist: posts big blind $1
*** HOLE CARDS ***
CashfishT: folds 
lys_26: folds 
AlexEliseev7: folds 
Xenicide: folds 
Uncalled bet ($0.50) returned to ec0n0mist
ec0n0mist collected $1 from pot
ec0n0mist: doesn't show hand 
*** SUMMARY ***
Total pot $1 | Rake $0 
Seat 1: Xenicide (small blind) folded before Flop
Seat 2: ec0n0mist (big blind) collected ($1)
Seat 3: CashfishT folded before Flop (didn't bet)
Seat 4: lys_26 folded before Flop (didn't bet)
Seat 5: AlexEliseev7 (button) folded before Flop (didn't bet)



PokerStars Hand #254557765070:  Hold'em No Limit ($0.50/$1.00 USD) - 2025/01/26 5:34:34 WET [2025/01/26 0:34:34 ET]
Table 'Leverrier III' 6-max Seat #1 is the button
Seat 1: Xenicide ($106.96 in chips) 
Seat 2: ec0n0mist ($99 in chips) 
Seat 3: CashfishT ($120.99 in chips) 
Seat 4: lys_26 ($71.31 in chips) 
Seat 5: AlexEliseev7 ($155.03 in chips) 
ec0n0mist: posts small blind $0.50
CashfishT: posts big blind $1
*** HOLE CARDS ***
lys_26: folds 
AlexEliseev7: raises $1.50 to $2.50
Xenicide: raises $4.50 to $7
ec0n0mist: folds 
CashfishT: folds 
AlexEliseev7: folds 
Uncalled bet ($4.50) returned to Xenicide
Xenicide collected $6.50 from pot
*** SUMMARY ***
Total pot $6.50 | Rake $0 
Seat 1: Xenicide (button) collected ($6.50)
Seat 2: ec0n0mist (small blind) folded before Flop
Seat 3: CashfishT (big blind) folded before Flop
Seat 4: lys_26 folded before Flop (didn't bet)
Seat 5: AlexEliseev7 folded before Flop



PokerStars Hand #254557767669:  Hold'em No Limit ($0.50/$1.00 USD) - 2025/01/26 5:35:03 WET [2025/01/26 0:35:03 ET]
Table 'Leverrier III' 6-max Seat #2 is the button
Seat 1: Xenicide ($110.96 in chips) 
Seat 2: ec0n0mist ($98.50 in chips) 
Seat 3: CashfishT ($119.99 in chips) 
Seat 4: lys_26 ($71.31 in chips) 
Seat 5: AlexEliseev7 ($152.53 in chips) 
CashfishT: posts small blind $0.50
lys_26: posts big blind $1
*** HOLE CARDS ***
AlexEliseev7: raises $1.50 to $2.50
Xenicide: folds 
ec0n0mist: folds 
CashfishT: folds 
lys_26: folds 
Uncalled bet ($1.50) returned to AlexEliseev7
AlexEliseev7 collected $2.50 from pot
AlexEliseev7: doesn't show hand 
*** SUMMARY ***
Total pot $2.50 | Rake $0 
Seat 1: Xenicide folded before Flop (didn't bet)
Seat 2: ec0n0mist (button) folded before Flop (didn't bet)
Seat 3: CashfishT (small blind) folded before Flop
Seat 4: lys_26 (big blind) folded before Flop
Seat 5: AlexEliseev7 collected ($2.50)



PokerStars Hand #254557769567:  Hold'em No Limit ($0.50/$1.00 USD) - 2025/01/26 5:35:24 WET [2025/01/26 0:35:24 ET]
Table 'Leverrier III' 6-max Seat #3 is the button
Seat 1: Xenicide ($110.96 in chips) 
Seat 2: ec0n0mist ($98.50 in chips) 
Seat 3: CashfishT ($119.49 in chips) 
Seat 4: lys_26 ($70.31 in chips) 
Seat 5: AlexEliseev7 ($154.03 in chips) 
lys_26: posts small blind $0.50
AlexEliseev7: posts big blind $1
*** HOLE CARDS ***
Xenicide: folds 
ec0n0mist: folds 
CashfishT: folds 
lys_26: folds 
Uncalled bet ($0.50) returned to AlexEliseev7
AlexEliseev7 collected $1 from pot
AlexEliseev7: doesn't show hand 
*** SUMMARY ***
Total pot $1 | Rake $0 
Seat 1: Xenicide folded before Flop (didn't bet)
Seat 2: ec0n0mist folded before Flop (didn't bet)
Seat 3: CashfishT (button) folded before Flop (didn't bet)
Seat 4: lys_26 (small blind) folded before Flop
Seat 5: AlexEliseev7 (big blind) collected ($1)



PokerStars Hand #254557770391:  Hold'em No Limit ($0.50/$1.00 USD) - 2025/01/26 5:35:33 WET [2025/01/26 0:35:33 ET]
Table 'Leverrier III' 6-max Seat #4 is the button
Seat 1: Xenicide ($110.96 in chips) 
Seat 2: ec0n0mist ($98.50 in chips) 
Seat 3: CashfishT ($119.49 in chips) 
Seat 4: lys_26 ($69.81 in chips) 
Seat 5: AlexEliseev7 ($154.53 in chips) 
AlexEliseev7: posts small blind $0.50
Xenicide: posts big blind $1
*** HOLE CARDS ***
ec0n0mist: folds 
CashfishT: folds 
lys_26: folds 
AlexEliseev7: folds 
Uncalled bet ($0.50) returned to Xenicide
Xenicide collected $1 from pot
*** SUMMARY ***
Total pot $1 | Rake $0 
Seat 1: Xenicide (big blind) collected ($1)
Seat 2: ec0n0mist folded before Flop (didn't bet)
Seat 3: CashfishT folded before Flop (didn't bet)
Seat 4: lys_26 (button) folded before Flop (didn't bet)
Seat 5: AlexEliseev7 (small blind) folded before Flop



PokerStars Hand #254557771237:  Hold'em No Limit ($0.50/$1.00 USD) - 2025/01/26 5:35:42 WET [2025/01/26 0:35:42 ET]
Table 'Leverrier III' 6-max Seat #5 is the button
Seat 1: Xenicide ($111.46 in chips) 
Seat 2: ec0n0mist ($98.50 in chips) 
Seat 3: CashfishT ($119.49 in chips) 
Seat 4: lys_26 ($69.81 in chips) 
Seat 5: AlexEliseev7 ($154.03 in chips) 
Xenicide: posts small blind $0.50
ec0n0mist: posts big blind $1
*** HOLE CARDS ***
CashfishT: raises $1.20 to $2.20
lys_26: folds 
AlexEliseev7: folds 
Xenicide: folds 
ec0n0mist: calls $1.20
*** FLOP *** [2h 5c 5d]
ec0n0mist: checks 
CashfishT: checks 
*** TURN *** [2h 5c 5d] [9h]
ec0n0mist: bets $3.50
CashfishT: folds 
Uncalled bet ($3.50) returned to ec0n0mist
ec0n0mist collected $4.66 from pot
ec0n0mist: doesn't show hand 
*** SUMMARY ***
Total pot $4.90 | Rake $0.24 
Board [2h 5c 5d 9h]
Seat 1: Xenicide (small blind) folded before Flop
Seat 2: ec0n0mist (big blind) collected ($4.66)
Seat 3: CashfishT folded on the Turn
Seat 4: lys_26 folded before Flop (didn't bet)
Seat 5: AlexEliseev7 (button) folded before Flop (didn't bet)



PokerStars Hand #254557774456:  Hold'em No Limit ($0.50/$1.00 USD) - 2025/01/26 5:36:19 WET [2025/01/26 0:36:19 ET]
Table 'Leverrier III' 6-max Seat #1 is the button
Seat 3: CashfishT ($117.29 in chips) is sitting out
Seat 1: Xenicide ($110.96 in chips) 
Seat 2: ec0n0mist ($100.96 in chips) 
Seat 4: lys_26 ($69.81 in chips) 
Seat 5: AlexEliseev7 ($154.03 in chips) 
ec0n0mist: posts small blind $0.50
CashfishT: is sitting out 
lys_26: posts big blind $1
*** HOLE CARDS ***
AlexEliseev7: raises $1.50 to $2.50
CashfishT leaves the table
Xenicide: folds 
ec0n0mist: folds 
lys_26: folds 
Uncalled bet ($1.50) returned to AlexEliseev7
AlexEliseev7 collected $2.50 from pot
AlexEliseev7: doesn't show hand 
*** SUMMARY ***
Total pot $2.50 | Rake $0 
Seat 3: CashfishT
Seat 1: Xenicide (button) folded before Flop (didn't bet)
Seat 2: ec0n0mist (small blind) folded before Flop
Seat 4: lys_26 (big blind) folded before Flop
Seat 5: AlexEliseev7 collected ($2.50)



PokerStars Hand #254557776178:  Hold'em No Limit ($0.50/$1.00 USD) - 2025/01/26 5:36:38 WET [2025/01/26 0:36:38 ET]
Table 'Leverrier III' 6-max Seat #2 is the button
Seat 1: Xenicide ($110.96 in chips) 
Seat 2: ec0n0mist ($100.46 in chips) 
Seat 4: lys_26 ($68.81 in chips) 
Seat 5: AlexEliseev7 ($155.53 in chips) 
lys_26: posts small blind $0.50
AlexEliseev7: posts big blind $1
*** HOLE CARDS ***
Xenicide: folds 
ec0n0mist: raises $2.25 to $3.25
lys_26: folds 
AlexEliseev7: folds 
Uncalled bet ($2.25) returned to ec0n0mist
ec0n0mist collected $2.50 from pot
ec0n0mist: doesn't show hand 
*** SUMMARY ***
Total pot $2.50 | Rake $0 
Seat 1: Xenicide folded before Flop (didn't bet)
Seat 2: ec0n0mist (button) collected ($2.50)
Seat 4: lys_26 (small blind) folded before Flop
Seat 5: AlexEliseev7 (big blind) folded before Flop



PokerStars Hand #254557777541:  Hold'em No Limit ($0.50/$1.00 USD) - 2025/01/26 5:36:53 WET [2025/01/26 0:36:53 ET]
Table 'Leverrier III' 6-max Seat #4 is the button
Seat 1: Xenicide ($110.96 in chips) 
Seat 2: ec0n0mist ($101.96 in chips) 
Seat 4: lys_26 ($68.31 in chips) 
Seat 5: AlexEliseev7 ($154.53 in chips) 
AlexEliseev7: posts small blind $0.50
Xenicide: posts big blind $1
*** HOLE CARDS ***
ec0n0mist: raises $2.25 to $3.25
lys_26: folds 
AlexEliseev7: folds 
Xenicide: folds 
Uncalled bet ($2.25) returned to ec0n0mist
ec0n0mist collected $2.50 from pot
ec0n0mist: doesn't show hand 
*** SUMMARY ***
Total pot $2.50 | Rake $0 
Seat 1: Xenicide (big blind) folded before Flop
Seat 2: ec0n0mist collected ($2.50)
Seat 4: lys_26 (button) folded before Flop (didn't bet)
Seat 5: AlexEliseev7 (small blind) folded before Flop



PokerStars Hand #254557779165:  Hold'em No Limit ($0.50/$1.00 USD) - 2025/01/26 5:37:11 WET [2025/01/26 0:37:11 ET]
Table 'Leverrier III' 6-max Seat #5 is the button
Seat 1: Xenicide ($109.96 in chips) 
Seat 2: ec0n0mist ($103.46 in chips) 
Seat 4: lys_26 ($68.31 in chips) 
Seat 5: AlexEliseev7 ($154.03 in chips) 
Xenicide: posts small blind $0.50
ec0n0mist: posts big blind $1
*** HOLE CARDS ***
lys_26: folds 
AlexEliseev7: folds 
Xenicide: folds 
Uncalled bet ($0.50) returned to ec0n0mist
ec0n0mist collected $1 from pot
ec0n0mist: doesn't show hand 
*** SUMMARY ***
Total pot $1 | Rake $0 
Seat 1: Xenicide (small blind) folded before Flop
Seat 2: ec0n0mist (big blind) collected ($1)
Seat 4: lys_26 folded before Flop (didn't bet)
Seat 5: AlexEliseev7 (button) folded before Flop (didn't bet)



PokerStars Hand #254557779942:  Hold'em No Limit ($0.50/$1.00 USD) - 2025/01/26 5:37:20 WET [2025/01/26 0:37:20 ET]
Table 'Leverrier III' 6-max Seat #1 is the button
Seat 1: Xenicide ($109.46 in chips) 
Seat 2: ec0n0mist ($103.96 in chips) 
Seat 4: lys_26 ($68.31 in chips) 
Seat 5: AlexEliseev7 ($154.03 in chips) 
ec0n0mist: posts small blind $0.50
lys_26: posts big blind $1
*** HOLE CARDS ***
AlexEliseev7: folds 
Xenicide: folds 
ec0n0mist: folds 
Uncalled bet ($0.50) returned to lys_26
lys_26 collected $1 from pot
lys_26: doesn't show hand 
*** SUMMARY ***
Total pot $1 | Rake $0 
Seat 1: Xenicide (button) folded before Flop (didn't bet)
Seat 2: ec0n0mist (small blind) folded before Flop
Seat 4: lys_26 (big blind) collected ($1)
Seat 5: AlexEliseev7 folded before Flop (didn't bet)



PokerStars Hand #254557781070:  Hold'em No Limit ($0.50/$1.00 USD) - 2025/01/26 5:37:33 WET [2025/01/26 0:37:33 ET]
Table 'Leverrier III' 6-max Seat #2 is the button
Seat 1: Xenicide ($109.46 in chips) 
Seat 2: ec0n0mist ($103.46 in chips) 
Seat 4: lys_26 ($68.81 in chips) 
Seat 5: AlexEliseev7 ($154.03 in chips) 
lys_26: posts small blind $0.50
AlexEliseev7: posts big blind $1
*** HOLE CARDS ***
Xenicide: folds 
ec0n0mist: folds 
lys_26: raises $1 to $2
AlexEliseev7: calls $1
*** FLOP *** [9c 3s Qd]
lys_26: checks 
AlexEliseev7: checks 
*** TURN *** [9c 3s Qd] [Ad]
lys_26: checks 
AlexEliseev7: checks 
*** RIVER *** [9c 3s Qd Ad] [Jd]
lys_26: checks 
AlexEliseev7: bets $5.74
lys_26: folds 
Uncalled bet ($5.74) returned to AlexEliseev7
AlexEliseev7 collected $3.80 from pot
AlexEliseev7: doesn't show hand 
*** SUMMARY ***
Total pot $4 | Rake $0.20 
Board [9c 3s Qd Ad Jd]
Seat 1: Xenicide folded before Flop (didn't bet)
Seat 2: ec0n0mist (button) folded before Flop (didn't bet)
Seat 4: lys_26 (small blind) folded on the River
Seat 5: AlexEliseev7 (big blind) collected ($3.80)



PokerStars Hand #254557785208:  Hold'em No Limit ($0.50/$1.00 USD) - 2025/01/26 5:38:19 WET [2025/01/26 0:38:19 ET]
Table 'Leverrier III' 6-max Seat #4 is the button
Seat 1: Xenicide ($109.46 in chips) 
Seat 2: ec0n0mist ($103.46 in chips) 
Seat 4: lys_26 ($66.81 in chips) 
Seat 5: AlexEliseev7 ($155.83 in chips) 
AlexEliseev7: posts small blind $0.50
Xenicide: posts big blind $1
*** HOLE CARDS ***
ec0n0mist: raises $1.15 to $2.15
lys_26: folds 
AlexEliseev7: folds 
Xenicide: folds 
Uncalled bet ($1.15) returned to ec0n0mist
ec0n0mist collected $2.50 from pot
ec0n0mist: doesn't show hand 
*** SUMMARY ***
Total pot $2.50 | Rake $0 
Seat 1: Xenicide (big blind) folded before Flop
Seat 2: ec0n0mist collected ($2.50)
Seat 4: lys_26 (button) folded before Flop (didn't bet)
Seat 5: AlexEliseev7 (small blind) folded before Flop



PokerStars Hand #254557787306:  Hold'em No Limit ($0.50/$1.00 USD) - 2025/01/26 5:38:42 WET [2025/01/26 0:38:42 ET]
Table 'Leverrier III' 6-max Seat #5 is the button
Seat 1: Xenicide ($108.46 in chips) 
Seat 2: ec0n0mist ($104.96 in chips) 
Seat 4: lys_26 ($66.81 in chips) 
Seat 5: AlexEliseev7 ($155.33 in chips) 
Xenicide: posts small blind $0.50
ec0n0mist: posts big blind $1
*** HOLE CARDS ***
lys_26: folds 
AlexEliseev7: folds 
HelloEzie joins the table at seat #6 
Xenicide: folds 
Uncalled bet ($0.50) returned to ec0n0mist
ec0n0mist collected $1 from pot
ec0n0mist: doesn't show hand 
*** SUMMARY ***
Total pot $1 | Rake $0 
Seat 1: Xenicide (small blind) folded before Flop
Seat 2: ec0n0mist (big blind) collected ($1)
Seat 4: lys_26 folded before Flop (didn't bet)
Seat 5: AlexEliseev7 (button) folded before Flop (didn't bet)



PokerStars Hand #254557788962:  Hold'em No Limit ($0.50/$1.00 USD) - 2025/01/26 5:39:01 WET [2025/01/26 0:39:01 ET]
Table 'Leverrier III' 6-max Seat #1 is the button
Seat 6: HelloEzie ($100 in chips) is sitting out
Seat 1: Xenicide ($107.96 in chips) 
Seat 2: ec0n0mist ($105.46 in chips) 
Seat 4: lys_26 ($66.81 in chips) 
Seat 5: AlexEliseev7 ($155.33 in chips) 
ec0n0mist: posts small blind $0.50
lys_26: posts big blind $1
HelloEzie: sits out 
*** HOLE CARDS ***
AlexEliseev7: folds 
Xenicide: folds 
ec0n0mist: raises $1.15 to $2.15
lys_26: folds 
Uncalled bet ($1.15) returned to ec0n0mist
ec0n0mist collected $2 from pot
ec0n0mist: doesn't show hand 
*** SUMMARY ***
Total pot $2 | Rake $0 
Seat 6: HelloEzie
Seat 1: Xenicide (button) folded before Flop (didn't bet)
Seat 2: ec0n0mist (small blind) collected ($2)
Seat 4: lys_26 (big blind) folded before Flop
Seat 5: AlexEliseev7 folded before Flop (didn't bet)



PokerStars Hand #254557790239:  Hold'em No Limit ($0.50/$1.00 USD) - 2025/01/26 5:39:15 WET [2025/01/26 0:39:15 ET]
Table 'Leverrier III' 6-max Seat #2 is the button
Seat 6: HelloEzie ($100 in chips) is sitting out
Seat 1: Xenicide ($107.96 in chips) 
Seat 2: ec0n0mist ($106.46 in chips) 
Seat 4: lys_26 ($65.81 in chips) 
Seat 5: AlexEliseev7 ($155.33 in chips) 
lys_26: posts small blind $0.50
AlexEliseev7: posts big blind $1
HelloEzie: sits out 
*** HOLE CARDS ***
Xenicide: raises $1 to $2
ec0n0mist: folds 
lys_26: folds 
AlexEliseev7: calls $1
*** FLOP *** [5d Jc Kd]
AlexEliseev7: checks 
Xenicide: bets $1.07
AlexEliseev7: folds 
Uncalled bet ($1.07) returned to Xenicide
Xenicide collected $4.28 from pot
*** SUMMARY ***
Total pot $4.50 | Rake $0.22 
Board [5d Jc Kd]
Seat 6: HelloEzie
Seat 1: Xenicide collected ($4.28)
Seat 2: ec0n0mist (button) folded before Flop (didn't bet)
Seat 4: lys_26 (small blind) folded before Flop
Seat 5: AlexEliseev7 (big blind) folded on the Flop



PokerStars Hand #254557793659:  Hold'em No Limit ($0.50/$1.00 USD) - 2025/01/26 5:39:54 WET [2025/01/26 0:39:54 ET]
Table 'Leverrier III' 6-max Seat #4 is the button
Seat 1: Xenicide ($110.24 in chips) 
Seat 2: ec0n0mist ($106.46 in chips) 
Seat 4: lys_26 ($65.31 in chips) 
Seat 5: AlexEliseev7 ($153.33 in chips) 
Seat 6: HelloEzie ($100 in chips) 
AlexEliseev7: posts small blind $0.50
HelloEzie: posts big blind $1
*** HOLE CARDS ***
Xenicide: folds 
ec0n0mist: folds 
lys_26: folds 
AlexEliseev7: folds 
Uncalled bet ($0.50) returned to HelloEzie
HelloEzie collected $1 from pot
*** SUMMARY ***
Total pot $1 | Rake $0 
Seat 1: Xenicide folded before Flop (didn't bet)
Seat 2: ec0n0mist folded before Flop (didn't bet)
Seat 4: lys_26 (button) folded before Flop (didn't bet)
Seat 5: AlexEliseev7 (small blind) folded before Flop
Seat 6: HelloEzie (big blind) collected ($1)



PokerStars Hand #254557795171:  Hold'em No Limit ($0.50/$1.00 USD) - 2025/01/26 5:40:11 WET [2025/01/26 0:40:11 ET]
Table 'Leverrier III' 6-max Seat #5 is the button
Seat 1: Xenicide ($110.24 in chips) 
Seat 2: ec0n0mist ($106.46 in chips) 
Seat 4: lys_26 ($65.31 in chips) 
Seat 5: AlexEliseev7 ($152.83 in chips) 
Seat 6: HelloEzie ($100.50 in chips) 
HelloEzie: posts small blind $0.50
Xenicide: posts big blind $1
*** HOLE CARDS ***
ec0n0mist: folds 
lys_26: folds 
AlexEliseev7: folds 
HelloEzie: folds 
Uncalled bet ($0.50) returned to Xenicide
Xenicide collected $1 from pot
*** SUMMARY ***
Total pot $1 | Rake $0 
Seat 1: Xenicide (big blind) collected ($1)
Seat 2: ec0n0mist folded before Flop (didn't bet)
Seat 4: lys_26 folded before Flop (didn't bet)
Seat 5: AlexEliseev7 (button) folded before Flop (didn't bet)
Seat 6: HelloEzie (small blind) folded before Flop



PokerStars Hand #254557796214:  Hold'em No Limit ($0.50/$1.00 USD) - 2025/01/26 5:40:23 WET [2025/01/26 0:40:23 ET]
Table 'Leverrier III' 6-max Seat #6 is the button
Seat 1: Xenicide ($110.74 in chips) 
Seat 2: ec0n0mist ($106.46 in chips) 
Seat 4: lys_26 ($65.31 in chips) 
Seat 5: AlexEliseev7 ($152.83 in chips) 
Seat 6: HelloEzie ($100 in chips) 
Xenicide: posts small blind $0.50
ec0n0mist: posts big blind $1
*** HOLE CARDS ***
lys_26: folds 
AlexEliseev7: raises $1.50 to $2.50
HelloEzie: raises $5 to $7.50
Xenicide: folds 
ec0n0mist: folds 
AlexEliseev7: calls $5
*** FLOP *** [8s 5c 8c]
AlexEliseev7: checks 
HelloEzie: bets $5.17
AlexEliseev7: calls $5.17
*** TURN *** [8s 5c 8c] [3s]
AlexEliseev7: checks 
HelloEzie: bets $19.13
dtziomek88 joins the table at seat #3 
dtziomek88 is disconnected 
AlexEliseev7: raises $96.28 to $115.41
HelloEzie: folds 
Uncalled bet ($96.28) returned to AlexEliseev7
AlexEliseev7 collected $62.60 from pot
AlexEliseev7: doesn't show hand 
*** SUMMARY ***
Total pot $65.10 | Rake $2.50 
Board [8s 5c 8c 3s]
Seat 1: Xenicide (small blind) folded before Flop
Seat 2: ec0n0mist (big blind) folded before Flop
Seat 4: lys_26 folded before Flop (didn't bet)
Seat 5: AlexEliseev7 collected ($62.60)
Seat 6: HelloEzie (button) folded on the Turn



PokerStars Hand #254557804168:  Hold'em No Limit ($0.50/$1.00 USD) - 2025/01/26 5:41:53 WET [2025/01/26 0:41:53 ET]
Table 'Leverrier III' 6-max Seat #1 is the button
Seat 1: Xenicide ($110.24 in chips) 
Seat 2: ec0n0mist ($105.46 in chips) 
Seat 3: dtziomek88 ($42.06 in chips) 
Seat 4: lys_26 ($65.31 in chips) 
Seat 5: AlexEliseev7 ($183.63 in chips) 
Seat 6: HelloEzie ($100 in chips) 
ec0n0mist: posts small blind $0.50
dtziomek88: posts big blind $1
*** HOLE CARDS ***
lys_26: calls $1
AlexEliseev7: folds 
HelloEzie: folds 
Xenicide: folds 
ec0n0mist: calls $0.50
dtziomek88: checks 
*** FLOP *** [Ac 4d Ah]
ec0n0mist: checks 
dtziomek88: bets $1
lys_26: folds 
ec0n0mist: folds 
Uncalled bet ($1) returned to dtziomek88
dtziomek88 collected $2.85 from pot
*** SUMMARY ***
Total pot $3 | Rake $0.15 
Board [Ac 4d Ah]
Seat 1: Xenicide (button) folded before Flop (didn't bet)
Seat 2: ec0n0mist (small blind) folded on the Flop
Seat 3: dtziomek88 (big blind) collected ($2.85)
Seat 4: lys_26 folded on the Flop
Seat 5: AlexEliseev7 folded before Flop (didn't bet)
Seat 6: HelloEzie folded before Flop (didn't bet)



PokerStars Hand #254557805903:  Hold'em No Limit ($0.50/$1.00 USD) - 2025/01/26 5:42:13 WET [2025/01/26 0:42:13 ET]
Table 'Leverrier III' 6-max Seat #2 is the button
Seat 1: Xenicide ($110.24 in chips) 
Seat 2: ec0n0mist ($104.46 in chips) 
Seat 3: dtziomek88 ($43.91 in chips) 
Seat 4: lys_26 ($64.31 in chips) 
Seat 5: AlexEliseev7 ($183.63 in chips) 
Seat 6: HelloEzie ($100 in chips) 
dtziomek88: posts small blind $0.50
lys_26: posts big blind $1
*** HOLE CARDS ***
AlexEliseev7: folds 
HelloEzie: folds 
Xenicide: raises $1 to $2
ec0n0mist: folds 
dtziomek88: calls $1.50
lys_26: calls $1
*** FLOP *** [9h 2h 8d]
dtziomek88: checks 
lys_26: checks 
Xenicide: checks 
*** TURN *** [9h 2h 8d] [Td]
dtziomek88: checks 
lys_26: checks 
Xenicide: checks 
*** RIVER *** [9h 2h 8d Td] [9d]
dtziomek88: checks 
lys_26: checks 
Xenicide: bets $7.70
dtziomek88: folds 
lys_26: folds 
Uncalled bet ($7.70) returned to Xenicide
Xenicide collected $5.70 from pot
*** SUMMARY ***
Total pot $6 | Rake $0.30 
Board [9h 2h 8d Td 9d]
Seat 1: Xenicide collected ($5.70)
Seat 2: ec0n0mist (button) folded before Flop (didn't bet)
Seat 3: dtziomek88 (small blind) folded on the River
Seat 4: lys_26 (big blind) folded on the River
Seat 5: AlexEliseev7 folded before Flop (didn't bet)
Seat 6: HelloEzie folded before Flop (didn't bet)



PokerStars Hand #254557812584:  Hold'em No Limit ($0.50/$1.00 USD) - 2025/01/26 5:43:29 WET [2025/01/26 0:43:29 ET]
Table 'Leverrier III' 6-max Seat #3 is the button
Seat 1: Xenicide ($113.94 in chips) 
Seat 2: ec0n0mist ($104.46 in chips) 
Seat 3: dtziomek88 ($41.91 in chips) 
Seat 4: lys_26 ($62.31 in chips) 
Seat 5: AlexEliseev7 ($183.63 in chips) 
Seat 6: HelloEzie ($100 in chips) 
lys_26: posts small blind $0.50
AlexEliseev7: posts big blind $1
*** HOLE CARDS ***
HelloEzie: folds 
Xenicide: folds 
ec0n0mist: raises $2.25 to $3.25
dtziomek88: folds 
lys_26: folds 
AlexEliseev7: folds 
Uncalled bet ($2.25) returned to ec0n0mist
ec0n0mist collected $2.50 from pot
ec0n0mist: doesn't show hand 
*** SUMMARY ***
Total pot $2.50 | Rake $0 
Seat 1: Xenicide folded before Flop (didn't bet)
Seat 2: ec0n0mist collected ($2.50)
Seat 3: dtziomek88 (button) folded before Flop (didn't bet)
Seat 4: lys_26 (small blind) folded before Flop
Seat 5: AlexEliseev7 (big blind) folded before Flop
Seat 6: HelloEzie folded before Flop (didn't bet)



PokerStars Hand #254557814276:  Hold'em No Limit ($0.50/$1.00 USD) - 2025/01/26 5:43:49 WET [2025/01/26 0:43:49 ET]
Table 'Leverrier III' 6-max Seat #4 is the button
Seat 1: Xenicide ($113.94 in chips) 
Seat 2: ec0n0mist ($105.96 in chips) 
Seat 3: dtziomek88 ($41.91 in chips) 
Seat 4: lys_26 ($61.81 in chips) 
Seat 5: AlexEliseev7 ($182.63 in chips) 
Seat 6: HelloEzie ($100 in chips) 
AlexEliseev7: posts small blind $0.50
HelloEzie: posts big blind $1
*** HOLE CARDS ***
Xenicide: folds 
ec0n0mist: folds 
dtziomek88: raises $1 to $2
lys_26: folds 
AlexEliseev7: raises $5 to $7
HelloEzie: folds 
dtziomek88: calls $5
*** FLOP *** [3d Ac 8h]
AlexEliseev7: bets $4.70
dtziomek88: calls $4.70
*** TURN *** [3d Ac 8h] [4s]
AlexEliseev7: bets $11.36
dtziomek88: folds 
Uncalled bet ($11.36) returned to AlexEliseev7
AlexEliseev7 collected $23.18 from pot
AlexEliseev7: doesn't show hand 
*** SUMMARY ***
Total pot $24.40 | Rake $1.22 
Board [3d Ac 8h 4s]
Seat 1: Xenicide folded before Flop (didn't bet)
Seat 2: ec0n0mist folded before Flop (didn't bet)
Seat 3: dtziomek88 folded on the Turn
Seat 4: lys_26 (button) folded before Flop (didn't bet)
Seat 5: AlexEliseev7 (small blind) collected ($23.18)
Seat 6: HelloEzie (big blind) folded before Flop



PokerStars Hand #254557818418:  Hold'em No Limit ($0.50/$1.00 USD) - 2025/01/26 5:44:36 WET [2025/01/26 0:44:36 ET]
Table 'Leverrier III' 6-max Seat #5 is the button
Seat 1: Xenicide ($113.94 in chips) 
Seat 2: ec0n0mist ($105.96 in chips) 
Seat 3: dtziomek88 ($30.21 in chips) 
Seat 4: lys_26 ($61.81 in chips) 
Seat 5: AlexEliseev7 ($194.11 in chips) 
Seat 6: HelloEzie ($100 in chips) 
HelloEzie: posts small blind $0.50
Xenicide: posts big blind $1
*** HOLE CARDS ***
ec0n0mist: folds 
dtziomek88: raises $1 to $2
lys_26: folds 
AlexEliseev7: folds 
HelloEzie: folds 
Xenicide: calls $1
*** FLOP *** [Kd 8c Tc]
Xenicide: checks 
dtziomek88: checks 
*** TURN *** [Kd 8c Tc] [6c]
Xenicide: bets $5.35
dtziomek88: folds 
Uncalled bet ($5.35) returned to Xenicide
Xenicide collected $4.28 from pot
*** SUMMARY ***
Total pot $4.50 | Rake $0.22 
Board [Kd 8c Tc 6c]
Seat 1: Xenicide (big blind) collected ($4.28)
Seat 2: ec0n0mist folded before Flop (didn't bet)
Seat 3: dtziomek88 folded on the Turn
Seat 4: lys_26 folded before Flop (didn't bet)
Seat 5: AlexEliseev7 (button) folded before Flop (didn't bet)
Seat 6: HelloEzie (small blind) folded before Flop



PokerStars Hand #254557821306:  Hold'em No Limit ($0.50/$1.00 USD) - 2025/01/26 5:45:09 WET [2025/01/26 0:45:09 ET]
Table 'Leverrier III' 6-max Seat #6 is the button
Seat 1: Xenicide ($116.22 in chips) 
Seat 2: ec0n0mist ($105.96 in chips) 
Seat 3: dtziomek88 ($28.21 in chips) 
Seat 4: lys_26 ($61.81 in chips) 
Seat 5: AlexEliseev7 ($194.11 in chips) 
Seat 6: HelloEzie ($100 in chips) 
Xenicide: posts small blind $0.50
ec0n0mist: posts big blind $1
*** HOLE CARDS ***
dtziomek88: folds 
lys_26: folds 
AlexEliseev7: raises $1.50 to $2.50
HelloEzie: raises $5 to $7.50
Xenicide: folds 
ec0n0mist: folds 
AlexEliseev7: folds 
Uncalled bet ($5) returned to HelloEzie
HelloEzie collected $6.50 from pot
*** SUMMARY ***
Total pot $6.50 | Rake $0 
Seat 1: Xenicide (small blind) folded before Flop
Seat 2: ec0n0mist (big blind) folded before Flop
Seat 3: dtziomek88 folded before Flop (didn't bet)
Seat 4: lys_26 folded before Flop (didn't bet)
Seat 5: AlexEliseev7 folded before Flop
Seat 6: HelloEzie (button) collected ($6.50)



