PokerStars Hand #254566263821:  Hold'em No Limit ($0.50/$1.00 USD) - 2025/01/26 18:42:17 WET [2025/01/26 13:42:17 ET]
Table 'Ceplecha IV' 6-max Seat #5 is the button
Seat 1: joaquin612 ($10 in chips) 
Seat 2: nastja336 ($100 in chips) 
Seat 3: Manifestorr ($100 in chips) 
Seat 4: aoish30 ($100 in chips) 
Seat 5: Gabbaz420 ($16.25 in chips) 
Seat 6: Gfoer ($100 in chips) 
Gfoer: posts small blind $0.50
joaquin612: posts big blind $1
*** HOLE CARDS ***
nastja336: folds 
Manifestorr: raises $1.20 to $2.20
aoish30: folds 
Gabbaz420: folds 
Gfoer: folds 
joaquin612: folds 
Uncalled bet ($1.20) returned to Manifestorr
Manifestorr collected $2.50 from pot
*** SUMMARY ***
Total pot $2.50 | Rake $0 
Seat 1: joaquin612 (big blind) folded before Flop
Seat 2: nastja336 folded before Flop (didn't bet)
Seat 3: Manifestorr collected ($2.50)
Seat 4: aoish30 folded before Flop (didn't bet)
Seat 5: Gabbaz420 (button) folded before Flop (didn't bet)
Seat 6: Gfoer (small blind) folded before Flop



PokerStars Hand #254566272660:  Hold'em No Limit ($0.50/$1.00 USD) - 2025/01/26 18:42:41 WET [2025/01/26 13:42:41 ET]
Table 'Ceplecha IV' 6-max Seat #6 is the button
Seat 1: joaquin612 ($100 in chips) 
Seat 2: nastja336 ($100 in chips) 
Seat 3: Manifestorr ($101.50 in chips) 
Seat 4: aoish30 ($100 in chips) 
Seat 5: Gabbaz420 ($16.25 in chips) 
Seat 6: Gfoer ($100 in chips) 
joaquin612: posts small blind $0.50
nastja336: posts big blind $1
*** HOLE CARDS ***
Manifestorr: raises $1.20 to $2.20
aoish30: folds 
Gabbaz420: folds 
Gfoer: folds 
joaquin612: folds 
nastja336: folds 
Uncalled bet ($1.20) returned to Manifestorr
Manifestorr collected $2.50 from pot
*** SUMMARY ***
Total pot $2.50 | Rake $0 
Seat 1: joaquin612 (small blind) folded before Flop
Seat 2: nastja336 (big blind) folded before Flop
Seat 3: Manifestorr collected ($2.50)
Seat 4: aoish30 folded before Flop (didn't bet)
Seat 5: Gabbaz420 folded before Flop (didn't bet)
Seat 6: Gfoer (button) folded before Flop (didn't bet)



PokerStars Hand #254566277044:  Hold'em No Limit ($0.50/$1.00 USD) - 2025/01/26 18:42:54 WET [2025/01/26 13:42:54 ET]
Table 'Ceplecha IV' 6-max Seat #1 is the button
Seat 1: joaquin612 ($100 in chips) 
Seat 2: nastja336 ($100 in chips) 
Seat 3: Manifestorr ($103 in chips) 
Seat 4: aoish30 ($100 in chips) 
Seat 5: Gabbaz420 ($16.25 in chips) 
Seat 6: Gfoer ($100 in chips) 
nastja336: posts small blind $0.50
Manifestorr: posts big blind $1
*** HOLE CARDS ***
aoish30: folds 
Gabbaz420: raises $1 to $2
Gfoer: folds 
joaquin612: folds 
nastja336: folds 
Manifestorr: folds 
Uncalled bet ($1) returned to Gabbaz420
Gabbaz420 collected $2.50 from pot
*** SUMMARY ***
Total pot $2.50 | Rake $0 
Seat 1: joaquin612 (button) folded before Flop (didn't bet)
Seat 2: nastja336 (small blind) folded before Flop
Seat 3: Manifestorr (big blind) folded before Flop
Seat 4: aoish30 folded before Flop (didn't bet)
Seat 5: Gabbaz420 collected ($2.50)
Seat 6: Gfoer folded before Flop (didn't bet)



PokerStars Hand #254566285118:  Hold'em No Limit ($0.50/$1.00 USD) - 2025/01/26 18:43:16 WET [2025/01/26 13:43:16 ET]
Table 'Ceplecha IV' 6-max Seat #2 is the button
Seat 1: joaquin612 ($100 in chips) 
Seat 2: nastja336 ($100 in chips) 
Seat 3: Manifestorr ($102 in chips) 
Seat 4: aoish30 ($100 in chips) 
Seat 5: Gabbaz420 ($17.75 in chips) 
Seat 6: Gfoer ($100 in chips) 
Manifestorr: posts small blind $0.50
aoish30: posts big blind $1
*** HOLE CARDS ***
Gabbaz420: calls $1
Gfoer: raises $3.50 to $4.50
joaquin612: folds 
nastja336: folds 
Manifestorr: folds 
aoish30: folds 
Gabbaz420: raises $13.25 to $17.75 and is all-in
Gfoer: calls $13.25
*** FLOP *** [2d 4s 8c]
*** TURN *** [2d 4s 8c] [4c]
*** RIVER *** [2d 4s 8c 4c] [Kc]
*** SHOW DOWN ***
Gabbaz420: shows [8d Ad] (two pair, Eights and Fours)
Gfoer: shows [6s 6c] (two pair, Sixes and Fours)
Gabbaz420 collected $35.15 from pot
*** SUMMARY ***
Total pot $37 | Rake $1.85 
Board [2d 4s 8c 4c Kc]
Seat 1: joaquin612 folded before Flop (didn't bet)
Seat 2: nastja336 (button) folded before Flop (didn't bet)
Seat 3: Manifestorr (small blind) folded before Flop
Seat 4: aoish30 (big blind) folded before Flop
Seat 5: Gabbaz420 showed [8d Ad] and won ($35.15) with two pair, Eights and Fours
Seat 6: Gfoer showed [6s 6c] and lost with two pair, Sixes and Fours



PokerStars Hand #254566296739:  Hold'em No Limit ($0.50/$1.00 USD) - 2025/01/26 18:43:49 WET [2025/01/26 13:43:49 ET]
Table 'Ceplecha IV' 6-max Seat #3 is the button
Seat 1: joaquin612 ($100 in chips) 
Seat 2: nastja336 ($100 in chips) 
Seat 3: Manifestorr ($101.50 in chips) 
Seat 4: aoish30 ($100 in chips) 
Seat 5: Gabbaz420 ($35.15 in chips) 
Seat 6: Gfoer ($100 in chips) 
aoish30: posts small blind $0.50
Gabbaz420: posts big blind $1
*** HOLE CARDS ***
Gfoer: folds 
joaquin612: folds 
nastja336: folds 
Manifestorr: raises $1.20 to $2.20
aoish30: folds 
Gabbaz420: calls $1.20
*** FLOP *** [5d Qd Ts]
Gabbaz420: checks 
Manifestorr: bets $6.29
Gabbaz420: folds 
Uncalled bet ($6.29) returned to Manifestorr
Manifestorr collected $4.66 from pot
*** SUMMARY ***
Total pot $4.90 | Rake $0.24 
Board [5d Qd Ts]
Seat 1: joaquin612 folded before Flop (didn't bet)
Seat 2: nastja336 folded before Flop (didn't bet)
Seat 3: Manifestorr (button) collected ($4.66)
Seat 4: aoish30 (small blind) folded before Flop
Seat 5: Gabbaz420 (big blind) folded on the Flop
Seat 6: Gfoer folded before Flop (didn't bet)



PokerStars Hand #254566314356:  Hold'em No Limit ($0.50/$1.00 USD) - 2025/01/26 18:44:38 WET [2025/01/26 13:44:38 ET]
Table 'Ceplecha IV' 6-max Seat #4 is the button
Seat 1: joaquin612 ($100 in chips) 
Seat 2: nastja336 ($100 in chips) 
Seat 3: Manifestorr ($103.96 in chips) 
Seat 4: aoish30 ($100 in chips) 
Seat 5: Gabbaz420 ($32.95 in chips) 
Seat 6: Gfoer ($100 in chips) 
Gabbaz420: posts small blind $0.50
Gfoer: posts big blind $1
*** HOLE CARDS ***
joaquin612: folds 
nastja336: folds 
Manifestorr: raises $1.20 to $2.20
aoish30: folds 
Gabbaz420: folds 
Gfoer: folds 
Uncalled bet ($1.20) returned to Manifestorr
Manifestorr collected $2.50 from pot
*** SUMMARY ***
Total pot $2.50 | Rake $0 
Seat 1: joaquin612 folded before Flop (didn't bet)
Seat 2: nastja336 folded before Flop (didn't bet)
Seat 3: Manifestorr collected ($2.50)
Seat 4: aoish30 (button) folded before Flop (didn't bet)
Seat 5: Gabbaz420 (small blind) folded before Flop
Seat 6: Gfoer (big blind) folded before Flop



PokerStars Hand #254566321894:  Hold'em No Limit ($0.50/$1.00 USD) - 2025/01/26 18:45:00 WET [2025/01/26 13:45:00 ET]
Table 'Ceplecha IV' 6-max Seat #5 is the button
Seat 1: joaquin612 ($100 in chips) 
Seat 2: nastja336 ($100 in chips) 
Seat 3: Manifestorr ($105.46 in chips) 
Seat 4: aoish30 ($100 in chips) 
Seat 5: Gabbaz420 ($32.45 in chips) 
Seat 6: Gfoer ($100 in chips) 
Gfoer: posts small blind $0.50
joaquin612: posts big blind $1
*** HOLE CARDS ***
nastja336: folds 
Manifestorr: folds 
aoish30: raises $1.50 to $2.50
Gabbaz420: calls $2.50
Gfoer: folds 
joaquin612: calls $1.50
*** FLOP *** [Jh 4h 5d]
joaquin612: checks 
aoish30: checks 
Gabbaz420: bets $4.80
joaquin612: folds 
aoish30: folds 
Uncalled bet ($4.80) returned to Gabbaz420
Gabbaz420 collected $7.60 from pot
*** SUMMARY ***
Total pot $8 | Rake $0.40 
Board [Jh 4h 5d]
Seat 1: joaquin612 (big blind) folded on the Flop
Seat 2: nastja336 folded before Flop (didn't bet)
Seat 3: Manifestorr folded before Flop (didn't bet)
Seat 4: aoish30 folded on the Flop
Seat 5: Gabbaz420 (button) collected ($7.60)
Seat 6: Gfoer (small blind) folded before Flop



PokerStars Hand #254566334506:  Hold'em No Limit ($0.50/$1.00 USD) - 2025/01/26 18:45:35 WET [2025/01/26 13:45:35 ET]
Table 'Ceplecha IV' 6-max Seat #6 is the button
Seat 1: joaquin612 ($100 in chips) 
Seat 2: nastja336 ($100 in chips) 
Seat 3: Manifestorr ($105.46 in chips) 
Seat 4: aoish30 ($100 in chips) 
Seat 5: Gabbaz420 ($37.55 in chips) 
Seat 6: Gfoer ($100 in chips) 
joaquin612: posts small blind $0.50
nastja336: posts big blind $1
*** HOLE CARDS ***
Manifestorr: folds 
aoish30: folds 
Gabbaz420: calls $1
Gfoer: raises $3.50 to $4.50
joaquin612: folds 
nastja336: folds 
Gabbaz420: calls $3.50
*** FLOP *** [8d 3c 5h]
Gabbaz420: checks 
Gfoer: checks 
*** TURN *** [8d 3c 5h] [9s]
Gabbaz420: checks 
Gfoer: checks 
*** RIVER *** [8d 3c 5h 9s] [Jd]
Gabbaz420: checks 
Gfoer: checks 
*** SHOW DOWN ***
Gabbaz420: shows [5c 4c] (a pair of Fives)
Gfoer: mucks hand 
Gabbaz420 collected $9.98 from pot
*** SUMMARY ***
Total pot $10.50 | Rake $0.52 
Board [8d 3c 5h 9s Jd]
Seat 1: joaquin612 (small blind) folded before Flop
Seat 2: nastja336 (big blind) folded before Flop
Seat 3: Manifestorr folded before Flop (didn't bet)
Seat 4: aoish30 folded before Flop (didn't bet)
Seat 5: Gabbaz420 showed [5c 4c] and won ($9.98) with a pair of Fives
Seat 6: Gfoer (button) mucked



PokerStars Hand #254566350501:  Hold'em No Limit ($0.50/$1.00 USD) - 2025/01/26 18:46:21 WET [2025/01/26 13:46:21 ET]
Table 'Ceplecha IV' 6-max Seat #1 is the button
Seat 1: joaquin612 ($100 in chips) 
Seat 2: nastja336 ($100 in chips) 
Seat 3: Manifestorr ($105.46 in chips) 
Seat 4: aoish30 ($100 in chips) 
Seat 5: Gabbaz420 ($43.03 in chips) 
Seat 6: Gfoer ($100 in chips) 
nastja336: posts small blind $0.50
Manifestorr: posts big blind $1
*** HOLE CARDS ***
aoish30: folds 
Gabbaz420: folds 
Gfoer: raises $1.20 to $2.20
joaquin612: folds 
nastja336: raises $9.80 to $12
Manifestorr: folds 
Gfoer: folds 
Uncalled bet ($9.80) returned to nastja336
nastja336 collected $5.40 from pot
nastja336: doesn't show hand 
*** SUMMARY ***
Total pot $5.40 | Rake $0 
Seat 1: joaquin612 (button) folded before Flop (didn't bet)
Seat 2: nastja336 (small blind) collected ($5.40)
Seat 3: Manifestorr (big blind) folded before Flop
Seat 4: aoish30 folded before Flop (didn't bet)
Seat 5: Gabbaz420 folded before Flop (didn't bet)
Seat 6: Gfoer folded before Flop



PokerStars Hand #254566360345:  Hold'em No Limit ($0.50/$1.00 USD) - 2025/01/26 18:46:48 WET [2025/01/26 13:46:48 ET]
Table 'Ceplecha IV' 6-max Seat #2 is the button
Seat 1: joaquin612 ($100 in chips) 
Seat 2: nastja336 ($103.20 in chips) 
Seat 3: Manifestorr ($104.46 in chips) 
Seat 4: aoish30 ($100 in chips) 
Seat 5: Gabbaz420 ($43.03 in chips) 
Seat 6: Gfoer ($100 in chips) 
Manifestorr: posts small blind $0.50
aoish30: posts big blind $1
*** HOLE CARDS ***
Gabbaz420: folds 
Gfoer: folds 
joaquin612: folds 
nastja336: folds 
Manifestorr: raises $2 to $3
aoish30: raises $6.50 to $9.50
Manifestorr: folds 
Uncalled bet ($6.50) returned to aoish30
aoish30 collected $6 from pot
aoish30: doesn't show hand 
*** SUMMARY ***
Total pot $6 | Rake $0 
Seat 1: joaquin612 folded before Flop (didn't bet)
Seat 2: nastja336 (button) folded before Flop (didn't bet)
Seat 3: Manifestorr (small blind) folded before Flop
Seat 4: aoish30 (big blind) collected ($6)
Seat 5: Gabbaz420 folded before Flop (didn't bet)
Seat 6: Gfoer folded before Flop (didn't bet)



PokerStars Hand #254566368259:  Hold'em No Limit ($0.50/$1.00 USD) - 2025/01/26 18:47:11 WET [2025/01/26 13:47:11 ET]
Table 'Ceplecha IV' 6-max Seat #3 is the button
Seat 1: joaquin612 ($100 in chips) 
Seat 2: nastja336 ($103.20 in chips) 
Seat 3: Manifestorr ($101.46 in chips) 
Seat 4: aoish30 ($103 in chips) 
Seat 5: Gabbaz420 ($43.03 in chips) 
Seat 6: Gfoer ($100 in chips) 
aoish30: posts small blind $0.50
Gabbaz420: posts big blind $1
*** HOLE CARDS ***
Gfoer: folds 
joaquin612: folds 
nastja336: folds 
Gfoer leaves the table
Manifestorr: raises $1.20 to $2.20
aoish30: folds 
Gabbaz420: folds 
Uncalled bet ($1.20) returned to Manifestorr
Manifestorr collected $2.50 from pot
*** SUMMARY ***
Total pot $2.50 | Rake $0 
Seat 1: joaquin612 folded before Flop (didn't bet)
Seat 2: nastja336 folded before Flop (didn't bet)
Seat 3: Manifestorr (button) collected ($2.50)
Seat 4: aoish30 (small blind) folded before Flop
Seat 5: Gabbaz420 (big blind) folded before Flop
Seat 6: Gfoer folded before Flop (didn't bet)



PokerStars Hand #254566373329:  Hold'em No Limit ($0.50/$1.00 USD) - 2025/01/26 18:47:25 WET [2025/01/26 13:47:25 ET]
Table 'Ceplecha IV' 6-max Seat #4 is the button
Seat 1: joaquin612 ($100 in chips) 
Seat 2: nastja336 ($103.20 in chips) 
Seat 3: Manifestorr ($102.96 in chips) 
Seat 4: aoish30 ($102.50 in chips) 
Seat 5: Gabbaz420 ($42.03 in chips) 
Gabbaz420: posts small blind $0.50
joaquin612: posts big blind $1
*** HOLE CARDS ***
nastja336: raises $1.50 to $2.50
Manifestorr: folds 
aoish30: folds 
Gabbaz420: folds 
alexandr699 joins the table at seat #6 
joaquin612: folds 
Uncalled bet ($1.50) returned to nastja336
nastja336 collected $2.50 from pot
nastja336: doesn't show hand 
*** SUMMARY ***
Total pot $2.50 | Rake $0 
Seat 1: joaquin612 (big blind) folded before Flop
Seat 2: nastja336 collected ($2.50)
Seat 3: Manifestorr folded before Flop (didn't bet)
Seat 4: aoish30 (button) folded before Flop (didn't bet)
Seat 5: Gabbaz420 (small blind) folded before Flop



PokerStars Hand #254566377151:  Hold'em No Limit ($0.50/$1.00 USD) - 2025/01/26 18:47:36 WET [2025/01/26 13:47:36 ET]
Table 'Ceplecha IV' 6-max Seat #5 is the button
Seat 2: nastja336 ($104.70 in chips) is sitting out
Seat 6: alexandr699 ($100 in chips) is sitting out
Seat 1: joaquin612 ($100 in chips) 
Seat 3: Manifestorr ($102.96 in chips) 
Seat 4: aoish30 ($102.50 in chips) 
Seat 5: Gabbaz420 ($41.53 in chips) 
joaquin612: posts small blind $0.50
nastja336: is sitting out 
Manifestorr: posts big blind $1
*** HOLE CARDS ***
aoish30: folds 
nastja336 leaves the table
Gabbaz420: calls $1
joaquin612: folds 
Manifestorr: checks 
*** FLOP *** [4s 4c 6c]
Manifestorr: checks 
Mariodax joins the table at seat #2 
Mariodax is disconnected 
Gabbaz420: bets $1.19
Manifestorr: folds 
Uncalled bet ($1.19) returned to Gabbaz420
Gabbaz420 collected $2.38 from pot
*** SUMMARY ***
Total pot $2.50 | Rake $0.12 
Board [4s 4c 6c]
Seat 2: nastja336
Seat 6: alexandr699
Seat 1: joaquin612 (small blind) folded before Flop
Seat 3: Manifestorr (big blind) folded on the Flop
Seat 4: aoish30 folded before Flop (didn't bet)
Seat 5: Gabbaz420 (button) collected ($2.38)



PokerStars Hand #254566385876:  Hold'em No Limit ($0.50/$1.00 USD) - 2025/01/26 18:48:01 WET [2025/01/26 13:48:01 ET]
Table 'Ceplecha IV' 6-max Seat #1 is the button
Seat 2: Mariodax ($100 in chips) is sitting out
Seat 6: alexandr699 ($100 in chips) is sitting out
Seat 1: joaquin612 ($100 in chips) 
Seat 3: Manifestorr ($101.96 in chips) 
Seat 4: aoish30 ($102.50 in chips) 
Seat 5: Gabbaz420 ($42.91 in chips) 
Manifestorr: posts small blind $0.50
aoish30: posts big blind $1
alexandr699: sits out 
*** HOLE CARDS ***
Gabbaz420: raises $1 to $2
joaquin612: raises $3.50 to $5.50
Manifestorr: folds 
aoish30: folds 
Gabbaz420: calls $3.50
*** FLOP *** [2h 9h Kh]
Gabbaz420: checks 
joaquin612: bets $1.50
Gabbaz420: raises $10.44 to $11.94
joaquin612: folds 
Uncalled bet ($10.44) returned to Gabbaz420
Gabbaz420 collected $14.72 from pot
*** SUMMARY ***
Total pot $15.50 | Rake $0.78 
Board [2h 9h Kh]
Seat 2: Mariodax
Seat 6: alexandr699
Seat 1: joaquin612 (button) folded on the Flop
Seat 3: Manifestorr (small blind) folded before Flop
Seat 4: aoish30 (big blind) folded before Flop
Seat 5: Gabbaz420 collected ($14.72)



PokerStars Hand #254566402139:  Hold'em No Limit ($0.50/$1.00 USD) - 2025/01/26 18:48:46 WET [2025/01/26 13:48:46 ET]
Table 'Ceplecha IV' 6-max Seat #3 is the button
Seat 6: alexandr699 ($100 in chips) is sitting out
Seat 1: joaquin612 ($100 in chips) 
Seat 2: Mariodax ($100 in chips) 
Seat 3: Manifestorr ($101.46 in chips) 
Seat 4: aoish30 ($101.50 in chips) 
Seat 5: Gabbaz420 ($50.63 in chips) 
aoish30: posts small blind $0.50
Gabbaz420: posts big blind $1
alexandr699: sits out 
Mariodax: posts big blind $1
*** HOLE CARDS ***
joaquin612: folds 
Mariodax: raises $2 to $3
Manifestorr: folds 
aoish30: raises $10.20 to $13.20
Gabbaz420: folds 
Mariodax: calls $10.20
*** FLOP *** [3d 4s 5s]
aoish30: checks 
Mariodax: bets $13.02
aoish30: folds 
Uncalled bet ($13.02) returned to Mariodax
Mariodax collected $26.03 from pot
*** SUMMARY ***
Total pot $27.40 | Rake $1.37 
Board [3d 4s 5s]
Seat 6: alexandr699
Seat 1: joaquin612 folded before Flop (didn't bet)
Seat 2: Mariodax collected ($26.03)
Seat 3: Manifestorr (button) folded before Flop (didn't bet)
Seat 4: aoish30 (small blind) folded on the Flop
Seat 5: Gabbaz420 (big blind) folded before Flop



PokerStars Hand #254566415238:  Hold'em No Limit ($0.50/$1.00 USD) - 2025/01/26 18:49:23 WET [2025/01/26 13:49:23 ET]
Table 'Ceplecha IV' 6-max Seat #4 is the button
Seat 1: joaquin612 ($100 in chips) 
Seat 2: Mariodax ($112.83 in chips) 
Seat 3: Manifestorr ($101.46 in chips) 
Seat 4: aoish30 ($100 in chips) 
Seat 5: Gabbaz420 ($49.63 in chips) 
Seat 6: alexandr699 ($100 in chips) 
Gabbaz420: posts small blind $0.50
alexandr699: posts big blind $1
*** HOLE CARDS ***
joaquin612: folds 
Mariodax: raises $2 to $3
Manifestorr: folds 
aoish30: folds 
Gabbaz420: calls $2.50
alexandr699: folds 
*** FLOP *** [3c 4d 5d]
Gabbaz420: checks 
Mariodax: checks 
*** TURN *** [3c 4d 5d] [Ks]
Gabbaz420: checks 
Mariodax: bets $2.19
Gabbaz420: folds 
Uncalled bet ($2.19) returned to Mariodax
Mariodax collected $6.65 from pot
*** SUMMARY ***
Total pot $7 | Rake $0.35 
Board [3c 4d 5d Ks]
Seat 1: joaquin612 folded before Flop (didn't bet)
Seat 2: Mariodax collected ($6.65)
Seat 3: Manifestorr folded before Flop (didn't bet)
Seat 4: aoish30 (button) folded before Flop (didn't bet)
Seat 5: Gabbaz420 (small blind) folded on the Turn
Seat 6: alexandr699 (big blind) folded before Flop



PokerStars Hand #254566427147:  Hold'em No Limit ($0.50/$1.00 USD) - 2025/01/26 18:49:58 WET [2025/01/26 13:49:58 ET]
Table 'Ceplecha IV' 6-max Seat #5 is the button
Seat 1: joaquin612 ($100 in chips) 
Seat 2: Mariodax ($116.48 in chips) 
Seat 3: Manifestorr ($101.46 in chips) 
Seat 4: aoish30 ($100 in chips) 
Seat 5: Gabbaz420 ($46.63 in chips) 
Seat 6: alexandr699 ($100 in chips) 
alexandr699: posts small blind $0.50
joaquin612: posts big blind $1
*** HOLE CARDS ***
Mariodax: folds 
Manifestorr: folds 
aoish30: folds 
Gabbaz420: folds 
alexandr699: raises $1.98 to $2.98
joaquin612: calls $1.98
*** FLOP *** [4c 8h Ah]
alexandr699: bets $1.87
joaquin612: calls $1.87
*** TURN *** [4c 8h Ah] [4h]
alexandr699: bets $6.92
joaquin612: calls $6.92
*** RIVER *** [4c 8h Ah 4h] [As]
alexandr699: checks 
joaquin612: bets $11.18
alexandr699: folds 
Uncalled bet ($11.18) returned to joaquin612
joaquin612 collected $22.36 from pot
joaquin612: doesn't show hand 
*** SUMMARY ***
Total pot $23.54 | Rake $1.18 
Board [4c 8h Ah 4h As]
Seat 1: joaquin612 (big blind) collected ($22.36)
Seat 2: Mariodax folded before Flop (didn't bet)
Seat 3: Manifestorr folded before Flop (didn't bet)
Seat 4: aoish30 folded before Flop (didn't bet)
Seat 5: Gabbaz420 (button) folded before Flop (didn't bet)
Seat 6: alexandr699 (small blind) folded on the River



PokerStars Hand #254566450235:  Hold'em No Limit ($0.50/$1.00 USD) - 2025/01/26 18:51:04 WET [2025/01/26 13:51:04 ET]
Table 'Ceplecha IV' 6-max Seat #6 is the button
Seat 1: joaquin612 ($110.59 in chips) 
Seat 2: Mariodax ($116.48 in chips) 
Seat 3: Manifestorr ($101.46 in chips) 
Seat 4: aoish30 ($100 in chips) 
Seat 5: Gabbaz420 ($46.63 in chips) 
Seat 6: alexandr699 ($100 in chips) 
joaquin612: posts small blind $0.50
Mariodax: posts big blind $1
*** HOLE CARDS ***
Manifestorr: folds 
aoish30: folds 
Gabbaz420: calls $1
alexandr699: folds 
joaquin612: folds 
Mariodax: checks 
*** FLOP *** [3c 5s Ks]
Mariodax: checks 
Gabbaz420: bets $1.19
Mariodax: folds 
Uncalled bet ($1.19) returned to Gabbaz420
Gabbaz420 collected $2.38 from pot
*** SUMMARY ***
Total pot $2.50 | Rake $0.12 
Board [3c 5s Ks]
Seat 1: joaquin612 (small blind) folded before Flop
Seat 2: Mariodax (big blind) folded on the Flop
Seat 3: Manifestorr folded before Flop (didn't bet)
Seat 4: aoish30 folded before Flop (didn't bet)
Seat 5: Gabbaz420 collected ($2.38)
Seat 6: alexandr699 (button) folded before Flop (didn't bet)



PokerStars Hand #254566461722:  Hold'em No Limit ($0.50/$1.00 USD) - 2025/01/26 18:51:36 WET [2025/01/26 13:51:36 ET]
Table 'Ceplecha IV' 6-max Seat #1 is the button
Seat 1: joaquin612 ($110.09 in chips) 
Seat 2: Mariodax ($115.48 in chips) 
Seat 3: Manifestorr ($101.46 in chips) 
Seat 4: aoish30 ($100 in chips) 
Seat 5: Gabbaz420 ($48.01 in chips) 
Seat 6: alexandr699 ($100 in chips) 
Mariodax: posts small blind $0.50
Manifestorr: posts big blind $1
*** HOLE CARDS ***
aoish30: folds 
Gabbaz420: folds 
alexandr699: folds 
joaquin612: folds 
Mariodax: raises $2 to $3
Manifestorr: folds 
Uncalled bet ($2) returned to Mariodax
Mariodax collected $2 from pot
*** SUMMARY ***
Total pot $2 | Rake $0 
Seat 1: joaquin612 (button) folded before Flop (didn't bet)
Seat 2: Mariodax (small blind) collected ($2)
Seat 3: Manifestorr (big blind) folded before Flop
Seat 4: aoish30 folded before Flop (didn't bet)
Seat 5: Gabbaz420 folded before Flop (didn't bet)
Seat 6: alexandr699 folded before Flop (didn't bet)



PokerStars Hand #254566468187:  Hold'em No Limit ($0.50/$1.00 USD) - 2025/01/26 18:51:54 WET [2025/01/26 13:51:54 ET]
Table 'Ceplecha IV' 6-max Seat #2 is the button
Seat 1: joaquin612 ($110.09 in chips) 
Seat 2: Mariodax ($116.48 in chips) 
Seat 3: Manifestorr ($100.46 in chips) 
Seat 4: aoish30 ($100 in chips) 
Seat 5: Gabbaz420 ($48.01 in chips) 
Seat 6: alexandr699 ($100 in chips) 
Manifestorr: posts small blind $0.50
aoish30: posts big blind $1
*** HOLE CARDS ***
Gabbaz420: calls $1
alexandr699: folds 
joaquin612: folds 
Mariodax: folds 
Manifestorr: folds 
aoish30: raises $3 to $4
Gabbaz420: calls $3
*** FLOP *** [Ts 8s Jc]
aoish30: bets $2.67
Gabbaz420: calls $2.67
*** TURN *** [Ts 8s Jc] [8c]
aoish30: bets $9.86
Gabbaz420: calls $9.86
*** RIVER *** [Ts 8s Jc 8c] [Kh]
aoish30: checks 
Gabbaz420: bets $15.94
aoish30: calls $15.94
*** SHOW DOWN ***
Gabbaz420: shows [Tc Ks] (two pair, Kings and Tens)
aoish30: mucks hand 
Gabbaz420 collected $62.94 from pot
*** SUMMARY ***
Total pot $65.44 | Rake $2.50 
Board [Ts 8s Jc 8c Kh]
Seat 1: joaquin612 folded before Flop (didn't bet)
Seat 2: Mariodax (button) folded before Flop (didn't bet)
Seat 3: Manifestorr (small blind) folded before Flop
Seat 4: aoish30 (big blind) mucked
Seat 5: Gabbaz420 showed [Tc Ks] and won ($62.94) with two pair, Kings and Tens
Seat 6: alexandr699 folded before Flop (didn't bet)



PokerStars Hand #254566478725:  Hold'em No Limit ($0.50/$1.00 USD) - 2025/01/26 18:52:24 WET [2025/01/26 13:52:24 ET]
Table 'Ceplecha IV' 6-max Seat #3 is the button
Seat 1: joaquin612 ($110.09 in chips) 
Seat 2: Mariodax ($116.48 in chips) 
Seat 3: Manifestorr ($100 in chips) 
Seat 4: aoish30 ($100 in chips) 
Seat 5: Gabbaz420 ($78.48 in chips) 
Seat 6: alexandr699 ($100 in chips) 
aoish30: posts small blind $0.50
Gabbaz420: posts big blind $1
*** HOLE CARDS ***
alexandr699: folds 
joaquin612: folds 
Mariodax: folds 
Manifestorr: raises $1.20 to $2.20
aoish30: folds 
Gabbaz420: calls $1.20
*** FLOP *** [Kd Jc Tc]
Gabbaz420: checks 
Manifestorr: checks 
*** TURN *** [Kd Jc Tc] [4s]
Gabbaz420: bets $2.33
Manifestorr: calls $2.33
*** RIVER *** [Kd Jc Tc 4s] [Ac]
Gabbaz420: checks 
Manifestorr: checks 
*** SHOW DOWN ***
Gabbaz420: shows [Jh Td] (two pair, Jacks and Tens)
Manifestorr: mucks hand 
Gabbaz420 collected $9.08 from pot
*** SUMMARY ***
Total pot $9.56 | Rake $0.48 
Board [Kd Jc Tc 4s Ac]
Seat 1: joaquin612 folded before Flop (didn't bet)
Seat 2: Mariodax folded before Flop (didn't bet)
Seat 3: Manifestorr (button) mucked
Seat 4: aoish30 (small blind) folded before Flop
Seat 5: Gabbaz420 (big blind) showed [Jh Td] and won ($9.08) with two pair, Jacks and Tens
Seat 6: alexandr699 folded before Flop (didn't bet)



PokerStars Hand #254566489711:  Hold'em No Limit ($0.50/$1.00 USD) - 2025/01/26 18:52:55 WET [2025/01/26 13:52:55 ET]
Table 'Ceplecha IV' 6-max Seat #4 is the button
Seat 1: joaquin612 ($110.09 in chips) 
Seat 2: Mariodax ($116.48 in chips) 
Seat 3: Manifestorr ($100 in chips) 
Seat 4: aoish30 ($100 in chips) 
Seat 5: Gabbaz420 ($83.03 in chips) 
Seat 6: alexandr699 ($100 in chips) 
Gabbaz420: posts small blind $0.50
alexandr699: posts big blind $1
*** HOLE CARDS ***
joaquin612: folds 
Mariodax: folds 
Manifestorr: raises $1.20 to $2.20
aoish30: raises $5.28 to $7.48
Gabbaz420: folds 
alexandr699: folds 
Manifestorr: calls $5.28
*** FLOP *** [Ts 7c Kc]
Manifestorr: checks 
aoish30: bets $5.16
Manifestorr: calls $5.16
*** TURN *** [Ts 7c Kc] [Kh]
Manifestorr: checks 
aoish30: bets $19.08
Manifestorr: calls $19.08
*** RIVER *** [Ts 7c Kc Kh] [4s]
Manifestorr: checks 
aoish30: checks 
*** SHOW DOWN ***
Manifestorr: shows [Qs Ks] (three of a kind, Kings)
aoish30: mucks hand 
Manifestorr collected $62.44 from pot
*** SUMMARY ***
Total pot $64.94 | Rake $2.50 
Board [Ts 7c Kc Kh 4s]
Seat 1: joaquin612 folded before Flop (didn't bet)
Seat 2: Mariodax folded before Flop (didn't bet)
Seat 3: Manifestorr showed [Qs Ks] and won ($62.44) with three of a kind, Kings
Seat 4: aoish30 (button) mucked
Seat 5: Gabbaz420 (small blind) folded before Flop
Seat 6: alexandr699 (big blind) folded before Flop



PokerStars Hand #254566501663:  Hold'em No Limit ($0.50/$1.00 USD) - 2025/01/26 18:53:30 WET [2025/01/26 13:53:30 ET]
Table 'Ceplecha IV' 6-max Seat #5 is the button
Seat 1: joaquin612 ($110.09 in chips) 
Seat 2: Mariodax ($116.48 in chips) 
Seat 3: Manifestorr ($130.72 in chips) 
Seat 4: aoish30 ($100 in chips) 
Seat 5: Gabbaz420 ($82.53 in chips) 
Seat 6: alexandr699 ($100 in chips) 
alexandr699: posts small blind $0.50
joaquin612: posts big blind $1
*** HOLE CARDS ***
Mariodax: folds 
Manifestorr: raises $1.20 to $2.20
aoish30: raises $5.28 to $7.48
Gabbaz420: folds 
alexandr699: folds 
joaquin612: folds 
Manifestorr: raises $16.52 to $24
aoish30: folds 
Uncalled bet ($16.52) returned to Manifestorr
Manifestorr collected $16.46 from pot
*** SUMMARY ***
Total pot $16.46 | Rake $0 
Seat 1: joaquin612 (big blind) folded before Flop
Seat 2: Mariodax folded before Flop (didn't bet)
Seat 3: Manifestorr collected ($16.46)
Seat 4: aoish30 folded before Flop
Seat 5: Gabbaz420 (button) folded before Flop (didn't bet)
Seat 6: alexandr699 (small blind) folded before Flop



PokerStars Hand #254566512165:  Hold'em No Limit ($0.50/$1.00 USD) - 2025/01/26 18:54:00 WET [2025/01/26 13:54:00 ET]
Table 'Ceplecha IV' 6-max Seat #6 is the button
Seat 1: joaquin612 ($109.09 in chips) 
Seat 2: Mariodax ($116.48 in chips) 
Seat 3: Manifestorr ($139.70 in chips) 
Seat 4: aoish30 ($100 in chips) 
Seat 5: Gabbaz420 ($82.53 in chips) 
Seat 6: alexandr699 ($100 in chips) 
joaquin612: posts small blind $0.50
Mariodax: posts big blind $1
*** HOLE CARDS ***
Manifestorr: folds 
aoish30: raises $1.10 to $2.10
Gabbaz420: folds 
alexandr699: folds 
joaquin612: folds 
Mariodax: calls $1.10
*** FLOP *** [5d Qs 6h]
Mariodax: checks 
aoish30: bets $1.47
Mariodax: calls $1.47
*** TURN *** [5d Qs 6h] [9s]
Mariodax: checks 
aoish30: checks 
*** RIVER *** [5d Qs 6h 9s] [Kd]
Mariodax: checks 
alexandr699 is disconnected 
aoish30: bets $5.45
Mariodax: folds 
Uncalled bet ($5.45) returned to aoish30
aoish30 collected $7.26 from pot
aoish30: doesn't show hand 
*** SUMMARY ***
Total pot $7.64 | Rake $0.38 
Board [5d Qs 6h 9s Kd]
Seat 1: joaquin612 (small blind) folded before Flop
Seat 2: Mariodax (big blind) folded on the River
Seat 3: Manifestorr folded before Flop (didn't bet)
Seat 4: aoish30 collected ($7.26)
Seat 5: Gabbaz420 folded before Flop (didn't bet)
Seat 6: alexandr699 (button) folded before Flop (didn't bet)



PokerStars Hand #254566538009:  Hold'em No Limit ($0.50/$1.00 USD) - 2025/01/26 18:55:15 WET [2025/01/26 13:55:15 ET]
Table 'Ceplecha IV' 6-max Seat #1 is the button
Seat 1: joaquin612 ($108.59 in chips) 
Seat 2: Mariodax ($112.91 in chips) 
Seat 3: Manifestorr ($139.70 in chips) 
Seat 4: aoish30 ($103.69 in chips) 
Seat 5: Gabbaz420 ($82.53 in chips) 
Seat 6: alexandr699 ($100 in chips) 
Mariodax: posts small blind $0.50
Manifestorr: posts big blind $1
*** HOLE CARDS ***
aoish30: folds 
Gabbaz420: folds 
alexandr699: folds 
joaquin612: folds 
Mariodax: raises $2 to $3
Manifestorr: folds 
Uncalled bet ($2) returned to Mariodax
Mariodax collected $2 from pot
*** SUMMARY ***
Total pot $2 | Rake $0 
Seat 1: joaquin612 (button) folded before Flop (didn't bet)
Seat 2: Mariodax (small blind) collected ($2)
Seat 3: Manifestorr (big blind) folded before Flop
Seat 4: aoish30 folded before Flop (didn't bet)
Seat 5: Gabbaz420 folded before Flop (didn't bet)
Seat 6: alexandr699 folded before Flop (didn't bet)



PokerStars Hand #254566541642:  Hold'em No Limit ($0.50/$1.00 USD) - 2025/01/26 18:55:32 WET [2025/01/26 13:55:32 ET]
Table 'Ceplecha IV' 6-max Seat #2 is the button
Seat 1: joaquin612 ($108.59 in chips) 
Seat 2: Mariodax ($113.91 in chips) 
Seat 3: Manifestorr ($138.70 in chips) 
Seat 4: aoish30 ($103.69 in chips) 
Seat 5: Gabbaz420 ($82.53 in chips) 
Seat 6: alexandr699 ($100 in chips) 
Manifestorr: posts small blind $0.50
aoish30: posts big blind $1
*** HOLE CARDS ***
Gabbaz420: calls $1
alexandr699: folds 
joaquin612: folds 
Mariodax: folds 
Manifestorr: folds 
aoish30: checks 
*** FLOP *** [Ad 4h Kc]
aoish30: checks 
Gabbaz420: checks 
*** TURN *** [Ad 4h Kc] [Kh]
aoish30: checks 
Gabbaz420: checks 
*** RIVER *** [Ad 4h Kc Kh] [Ah]
aoish30: checks 
Gabbaz420: checks 
*** SHOW DOWN ***
aoish30: shows [6d Qs] (two pair, Aces and Kings)
Gabbaz420: mucks hand 
aoish30 collected $2.38 from pot
*** SUMMARY ***
Total pot $2.50 | Rake $0.12 
Board [Ad 4h Kc Kh Ah]
Seat 1: joaquin612 folded before Flop (didn't bet)
Seat 2: Mariodax (button) folded before Flop (didn't bet)
Seat 3: Manifestorr (small blind) folded before Flop
Seat 4: aoish30 (big blind) showed [6d Qs] and won ($2.38) with two pair, Aces and Kings
Seat 5: Gabbaz420 mucked
Seat 6: alexandr699 folded before Flop (didn't bet)



PokerStars Hand #254566551288:  Hold'em No Limit ($0.50/$1.00 USD) - 2025/01/26 18:56:18 WET [2025/01/26 13:56:18 ET]
Table 'Ceplecha IV' 6-max Seat #3 is the button
Seat 1: joaquin612 ($108.59 in chips) 
Seat 2: Mariodax ($113.91 in chips) 
Seat 3: Manifestorr ($138.20 in chips) 
Seat 4: aoish30 ($105.07 in chips) 
Seat 5: Gabbaz420 ($81.53 in chips) 
Seat 6: alexandr699 ($100 in chips) 
aoish30: posts small blind $0.50
Gabbaz420: posts big blind $1
*** HOLE CARDS ***
alexandr699: folds 
joaquin612: folds 
Mariodax: folds 
Manifestorr: folds 
aoish30: raises $2 to $3
Gabbaz420: folds 
Uncalled bet ($2) returned to aoish30
aoish30 collected $2 from pot
aoish30: doesn't show hand 
*** SUMMARY ***
Total pot $2 | Rake $0 
Seat 1: joaquin612 folded before Flop (didn't bet)
Seat 2: Mariodax folded before Flop (didn't bet)
Seat 3: Manifestorr (button) folded before Flop (didn't bet)
Seat 4: aoish30 (small blind) collected ($2)
Seat 5: Gabbaz420 (big blind) folded before Flop
Seat 6: alexandr699 folded before Flop (didn't bet)



PokerStars Hand #254566555436:  Hold'em No Limit ($0.50/$1.00 USD) - 2025/01/26 18:56:37 WET [2025/01/26 13:56:37 ET]
Table 'Ceplecha IV' 6-max Seat #4 is the button
Seat 1: joaquin612 ($108.59 in chips) 
Seat 2: Mariodax ($113.91 in chips) 
Seat 3: Manifestorr ($138.20 in chips) 
Seat 4: aoish30 ($106.07 in chips) 
Seat 5: Gabbaz420 ($80.53 in chips) 
Seat 6: alexandr699 ($100 in chips) 
Gabbaz420: posts small blind $0.50
alexandr699: posts big blind $1
*** HOLE CARDS ***
joaquin612: raises $1.50 to $2.50
Mariodax: folds 
Manifestorr: folds 
aoish30: folds 
Gabbaz420: folds 
alexandr699: folds 
Uncalled bet ($1.50) returned to joaquin612
joaquin612 collected $2.50 from pot
joaquin612: doesn't show hand 
*** SUMMARY ***
Total pot $2.50 | Rake $0 
Seat 1: joaquin612 collected ($2.50)
Seat 2: Mariodax folded before Flop (didn't bet)
Seat 3: Manifestorr folded before Flop (didn't bet)
Seat 4: aoish30 (button) folded before Flop (didn't bet)
Seat 5: Gabbaz420 (small blind) folded before Flop
Seat 6: alexandr699 (big blind) folded before Flop



PokerStars Hand #254566557641:  Hold'em No Limit ($0.50/$1.00 USD) - 2025/01/26 18:56:48 WET [2025/01/26 13:56:48 ET]
Table 'Ceplecha IV' 6-max Seat #5 is the button
Seat 1: joaquin612 ($110.09 in chips) 
Seat 2: Mariodax ($113.91 in chips) 
Seat 3: Manifestorr ($138.20 in chips) 
Seat 4: aoish30 ($106.07 in chips) 
Seat 5: Gabbaz420 ($80.03 in chips) 
Seat 6: alexandr699 ($100 in chips) 
alexandr699: posts small blind $0.50
joaquin612: posts big blind $1
*** HOLE CARDS ***
Mariodax: folds 
Manifestorr: folds 
aoish30: folds 
Gabbaz420: folds 
alexandr699: raises $1.98 to $2.98
joaquin612: folds 
Uncalled bet ($1.98) returned to alexandr699
alexandr699 collected $2 from pot
alexandr699: doesn't show hand 
*** SUMMARY ***
Total pot $2 | Rake $0 
Seat 1: joaquin612 (big blind) folded before Flop
Seat 2: Mariodax folded before Flop (didn't bet)
Seat 3: Manifestorr folded before Flop (didn't bet)
Seat 4: aoish30 folded before Flop (didn't bet)
Seat 5: Gabbaz420 (button) folded before Flop (didn't bet)
Seat 6: alexandr699 (small blind) collected ($2)



PokerStars Hand #254566560579:  Hold'em No Limit ($0.50/$1.00 USD) - 2025/01/26 18:57:02 WET [2025/01/26 13:57:02 ET]
Table 'Ceplecha IV' 6-max Seat #6 is the button
Seat 1: joaquin612 ($109.09 in chips) 
Seat 2: Mariodax ($113.91 in chips) 
Seat 3: Manifestorr ($138.20 in chips) 
Seat 4: aoish30 ($106.07 in chips) 
Seat 5: Gabbaz420 ($80.03 in chips) 
Seat 6: alexandr699 ($101 in chips) 
joaquin612: posts small blind $0.50
Mariodax: posts big blind $1
*** HOLE CARDS ***
Manifestorr: folds 
aoish30: folds 
Gabbaz420: calls $1
alexandr699: raises $2.98 to $3.98
joaquin612: folds 
Mariodax: folds 
Manifestorr leaves the table
Gabbaz420: calls $2.98
*** FLOP *** [7c Ks Kh]
Gabbaz420: checks 
alexandr699: bets $2.25
Gabbaz420: calls $2.25
*** TURN *** [7c Ks Kh] [2c]
Gabbaz420: checks 
Cositorto joins the table at seat #3 
alexandr699: bets $8.62
Gabbaz420: calls $8.62
*** RIVER *** [7c Ks Kh 2c] [7d]
Gabbaz420: checks 
alexandr699: checks 
*** SHOW DOWN ***
Gabbaz420: shows [3c Ac] (two pair, Kings and Sevens)
alexandr699: mucks hand 
Gabbaz420 collected $29.64 from pot
*** SUMMARY ***
Total pot $31.20 | Rake $1.56 
Board [7c Ks Kh 2c 7d]
Seat 1: joaquin612 (small blind) folded before Flop
Seat 2: Mariodax (big blind) folded before Flop
Seat 3: Manifestorr folded before Flop (didn't bet)
Seat 4: aoish30 folded before Flop (didn't bet)
Seat 5: Gabbaz420 showed [3c Ac] and won ($29.64) with two pair, Kings and Sevens
Seat 6: alexandr699 (button) mucked



PokerStars Hand #254566572916:  Hold'em No Limit ($0.50/$1.00 USD) - 2025/01/26 18:58:00 WET [2025/01/26 13:58:00 ET]
Table 'Ceplecha IV' 6-max Seat #1 is the button
Seat 1: joaquin612 ($108.59 in chips) 
Seat 2: Mariodax ($112.91 in chips) 
Seat 3: Cositorto ($100 in chips) 
Seat 4: aoish30 ($106.07 in chips) 
Seat 5: Gabbaz420 ($94.82 in chips) 
Seat 6: alexandr699 ($100 in chips) 
Mariodax: posts small blind $0.50
Cositorto: posts big blind $1
*** HOLE CARDS ***
aoish30: folds 
Gabbaz420: calls $1
alexandr699: folds 
joaquin612: raises $3.50 to $4.50
Mariodax: folds 
Cositorto: folds 
Gabbaz420: calls $3.50
*** FLOP *** [As 4h Js]
Gabbaz420: checks 
joaquin612: checks 
*** TURN *** [As 4h Js] [4d]
Gabbaz420: checks 
joaquin612: bets $4.99
Gabbaz420: folds 
Uncalled bet ($4.99) returned to joaquin612
joaquin612 collected $9.98 from pot
joaquin612: doesn't show hand 
*** SUMMARY ***
Total pot $10.50 | Rake $0.52 
Board [As 4h Js 4d]
Seat 1: joaquin612 (button) collected ($9.98)
Seat 2: Mariodax (small blind) folded before Flop
Seat 3: Cositorto (big blind) folded before Flop
Seat 4: aoish30 folded before Flop (didn't bet)
Seat 5: Gabbaz420 folded on the Turn
Seat 6: alexandr699 folded before Flop (didn't bet)



PokerStars Hand #254566579379:  Hold'em No Limit ($0.50/$1.00 USD) - 2025/01/26 18:58:32 WET [2025/01/26 13:58:32 ET]
Table 'Ceplecha IV' 6-max Seat #2 is the button
Seat 1: joaquin612 ($114.07 in chips) 
Seat 2: Mariodax ($112.41 in chips) 
Seat 3: Cositorto ($100 in chips) 
Seat 4: aoish30 ($106.07 in chips) 
Seat 5: Gabbaz420 ($90.32 in chips) 
Seat 6: alexandr699 ($100 in chips) 
Cositorto: posts small blind $0.50
aoish30: posts big blind $1
*** HOLE CARDS ***
Gabbaz420: folds 
alexandr699: folds 
joaquin612: folds 
Mariodax: folds 
Cositorto: folds 
Uncalled bet ($0.50) returned to aoish30
aoish30 collected $1 from pot
aoish30: doesn't show hand 
*** SUMMARY ***
Total pot $1 | Rake $0 
Seat 1: joaquin612 folded before Flop (didn't bet)
Seat 2: Mariodax (button) folded before Flop (didn't bet)
Seat 3: Cositorto (small blind) folded before Flop
Seat 4: aoish30 (big blind) collected ($1)
Seat 5: Gabbaz420 folded before Flop (didn't bet)
Seat 6: alexandr699 folded before Flop (didn't bet)



PokerStars Hand #254566581990:  Hold'em No Limit ($0.50/$1.00 USD) - 2025/01/26 18:58:44 WET [2025/01/26 13:58:44 ET]
Table 'Ceplecha IV' 6-max Seat #3 is the button
Seat 1: joaquin612 ($114.07 in chips) 
Seat 2: Mariodax ($112.41 in chips) 
Seat 3: Cositorto ($100 in chips) 
Seat 4: aoish30 ($106.57 in chips) 
Seat 5: Gabbaz420 ($90.32 in chips) 
Seat 6: alexandr699 ($100 in chips) 
aoish30: posts small blind $0.50
Gabbaz420: posts big blind $1
*** HOLE CARDS ***
alexandr699: folds 
joaquin612: raises $1.50 to $2.50
Mariodax: calls $2.50
Cositorto: folds 
aoish30: folds 
Gabbaz420: calls $1.50
*** FLOP *** [2c 6c Kh]
Gabbaz420: checks 
joaquin612: checks 
Mariodax: checks 
*** TURN *** [2c 6c Kh] [9c]
Gabbaz420: checks 
joaquin612: checks 
Mariodax: bets $3.80
Gabbaz420: calls $3.80
joaquin612: folds 
*** RIVER *** [2c 6c Kh 9c] [5d]
Gabbaz420: checks 
Mariodax: checks 
*** SHOW DOWN ***
Gabbaz420: shows [Ks Jd] (a pair of Kings)
Mariodax: mucks hand 
Gabbaz420 collected $14.82 from pot
*** SUMMARY ***
Total pot $15.60 | Rake $0.78 
Board [2c 6c Kh 9c 5d]
Seat 1: joaquin612 folded on the Turn
Seat 2: Mariodax mucked
Seat 3: Cositorto (button) folded before Flop (didn't bet)
Seat 4: aoish30 (small blind) folded before Flop
Seat 5: Gabbaz420 (big blind) showed [Ks Jd] and won ($14.82) with a pair of Kings
Seat 6: alexandr699 folded before Flop (didn't bet)



PokerStars Hand #254566596575:  Hold'em No Limit ($0.50/$1.00 USD) - 2025/01/26 18:59:51 WET [2025/01/26 13:59:51 ET]
Table 'Ceplecha IV' 6-max Seat #4 is the button
Seat 1: joaquin612 ($111.57 in chips) 
Seat 2: Mariodax ($106.11 in chips) 
Seat 3: Cositorto ($100 in chips) 
Seat 4: aoish30 ($106.07 in chips) 
Seat 5: Gabbaz420 ($98.84 in chips) 
Seat 6: alexandr699 ($100 in chips) 
Gabbaz420: posts small blind $0.50
alexandr699: posts big blind $1
*** HOLE CARDS ***
joaquin612: folds 
Mariodax: folds 
Cositorto: folds 
aoish30: raises $1.50 to $2.50
Gabbaz420: folds 
alexandr699: folds 
Uncalled bet ($1.50) returned to aoish30
aoish30 collected $2.50 from pot
aoish30: doesn't show hand 
*** SUMMARY ***
Total pot $2.50 | Rake $0 
Seat 1: joaquin612 folded before Flop (didn't bet)
Seat 2: Mariodax folded before Flop (didn't bet)
Seat 3: Cositorto folded before Flop (didn't bet)
Seat 4: aoish30 (button) collected ($2.50)
Seat 5: Gabbaz420 (small blind) folded before Flop
Seat 6: alexandr699 (big blind) folded before Flop



PokerStars Hand #254566770134:  Hold'em No Limit ($0.50/$1.00 USD) - 2025/01/26 19:08:34 WET [2025/01/26 14:08:34 ET]
Table 'Ceplecha IV' 6-max Seat #6 is the button
Seat 4: reiyser ($100 in chips) is sitting out
Seat 5: Gabbaz420 ($0 in chips) is sitting out
Seat 1: joaquin612 ($220.06 in chips) 
Seat 2: Mariodax ($77.65 in chips) 
Seat 3: Cositorto ($105.08 in chips) 
Seat 6: alexandr699 ($208.34 in chips) 
joaquin612: posts small blind $0.50
Mariodax: posts big blind $1
reiyser: sits out 
*** HOLE CARDS ***
Cositorto: folds 
alexandr699: folds 
joaquin612: raises $2 to $3
Mariodax: calls $2
*** FLOP *** [2d 5c Ac]
joaquin612: bets $1.88
Mariodax: folds 
Uncalled bet ($1.88) returned to joaquin612
joaquin612 collected $5.70 from pot
joaquin612: doesn't show hand 
*** SUMMARY ***
Total pot $6 | Rake $0.30 
Board [2d 5c Ac]
Seat 4: reiyser
Seat 5: Gabbaz420
Seat 1: joaquin612 (small blind) collected ($5.70)
Seat 2: Mariodax (big blind) folded on the Flop
Seat 3: Cositorto folded before Flop (didn't bet)
Seat 6: alexandr699 (button) folded before Flop (didn't bet)



PokerStars Hand #254566778540:  Hold'em No Limit ($0.50/$1.00 USD) - 2025/01/26 19:08:57 WET [2025/01/26 14:08:57 ET]
Table 'Ceplecha IV' 6-max Seat #1 is the button
Seat 4: reiyser ($100 in chips) is sitting out
Seat 5: Gabbaz420 ($0 in chips) is sitting out
Seat 1: joaquin612 ($222.76 in chips) 
Seat 2: Mariodax ($74.65 in chips) 
Seat 3: Cositorto ($105.08 in chips) 
Seat 6: alexandr699 ($208.34 in chips) 
Mariodax: posts small blind $0.50
Cositorto: posts big blind $1
reiyser: sits out 
*** HOLE CARDS ***
alexandr699: folds 
joaquin612: folds 
Mariodax: raises $2 to $3
Cositorto: calls $2
*** FLOP *** [7c 2d 3c]
Mariodax: checks 
Cositorto: bets $1.54
reiyser leaves the table
Mariodax: calls $1.54
*** TURN *** [7c 2d 3c] [Qc]
Mariodax: checks 
Gabbaz420 leaves the table
Cositorto: bets $3
Mariodax: calls $3
*** RIVER *** [7c 2d 3c Qc] [As]
Mariodax: bets $4.73
Cositorto: calls $4.73
*** SHOW DOWN ***
Mariodax: shows [4s Qs] (a pair of Queens)
Cositorto: shows [8c Ah] (a pair of Aces)
Cositorto collected $23.54 from pot
*** SUMMARY ***
Total pot $24.54 | Rake $1 
Board [7c 2d 3c Qc As]
Seat 4: reiyser
Seat 5: Gabbaz420
Seat 1: joaquin612 (button) folded before Flop (didn't bet)
Seat 2: Mariodax (small blind) showed [4s Qs] and lost with a pair of Queens
Seat 3: Cositorto (big blind) showed [8c Ah] and won ($23.54) with a pair of Aces
Seat 6: alexandr699 folded before Flop (didn't bet)



PokerStars Hand #254566802274:  Hold'em No Limit ($0.50/$1.00 USD) - 2025/01/26 19:10:02 WET [2025/01/26 14:10:02 ET]
Table 'Ceplecha IV' 6-max Seat #3 is the button
Seat 1: joaquin612 ($222.76 in chips) is sitting out
Seat 6: alexandr699 ($208.34 in chips) is sitting out
Seat 2: Mariodax ($62.38 in chips) 
Seat 3: Cositorto ($116.35 in chips) 
Cositorto: posts small blind $0.50
alexandr699: is sitting out 
joaquin612: is sitting out 
Mariodax: posts big blind $1
*** HOLE CARDS ***
Cositorto: folds 
Uncalled bet ($0.50) returned to Mariodax
Mariodax collected $1 from pot
alexandr699 leaves the table
*** SUMMARY ***
Total pot $1 | Rake $0 
Seat 1: joaquin612
Seat 6: alexandr699
Seat 2: Mariodax (big blind) collected ($1)
Seat 3: Cositorto (button) (small blind) folded before Flop



PokerStars Hand #254566804669:  Hold'em No Limit ($0.50/$1.00 USD) - 2025/01/26 19:10:09 WET [2025/01/26 14:10:09 ET]
Table 'Ceplecha IV' 6-max Seat #2 is the button
Seat 1: joaquin612 ($222.76 in chips) is sitting out
Seat 2: Mariodax ($62.88 in chips) 
Seat 3: Cositorto ($115.85 in chips) 
Mariodax: posts small blind $0.50
Cositorto: posts big blind $1
*** HOLE CARDS ***
joaquin612 leaves the table
Mariodax: folds 
Uncalled bet ($0.50) returned to Cositorto
Cositorto collected $1 from pot
Cositorto: doesn't show hand 
*** SUMMARY ***
Total pot $1 | Rake $0 
Seat 1: joaquin612
Seat 2: Mariodax (button) (small blind) folded before Flop
Seat 3: Cositorto (big blind) collected ($1)



