PokerStars Hand #254615074040:  Hold'em No Limit ($0.50/$1.00 USD) - 2025/01/29 23:56:31 WET [2025/01/29 18:56:31 ET]
Table 'Conrada' 6-max Seat #1 is the button
Seat 1: Supermegopro ($100 in chips) 
Seat 4: CEPTT ($100 in chips) 
Supermegopro: posts small blind $0.50
CEPTT: posts big blind $1
*** HOLE CARDS ***
Supermegopro: raises $1.50 to $2.50
CEPTT: calls $1.50
*** FLOP *** [As 4h 8s]
CEPTT: checks 
Supermegopro: checks 
*** TURN *** [As 4h 8s] [4s]
CEPTT: checks 
Supermegopro: checks 
*** RIVER *** [As 4h 8s 4s] [7d]
CEPTT: checks 
Supermegopro: checks 
*** SHOW DOWN ***
CEPTT: shows [3d Qd] (a pair of Fours)
Supermegopro: mucks hand 
CEPTT collected $4.75 from pot
*** SUMMARY ***
Total pot $5 | Rake $0.25 
Board [As 4h 8s 4s 7d]
Seat 1: Supermegopro (button) (small blind) mucked
Seat 4: CEPTT (big blind) showed [3d Qd] and won ($4.75) with a pair of Fours



PokerStars Hand #254615079180:  Hold'em No Limit ($0.50/$1.00 USD) - 2025/01/29 23:57:00 WET [2025/01/29 18:57:00 ET]
Table 'Conrada' 6-max Seat #4 is the button
Seat 1: Supermegopro ($100 in chips) 
Seat 4: CEPTT ($102.25 in chips) 
CEPTT: posts small blind $0.50
Supermegopro: posts big blind $1
*** HOLE CARDS ***
CEPTT: raises $1.50 to $2.50
Supermegopro: folds 
Uncalled bet ($1.50) returned to CEPTT
CEPTT collected $2 from pot
CEPTT: doesn't show hand 
*** SUMMARY ***
Total pot $2 | Rake $0 
Seat 1: Supermegopro (big blind) folded before Flop
Seat 4: CEPTT (button) (small blind) collected ($2)



PokerStars Hand #254615096082:  Hold'em No Limit ($0.50/$1.00 USD) - 2025/01/29 23:58:36 WET [2025/01/29 18:58:36 ET]
Table 'Conrada' 6-max Seat #1 is the button
Seat 1: Supermegopro ($100 in chips) 
Seat 4: erpaye ($100 in chips) 
Supermegopro: posts small blind $0.50
erpaye: posts big blind $1
*** HOLE CARDS ***
Supermegopro: raises $1.50 to $2.50
erpaye: folds 
Uncalled bet ($1.50) returned to Supermegopro
Supermegopro collected $2 from pot
Supermegopro: doesn't show hand 
*** SUMMARY ***
Total pot $2 | Rake $0 
Seat 1: Supermegopro (button) (small blind) collected ($2)
Seat 4: erpaye (big blind) folded before Flop



PokerStars Hand #254615098820:  Hold'em No Limit ($0.50/$1.00 USD) - 2025/01/29 23:58:52 WET [2025/01/29 18:58:52 ET]
Table 'Conrada' 6-max Seat #4 is the button
Seat 1: Supermegopro ($101 in chips) 
Seat 4: erpaye ($100 in chips) 
erpaye: posts small blind $0.50
Supermegopro: posts big blind $1
*** HOLE CARDS ***
erpaye: folds 
Uncalled bet ($0.50) returned to Supermegopro
Supermegopro collected $1 from pot
Supermegopro: doesn't show hand 
*** SUMMARY ***
Total pot $1 | Rake $0 
Seat 1: Supermegopro (big blind) collected ($1)
Seat 4: erpaye (button) (small blind) folded before Flop



PokerStars Hand #254615250398:  Hold'em No Limit ($0.50/$1.00 USD) - 2025/01/29 0:10:58 WET [2025/01/29 19:10:58 ET]
Table 'Conrada' 6-max Seat #5 is the button
Seat 1: Supermegopro ($101.50 in chips) 
Seat 2: ghc_2 ($100 in chips) 
Seat 3: CaHek-Ty3 ($100 in chips) 
Seat 5: wiserdelux ($52.67 in chips) 
Seat 6: rao999 ($100 in chips) 
rao999: posts small blind $0.50
Supermegopro: posts big blind $1
*** HOLE CARDS ***
ghc_2: folds 
CaHek-Ty3: folds 
wiserdelux: folds 
rao999: folds 
Uncalled bet ($0.50) returned to Supermegopro
Supermegopro collected $1 from pot
Supermegopro: doesn't show hand 
*** SUMMARY ***
Total pot $1 | Rake $0 
Seat 1: Supermegopro (big blind) collected ($1)
Seat 2: ghc_2 folded before Flop (didn't bet)
Seat 3: CaHek-Ty3 folded before Flop (didn't bet)
Seat 5: wiserdelux (button) folded before Flop (didn't bet)
Seat 6: rao999 (small blind) folded before Flop



PokerStars Hand #254615252663:  Hold'em No Limit ($0.50/$1.00 USD) - 2025/01/29 0:11:09 WET [2025/01/29 19:11:09 ET]
Table 'Conrada' 6-max Seat #6 is the button
Seat 1: Supermegopro ($102 in chips) 
Seat 2: ghc_2 ($100 in chips) 
Seat 3: CaHek-Ty3 ($100 in chips) 
Seat 5: wiserdelux ($52.67 in chips) 
Seat 6: rao999 ($100 in chips) 
Supermegopro: posts small blind $0.50
ghc_2: posts big blind $1
*** HOLE CARDS ***
S3MPR3IGUAL joins the table at seat #4 
CaHek-Ty3: raises $1.50 to $2.50
wiserdelux: folds 
rao999: folds 
Supermegopro: raises $9.50 to $12
ghc_2: folds 
CaHek-Ty3: folds 
Uncalled bet ($9.50) returned to Supermegopro
Supermegopro collected $6 from pot
Supermegopro: doesn't show hand 
*** SUMMARY ***
Total pot $6 | Rake $0 
Seat 1: Supermegopro (small blind) collected ($6)
Seat 2: ghc_2 (big blind) folded before Flop
Seat 3: CaHek-Ty3 folded before Flop
Seat 5: wiserdelux folded before Flop (didn't bet)
Seat 6: rao999 (button) folded before Flop (didn't bet)



PokerStars Hand #254615257642:  Hold'em No Limit ($0.50/$1.00 USD) - 2025/01/29 0:11:33 WET [2025/01/29 19:11:33 ET]
Table 'Conrada' 6-max Seat #1 is the button
Seat 4: S3MPR3IGUAL ($100 in chips) is sitting out
Seat 1: Supermegopro ($105.50 in chips) 
Seat 2: ghc_2 ($100 in chips) 
Seat 3: CaHek-Ty3 ($100 in chips) 
Seat 5: wiserdelux ($52.67 in chips) 
Seat 6: rao999 ($100 in chips) 
ghc_2: posts small blind $0.50
CaHek-Ty3: posts big blind $1
S3MPR3IGUAL: sits out 
*** HOLE CARDS ***
wiserdelux: raises $1 to $2
rao999: raises $5.50 to $7.50
Supermegopro: folds 
ghc_2: folds 
CaHek-Ty3: folds 
wiserdelux: calls $5.50
*** FLOP *** [8h 4d Qh]
wiserdelux: checks 
rao999: checks 
*** TURN *** [8h 4d Qh] [8d]
wiserdelux: bets $4.84
rao999: calls $4.84
*** RIVER *** [8h 4d Qh 8d] [7d]
wiserdelux: bets $12.44
rao999: folds 
Uncalled bet ($12.44) returned to wiserdelux
wiserdelux collected $24.87 from pot
*** SUMMARY ***
Total pot $26.18 | Rake $1.31 
Board [8h 4d Qh 8d 7d]
Seat 4: S3MPR3IGUAL
Seat 1: Supermegopro (button) folded before Flop (didn't bet)
Seat 2: ghc_2 (small blind) folded before Flop
Seat 3: CaHek-Ty3 (big blind) folded before Flop
Seat 5: wiserdelux collected ($24.87)
Seat 6: rao999 folded on the River



PokerStars Hand #254615268950:  Hold'em No Limit ($0.50/$1.00 USD) - 2025/01/29 0:12:27 WET [2025/01/29 19:12:27 ET]
Table 'Conrada' 6-max Seat #2 is the button
Seat 1: Supermegopro ($105.50 in chips) 
Seat 2: ghc_2 ($100 in chips) 
Seat 3: CaHek-Ty3 ($100 in chips) 
Seat 4: S3MPR3IGUAL ($100 in chips) 
Seat 5: wiserdelux ($65.20 in chips) 
Seat 6: rao999 ($100 in chips) 
CaHek-Ty3: posts small blind $0.50
S3MPR3IGUAL: posts big blind $1
*** HOLE CARDS ***
wiserdelux: calls $1
rao999: folds 
Supermegopro: folds 
ghc_2: folds 
CaHek-Ty3: folds 
S3MPR3IGUAL: checks 
*** FLOP *** [3c 6c Kd]
S3MPR3IGUAL: checks 
wiserdelux: checks 
*** TURN *** [3c 6c Kd] [Jd]
S3MPR3IGUAL: checks 
wiserdelux: bets $1
S3MPR3IGUAL: folds 
Uncalled bet ($1) returned to wiserdelux
wiserdelux collected $2.38 from pot
*** SUMMARY ***
Total pot $2.50 | Rake $0.12 
Board [3c 6c Kd Jd]
Seat 1: Supermegopro folded before Flop (didn't bet)
Seat 2: ghc_2 (button) folded before Flop (didn't bet)
Seat 3: CaHek-Ty3 (small blind) folded before Flop
Seat 4: S3MPR3IGUAL (big blind) folded on the Turn
Seat 5: wiserdelux collected ($2.38)
Seat 6: rao999 folded before Flop (didn't bet)



PokerStars Hand #254615272572:  Hold'em No Limit ($0.50/$1.00 USD) - 2025/01/29 0:12:44 WET [2025/01/29 19:12:44 ET]
Table 'Conrada' 6-max Seat #3 is the button
Seat 1: Supermegopro ($105.50 in chips) 
Seat 2: ghc_2 ($100 in chips) 
Seat 3: CaHek-Ty3 ($100 in chips) 
Seat 4: S3MPR3IGUAL ($100 in chips) 
Seat 5: wiserdelux ($66.58 in chips) 
Seat 6: rao999 ($100 in chips) 
S3MPR3IGUAL: posts small blind $0.50
wiserdelux: posts big blind $1
*** HOLE CARDS ***
rao999: folds 
Supermegopro: folds 
ghc_2: folds 
CaHek-Ty3: raises $1.50 to $2.50
S3MPR3IGUAL: folds 
wiserdelux: calls $1.50
*** FLOP *** [8c 6d Ts]
wiserdelux: checks 
CaHek-Ty3: bets $1.72
wiserdelux: folds 
Uncalled bet ($1.72) returned to CaHek-Ty3
CaHek-Ty3 collected $5.22 from pot
*** SUMMARY ***
Total pot $5.50 | Rake $0.28 
Board [8c 6d Ts]
Seat 1: Supermegopro folded before Flop (didn't bet)
Seat 2: ghc_2 folded before Flop (didn't bet)
Seat 3: CaHek-Ty3 (button) collected ($5.22)
Seat 4: S3MPR3IGUAL (small blind) folded before Flop
Seat 5: wiserdelux (big blind) folded on the Flop
Seat 6: rao999 folded before Flop (didn't bet)



PokerStars Hand #254615278129:  Hold'em No Limit ($0.50/$1.00 USD) - 2025/01/29 0:13:10 WET [2025/01/29 19:13:10 ET]
Table 'Conrada' 6-max Seat #4 is the button
Seat 1: Supermegopro ($105.50 in chips) 
Seat 2: ghc_2 ($100 in chips) 
Seat 3: CaHek-Ty3 ($102.72 in chips) 
Seat 4: S3MPR3IGUAL ($100 in chips) 
Seat 5: wiserdelux ($64.08 in chips) 
Seat 6: rao999 ($100 in chips) 
wiserdelux: posts small blind $0.50
rao999: posts big blind $1
*** HOLE CARDS ***
Supermegopro: folds 
ghc_2: raises $1 to $2
CaHek-Ty3: folds 
S3MPR3IGUAL: folds 
wiserdelux: calls $1.50
rao999: folds 
*** FLOP *** [Qh 5d Ac]
wiserdelux: checks 
ghc_2: bets $1.19
wiserdelux: folds 
Uncalled bet ($1.19) returned to ghc_2
ghc_2 collected $4.75 from pot
ghc_2: doesn't show hand 
*** SUMMARY ***
Total pot $5 | Rake $0.25 
Board [Qh 5d Ac]
Seat 1: Supermegopro folded before Flop (didn't bet)
Seat 2: ghc_2 collected ($4.75)
Seat 3: CaHek-Ty3 folded before Flop (didn't bet)
Seat 4: S3MPR3IGUAL (button) folded before Flop (didn't bet)
Seat 5: wiserdelux (small blind) folded on the Flop
Seat 6: rao999 (big blind) folded before Flop



PokerStars Hand #254615284569:  Hold'em No Limit ($0.50/$1.00 USD) - 2025/01/29 0:13:41 WET [2025/01/29 19:13:41 ET]
Table 'Conrada' 6-max Seat #5 is the button
Seat 1: Supermegopro ($105.50 in chips) 
Seat 2: ghc_2 ($102.75 in chips) 
Seat 3: CaHek-Ty3 ($102.72 in chips) 
Seat 4: S3MPR3IGUAL ($100 in chips) 
Seat 5: wiserdelux ($62.08 in chips) 
Seat 6: rao999 ($100 in chips) 
rao999: posts small blind $0.50
Supermegopro: posts big blind $1
*** HOLE CARDS ***
ghc_2: folds 
CaHek-Ty3: folds 
S3MPR3IGUAL has timed out
S3MPR3IGUAL: folds 
wiserdelux: folds 
rao999: folds 
Uncalled bet ($0.50) returned to Supermegopro
Supermegopro collected $1 from pot
Supermegopro: doesn't show hand 
*** SUMMARY ***
Total pot $1 | Rake $0 
Seat 1: Supermegopro (big blind) collected ($1)
Seat 2: ghc_2 folded before Flop (didn't bet)
Seat 3: CaHek-Ty3 folded before Flop (didn't bet)
Seat 4: S3MPR3IGUAL folded before Flop (didn't bet)
Seat 5: wiserdelux (button) folded before Flop (didn't bet)
Seat 6: rao999 (small blind) folded before Flop



PokerStars Hand #254615289131:  Hold'em No Limit ($0.50/$1.00 USD) - 2025/01/29 0:14:03 WET [2025/01/29 19:14:03 ET]
Table 'Conrada' 6-max Seat #6 is the button
Seat 1: Supermegopro ($106 in chips) 
Seat 2: ghc_2 ($102.75 in chips) 
Seat 3: CaHek-Ty3 ($102.72 in chips) 
Seat 4: S3MPR3IGUAL ($100 in chips) 
Seat 5: wiserdelux ($62.08 in chips) 
Seat 6: rao999 ($100 in chips) 
Supermegopro: posts small blind $0.50
ghc_2: posts big blind $1
*** HOLE CARDS ***
CaHek-Ty3: folds 
S3MPR3IGUAL: raises $1.20 to $2.20
wiserdelux: calls $2.20
rao999: folds 
Supermegopro: folds 
ghc_2: folds 
*** FLOP *** [Js Qs 7d]
S3MPR3IGUAL: checks 
wiserdelux: checks 
*** TURN *** [Js Qs 7d] [Kd]
S3MPR3IGUAL: checks 
wiserdelux: bets $2.80
S3MPR3IGUAL: folds 
Uncalled bet ($2.80) returned to wiserdelux
wiserdelux collected $5.60 from pot
*** SUMMARY ***
Total pot $5.90 | Rake $0.30 
Board [Js Qs 7d Kd]
Seat 1: Supermegopro (small blind) folded before Flop
Seat 2: ghc_2 (big blind) folded before Flop
Seat 3: CaHek-Ty3 folded before Flop (didn't bet)
Seat 4: S3MPR3IGUAL folded on the Turn
Seat 5: wiserdelux collected ($5.60)
Seat 6: rao999 (button) folded before Flop (didn't bet)



PokerStars Hand #254615295455:  Hold'em No Limit ($0.50/$1.00 USD) - 2025/01/29 0:14:33 WET [2025/01/29 19:14:33 ET]
Table 'Conrada' 6-max Seat #1 is the button
Seat 1: Supermegopro ($105.50 in chips) 
Seat 2: ghc_2 ($101.75 in chips) 
Seat 3: CaHek-Ty3 ($102.72 in chips) 
Seat 4: S3MPR3IGUAL ($100 in chips) 
Seat 5: wiserdelux ($65.48 in chips) 
Seat 6: rao999 ($100 in chips) 
ghc_2: posts small blind $0.50
CaHek-Ty3: posts big blind $1
*** HOLE CARDS ***
S3MPR3IGUAL: folds 
wiserdelux: folds 
rao999: raises $1.50 to $2.50
Supermegopro: folds 
ghc_2: folds 
CaHek-Ty3: folds 
Uncalled bet ($1.50) returned to rao999
rao999 collected $2.50 from pot
rao999: doesn't show hand 
*** SUMMARY ***
Total pot $2.50 | Rake $0 
Seat 1: Supermegopro (button) folded before Flop (didn't bet)
Seat 2: ghc_2 (small blind) folded before Flop
Seat 3: CaHek-Ty3 (big blind) folded before Flop
Seat 4: S3MPR3IGUAL folded before Flop (didn't bet)
Seat 5: wiserdelux folded before Flop (didn't bet)
Seat 6: rao999 collected ($2.50)



PokerStars Hand #254615298858:  Hold'em No Limit ($0.50/$1.00 USD) - 2025/01/29 0:14:50 WET [2025/01/29 19:14:50 ET]
Table 'Conrada' 6-max Seat #2 is the button
Seat 1: Supermegopro ($105.50 in chips) 
Seat 2: ghc_2 ($101.25 in chips) 
Seat 3: CaHek-Ty3 ($101.72 in chips) 
Seat 4: S3MPR3IGUAL ($100 in chips) 
Seat 5: wiserdelux ($65.48 in chips) 
Seat 6: rao999 ($101.50 in chips) 
CaHek-Ty3: posts small blind $0.50
S3MPR3IGUAL: posts big blind $1
*** HOLE CARDS ***
wiserdelux: raises $2 to $3
rao999: folds 
Supermegopro: folds 
ghc_2: raises $7 to $10
CaHek-Ty3: folds 
S3MPR3IGUAL: folds 
wiserdelux: folds 
Uncalled bet ($7) returned to ghc_2
ghc_2 collected $7.50 from pot
ghc_2: doesn't show hand 
*** SUMMARY ***
Total pot $7.50 | Rake $0 
Seat 1: Supermegopro folded before Flop (didn't bet)
Seat 2: ghc_2 (button) collected ($7.50)
Seat 3: CaHek-Ty3 (small blind) folded before Flop
Seat 4: S3MPR3IGUAL (big blind) folded before Flop
Seat 5: wiserdelux folded before Flop
Seat 6: rao999 folded before Flop (didn't bet)



PokerStars Hand #254615303008:  Hold'em No Limit ($0.50/$1.00 USD) - 2025/01/29 0:15:10 WET [2025/01/29 19:15:10 ET]
Table 'Conrada' 6-max Seat #3 is the button
Seat 1: Supermegopro ($105.50 in chips) 
Seat 2: ghc_2 ($105.75 in chips) 
Seat 3: CaHek-Ty3 ($101.22 in chips) 
Seat 4: S3MPR3IGUAL ($100 in chips) 
Seat 5: wiserdelux ($62.48 in chips) 
Seat 6: rao999 ($101.50 in chips) 
S3MPR3IGUAL: posts small blind $0.50
wiserdelux: posts big blind $1
*** HOLE CARDS ***
rao999: raises $1.50 to $2.50
Supermegopro: folds 
ghc_2: folds 
CaHek-Ty3: raises $5.50 to $8
S3MPR3IGUAL: folds 
wiserdelux: folds 
rao999: folds 
Uncalled bet ($5.50) returned to CaHek-Ty3
CaHek-Ty3 collected $6.50 from pot
*** SUMMARY ***
Total pot $6.50 | Rake $0 
Seat 1: Supermegopro folded before Flop (didn't bet)
Seat 2: ghc_2 folded before Flop (didn't bet)
Seat 3: CaHek-Ty3 (button) collected ($6.50)
Seat 4: S3MPR3IGUAL (small blind) folded before Flop
Seat 5: wiserdelux (big blind) folded before Flop
Seat 6: rao999 folded before Flop



PokerStars Hand #254615308580:  Hold'em No Limit ($0.50/$1.00 USD) - 2025/01/29 0:15:36 WET [2025/01/29 19:15:36 ET]
Table 'Conrada' 6-max Seat #4 is the button
Seat 1: Supermegopro ($105.50 in chips) 
Seat 2: ghc_2 ($105.75 in chips) 
Seat 3: CaHek-Ty3 ($105.22 in chips) 
Seat 4: S3MPR3IGUAL ($100 in chips) 
Seat 5: wiserdelux ($61.48 in chips) 
Seat 6: rao999 ($100 in chips) 
wiserdelux: posts small blind $0.50
rao999: posts big blind $1
*** HOLE CARDS ***
Supermegopro: folds 
ghc_2: raises $1 to $2
CaHek-Ty3: raises $5.50 to $7.50
S3MPR3IGUAL: folds 
wiserdelux: folds 
rao999: folds 
ghc_2: folds 
Uncalled bet ($5.50) returned to CaHek-Ty3
CaHek-Ty3 collected $5.50 from pot
*** SUMMARY ***
Total pot $5.50 | Rake $0 
Seat 1: Supermegopro folded before Flop (didn't bet)
Seat 2: ghc_2 folded before Flop
Seat 3: CaHek-Ty3 collected ($5.50)
Seat 4: S3MPR3IGUAL (button) folded before Flop (didn't bet)
Seat 5: wiserdelux (small blind) folded before Flop
Seat 6: rao999 (big blind) folded before Flop



PokerStars Hand #254615314568:  Hold'em No Limit ($0.50/$1.00 USD) - 2025/01/29 0:16:05 WET [2025/01/29 19:16:05 ET]
Table 'Conrada' 6-max Seat #5 is the button
Seat 1: Supermegopro ($105.50 in chips) 
Seat 2: ghc_2 ($103.75 in chips) 
Seat 3: CaHek-Ty3 ($108.72 in chips) 
Seat 4: S3MPR3IGUAL ($100 in chips) 
Seat 5: wiserdelux ($60.98 in chips) 
Seat 6: rao999 ($100 in chips) 
rao999: posts small blind $0.50
Supermegopro: posts big blind $1
*** HOLE CARDS ***
ghc_2: raises $1 to $2
CaHek-Ty3: folds 
S3MPR3IGUAL: folds 
wiserdelux: raises $5.50 to $7.50
rao999: folds 
Supermegopro: folds 
ghc_2: folds 
Uncalled bet ($5.50) returned to wiserdelux
wiserdelux collected $5.50 from pot
*** SUMMARY ***
Total pot $5.50 | Rake $0 
Seat 1: Supermegopro (big blind) folded before Flop
Seat 2: ghc_2 folded before Flop
Seat 3: CaHek-Ty3 folded before Flop (didn't bet)
Seat 4: S3MPR3IGUAL folded before Flop (didn't bet)
Seat 5: wiserdelux (button) collected ($5.50)
Seat 6: rao999 (small blind) folded before Flop



PokerStars Hand #254615319483:  Hold'em No Limit ($0.50/$1.00 USD) - 2025/01/29 0:16:29 WET [2025/01/29 19:16:29 ET]
Table 'Conrada' 6-max Seat #6 is the button
Seat 1: Supermegopro ($104.50 in chips) 
Seat 2: ghc_2 ($101.75 in chips) 
Seat 3: CaHek-Ty3 ($108.72 in chips) 
Seat 4: S3MPR3IGUAL ($100 in chips) 
Seat 5: wiserdelux ($64.48 in chips) 
Seat 6: rao999 ($100 in chips) 
Supermegopro: posts small blind $0.50
ghc_2: posts big blind $1
*** HOLE CARDS ***
CaHek-Ty3: folds 
S3MPR3IGUAL: folds 
wiserdelux: folds 
rao999: folds 
Supermegopro: folds 
Uncalled bet ($0.50) returned to ghc_2
ghc_2 collected $1 from pot
ghc_2: doesn't show hand 
*** SUMMARY ***
Total pot $1 | Rake $0 
Seat 1: Supermegopro (small blind) folded before Flop
Seat 2: ghc_2 (big blind) collected ($1)
Seat 3: CaHek-Ty3 folded before Flop (didn't bet)
Seat 4: S3MPR3IGUAL folded before Flop (didn't bet)
Seat 5: wiserdelux folded before Flop (didn't bet)
Seat 6: rao999 (button) folded before Flop (didn't bet)



PokerStars Hand #254615322897:  Hold'em No Limit ($0.50/$1.00 USD) - 2025/01/29 0:16:46 WET [2025/01/29 19:16:46 ET]
Table 'Conrada' 6-max Seat #1 is the button
Seat 1: Supermegopro ($104 in chips) 
Seat 2: ghc_2 ($102.25 in chips) 
Seat 3: CaHek-Ty3 ($108.72 in chips) 
Seat 4: S3MPR3IGUAL ($100 in chips) 
Seat 5: wiserdelux ($64.48 in chips) 
Seat 6: rao999 ($100 in chips) 
ghc_2: posts small blind $0.50
CaHek-Ty3: posts big blind $1
*** HOLE CARDS ***
S3MPR3IGUAL: folds 
wiserdelux: folds 
rao999: folds 
Supermegopro: folds 
ghc_2: folds 
Uncalled bet ($0.50) returned to CaHek-Ty3
CaHek-Ty3 collected $1 from pot
*** SUMMARY ***
Total pot $1 | Rake $0 
Seat 1: Supermegopro (button) folded before Flop (didn't bet)
Seat 2: ghc_2 (small blind) folded before Flop
Seat 3: CaHek-Ty3 (big blind) collected ($1)
Seat 4: S3MPR3IGUAL folded before Flop (didn't bet)
Seat 5: wiserdelux folded before Flop (didn't bet)
Seat 6: rao999 folded before Flop (didn't bet)



PokerStars Hand #254615326332:  Hold'em No Limit ($0.50/$1.00 USD) - 2025/01/29 0:17:02 WET [2025/01/29 19:17:02 ET]
Table 'Conrada' 6-max Seat #2 is the button
Seat 1: Supermegopro ($104 in chips) 
Seat 2: ghc_2 ($101.75 in chips) 
Seat 3: CaHek-Ty3 ($109.22 in chips) 
Seat 4: S3MPR3IGUAL ($100 in chips) 
Seat 5: wiserdelux ($64.48 in chips) 
Seat 6: rao999 ($100 in chips) 
CaHek-Ty3: posts small blind $0.50
S3MPR3IGUAL: posts big blind $1
*** HOLE CARDS ***
wiserdelux: raises $1 to $2
rao999: folds 
Supermegopro: raises $5 to $7
ghc_2: folds 
CaHek-Ty3: folds 
S3MPR3IGUAL: folds 
wiserdelux: folds 
Uncalled bet ($5) returned to Supermegopro
Supermegopro collected $5.50 from pot
Supermegopro: doesn't show hand 
*** SUMMARY ***
Total pot $5.50 | Rake $0 
Seat 1: Supermegopro collected ($5.50)
Seat 2: ghc_2 (button) folded before Flop (didn't bet)
Seat 3: CaHek-Ty3 (small blind) folded before Flop
Seat 4: S3MPR3IGUAL (big blind) folded before Flop
Seat 5: wiserdelux folded before Flop
Seat 6: rao999 folded before Flop (didn't bet)



PokerStars Hand #254615330170:  Hold'em No Limit ($0.50/$1.00 USD) - 2025/01/29 0:17:21 WET [2025/01/29 19:17:21 ET]
Table 'Conrada' 6-max Seat #3 is the button
Seat 1: Supermegopro ($107.50 in chips) 
Seat 2: ghc_2 ($101.75 in chips) 
Seat 3: CaHek-Ty3 ($108.72 in chips) 
Seat 4: S3MPR3IGUAL ($100 in chips) 
Seat 5: wiserdelux ($62.48 in chips) 
Seat 6: rao999 ($100 in chips) 
S3MPR3IGUAL: posts small blind $0.50
wiserdelux: posts big blind $1
*** HOLE CARDS ***
rao999: folds 
Supermegopro: raises $1.50 to $2.50
ghc_2: folds 
CaHek-Ty3: folds 
S3MPR3IGUAL: folds 
wiserdelux: calls $1.50
*** FLOP *** [Tc 5c 8s]
wiserdelux: checks 
Supermegopro: checks 
*** TURN *** [Tc 5c 8s] [As]
wiserdelux: bets $2
Supermegopro: folds 
Uncalled bet ($2) returned to wiserdelux
wiserdelux collected $5.22 from pot
*** SUMMARY ***
Total pot $5.50 | Rake $0.28 
Board [Tc 5c 8s As]
Seat 1: Supermegopro folded on the Turn
Seat 2: ghc_2 folded before Flop (didn't bet)
Seat 3: CaHek-Ty3 (button) folded before Flop (didn't bet)
Seat 4: S3MPR3IGUAL (small blind) folded before Flop
Seat 5: wiserdelux (big blind) collected ($5.22)
Seat 6: rao999 folded before Flop (didn't bet)



PokerStars Hand #254615337698:  Hold'em No Limit ($0.50/$1.00 USD) - 2025/01/29 0:17:57 WET [2025/01/29 19:17:57 ET]
Table 'Conrada' 6-max Seat #4 is the button
Seat 1: Supermegopro ($105 in chips) 
Seat 2: ghc_2 ($101.75 in chips) 
Seat 3: CaHek-Ty3 ($108.72 in chips) 
Seat 4: S3MPR3IGUAL ($100 in chips) 
Seat 5: wiserdelux ($65.20 in chips) 
Seat 6: rao999 ($100 in chips) 
wiserdelux: posts small blind $0.50
rao999: posts big blind $1
*** HOLE CARDS ***
Supermegopro: raises $1.50 to $2.50
ghc_2: folds 
CaHek-Ty3: folds 
S3MPR3IGUAL: folds 
wiserdelux: folds 
rao999: folds 
Uncalled bet ($1.50) returned to Supermegopro
Supermegopro collected $2.50 from pot
Supermegopro: doesn't show hand 
*** SUMMARY ***
Total pot $2.50 | Rake $0 
Seat 1: Supermegopro collected ($2.50)
Seat 2: ghc_2 folded before Flop (didn't bet)
Seat 3: CaHek-Ty3 folded before Flop (didn't bet)
Seat 4: S3MPR3IGUAL (button) folded before Flop (didn't bet)
Seat 5: wiserdelux (small blind) folded before Flop
Seat 6: rao999 (big blind) folded before Flop



PokerStars Hand #254615341416:  Hold'em No Limit ($0.50/$1.00 USD) - 2025/01/29 0:18:15 WET [2025/01/29 19:18:15 ET]
Table 'Conrada' 6-max Seat #5 is the button
Seat 1: Supermegopro ($106.50 in chips) 
Seat 2: ghc_2 ($101.75 in chips) 
Seat 3: CaHek-Ty3 ($108.72 in chips) 
Seat 4: S3MPR3IGUAL ($100 in chips) 
Seat 5: wiserdelux ($64.70 in chips) 
Seat 6: rao999 ($100 in chips) 
rao999: posts small blind $0.50
Supermegopro: posts big blind $1
*** HOLE CARDS ***
ghc_2: raises $1 to $2
CaHek-Ty3: folds 
S3MPR3IGUAL: raises $4 to $6
wiserdelux: folds 
rao999: folds 
Supermegopro: folds 
ghc_2: calls $4
*** FLOP *** [4h Js 9c]
ghc_2: checks 
S3MPR3IGUAL: bets $6.40
ghc_2: calls $6.40
*** TURN *** [4h Js 9c] [As]
ghc_2: checks 
S3MPR3IGUAL: checks 
*** RIVER *** [4h Js 9c As] [Kh]
ghc_2: checks 
S3MPR3IGUAL: bets $18.75
ghc_2: raises $70.60 to $89.35 and is all-in
S3MPR3IGUAL: folds 
Uncalled bet ($70.60) returned to ghc_2
ghc_2 collected $61.30 from pot
ghc_2: doesn't show hand 
*** SUMMARY ***
Total pot $63.80 | Rake $2.50 
Board [4h Js 9c As Kh]
Seat 1: Supermegopro (big blind) folded before Flop
Seat 2: ghc_2 collected ($61.30)
Seat 3: CaHek-Ty3 folded before Flop (didn't bet)
Seat 4: S3MPR3IGUAL folded on the River
Seat 5: wiserdelux (button) folded before Flop (didn't bet)
Seat 6: rao999 (small blind) folded before Flop



PokerStars Hand #254615358249:  Hold'em No Limit ($0.50/$1.00 USD) - 2025/01/29 0:19:37 WET [2025/01/29 19:19:37 ET]
Table 'Conrada' 6-max Seat #6 is the button
Seat 1: Supermegopro ($105.50 in chips) 
Seat 2: ghc_2 ($131.90 in chips) 
Seat 3: CaHek-Ty3 ($108.72 in chips) 
Seat 4: S3MPR3IGUAL ($100 in chips) 
Seat 5: wiserdelux ($64.70 in chips) 
Seat 6: rao999 ($100 in chips) 
Supermegopro: posts small blind $0.50
ghc_2: posts big blind $1
*** HOLE CARDS ***
CaHek-Ty3: folds 
S3MPR3IGUAL: folds 
wiserdelux: raises $2 to $3
rao999: folds 
Supermegopro: calls $2.50
ghc_2: calls $2
*** FLOP *** [Ks 2d 9s]
Supermegopro: checks 
ghc_2: checks 
wiserdelux: checks 
*** TURN *** [Ks 2d 9s] [8c]
Supermegopro: checks 
ghc_2: checks 
wiserdelux: checks 
*** RIVER *** [Ks 2d 9s 8c] [2s]
Supermegopro: checks 
ghc_2: checks 
wiserdelux: checks 
*** SHOW DOWN ***
Supermegopro: shows [Td Jh] (a pair of Deuces)
ghc_2: shows [6d 8d] (two pair, Eights and Deuces)
wiserdelux: mucks hand 
ghc_2 collected $8.55 from pot
*** SUMMARY ***
Total pot $9 | Rake $0.45 
Board [Ks 2d 9s 8c 2s]
Seat 1: Supermegopro (small blind) showed [Td Jh] and lost with a pair of Deuces
Seat 2: ghc_2 (big blind) showed [6d 8d] and won ($8.55) with two pair, Eights and Deuces
Seat 3: CaHek-Ty3 folded before Flop (didn't bet)
Seat 4: S3MPR3IGUAL folded before Flop (didn't bet)
Seat 5: wiserdelux mucked
Seat 6: rao999 (button) folded before Flop (didn't bet)



PokerStars Hand #254615365621:  Hold'em No Limit ($0.50/$1.00 USD) - 2025/01/29 0:20:13 WET [2025/01/29 19:20:13 ET]
Table 'Conrada' 6-max Seat #1 is the button
Seat 1: Supermegopro ($102.50 in chips) 
Seat 2: ghc_2 ($137.45 in chips) 
Seat 3: CaHek-Ty3 ($108.72 in chips) 
Seat 4: S3MPR3IGUAL ($100 in chips) 
Seat 5: wiserdelux ($61.70 in chips) 
Seat 6: rao999 ($100 in chips) 
ghc_2: posts small blind $0.50
CaHek-Ty3: posts big blind $1
*** HOLE CARDS ***
S3MPR3IGUAL: folds 
wiserdelux: folds 
rao999: folds 
Supermegopro: raises $1.50 to $2.50
ghc_2: raises $9 to $11.50
CaHek-Ty3: folds 
Supermegopro: folds 
Uncalled bet ($9) returned to ghc_2
ghc_2 collected $6 from pot
ghc_2: doesn't show hand 
*** SUMMARY ***
Total pot $6 | Rake $0 
Seat 1: Supermegopro (button) folded before Flop
Seat 2: ghc_2 (small blind) collected ($6)
Seat 3: CaHek-Ty3 (big blind) folded before Flop
Seat 4: S3MPR3IGUAL folded before Flop (didn't bet)
Seat 5: wiserdelux folded before Flop (didn't bet)
Seat 6: rao999 folded before Flop (didn't bet)



PokerStars Hand #254615369295:  Hold'em No Limit ($0.50/$1.00 USD) - 2025/01/29 0:20:31 WET [2025/01/29 19:20:31 ET]
Table 'Conrada' 6-max Seat #2 is the button
Seat 1: Supermegopro ($100 in chips) 
Seat 2: ghc_2 ($140.95 in chips) 
Seat 3: CaHek-Ty3 ($107.72 in chips) 
Seat 4: S3MPR3IGUAL ($100 in chips) 
Seat 5: wiserdelux ($61.70 in chips) 
Seat 6: rao999 ($100 in chips) 
CaHek-Ty3: posts small blind $0.50
S3MPR3IGUAL: posts big blind $1
*** HOLE CARDS ***
wiserdelux: raises $2 to $3
rao999: folds 
Supermegopro: folds 
ghc_2: folds 
CaHek-Ty3: folds 
S3MPR3IGUAL: folds 
Uncalled bet ($2) returned to wiserdelux
wiserdelux collected $2.50 from pot
*** SUMMARY ***
Total pot $2.50 | Rake $0 
Seat 1: Supermegopro folded before Flop (didn't bet)
Seat 2: ghc_2 (button) folded before Flop (didn't bet)
Seat 3: CaHek-Ty3 (small blind) folded before Flop
Seat 4: S3MPR3IGUAL (big blind) folded before Flop
Seat 5: wiserdelux collected ($2.50)
Seat 6: rao999 folded before Flop (didn't bet)



PokerStars Hand #254615372872:  Hold'em No Limit ($0.50/$1.00 USD) - 2025/01/29 0:20:49 WET [2025/01/29 19:20:49 ET]
Table 'Conrada' 6-max Seat #3 is the button
Seat 1: Supermegopro ($100 in chips) 
Seat 2: ghc_2 ($140.95 in chips) 
Seat 3: CaHek-Ty3 ($107.22 in chips) 
Seat 4: S3MPR3IGUAL ($100 in chips) 
Seat 5: wiserdelux ($63.20 in chips) 
Seat 6: rao999 ($100 in chips) 
S3MPR3IGUAL: posts small blind $0.50
wiserdelux: posts big blind $1
*** HOLE CARDS ***
rao999: folds 
Supermegopro: folds 
ghc_2: folds 
CaHek-Ty3: folds 
S3MPR3IGUAL: raises $2 to $3
wiserdelux: calls $2
*** FLOP *** [3h 2d 9h]
S3MPR3IGUAL: bets $1.60
wiserdelux: calls $1.60
*** TURN *** [3h 2d 9h] [Ac]
S3MPR3IGUAL: bets $13.11
wiserdelux: folds 
Uncalled bet ($13.11) returned to S3MPR3IGUAL
S3MPR3IGUAL collected $8.74 from pot
S3MPR3IGUAL: doesn't show hand 
*** SUMMARY ***
Total pot $9.20 | Rake $0.46 
Board [3h 2d 9h Ac]
Seat 1: Supermegopro folded before Flop (didn't bet)
Seat 2: ghc_2 folded before Flop (didn't bet)
Seat 3: CaHek-Ty3 (button) folded before Flop (didn't bet)
Seat 4: S3MPR3IGUAL (small blind) collected ($8.74)
Seat 5: wiserdelux (big blind) folded on the Turn
Seat 6: rao999 folded before Flop (didn't bet)



PokerStars Hand #254615378690:  Hold'em No Limit ($0.50/$1.00 USD) - 2025/01/29 0:21:18 WET [2025/01/29 19:21:18 ET]
Table 'Conrada' 6-max Seat #4 is the button
Seat 1: Supermegopro ($100 in chips) 
Seat 2: ghc_2 ($140.95 in chips) 
Seat 3: CaHek-Ty3 ($107.22 in chips) 
Seat 4: S3MPR3IGUAL ($104.14 in chips) 
Seat 5: wiserdelux ($58.60 in chips) 
Seat 6: rao999 ($100 in chips) 
wiserdelux: posts small blind $0.50
rao999: posts big blind $1
*** HOLE CARDS ***
Supermegopro: folds 
ghc_2: raises $1 to $2
CaHek-Ty3: folds 
S3MPR3IGUAL: folds 
wiserdelux: calls $1.50
rao999: calls $1
*** FLOP *** [9h 6d 4d]
wiserdelux: checks 
rao999: checks 
ghc_2: checks 
*** TURN *** [9h 6d 4d] [2d]
wiserdelux: bets $2.85
rao999: folds 
ghc_2: raises $8.55 to $11.40
wiserdelux: calls $8.55
*** RIVER *** [9h 6d 4d 2d] [4s]
wiserdelux: checks 
ghc_2: bets $127.55 and is all-in
wiserdelux: calls $45.20 and is all-in
Uncalled bet ($82.35) returned to ghc_2
*** SHOW DOWN ***
ghc_2: shows [Qd 8d] (a flush, Queen high)
wiserdelux: shows [Jd 7d] (a flush, Jack high)
ghc_2 collected $116.70 from pot
*** SUMMARY ***
Total pot $119.20 | Rake $2.50 
Board [9h 6d 4d 2d 4s]
Seat 1: Supermegopro folded before Flop (didn't bet)
Seat 2: ghc_2 showed [Qd 8d] and won ($116.70) with a flush, Queen high
Seat 3: CaHek-Ty3 folded before Flop (didn't bet)
Seat 4: S3MPR3IGUAL (button) folded before Flop (didn't bet)
Seat 5: wiserdelux (small blind) showed [Jd 7d] and lost with a flush, Jack high
Seat 6: rao999 (big blind) folded on the Turn



PokerStars Hand #254615394619:  Hold'em No Limit ($0.50/$1.00 USD) - 2025/01/29 0:22:37 WET [2025/01/29 19:22:37 ET]
Table 'Conrada' 6-max Seat #6 is the button
Seat 5: wiserdelux ($0 in chips) is sitting out
Seat 1: Supermegopro ($100 in chips) 
Seat 2: ghc_2 ($199.05 in chips) 
Seat 3: CaHek-Ty3 ($107.22 in chips) 
Seat 4: S3MPR3IGUAL ($104.14 in chips) 
Seat 6: rao999 ($100 in chips) 
Supermegopro: posts small blind $0.50
ghc_2: posts big blind $1
*** HOLE CARDS ***
CaHek-Ty3: folds 
S3MPR3IGUAL: folds 
rao999: folds 
Supermegopro: folds 
Uncalled bet ($0.50) returned to ghc_2
ghc_2 collected $1 from pot
ghc_2: doesn't show hand 
*** SUMMARY ***
Total pot $1 | Rake $0 
Seat 5: wiserdelux
Seat 1: Supermegopro (small blind) folded before Flop
Seat 2: ghc_2 (big blind) collected ($1)
Seat 3: CaHek-Ty3 folded before Flop (didn't bet)
Seat 4: S3MPR3IGUAL folded before Flop (didn't bet)
Seat 6: rao999 (button) folded before Flop (didn't bet)



PokerStars Hand #254615397001:  Hold'em No Limit ($0.50/$1.00 USD) - 2025/01/29 0:22:48 WET [2025/01/29 19:22:48 ET]
Table 'Conrada' 6-max Seat #1 is the button
Seat 5: wiserdelux ($0 in chips) is sitting out
Seat 1: Supermegopro ($100 in chips) 
Seat 2: ghc_2 ($199.55 in chips) 
Seat 3: CaHek-Ty3 ($107.22 in chips) 
Seat 4: S3MPR3IGUAL ($104.14 in chips) 
Seat 6: rao999 ($100 in chips) 
ghc_2: posts small blind $0.50
CaHek-Ty3: posts big blind $1
*** HOLE CARDS ***
wiserdelux is disconnected 
S3MPR3IGUAL: folds 
rao999: raises $1.50 to $2.50
Supermegopro: raises $5 to $7.50
ghc_2: folds 
CaHek-Ty3: folds 
rao999: raises $12.50 to $20
Supermegopro: folds 
Uncalled bet ($12.50) returned to rao999
rao999 collected $16.50 from pot
rao999: doesn't show hand 
*** SUMMARY ***
Total pot $16.50 | Rake $0 
Seat 5: wiserdelux
Seat 1: Supermegopro (button) folded before Flop
Seat 2: ghc_2 (small blind) folded before Flop
Seat 3: CaHek-Ty3 (big blind) folded before Flop
Seat 4: S3MPR3IGUAL folded before Flop (didn't bet)
Seat 6: rao999 collected ($16.50)



PokerStars Hand #254615402846:  Hold'em No Limit ($0.50/$1.00 USD) - 2025/01/29 0:23:17 WET [2025/01/29 19:23:17 ET]
Table 'Conrada' 6-max Seat #2 is the button
Seat 5: wiserdelux ($0 in chips) is sitting out
Seat 1: Supermegopro ($100 in chips) 
Seat 2: ghc_2 ($199.05 in chips) 
Seat 3: CaHek-Ty3 ($106.22 in chips) 
Seat 4: S3MPR3IGUAL ($104.14 in chips) 
Seat 6: rao999 ($109 in chips) 
CaHek-Ty3: posts small blind $0.50
S3MPR3IGUAL: posts big blind $1
*** HOLE CARDS ***
rao999: folds 
Supermegopro: folds 
ghc_2: raises $1.40 to $2.40
CaHek-Ty3: raises $9.60 to $12
S3MPR3IGUAL: folds 
ghc_2: folds 
Uncalled bet ($9.60) returned to CaHek-Ty3
CaHek-Ty3 collected $5.80 from pot
*** SUMMARY ***
Total pot $5.80 | Rake $0 
Seat 5: wiserdelux
Seat 1: Supermegopro folded before Flop (didn't bet)
Seat 2: ghc_2 (button) folded before Flop
Seat 3: CaHek-Ty3 (small blind) collected ($5.80)
Seat 4: S3MPR3IGUAL (big blind) folded before Flop
Seat 6: rao999 folded before Flop (didn't bet)



PokerStars Hand #254615406869:  Hold'em No Limit ($0.50/$1.00 USD) - 2025/01/29 0:23:37 WET [2025/01/29 19:23:37 ET]
Table 'Conrada' 6-max Seat #3 is the button
Seat 5: wiserdelux ($0 in chips) is sitting out
Seat 6: rao999 ($109 in chips) is sitting out
Seat 1: Supermegopro ($100 in chips) 
Seat 2: ghc_2 ($196.65 in chips) 
Seat 3: CaHek-Ty3 ($109.62 in chips) 
Seat 4: S3MPR3IGUAL ($103.14 in chips) 
S3MPR3IGUAL: posts small blind $0.50
rao999: is sitting out 
Supermegopro: posts big blind $1
*** HOLE CARDS ***
ghc_2: folds 
CaHek-Ty3: folds 
S3MPR3IGUAL: folds 
Uncalled bet ($0.50) returned to Supermegopro
Supermegopro collected $1 from pot
Supermegopro: doesn't show hand 
*** SUMMARY ***
Total pot $1 | Rake $0 
Seat 5: wiserdelux
Seat 6: rao999
Seat 1: Supermegopro (big blind) collected ($1)
Seat 2: ghc_2 folded before Flop (didn't bet)
Seat 3: CaHek-Ty3 (button) folded before Flop (didn't bet)
Seat 4: S3MPR3IGUAL (small blind) folded before Flop



PokerStars Hand #254615409120:  Hold'em No Limit ($0.50/$1.00 USD) - 2025/01/29 0:23:48 WET [2025/01/29 19:23:48 ET]
Table 'Conrada' 6-max Seat #4 is the button
Seat 5: wiserdelux ($0 in chips) is sitting out
Seat 6: rao999 ($109 in chips) is sitting out
Seat 1: Supermegopro ($100.50 in chips) 
Seat 2: ghc_2 ($196.65 in chips) 
Seat 3: CaHek-Ty3 ($109.62 in chips) 
Seat 4: S3MPR3IGUAL ($102.64 in chips) 
Supermegopro: posts small blind $0.50
ghc_2: posts big blind $1
*** HOLE CARDS ***
CaHek-Ty3: folds 
S3MPR3IGUAL: folds 
Supermegopro: raises $2 to $3
ghc_2: calls $2
*** FLOP *** [4s 3c Th]
Supermegopro: bets $3.80
ghc_2: calls $3.80
*** TURN *** [4s 3c Th] [Qs]
Supermegopro: bets $12
ghc_2: calls $12
*** RIVER *** [4s 3c Th Qs] [8h]
Supermegopro: checks 
ghc_2: checks 
*** SHOW DOWN ***
Supermegopro: shows [As 7s] (high card Ace)
ghc_2: shows [Kc Tc] (a pair of Tens)
ghc_2 collected $36.60 from pot
*** SUMMARY ***
Total pot $37.60 | Rake $1 
Board [4s 3c Th Qs 8h]
Seat 5: wiserdelux
Seat 6: rao999
Seat 1: Supermegopro (small blind) showed [As 7s] and lost with high card Ace
Seat 2: ghc_2 (big blind) showed [Kc Tc] and won ($36.60) with a pair of Tens
Seat 3: CaHek-Ty3 folded before Flop (didn't bet)
Seat 4: S3MPR3IGUAL (button) folded before Flop (didn't bet)



PokerStars Hand #254615419818:  Hold'em No Limit ($0.50/$1.00 USD) - 2025/01/29 0:24:41 WET [2025/01/29 19:24:41 ET]
Table 'Conrada' 6-max Seat #1 is the button
Seat 3: CaHek-Ty3 ($109.62 in chips) is sitting out
Seat 5: wiserdelux ($0 in chips) is sitting out
Seat 6: rao999 ($109 in chips) is sitting out
Seat 1: Supermegopro ($100 in chips) 
Seat 2: ghc_2 ($214.45 in chips) 
Seat 4: S3MPR3IGUAL ($102.64 in chips) 
ghc_2: posts small blind $0.50
CaHek-Ty3: is sitting out 
S3MPR3IGUAL: posts big blind $1
*** HOLE CARDS ***
Supermegopro: raises $2 to $3
ghc_2: folds 
S3MPR3IGUAL: folds 
Uncalled bet ($2) returned to Supermegopro
Supermegopro collected $2.50 from pot
Supermegopro: doesn't show hand 
*** SUMMARY ***
Total pot $2.50 | Rake $0 
Seat 3: CaHek-Ty3
Seat 5: wiserdelux
Seat 6: rao999
Seat 1: Supermegopro (button) collected ($2.50)
Seat 2: ghc_2 (small blind) folded before Flop
Seat 4: S3MPR3IGUAL (big blind) folded before Flop



PokerStars Hand #254615421868:  Hold'em No Limit ($0.50/$1.00 USD) - 2025/01/29 0:24:51 WET [2025/01/29 19:24:51 ET]
Table 'Conrada' 6-max Seat #2 is the button
Seat 3: CaHek-Ty3 ($109.62 in chips) is sitting out
Seat 5: wiserdelux ($0 in chips) is sitting out
Seat 6: rao999 ($109 in chips) is sitting out
Seat 1: Supermegopro ($101.50 in chips) 
Seat 2: ghc_2 ($213.95 in chips) 
Seat 4: S3MPR3IGUAL ($101.64 in chips) 
S3MPR3IGUAL: posts small blind $0.50
Supermegopro: posts big blind $1
*** HOLE CARDS ***
ghc_2: raises $1.40 to $2.40
S3MPR3IGUAL: raises $8.60 to $11
Supermegopro: folds 
ghc_2: folds 
Uncalled bet ($8.60) returned to S3MPR3IGUAL
S3MPR3IGUAL collected $5.80 from pot
S3MPR3IGUAL: doesn't show hand 
*** SUMMARY ***
Total pot $5.80 | Rake $0 
Seat 3: CaHek-Ty3
Seat 5: wiserdelux
Seat 6: rao999
Seat 1: Supermegopro (big blind) folded before Flop
Seat 2: ghc_2 (button) folded before Flop
Seat 4: S3MPR3IGUAL (small blind) collected ($5.80)



PokerStars Hand #254615424767:  Hold'em No Limit ($0.50/$1.00 USD) - 2025/01/29 0:25:05 WET [2025/01/29 19:25:05 ET]
Table 'Conrada' 6-max Seat #4 is the button
Seat 3: CaHek-Ty3 ($109.62 in chips) is sitting out
Seat 5: wiserdelux ($0 in chips) is sitting out
Seat 6: rao999 ($109 in chips) is sitting out
Seat 1: Supermegopro ($100.50 in chips) 
Seat 2: ghc_2 ($211.55 in chips) 
Seat 4: S3MPR3IGUAL ($105.04 in chips) 
Supermegopro: posts small blind $0.50
ghc_2: posts big blind $1
*** HOLE CARDS ***
S3MPR3IGUAL: raises $1.20 to $2.20
Supermegopro: raises $9.80 to $12
ghc_2: folds 
S3MPR3IGUAL: folds 
Uncalled bet ($9.80) returned to Supermegopro
Supermegopro collected $5.40 from pot
Supermegopro: doesn't show hand 
*** SUMMARY ***
Total pot $5.40 | Rake $0 
Seat 3: CaHek-Ty3
Seat 5: wiserdelux
Seat 6: rao999
Seat 1: Supermegopro (small blind) collected ($5.40)
Seat 2: ghc_2 (big blind) folded before Flop
Seat 4: S3MPR3IGUAL (button) folded before Flop



PokerStars Hand #254615427166:  Hold'em No Limit ($0.50/$1.00 USD) - 2025/01/29 0:25:17 WET [2025/01/29 19:25:17 ET]
Table 'Conrada' 6-max Seat #1 is the button
Seat 3: CaHek-Ty3 ($109.62 in chips) is sitting out
Seat 5: wiserdelux ($0 in chips) is sitting out
Seat 6: rao999 ($109 in chips) is sitting out
Seat 1: Supermegopro ($103.70 in chips) 
Seat 2: ghc_2 ($210.55 in chips) 
Seat 4: S3MPR3IGUAL ($102.84 in chips) 
ghc_2: posts small blind $0.50
S3MPR3IGUAL: posts big blind $1
*** HOLE CARDS ***
Supermegopro: raises $1.50 to $2.50
ghc_2: folds 
S3MPR3IGUAL: folds 
Uncalled bet ($1.50) returned to Supermegopro
Supermegopro collected $2.50 from pot
Supermegopro: doesn't show hand 
*** SUMMARY ***
Total pot $2.50 | Rake $0 
Seat 3: CaHek-Ty3
Seat 5: wiserdelux
Seat 6: rao999
Seat 1: Supermegopro (button) collected ($2.50)
Seat 2: ghc_2 (small blind) folded before Flop
Seat 4: S3MPR3IGUAL (big blind) folded before Flop



PokerStars Hand #254615428898:  Hold'em No Limit ($0.50/$1.00 USD) - 2025/01/29 0:25:26 WET [2025/01/29 19:25:26 ET]
Table 'Conrada' 6-max Seat #2 is the button
Seat 3: CaHek-Ty3 ($109.62 in chips) is sitting out
Seat 5: wiserdelux ($0 in chips) is sitting out
Seat 6: rao999 ($109 in chips) is sitting out
Seat 1: Supermegopro ($105.20 in chips) 
Seat 2: ghc_2 ($210.05 in chips) 
Seat 4: S3MPR3IGUAL ($101.84 in chips) 
S3MPR3IGUAL: posts small blind $0.50
Supermegopro: posts big blind $1
*** HOLE CARDS ***
ghc_2: raises $1.40 to $2.40
S3MPR3IGUAL: folds 
Supermegopro: calls $1.40
*** FLOP *** [Ah Ad Qs]
Supermegopro: checks 
CaHek-Ty3 leaves the table
ghc_2: checks 
*** TURN *** [Ah Ad Qs] [3h]
Supermegopro: bets $2.52
ghc_2: folds 
Uncalled bet ($2.52) returned to Supermegopro
Supermegopro collected $5.04 from pot
Supermegopro: doesn't show hand 
*** SUMMARY ***
Total pot $5.30 | Rake $0.26 
Board [Ah Ad Qs 3h]
Seat 3: CaHek-Ty3
Seat 5: wiserdelux
Seat 6: rao999
Seat 1: Supermegopro (big blind) collected ($5.04)
Seat 2: ghc_2 (button) folded on the Turn
Seat 4: S3MPR3IGUAL (small blind) folded before Flop



PokerStars Hand #254615454814:  Hold'em No Limit ($0.50/$1.00 USD) - 2025/01/29 0:27:35 WET [2025/01/29 19:27:35 ET]
Table 'Conrada' 6-max Seat #4 is the button
Seat 5: wiserdelux ($0 in chips) is sitting out
Seat 6: rao999 ($109 in chips) is sitting out
Seat 1: Supermegopro ($107.84 in chips) 
Seat 2: theghost506 ($41.69 in chips) 
Seat 4: Rezzonner ($100 in chips) 
Supermegopro: posts small blind $0.50
theghost506: posts big blind $1
*** HOLE CARDS ***
Rezzonner: raises $1.50 to $2.50
S3MPR3IGUAL joins the table at seat #3 
Supermegopro: folds 
theghost506: calls $1.50
*** FLOP *** [Kc 2s 9d]
theghost506: checks 
Rezzonner: bets $1.72
wiserdelux is disconnected 
theghost506: calls $1.72
*** TURN *** [Kc 2s 9d] [Js]
theghost506: checks 
Rezzonner: checks 
*** RIVER *** [Kc 2s 9d Js] [Qd]
theghost506: bets $4.25
Rezzonner: folds 
Uncalled bet ($4.25) returned to theghost506
theghost506 collected $8.49 from pot
theghost506: doesn't show hand 
*** SUMMARY ***
Total pot $8.94 | Rake $0.45 
Board [Kc 2s 9d Js Qd]
Seat 5: wiserdelux
Seat 6: rao999
Seat 1: Supermegopro (small blind) folded before Flop
Seat 2: theghost506 (big blind) collected ($8.49)
Seat 4: Rezzonner (button) folded on the River



PokerStars Hand #254615463797:  Hold'em No Limit ($0.50/$1.00 USD) - 2025/01/29 0:28:21 WET [2025/01/29 19:28:21 ET]
Table 'Conrada' 6-max Seat #1 is the button
Seat 5: wiserdelux ($0 in chips) is sitting out
Seat 6: rao999 ($109 in chips) is sitting out
Seat 1: Supermegopro ($107.34 in chips) 
Seat 2: theghost506 ($45.96 in chips) 
Seat 3: S3MPR3IGUAL ($101.34 in chips) 
Seat 4: Rezzonner ($100 in chips) 
theghost506: posts small blind $0.50
S3MPR3IGUAL: posts big blind $1
*** HOLE CARDS ***
Rezzonner: raises $1.50 to $2.50
Supermegopro: folds 
theghost506: folds 
S3MPR3IGUAL: folds 
Uncalled bet ($1.50) returned to Rezzonner
Rezzonner collected $2.50 from pot
Rezzonner: doesn't show hand 
*** SUMMARY ***
Total pot $2.50 | Rake $0 
Seat 5: wiserdelux
Seat 6: rao999
Seat 1: Supermegopro (button) folded before Flop (didn't bet)
Seat 2: theghost506 (small blind) folded before Flop
Seat 3: S3MPR3IGUAL (big blind) folded before Flop
Seat 4: Rezzonner collected ($2.50)



PokerStars Hand #254615467601:  Hold'em No Limit ($0.50/$1.00 USD) - 2025/01/29 0:28:40 WET [2025/01/29 19:28:40 ET]
Table 'Conrada' 6-max Seat #2 is the button
Seat 5: wiserdelux ($0 in chips) is sitting out
Seat 6: rao999 ($109 in chips) is sitting out
Seat 1: Supermegopro ($107.34 in chips) 
Seat 2: theghost506 ($45.46 in chips) 
Seat 3: S3MPR3IGUAL ($100.34 in chips) 
Seat 4: Rezzonner ($101.50 in chips) 
S3MPR3IGUAL: posts small blind $0.50
Rezzonner: posts big blind $1
*** HOLE CARDS ***
Supermegopro: folds 
theghost506: folds 
S3MPR3IGUAL: folds 
Uncalled bet ($0.50) returned to Rezzonner
Rezzonner collected $1 from pot
Rezzonner: doesn't show hand 
*** SUMMARY ***
Total pot $1 | Rake $0 
Seat 5: wiserdelux
Seat 6: rao999
Seat 1: Supermegopro folded before Flop (didn't bet)
Seat 2: theghost506 (button) folded before Flop (didn't bet)
Seat 3: S3MPR3IGUAL (small blind) folded before Flop
Seat 4: Rezzonner (big blind) collected ($1)



PokerStars Hand #254615469090:  Hold'em No Limit ($0.50/$1.00 USD) - 2025/01/29 0:28:47 WET [2025/01/29 19:28:47 ET]
Table 'Conrada' 6-max Seat #3 is the button
Seat 5: wiserdelux ($0 in chips) is sitting out
Seat 6: rao999 ($109 in chips) is sitting out
Seat 1: Supermegopro ($107.34 in chips) 
Seat 2: theghost506 ($45.46 in chips) 
Seat 3: S3MPR3IGUAL ($100 in chips) 
Seat 4: Rezzonner ($102 in chips) 
Rezzonner: posts small blind $0.50
Supermegopro: posts big blind $1
*** HOLE CARDS ***
theghost506: folds 
S3MPR3IGUAL: folds 
Rezzonner: raises $2 to $3
Supermegopro: folds 
Uncalled bet ($2) returned to Rezzonner
Rezzonner collected $2 from pot
Rezzonner: doesn't show hand 
*** SUMMARY ***
Total pot $2 | Rake $0 
Seat 5: wiserdelux
Seat 6: rao999
Seat 1: Supermegopro (big blind) folded before Flop
Seat 2: theghost506 folded before Flop (didn't bet)
Seat 3: S3MPR3IGUAL (button) folded before Flop (didn't bet)
Seat 4: Rezzonner (small blind) collected ($2)



PokerStars Hand #254615471674:  Hold'em No Limit ($0.50/$1.00 USD) - 2025/01/29 0:29:01 WET [2025/01/29 19:29:01 ET]
Table 'Conrada' 6-max Seat #4 is the button
Seat 5: wiserdelux ($0 in chips) is sitting out
Seat 6: rao999 ($109 in chips) is sitting out
Seat 1: Supermegopro ($106.34 in chips) 
Seat 2: theghost506 ($45.46 in chips) 
Seat 3: S3MPR3IGUAL ($100 in chips) 
Seat 4: Rezzonner ($103 in chips) 
Supermegopro: posts small blind $0.50
theghost506: posts big blind $1
*** HOLE CARDS ***
S3MPR3IGUAL: folds 
Rezzonner: folds 
Supermegopro: folds 
Uncalled bet ($0.50) returned to theghost506
theghost506 collected $1 from pot
theghost506: doesn't show hand 
*** SUMMARY ***
Total pot $1 | Rake $0 
Seat 5: wiserdelux
Seat 6: rao999
Seat 1: Supermegopro (small blind) folded before Flop
Seat 2: theghost506 (big blind) collected ($1)
Seat 3: S3MPR3IGUAL folded before Flop (didn't bet)
Seat 4: Rezzonner (button) folded before Flop (didn't bet)



PokerStars Hand #254615473161:  Hold'em No Limit ($0.50/$1.00 USD) - 2025/01/29 0:29:08 WET [2025/01/29 19:29:08 ET]
Table 'Conrada' 6-max Seat #1 is the button
Seat 5: wiserdelux ($0 in chips) is sitting out
Seat 6: rao999 ($109 in chips) is sitting out
Seat 1: Supermegopro ($105.84 in chips) 
Seat 2: theghost506 ($45.96 in chips) 
Seat 3: S3MPR3IGUAL ($100 in chips) 
Seat 4: Rezzonner ($103 in chips) 
theghost506: posts small blind $0.50
S3MPR3IGUAL: posts big blind $1
*** HOLE CARDS ***
Rezzonner: folds 
Supermegopro: raises $1.50 to $2.50
theghost506: folds 
S3MPR3IGUAL: folds 
Uncalled bet ($1.50) returned to Supermegopro
Supermegopro collected $2.50 from pot
Supermegopro: doesn't show hand 
*** SUMMARY ***
Total pot $2.50 | Rake $0 
Seat 5: wiserdelux
Seat 6: rao999
Seat 1: Supermegopro (button) collected ($2.50)
Seat 2: theghost506 (small blind) folded before Flop
Seat 3: S3MPR3IGUAL (big blind) folded before Flop
Seat 4: Rezzonner folded before Flop (didn't bet)



PokerStars Hand #254615475932:  Hold'em No Limit ($0.50/$1.00 USD) - 2025/01/29 0:29:22 WET [2025/01/29 19:29:22 ET]
Table 'Conrada' 6-max Seat #2 is the button
Seat 5: wiserdelux ($0 in chips) is sitting out
Seat 6: rao999 ($109 in chips) is sitting out
Seat 1: Supermegopro ($107.34 in chips) 
Seat 2: theghost506 ($45.46 in chips) 
Seat 3: S3MPR3IGUAL ($100 in chips) 
Seat 4: Rezzonner ($103 in chips) 
S3MPR3IGUAL: posts small blind $0.50
Rezzonner: posts big blind $1
*** HOLE CARDS ***
Supermegopro: raises $1.50 to $2.50
theghost506: folds 
S3MPR3IGUAL: folds 
Rezzonner: folds 
Uncalled bet ($1.50) returned to Supermegopro
Supermegopro collected $2.50 from pot
Supermegopro: doesn't show hand 
*** SUMMARY ***
Total pot $2.50 | Rake $0 
Seat 5: wiserdelux
Seat 6: rao999
Seat 1: Supermegopro collected ($2.50)
Seat 2: theghost506 (button) folded before Flop (didn't bet)
Seat 3: S3MPR3IGUAL (small blind) folded before Flop
Seat 4: Rezzonner (big blind) folded before Flop



PokerStars Hand #254615477950:  Hold'em No Limit ($0.50/$1.00 USD) - 2025/01/29 0:29:32 WET [2025/01/29 19:29:32 ET]
Table 'Conrada' 6-max Seat #3 is the button
Seat 1: Supermegopro ($108.84 in chips) is sitting out
Seat 5: wiserdelux ($0 in chips) is sitting out
Seat 6: rao999 ($109 in chips) is sitting out
Seat 2: theghost506 ($45.46 in chips) 
Seat 3: S3MPR3IGUAL ($100 in chips) 
Seat 4: Rezzonner ($102 in chips) 
Rezzonner: posts small blind $0.50
Supermegopro: is sitting out 
theghost506: posts big blind $1
*** HOLE CARDS ***
S3MPR3IGUAL: folds 
Rezzonner: folds 
Uncalled bet ($0.50) returned to theghost506
Supermegopro leaves the table
theghost506 collected $1 from pot
theghost506: doesn't show hand 
*** SUMMARY ***
Total pot $1 | Rake $0 
Seat 1: Supermegopro
Seat 5: wiserdelux
Seat 6: rao999
Seat 2: theghost506 (big blind) collected ($1)
Seat 3: S3MPR3IGUAL (button) folded before Flop (didn't bet)
Seat 4: Rezzonner (small blind) folded before Flop



PokerStars Hand #254615479279:  Hold'em No Limit ($0.50/$1.00 USD) - 2025/01/29 0:29:39 WET [2025/01/29 19:29:39 ET]
Table 'Conrada' 6-max Seat #4 is the button
Seat 5: wiserdelux ($0 in chips) is sitting out
Seat 6: rao999 ($109 in chips) is sitting out
Seat 2: theghost506 ($45.96 in chips) 
Seat 3: S3MPR3IGUAL ($100 in chips) 
Seat 4: Rezzonner ($101.50 in chips) 
theghost506: posts small blind $0.50
S3MPR3IGUAL: posts big blind $1
*** HOLE CARDS ***
Rezzonner: raises $1.50 to $2.50
theghost506: folds 
S3MPR3IGUAL: folds 
Uncalled bet ($1.50) returned to Rezzonner
Rezzonner collected $2.50 from pot
Rezzonner: doesn't show hand 
*** SUMMARY ***
Total pot $2.50 | Rake $0 
Seat 5: wiserdelux
Seat 6: rao999
Seat 2: theghost506 (small blind) folded before Flop
Seat 3: S3MPR3IGUAL (big blind) folded before Flop
Seat 4: Rezzonner (button) collected ($2.50)



PokerStars Hand #254615481529:  Hold'em No Limit ($0.50/$1.00 USD) - 2025/01/29 0:29:51 WET [2025/01/29 19:29:51 ET]
Table 'Conrada' 6-max Seat #3 is the button
Seat 4: Rezzonner ($103 in chips) is sitting out
Seat 5: wiserdelux ($0 in chips) is sitting out
Seat 6: rao999 ($109 in chips) is sitting out
Seat 2: theghost506 ($45.46 in chips) 
Seat 3: S3MPR3IGUAL ($100 in chips) 
S3MPR3IGUAL: posts small blind $0.50
Rezzonner: is sitting out 
theghost506: posts big blind $1
*** HOLE CARDS ***
S3MPR3IGUAL: folds 
Uncalled bet ($0.50) returned to theghost506
theghost506 collected $1 from pot
wiserdelux leaves the table
rao999 leaves the table
theghost506: doesn't show hand 
*** SUMMARY ***
Total pot $1 | Rake $0 
Seat 4: Rezzonner
Seat 5: wiserdelux
Seat 6: rao999
Seat 2: theghost506 (big blind) collected ($1)
Seat 3: S3MPR3IGUAL (button) (small blind) folded before Flop



PokerStars Hand #254615482559:  Hold'em No Limit ($0.50/$1.00 USD) - 2025/01/29 0:29:56 WET [2025/01/29 19:29:56 ET]
Table 'Conrada' 6-max Seat #2 is the button
Seat 4: Rezzonner ($103 in chips) is sitting out
Seat 2: theghost506 ($45.96 in chips) 
Seat 3: S3MPR3IGUAL ($100 in chips) 
theghost506: posts small blind $0.50
S3MPR3IGUAL: posts big blind $1
*** HOLE CARDS ***
skarabaz joins the table at seat #1 
theghost506: calls $0.50
S3MPR3IGUAL: raises $3 to $4
theghost506: calls $3
*** FLOP *** [7s Tc 7d]
S3MPR3IGUAL: bets $2.13
skarabaz leaves the table
theghost506: calls $2.13
*** TURN *** [7s Tc 7d] [Qd]
S3MPR3IGUAL: checks 
theghost506: checks 
*** RIVER *** [7s Tc 7d Qd] [Kh]
Rezzonner leaves the table
S3MPR3IGUAL: checks 
theghost506: checks 
*** SHOW DOWN ***
S3MPR3IGUAL: shows [9h Ac] (a pair of Sevens)
theghost506: shows [Kd Jd] (two pair, Kings and Sevens)
theghost506 collected $11.65 from pot
*** SUMMARY ***
Total pot $12.26 | Rake $0.61 
Board [7s Tc 7d Qd Kh]
Seat 4: Rezzonner
Seat 2: theghost506 (button) (small blind) showed [Kd Jd] and won ($11.65) with two pair, Kings and Sevens
Seat 3: S3MPR3IGUAL (big blind) showed [9h Ac] and lost with a pair of Sevens



PokerStars Hand #254615490264:  Hold'em No Limit ($0.50/$1.00 USD) - 2025/01/29 0:30:34 WET [2025/01/29 19:30:34 ET]
Table 'Conrada' 6-max Seat #3 is the button
Seat 2: theghost506 ($51.48 in chips) 
Seat 3: S3MPR3IGUAL ($100 in chips) 
S3MPR3IGUAL: posts small blind $0.50
theghost506: posts big blind $1
*** HOLE CARDS ***
S3MPR3IGUAL: folds 
Uncalled bet ($0.50) returned to theghost506
theghost506 collected $1 from pot
theghost506: doesn't show hand 
*** SUMMARY ***
Total pot $1 | Rake $0 
Seat 2: theghost506 (big blind) collected ($1)
Seat 3: S3MPR3IGUAL (button) (small blind) folded before Flop



PokerStars Hand #254615491289:  Hold'em No Limit ($0.50/$1.00 USD) - 2025/01/29 0:30:40 WET [2025/01/29 19:30:40 ET]
Table 'Conrada' 6-max Seat #2 is the button
Seat 2: theghost506 ($51.98 in chips) 
Seat 3: S3MPR3IGUAL ($100 in chips) 
theghost506: posts small blind $0.50
S3MPR3IGUAL: posts big blind $1
*** HOLE CARDS ***
theghost506: calls $0.50
S3MPR3IGUAL: raises $4 to $5
theghost506: folds 
Uncalled bet ($4) returned to S3MPR3IGUAL
S3MPR3IGUAL collected $2 from pot
S3MPR3IGUAL: doesn't show hand 
*** SUMMARY ***
Total pot $2 | Rake $0 
Seat 2: theghost506 (button) (small blind) folded before Flop
Seat 3: S3MPR3IGUAL (big blind) collected ($2)



PokerStars Hand #254615493651:  Hold'em No Limit ($0.50/$1.00 USD) - 2025/01/29 0:30:52 WET [2025/01/29 19:30:52 ET]
Table 'Conrada' 6-max Seat #3 is the button
Seat 2: theghost506 ($50.98 in chips) 
Seat 3: S3MPR3IGUAL ($101 in chips) 
S3MPR3IGUAL: posts small blind $0.50
theghost506: posts big blind $1
*** HOLE CARDS ***
S3MPR3IGUAL: raises $2 to $3
theghost506: folds 
Uncalled bet ($2) returned to S3MPR3IGUAL
S3MPR3IGUAL collected $2 from pot
S3MPR3IGUAL: doesn't show hand 
*** SUMMARY ***
Total pot $2 | Rake $0 
Seat 2: theghost506 (big blind) folded before Flop
Seat 3: S3MPR3IGUAL (button) (small blind) collected ($2)



PokerStars Hand #254615496399:  Hold'em No Limit ($0.50/$1.00 USD) - 2025/01/29 0:31:06 WET [2025/01/29 19:31:06 ET]
Table 'Conrada' 6-max Seat #2 is the button
Seat 2: theghost506 ($49.98 in chips) 
Seat 3: S3MPR3IGUAL ($102 in chips) 
theghost506: posts small blind $0.50
S3MPR3IGUAL: posts big blind $1
*** HOLE CARDS ***
theghost506: folds 
Uncalled bet ($0.50) returned to S3MPR3IGUAL
S3MPR3IGUAL collected $1 from pot
S3MPR3IGUAL: doesn't show hand 
*** SUMMARY ***
Total pot $1 | Rake $0 
Seat 2: theghost506 (button) (small blind) folded before Flop
Seat 3: S3MPR3IGUAL (big blind) collected ($1)



PokerStars Hand #254615497756:  Hold'em No Limit ($0.50/$1.00 USD) - 2025/01/29 0:31:13 WET [2025/01/29 19:31:13 ET]
Table 'Conrada' 6-max Seat #3 is the button
Seat 2: theghost506 ($49.48 in chips) 
Seat 3: S3MPR3IGUAL ($102.50 in chips) 
S3MPR3IGUAL: posts small blind $0.50
theghost506: posts big blind $1
*** HOLE CARDS ***
S3MPR3IGUAL: folds 
Uncalled bet ($0.50) returned to theghost506
theghost506 collected $1 from pot
theghost506: doesn't show hand 
*** SUMMARY ***
Total pot $1 | Rake $0 
Seat 2: theghost506 (big blind) collected ($1)
Seat 3: S3MPR3IGUAL (button) (small blind) folded before Flop



PokerStars Hand #254615499108:  Hold'em No Limit ($0.50/$1.00 USD) - 2025/01/29 0:31:20 WET [2025/01/29 19:31:20 ET]
Table 'Conrada' 6-max Seat #2 is the button
Seat 2: theghost506 ($49.98 in chips) 
Seat 3: S3MPR3IGUAL ($102 in chips) 
theghost506: posts small blind $0.50
S3MPR3IGUAL: posts big blind $1
*** HOLE CARDS ***
theghost506: calls $0.50
S3MPR3IGUAL: checks 
*** FLOP *** [Jh 7d 3d]
S3MPR3IGUAL: checks 
theghost506: checks 
*** TURN *** [Jh 7d 3d] [8d]
S3MPR3IGUAL: checks 
theghost506: bets $2
S3MPR3IGUAL: calls $2
*** RIVER *** [Jh 7d 3d 8d] [4h]
S3MPR3IGUAL: checks 
theghost506: checks 
*** SHOW DOWN ***
S3MPR3IGUAL: shows [3c 6h] (a pair of Threes)
theghost506: shows [Ac 4c] (a pair of Fours)
theghost506 collected $5.70 from pot
*** SUMMARY ***
Total pot $6 | Rake $0.30 
Board [Jh 7d 3d 8d 4h]
Seat 2: theghost506 (button) (small blind) showed [Ac 4c] and won ($5.70) with a pair of Fours
Seat 3: S3MPR3IGUAL (big blind) showed [3c 6h] and lost with a pair of Threes



PokerStars Hand #254615504658:  Hold'em No Limit ($0.50/$1.00 USD) - 2025/01/29 0:31:48 WET [2025/01/29 19:31:48 ET]
Table 'Conrada' 6-max Seat #3 is the button
Seat 2: theghost506 ($52.68 in chips) 
Seat 3: S3MPR3IGUAL ($100 in chips) 
S3MPR3IGUAL: posts small blind $0.50
theghost506: posts big blind $1
*** HOLE CARDS ***
S3MPR3IGUAL: raises $2 to $3
theghost506: calls $2
*** FLOP *** [Ts 7h 8h]
theghost506: checks 
S3MPR3IGUAL: checks 
*** TURN *** [Ts 7h 8h] [4h]
theghost506: bets $2.85
Espada Fish joins the table at seat #4 
S3MPR3IGUAL: calls $2.85
*** RIVER *** [Ts 7h 8h 4h] [Qs]
theghost506: bets $5.56
S3MPR3IGUAL: folds 
Uncalled bet ($5.56) returned to theghost506
theghost506 collected $11.12 from pot
theghost506: doesn't show hand 
*** SUMMARY ***
Total pot $11.70 | Rake $0.58 
Board [Ts 7h 8h 4h Qs]
Seat 2: theghost506 (big blind) collected ($11.12)
Seat 3: S3MPR3IGUAL (button) (small blind) folded on the River



PokerStars Hand #254615510267:  Hold'em No Limit ($0.50/$1.00 USD) - 2025/01/29 0:32:17 WET [2025/01/29 19:32:17 ET]
Table 'Conrada' 6-max Seat #2 is the button
Seat 2: theghost506 ($57.95 in chips) 
Seat 3: S3MPR3IGUAL ($100 in chips) 
Seat 4: Espada Fish ($100 in chips) 
S3MPR3IGUAL: posts small blind $0.50
Espada Fish: posts big blind $1
*** HOLE CARDS ***
theghost506: folds 
S3MPR3IGUAL: raises $2 to $3
Espada Fish: folds 
Uncalled bet ($2) returned to S3MPR3IGUAL
S3MPR3IGUAL collected $2 from pot
S3MPR3IGUAL: doesn't show hand 
*** SUMMARY ***
Total pot $2 | Rake $0 
Seat 2: theghost506 (button) folded before Flop (didn't bet)
Seat 3: S3MPR3IGUAL (small blind) collected ($2)
Seat 4: Espada Fish (big blind) folded before Flop



PokerStars Hand #254615512909:  Hold'em No Limit ($0.50/$1.00 USD) - 2025/01/29 0:32:30 WET [2025/01/29 19:32:30 ET]
Table 'Conrada' 6-max Seat #3 is the button
Seat 2: theghost506 ($57.95 in chips) 
Seat 3: S3MPR3IGUAL ($101 in chips) 
Seat 4: Espada Fish ($100 in chips) 
Espada Fish: posts small blind $0.50
theghost506: posts big blind $1
*** HOLE CARDS ***
S3MPR3IGUAL: raises $1.20 to $2.20
Espada Fish: folds 
theghost506: folds 
Uncalled bet ($1.20) returned to S3MPR3IGUAL
S3MPR3IGUAL collected $2.50 from pot
S3MPR3IGUAL: doesn't show hand 
*** SUMMARY ***
Total pot $2.50 | Rake $0 
Seat 2: theghost506 (big blind) folded before Flop
Seat 3: S3MPR3IGUAL (button) collected ($2.50)
Seat 4: Espada Fish (small blind) folded before Flop



PokerStars Hand #254615518236:  Hold'em No Limit ($0.50/$1.00 USD) - 2025/01/29 0:32:57 WET [2025/01/29 19:32:57 ET]
Table 'Conrada' 6-max Seat #4 is the button
Seat 2: theghost506 ($56.95 in chips) 
Seat 3: S3MPR3IGUAL ($102.50 in chips) 
Seat 4: Espada Fish ($100 in chips) 
theghost506: posts small blind $0.50
S3MPR3IGUAL: posts big blind $1
*** HOLE CARDS ***
Espada Fish: raises $1.50 to $2.50
theghost506: folds 
S3MPR3IGUAL: folds 
Uncalled bet ($1.50) returned to Espada Fish
Espada Fish collected $2.50 from pot
Espada Fish: doesn't show hand 
*** SUMMARY ***
Total pot $2.50 | Rake $0 
Seat 2: theghost506 (small blind) folded before Flop
Seat 3: S3MPR3IGUAL (big blind) folded before Flop
Seat 4: Espada Fish (button) collected ($2.50)



PokerStars Hand #254615520447:  Hold'em No Limit ($0.50/$1.00 USD) - 2025/01/29 0:33:09 WET [2025/01/29 19:33:09 ET]
Table 'Conrada' 6-max Seat #2 is the button
Seat 2: theghost506 ($56.45 in chips) 
Seat 3: S3MPR3IGUAL ($101.50 in chips) 
Seat 4: Espada Fish ($101.50 in chips) 
S3MPR3IGUAL: posts small blind $0.50
Espada Fish: posts big blind $1
*** HOLE CARDS ***
theghost506: raises $1 to $2
S3MPR3IGUAL: folds 
Espada Fish: folds 
Uncalled bet ($1) returned to theghost506
theghost506 collected $2.50 from pot
theghost506: doesn't show hand 
*** SUMMARY ***
Total pot $2.50 | Rake $0 
Seat 2: theghost506 (button) collected ($2.50)
Seat 3: S3MPR3IGUAL (small blind) folded before Flop
Seat 4: Espada Fish (big blind) folded before Flop



PokerStars Hand #254615522798:  Hold'em No Limit ($0.50/$1.00 USD) - 2025/01/29 0:33:21 WET [2025/01/29 19:33:21 ET]
Table 'Conrada' 6-max Seat #3 is the button
Seat 2: theghost506 ($57.95 in chips) 
Seat 3: S3MPR3IGUAL ($101 in chips) 
Seat 4: Espada Fish ($100.50 in chips) 
Espada Fish: posts small blind $0.50
theghost506: posts big blind $1
*** HOLE CARDS ***
S3MPR3IGUAL: folds 
Espada Fish: folds 
Uncalled bet ($0.50) returned to theghost506
theghost506 collected $1 from pot
theghost506: doesn't show hand 
*** SUMMARY ***
Total pot $1 | Rake $0 
Seat 2: theghost506 (big blind) collected ($1)
Seat 3: S3MPR3IGUAL (button) folded before Flop (didn't bet)
Seat 4: Espada Fish (small blind) folded before Flop



PokerStars Hand #254615525356:  Hold'em No Limit ($0.50/$1.00 USD) - 2025/01/29 0:33:34 WET [2025/01/29 19:33:34 ET]
Table 'Conrada' 6-max Seat #4 is the button
Seat 2: theghost506 ($58.45 in chips) 
Seat 3: S3MPR3IGUAL ($101 in chips) 
Seat 4: Espada Fish ($100 in chips) 
theghost506: posts small blind $0.50
S3MPR3IGUAL: posts big blind $1
*** HOLE CARDS ***
Espada Fish: raises $1.50 to $2.50
theghost506: folds 
S3MPR3IGUAL: calls $1.50
*** FLOP *** [6s 5c 6c]
theghost506 leaves the table
S3MPR3IGUAL: checks 
Espada Fish: checks 
*** TURN *** [6s 5c 6c] [7d]
S3MPR3IGUAL: checks 
Espada Fish: bets $1.72
S3MPR3IGUAL: folds 
Uncalled bet ($1.72) returned to Espada Fish
Espada Fish collected $5.22 from pot
Espada Fish: doesn't show hand 
*** SUMMARY ***
Total pot $5.50 | Rake $0.28 
Board [6s 5c 6c 7d]
Seat 2: theghost506 (small blind) folded before Flop
Seat 3: S3MPR3IGUAL (big blind) folded on the Turn
Seat 4: Espada Fish (button) collected ($5.22)



PokerStars Hand #254615535170:  Hold'em No Limit ($0.50/$1.00 USD) - 2025/01/29 0:34:25 WET [2025/01/29 19:34:25 ET]
Table 'Conrada' 6-max Seat #3 is the button
Seat 3: S3MPR3IGUAL ($100 in chips) 
Seat 4: Espada Fish ($102.72 in chips) 
S3MPR3IGUAL: posts small blind $0.50
Espada Fish: posts big blind $1
*** HOLE CARDS ***
S3MPR3IGUAL: raises $2 to $3
Espada Fish: folds 
Uncalled bet ($2) returned to S3MPR3IGUAL
S3MPR3IGUAL collected $2 from pot
S3MPR3IGUAL: doesn't show hand 
*** SUMMARY ***
Total pot $2 | Rake $0 
Seat 3: S3MPR3IGUAL (button) (small blind) collected ($2)
Seat 4: Espada Fish (big blind) folded before Flop



