PokerStars Hand #254602261611:  Hold'em No Limit ($0.50/$1.00 USD) - 2025/01/29 3:32:21 WET [2025/01/28 22:32:21 ET]
Table 'Muscida' 6-max Seat #4 is the button
Seat 1: btop4887 ($114.97 in chips) 
Seat 2: ptolejmus ($22.90 in chips) 
Seat 3: DakaMadafaka87 ($53.75 in chips) 
Seat 4: MaRKiToScoK ($100 in chips) 
Seat 5: AlexEliseev7 ($104.10 in chips) 
Seat 6: BumHuntKing ($108.48 in chips) 
AlexEliseev7: posts small blind $0.50
BumHuntKing: posts big blind $1
*** HOLE CARDS ***
btop4887: calls $1
ptolejmus: folds 
DakaMadafaka87: folds 
MaRKiToScoK: raises $2.50 to $3.50
AlexEliseev7: folds 
BumHuntKing: folds 
btop4887: calls $2.50
*** FLOP *** [2s Qs Kd]
btop4887: checks 
MaRKiToScoK: checks 
*** TURN *** [2s Qs Kd] [3d]
btop4887: checks 
MaRKiToScoK: bets $6.06
btop4887: folds 
Uncalled bet ($6.06) returned to MaRKiToScoK
MaRKiToScoK collected $8.08 from pot
*** SUMMARY ***
Total pot $8.50 | Rake $0.42 
Board [2s Qs Kd 3d]
Seat 1: btop4887 folded on the Turn
Seat 2: ptolejmus folded before Flop (didn't bet)
Seat 3: DakaMadafaka87 folded before Flop (didn't bet)
Seat 4: MaRKiToScoK (button) collected ($8.08)
Seat 5: AlexEliseev7 (small blind) folded before Flop
Seat 6: BumHuntKing (big blind) folded before Flop



PokerStars Hand #254602266057:  Hold'em No Limit ($0.50/$1.00 USD) - 2025/01/29 3:32:59 WET [2025/01/28 22:32:59 ET]
Table 'Muscida' 6-max Seat #5 is the button
Seat 3: DakaMadafaka87 ($53.75 in chips) is sitting out
Seat 1: btop4887 ($111.47 in chips) 
Seat 2: ptolejmus ($22.90 in chips) 
Seat 4: MaRKiToScoK ($104.58 in chips) 
Seat 5: AlexEliseev7 ($103.60 in chips) 
Seat 6: BumHuntKing ($107.48 in chips) 
BumHuntKing: posts small blind $0.50
btop4887: posts big blind $1
*** HOLE CARDS ***
ptolejmus: folds 
MaRKiToScoK: raises $1.25 to $2.25
AlexEliseev7: folds 
BumHuntKing: folds 
btop4887: calls $1.25
*** FLOP *** [7s 7d As]
btop4887: checks 
MaRKiToScoK: bets $1.57
btop4887: raises $1.57 to $3.14
MaRKiToScoK: calls $1.57
*** TURN *** [7s 7d As] [3h]
btop4887: bets $4
MaRKiToScoK: calls $4
*** RIVER *** [7s 7d As 3h] [Qc]
btop4887: bets $6
MaRKiToScoK: folds 
Uncalled bet ($6) returned to btop4887
btop4887 collected $18.32 from pot
*** SUMMARY ***
Total pot $19.28 | Rake $0.96 
Board [7s 7d As 3h Qc]
Seat 3: DakaMadafaka87
Seat 1: btop4887 (big blind) collected ($18.32)
Seat 2: ptolejmus folded before Flop (didn't bet)
Seat 4: MaRKiToScoK folded on the River
Seat 5: AlexEliseev7 (button) folded before Flop (didn't bet)
Seat 6: BumHuntKing (small blind) folded before Flop



PokerStars Hand #254602270726:  Hold'em No Limit ($0.50/$1.00 USD) - 2025/01/29 3:33:38 WET [2025/01/28 22:33:38 ET]
Table 'Muscida' 6-max Seat #6 is the button
Seat 3: DakaMadafaka87 ($53.75 in chips) is sitting out
Seat 1: btop4887 ($120.40 in chips) 
Seat 2: ptolejmus ($22.90 in chips) 
Seat 4: MaRKiToScoK ($100 in chips) 
Seat 5: AlexEliseev7 ($103.60 in chips) 
Seat 6: BumHuntKing ($106.98 in chips) 
btop4887: posts small blind $0.50
ptolejmus: posts big blind $1
*** HOLE CARDS ***
MaRKiToScoK: folds 
AlexEliseev7: folds 
BumHuntKing: raises $1.50 to $2.50
btop4887: folds 
ptolejmus: folds 
Uncalled bet ($1.50) returned to BumHuntKing
BumHuntKing collected $2.50 from pot
BumHuntKing: doesn't show hand 
*** SUMMARY ***
Total pot $2.50 | Rake $0 
Seat 3: DakaMadafaka87
Seat 1: btop4887 (small blind) folded before Flop
Seat 2: ptolejmus (big blind) folded before Flop
Seat 4: MaRKiToScoK folded before Flop (didn't bet)
Seat 5: AlexEliseev7 folded before Flop (didn't bet)
Seat 6: BumHuntKing (button) collected ($2.50)



PokerStars Hand #254602272324:  Hold'em No Limit ($0.50/$1.00 USD) - 2025/01/29 3:33:51 WET [2025/01/28 22:33:51 ET]
Table 'Muscida' 6-max Seat #1 is the button
Seat 3: DakaMadafaka87 ($53.75 in chips) is sitting out
Seat 1: btop4887 ($119.90 in chips) 
Seat 2: ptolejmus ($21.90 in chips) 
Seat 4: MaRKiToScoK ($100 in chips) 
Seat 5: AlexEliseev7 ($103.60 in chips) 
Seat 6: BumHuntKing ($108.48 in chips) 
ptolejmus: posts small blind $0.50
MaRKiToScoK: posts big blind $1
*** HOLE CARDS ***
AlexEliseev7: raises $1.50 to $2.50
BumHuntKing: folds 
btop4887: calls $2.50
ptolejmus: folds 
MaRKiToScoK: raises $12 to $14.50
AlexEliseev7: folds 
btop4887: folds 
Uncalled bet ($12) returned to MaRKiToScoK
MaRKiToScoK collected $8 from pot
*** SUMMARY ***
Total pot $8 | Rake $0 
Seat 3: DakaMadafaka87
Seat 1: btop4887 (button) folded before Flop
Seat 2: ptolejmus (small blind) folded before Flop
Seat 4: MaRKiToScoK (big blind) collected ($8)
Seat 5: AlexEliseev7 folded before Flop
Seat 6: BumHuntKing folded before Flop (didn't bet)



PokerStars Hand #254602275029:  Hold'em No Limit ($0.50/$1.00 USD) - 2025/01/29 3:34:14 WET [2025/01/28 22:34:14 ET]
Table 'Muscida' 6-max Seat #2 is the button
Seat 3: DakaMadafaka87 ($53.75 in chips) is sitting out
Seat 1: btop4887 ($117.40 in chips) 
Seat 2: ptolejmus ($21.40 in chips) 
Seat 4: MaRKiToScoK ($105.50 in chips) 
Seat 5: AlexEliseev7 ($101.10 in chips) 
Seat 6: BumHuntKing ($108.48 in chips) 
MaRKiToScoK: posts small blind $0.50
AlexEliseev7: posts big blind $1
*** HOLE CARDS ***
BumHuntKing: folds 
btop4887: calls $1
ptolejmus: folds 
MaRKiToScoK: raises $4 to $5
AlexEliseev7: folds 
btop4887: folds 
Uncalled bet ($4) returned to MaRKiToScoK
MaRKiToScoK collected $3 from pot
*** SUMMARY ***
Total pot $3 | Rake $0 
Seat 3: DakaMadafaka87
Seat 1: btop4887 folded before Flop
Seat 2: ptolejmus (button) folded before Flop (didn't bet)
Seat 4: MaRKiToScoK (small blind) collected ($3)
Seat 5: AlexEliseev7 (big blind) folded before Flop
Seat 6: BumHuntKing folded before Flop (didn't bet)



PokerStars Hand #254602277042:  Hold'em No Limit ($0.50/$1.00 USD) - 2025/01/29 3:34:30 WET [2025/01/28 22:34:30 ET]
Table 'Muscida' 6-max Seat #4 is the button
Seat 3: DakaMadafaka87 ($53.75 in chips) is sitting out
Seat 1: btop4887 ($116.40 in chips) 
Seat 2: ptolejmus ($21.40 in chips) 
Seat 4: MaRKiToScoK ($107.50 in chips) 
Seat 5: AlexEliseev7 ($100.10 in chips) 
Seat 6: BumHuntKing ($108.48 in chips) 
AlexEliseev7: posts small blind $0.50
BumHuntKing: posts big blind $1
*** HOLE CARDS ***
btop4887: folds 
ptolejmus: folds 
MaRKiToScoK: folds 
AlexEliseev7: folds 
Uncalled bet ($0.50) returned to BumHuntKing
BumHuntKing collected $1 from pot
BumHuntKing: doesn't show hand 
*** SUMMARY ***
Total pot $1 | Rake $0 
Seat 3: DakaMadafaka87
Seat 1: btop4887 folded before Flop (didn't bet)
Seat 2: ptolejmus folded before Flop (didn't bet)
Seat 4: MaRKiToScoK (button) folded before Flop (didn't bet)
Seat 5: AlexEliseev7 (small blind) folded before Flop
Seat 6: BumHuntKing (big blind) collected ($1)



PokerStars Hand #254602278659:  Hold'em No Limit ($0.50/$1.00 USD) - 2025/01/29 3:34:43 WET [2025/01/28 22:34:43 ET]
Table 'Muscida' 6-max Seat #5 is the button
Seat 3: DakaMadafaka87 ($53.75 in chips) is sitting out
Seat 1: btop4887 ($116.40 in chips) 
Seat 2: ptolejmus ($21.40 in chips) 
Seat 4: MaRKiToScoK ($107.50 in chips) 
Seat 5: AlexEliseev7 ($100 in chips) 
Seat 6: BumHuntKing ($108.98 in chips) 
BumHuntKing: posts small blind $0.50
btop4887: posts big blind $1
*** HOLE CARDS ***
ptolejmus: folds 
MaRKiToScoK: folds 
AlexEliseev7: folds 
BumHuntKing: folds 
Uncalled bet ($0.50) returned to btop4887
btop4887 collected $1 from pot
*** SUMMARY ***
Total pot $1 | Rake $0 
Seat 3: DakaMadafaka87
Seat 1: btop4887 (big blind) collected ($1)
Seat 2: ptolejmus folded before Flop (didn't bet)
Seat 4: MaRKiToScoK folded before Flop (didn't bet)
Seat 5: AlexEliseev7 (button) folded before Flop (didn't bet)
Seat 6: BumHuntKing (small blind) folded before Flop



PokerStars Hand #254602280721:  Hold'em No Limit ($0.50/$1.00 USD) - 2025/01/29 3:35:00 WET [2025/01/28 22:35:00 ET]
Table 'Muscida' 6-max Seat #6 is the button
Seat 3: DakaMadafaka87 ($53.75 in chips) is sitting out
Seat 1: btop4887 ($116.90 in chips) 
Seat 2: ptolejmus ($21.40 in chips) 
Seat 4: MaRKiToScoK ($107.50 in chips) 
Seat 5: AlexEliseev7 ($100 in chips) 
Seat 6: BumHuntKing ($108.48 in chips) 
btop4887: posts small blind $0.50
ptolejmus: posts big blind $1
*** HOLE CARDS ***
MaRKiToScoK: folds 
AlexEliseev7: folds 
BumHuntKing: folds 
btop4887: raises $1 to $2
ptolejmus: folds 
Uncalled bet ($1) returned to btop4887
btop4887 collected $2 from pot
*** SUMMARY ***
Total pot $2 | Rake $0 
Seat 3: DakaMadafaka87
Seat 1: btop4887 (small blind) collected ($2)
Seat 2: ptolejmus (big blind) folded before Flop
Seat 4: MaRKiToScoK folded before Flop (didn't bet)
Seat 5: AlexEliseev7 folded before Flop (didn't bet)
Seat 6: BumHuntKing (button) folded before Flop (didn't bet)



PokerStars Hand #254602282259:  Hold'em No Limit ($0.50/$1.00 USD) - 2025/01/29 3:35:13 WET [2025/01/28 22:35:13 ET]
Table 'Muscida' 6-max Seat #1 is the button
Seat 3: DakaMadafaka87 ($53.75 in chips) is sitting out
Seat 1: btop4887 ($117.90 in chips) 
Seat 2: ptolejmus ($20.40 in chips) 
Seat 4: MaRKiToScoK ($107.50 in chips) 
Seat 5: AlexEliseev7 ($100 in chips) 
Seat 6: BumHuntKing ($108.48 in chips) 
ptolejmus: posts small blind $0.50
MaRKiToScoK: posts big blind $1
*** HOLE CARDS ***
AlexEliseev7: raises $1.50 to $2.50
BumHuntKing: folds 
btop4887: folds 
ptolejmus: folds 
MaRKiToScoK: folds 
Uncalled bet ($1.50) returned to AlexEliseev7
AlexEliseev7 collected $2.50 from pot
AlexEliseev7: doesn't show hand 
*** SUMMARY ***
Total pot $2.50 | Rake $0 
Seat 3: DakaMadafaka87
Seat 1: btop4887 (button) folded before Flop (didn't bet)
Seat 2: ptolejmus (small blind) folded before Flop
Seat 4: MaRKiToScoK (big blind) folded before Flop
Seat 5: AlexEliseev7 collected ($2.50)
Seat 6: BumHuntKing folded before Flop (didn't bet)



PokerStars Hand #254602284187:  Hold'em No Limit ($0.50/$1.00 USD) - 2025/01/29 3:35:29 WET [2025/01/28 22:35:29 ET]
Table 'Muscida' 6-max Seat #2 is the button
Seat 3: DakaMadafaka87 ($53.75 in chips) is sitting out
Seat 1: btop4887 ($117.90 in chips) 
Seat 2: ptolejmus ($19.90 in chips) 
Seat 4: MaRKiToScoK ($106.50 in chips) 
Seat 5: AlexEliseev7 ($101.50 in chips) 
Seat 6: BumHuntKing ($108.48 in chips) 
MaRKiToScoK: posts small blind $0.50
AlexEliseev7: posts big blind $1
*** HOLE CARDS ***
BumHuntKing: folds 
btop4887: raises $1 to $2
ptolejmus: folds 
MaRKiToScoK: folds 
AlexEliseev7: calls $1
*** FLOP *** [3c As Td]
AlexEliseev7: checks 
btop4887: bets $3
AlexEliseev7: folds 
Uncalled bet ($3) returned to btop4887
btop4887 collected $4.28 from pot
*** SUMMARY ***
Total pot $4.50 | Rake $0.22 
Board [3c As Td]
Seat 3: DakaMadafaka87
Seat 1: btop4887 collected ($4.28)
Seat 2: ptolejmus (button) folded before Flop (didn't bet)
Seat 4: MaRKiToScoK (small blind) folded before Flop
Seat 5: AlexEliseev7 (big blind) folded on the Flop
Seat 6: BumHuntKing folded before Flop (didn't bet)



PokerStars Hand #254602287424:  Hold'em No Limit ($0.50/$1.00 USD) - 2025/01/29 3:35:55 WET [2025/01/28 22:35:55 ET]
Table 'Muscida' 6-max Seat #4 is the button
Seat 3: DakaMadafaka87 ($53.75 in chips) is sitting out
Seat 1: btop4887 ($120.18 in chips) 
Seat 2: ptolejmus ($19.90 in chips) 
Seat 4: MaRKiToScoK ($106 in chips) 
Seat 5: AlexEliseev7 ($100 in chips) 
Seat 6: BumHuntKing ($108.48 in chips) 
AlexEliseev7: posts small blind $0.50
BumHuntKing: posts big blind $1
*** HOLE CARDS ***
btop4887: calls $1
ptolejmus: folds 
MaRKiToScoK: folds 
AlexEliseev7: folds 
BumHuntKing: checks 
*** FLOP *** [5c Th Jd]
BumHuntKing: checks 
btop4887: bets $1
DakaMadafaka87 is disconnected 
BumHuntKing: raises $3.50 to $4.50
btop4887: calls $3.50
*** TURN *** [5c Th Jd] [Kc]
BumHuntKing: bets $8.19
btop4887: raises $8.19 to $16.38
BumHuntKing: calls $8.19
*** RIVER *** [5c Th Jd Kc] [Ks]
BumHuntKing: checks 
btop4887: bets $21.03
BumHuntKing: folds 
Uncalled bet ($21.03) returned to btop4887
btop4887 collected $42.05 from pot
btop4887: shows [Qs 9d] (a straight, Nine to King)
*** SUMMARY ***
Total pot $44.26 | Rake $2.21 
Board [5c Th Jd Kc Ks]
Seat 3: DakaMadafaka87
Seat 1: btop4887 collected ($42.05)
Seat 2: ptolejmus folded before Flop (didn't bet)
Seat 4: MaRKiToScoK (button) folded before Flop (didn't bet)
Seat 5: AlexEliseev7 (small blind) folded before Flop
Seat 6: BumHuntKing (big blind) folded on the River



PokerStars Hand #254602294774:  Hold'em No Limit ($0.50/$1.00 USD) - 2025/01/29 3:36:56 WET [2025/01/28 22:36:56 ET]
Table 'Muscida' 6-max Seat #5 is the button
Seat 3: DakaMadafaka87 ($53.75 in chips) is sitting out
Seat 1: btop4887 ($140.35 in chips) 
Seat 2: ptolejmus ($19.90 in chips) 
Seat 4: MaRKiToScoK ($106 in chips) 
Seat 5: AlexEliseev7 ($100 in chips) 
Seat 6: BumHuntKing ($100 in chips) 
BumHuntKing: posts small blind $0.50
btop4887: posts big blind $1
*** HOLE CARDS ***
ptolejmus: folds 
MaRKiToScoK: folds 
AlexEliseev7: folds 
BumHuntKing: raises $2 to $3
btop4887: calls $2
*** FLOP *** [Ts 8s Kc]
BumHuntKing: checks 
btop4887: bets $2
BumHuntKing: folds 
Uncalled bet ($2) returned to btop4887
btop4887 collected $5.70 from pot
*** SUMMARY ***
Total pot $6 | Rake $0.30 
Board [Ts 8s Kc]
Seat 3: DakaMadafaka87
Seat 1: btop4887 (big blind) collected ($5.70)
Seat 2: ptolejmus folded before Flop (didn't bet)
Seat 4: MaRKiToScoK folded before Flop (didn't bet)
Seat 5: AlexEliseev7 (button) folded before Flop (didn't bet)
Seat 6: BumHuntKing (small blind) folded on the Flop



PokerStars Hand #254602298871:  Hold'em No Limit ($0.50/$1.00 USD) - 2025/01/29 3:37:30 WET [2025/01/28 22:37:30 ET]
Table 'Muscida' 6-max Seat #6 is the button
Seat 3: DakaMadafaka87 ($53.75 in chips) is sitting out
Seat 1: btop4887 ($143.05 in chips) 
Seat 2: ptolejmus ($19.90 in chips) 
Seat 4: MaRKiToScoK ($106 in chips) 
Seat 5: AlexEliseev7 ($100 in chips) 
Seat 6: BumHuntKing ($100 in chips) 
btop4887: posts small blind $0.50
ptolejmus: posts big blind $1
DakaMadafaka87: sits out 
*** HOLE CARDS ***
MaRKiToScoK: folds 
AlexEliseev7: raises $1.50 to $2.50
BumHuntKing: folds 
btop4887: calls $2
ptolejmus: folds 
*** FLOP *** [6c 9h 3h]
btop4887: bets $3
AlexEliseev7: folds 
Uncalled bet ($3) returned to btop4887
btop4887 collected $5.70 from pot
*** SUMMARY ***
Total pot $6 | Rake $0.30 
Board [6c 9h 3h]
Seat 3: DakaMadafaka87
Seat 1: btop4887 (small blind) collected ($5.70)
Seat 2: ptolejmus (big blind) folded before Flop
Seat 4: MaRKiToScoK folded before Flop (didn't bet)
Seat 5: AlexEliseev7 folded on the Flop
Seat 6: BumHuntKing (button) folded before Flop (didn't bet)



PokerStars Hand #254602303390:  Hold'em No Limit ($0.50/$1.00 USD) - 2025/01/29 3:38:08 WET [2025/01/28 22:38:08 ET]
Table 'Muscida' 6-max Seat #1 is the button
Seat 1: btop4887 ($146.25 in chips) 
Seat 2: ptolejmus ($18.90 in chips) 
Seat 3: DakaMadafaka87 ($53.75 in chips) 
Seat 4: MaRKiToScoK ($106 in chips) 
Seat 5: AlexEliseev7 ($100 in chips) 
Seat 6: BumHuntKing ($100 in chips) 
ptolejmus: posts small blind $0.50
DakaMadafaka87: posts big blind $1
*** HOLE CARDS ***
MaRKiToScoK: raises $1 to $2
AlexEliseev7: folds 
BumHuntKing: folds 
ptolejmus is disconnected 
btop4887: calls $2
ptolejmus has timed out while disconnected
ptolejmus: folds 
DakaMadafaka87: folds 
*** FLOP *** [5c Ad 3c]
MaRKiToScoK: checks 
btop4887: bets $1
MaRKiToScoK: calls $1
*** TURN *** [5c Ad 3c] [2h]
MaRKiToScoK: checks 
btop4887: bets $2
MaRKiToScoK: calls $2
*** RIVER *** [5c Ad 3c 2h] [Jc]
MaRKiToScoK: checks 
btop4887: bets $5
MaRKiToScoK: calls $5
*** SHOW DOWN ***
btop4887: shows [As 3d] (two pair, Aces and Threes)
MaRKiToScoK: shows [Jd Ac] (two pair, Aces and Jacks)
MaRKiToScoK collected $20.42 from pot
*** SUMMARY ***
Total pot $21.50 | Rake $1.08 
Board [5c Ad 3c 2h Jc]
Seat 1: btop4887 (button) showed [As 3d] and lost with two pair, Aces and Threes
Seat 2: ptolejmus (small blind) folded before Flop
Seat 3: DakaMadafaka87 (big blind) folded before Flop
Seat 4: MaRKiToScoK showed [Jd Ac] and won ($20.42) with two pair, Aces and Jacks
Seat 5: AlexEliseev7 folded before Flop (didn't bet)
Seat 6: BumHuntKing folded before Flop (didn't bet)



PokerStars Hand #254602311858:  Hold'em No Limit ($0.50/$1.00 USD) - 2025/01/29 3:39:20 WET [2025/01/28 22:39:20 ET]
Table 'Muscida' 6-max Seat #3 is the button
Seat 2: ptolejmus ($18.40 in chips) is sitting out
Seat 1: btop4887 ($136.25 in chips) 
Seat 3: DakaMadafaka87 ($52.75 in chips) 
Seat 4: MaRKiToScoK ($116.42 in chips) 
Seat 5: AlexEliseev7 ($100 in chips) 
Seat 6: BumHuntKing ($100 in chips) 
MaRKiToScoK: posts small blind $0.50
AlexEliseev7: posts big blind $1
*** HOLE CARDS ***
BumHuntKing: folds 
btop4887: raises $1 to $2
DakaMadafaka87: folds 
MaRKiToScoK: folds 
AlexEliseev7: folds 
Uncalled bet ($1) returned to btop4887
btop4887 collected $2.50 from pot
*** SUMMARY ***
Total pot $2.50 | Rake $0 
Seat 2: ptolejmus
Seat 1: btop4887 collected ($2.50)
Seat 3: DakaMadafaka87 (button) folded before Flop (didn't bet)
Seat 4: MaRKiToScoK (small blind) folded before Flop
Seat 5: AlexEliseev7 (big blind) folded before Flop
Seat 6: BumHuntKing folded before Flop (didn't bet)



PokerStars Hand #254602313627:  Hold'em No Limit ($0.50/$1.00 USD) - 2025/01/29 3:39:35 WET [2025/01/28 22:39:35 ET]
Table 'Muscida' 6-max Seat #4 is the button
Seat 2: ptolejmus ($18.40 in chips) is sitting out
Seat 1: btop4887 ($137.75 in chips) 
Seat 3: DakaMadafaka87 ($52.75 in chips) 
Seat 4: MaRKiToScoK ($115.92 in chips) 
Seat 5: AlexEliseev7 ($100 in chips) 
Seat 6: BumHuntKing ($100 in chips) 
AlexEliseev7: posts small blind $0.50
BumHuntKing: posts big blind $1
*** HOLE CARDS ***
btop4887: calls $1
DakaMadafaka87: folds 
MaRKiToScoK: raises $3 to $4
AlexEliseev7: folds 
BumHuntKing: folds 
btop4887: folds 
Uncalled bet ($3) returned to MaRKiToScoK
MaRKiToScoK collected $3.50 from pot
*** SUMMARY ***
Total pot $3.50 | Rake $0 
Seat 2: ptolejmus
Seat 1: btop4887 folded before Flop
Seat 3: DakaMadafaka87 folded before Flop (didn't bet)
Seat 4: MaRKiToScoK (button) collected ($3.50)
Seat 5: AlexEliseev7 (small blind) folded before Flop
Seat 6: BumHuntKing (big blind) folded before Flop



PokerStars Hand #254602316057:  Hold'em No Limit ($0.50/$1.00 USD) - 2025/01/29 3:39:56 WET [2025/01/28 22:39:56 ET]
Table 'Muscida' 6-max Seat #5 is the button
Seat 2: ptolejmus ($18.40 in chips) is sitting out
Seat 1: btop4887 ($136.75 in chips) 
Seat 3: DakaMadafaka87 ($52.75 in chips) 
Seat 4: MaRKiToScoK ($118.42 in chips) 
Seat 5: AlexEliseev7 ($100 in chips) 
Seat 6: BumHuntKing ($100 in chips) 
BumHuntKing: posts small blind $0.50
btop4887: posts big blind $1
*** HOLE CARDS ***
DakaMadafaka87: raises $1 to $2
MaRKiToScoK: folds 
AlexEliseev7: raises $4 to $6
BumHuntKing: folds 
btop4887: folds 
DakaMadafaka87: calls $4
*** FLOP *** [6h 7h Qd]
DakaMadafaka87: checks 
AlexEliseev7: bets $6.28
DakaMadafaka87: folds 
Uncalled bet ($6.28) returned to AlexEliseev7
AlexEliseev7 collected $12.82 from pot
AlexEliseev7: doesn't show hand 
*** SUMMARY ***
Total pot $13.50 | Rake $0.68 
Board [6h 7h Qd]
Seat 2: ptolejmus
Seat 1: btop4887 (big blind) folded before Flop
Seat 3: DakaMadafaka87 folded on the Flop
Seat 4: MaRKiToScoK folded before Flop (didn't bet)
Seat 5: AlexEliseev7 (button) collected ($12.82)
Seat 6: BumHuntKing (small blind) folded before Flop



PokerStars Hand #254602321522:  Hold'em No Limit ($0.50/$1.00 USD) - 2025/01/29 3:40:43 WET [2025/01/28 22:40:43 ET]
Table 'Muscida' 6-max Seat #6 is the button
Seat 2: ptolejmus ($18.40 in chips) is sitting out
Seat 1: btop4887 ($135.75 in chips) 
Seat 3: DakaMadafaka87 ($46.75 in chips) 
Seat 4: MaRKiToScoK ($118.42 in chips) 
Seat 5: AlexEliseev7 ($106.82 in chips) 
Seat 6: BumHuntKing ($100 in chips) 
btop4887: posts small blind $0.50
DakaMadafaka87: posts big blind $1
*** HOLE CARDS ***
MaRKiToScoK: folds 
AlexEliseev7: folds 
BumHuntKing: raises $1.50 to $2.50
btop4887: calls $2
DakaMadafaka87: folds 
*** FLOP *** [4h 2c 9c]
btop4887: checks 
BumHuntKing is disconnected 
BumHuntKing is connected 
BumHuntKing: checks 
*** TURN *** [4h 2c 9c] [Th]
btop4887: bets $1
BumHuntKing: calls $1
*** RIVER *** [4h 2c 9c Th] [4d]
btop4887: checks 
BumHuntKing: bets $3.80
btop4887: folds 
Uncalled bet ($3.80) returned to BumHuntKing
BumHuntKing collected $7.60 from pot
BumHuntKing: doesn't show hand 
*** SUMMARY ***
Total pot $8 | Rake $0.40 
Board [4h 2c 9c Th 4d]
Seat 2: ptolejmus
Seat 1: btop4887 (small blind) folded on the River
Seat 3: DakaMadafaka87 (big blind) folded before Flop
Seat 4: MaRKiToScoK folded before Flop (didn't bet)
Seat 5: AlexEliseev7 folded before Flop (didn't bet)
Seat 6: BumHuntKing (button) collected ($7.60)



PokerStars Hand #254602329342:  Hold'em No Limit ($0.50/$1.00 USD) - 2025/01/29 3:41:50 WET [2025/01/28 22:41:50 ET]
Table 'Muscida' 6-max Seat #1 is the button
Seat 2: ptolejmus ($18.40 in chips) is sitting out
Seat 1: btop4887 ($132.25 in chips) 
Seat 3: DakaMadafaka87 ($45.75 in chips) 
Seat 4: MaRKiToScoK ($118.42 in chips) 
Seat 5: AlexEliseev7 ($106.82 in chips) 
Seat 6: BumHuntKing ($104.10 in chips) 
DakaMadafaka87: posts small blind $0.50
MaRKiToScoK: posts big blind $1
*** HOLE CARDS ***
AlexEliseev7: folds 
BumHuntKing: folds 
btop4887: calls $1
DakaMadafaka87: folds 
MaRKiToScoK: raises $4 to $5
btop4887: folds 
Uncalled bet ($4) returned to MaRKiToScoK
MaRKiToScoK collected $2.50 from pot
*** SUMMARY ***
Total pot $2.50 | Rake $0 
Seat 2: ptolejmus
Seat 1: btop4887 (button) folded before Flop
Seat 3: DakaMadafaka87 (small blind) folded before Flop
Seat 4: MaRKiToScoK (big blind) collected ($2.50)
Seat 5: AlexEliseev7 folded before Flop (didn't bet)
Seat 6: BumHuntKing folded before Flop (didn't bet)



PokerStars Hand #254602332158:  Hold'em No Limit ($0.50/$1.00 USD) - 2025/01/29 3:42:14 WET [2025/01/28 22:42:14 ET]
Table 'Muscida' 6-max Seat #3 is the button
Seat 2: ptolejmus ($18.40 in chips) is sitting out
Seat 1: btop4887 ($131.25 in chips) 
Seat 3: DakaMadafaka87 ($45.25 in chips) 
Seat 4: MaRKiToScoK ($119.92 in chips) 
Seat 5: AlexEliseev7 ($106.82 in chips) 
Seat 6: BumHuntKing ($104.10 in chips) 
MaRKiToScoK: posts small blind $0.50
AlexEliseev7: posts big blind $1
*** HOLE CARDS ***
BumHuntKing: folds 
btop4887: calls $1
DakaMadafaka87: folds 
MaRKiToScoK: raises $4 to $5
AlexEliseev7: folds 
btop4887: raises $5 to $10
MaRKiToScoK: folds 
Uncalled bet ($5) returned to btop4887
btop4887 collected $11 from pot
*** SUMMARY ***
Total pot $11 | Rake $0 
Seat 2: ptolejmus
Seat 1: btop4887 collected ($11)
Seat 3: DakaMadafaka87 (button) folded before Flop (didn't bet)
Seat 4: MaRKiToScoK (small blind) folded before Flop
Seat 5: AlexEliseev7 (big blind) folded before Flop
Seat 6: BumHuntKing folded before Flop (didn't bet)



PokerStars Hand #254602336284:  Hold'em No Limit ($0.50/$1.00 USD) - 2025/01/29 3:42:49 WET [2025/01/28 22:42:49 ET]
Table 'Muscida' 6-max Seat #4 is the button
Seat 2: ptolejmus ($18.40 in chips) is sitting out
Seat 1: btop4887 ($137.25 in chips) 
Seat 3: DakaMadafaka87 ($45.25 in chips) 
Seat 4: MaRKiToScoK ($114.92 in chips) 
Seat 5: AlexEliseev7 ($105.82 in chips) 
Seat 6: BumHuntKing ($104.10 in chips) 
AlexEliseev7: posts small blind $0.50
BumHuntKing: posts big blind $1
ptolejmus: sits out 
*** HOLE CARDS ***
btop4887: raises $1 to $2
DakaMadafaka87: calls $2
MaRKiToScoK: folds 
AlexEliseev7: folds 
BumHuntKing: calls $1
*** FLOP *** [3s Tc 8d]
BumHuntKing: checks 
btop4887: checks 
DakaMadafaka87: checks 
*** TURN *** [3s Tc 8d] [7d]
BumHuntKing: checks 
btop4887: bets $2
DakaMadafaka87: calls $2
BumHuntKing: calls $2
*** RIVER *** [3s Tc 8d 7d] [2c]
BumHuntKing: checks 
btop4887: checks 
DakaMadafaka87: checks 
*** SHOW DOWN ***
BumHuntKing: shows [4s 4d] (a pair of Fours)
btop4887: shows [Qs 8c] (a pair of Eights)
DakaMadafaka87: mucks hand 
btop4887 collected $11.88 from pot
*** SUMMARY ***
Total pot $12.50 | Rake $0.62 
Board [3s Tc 8d 7d 2c]
Seat 2: ptolejmus
Seat 1: btop4887 showed [Qs 8c] and won ($11.88) with a pair of Eights
Seat 3: DakaMadafaka87 mucked
Seat 4: MaRKiToScoK (button) folded before Flop (didn't bet)
Seat 5: AlexEliseev7 (small blind) folded before Flop
Seat 6: BumHuntKing (big blind) showed [4s 4d] and lost with a pair of Fours



PokerStars Hand #254602343583:  Hold'em No Limit ($0.50/$1.00 USD) - 2025/01/29 3:43:52 WET [2025/01/28 22:43:52 ET]
Table 'Muscida' 6-max Seat #5 is the button
Seat 2: ptolejmus ($18.40 in chips) is sitting out
Seat 1: btop4887 ($145.13 in chips) 
Seat 3: DakaMadafaka87 ($41.25 in chips) 
Seat 4: MaRKiToScoK ($114.92 in chips) 
Seat 5: AlexEliseev7 ($105.32 in chips) 
Seat 6: BumHuntKing ($100.10 in chips) 
BumHuntKing: posts small blind $0.50
btop4887: posts big blind $1
ptolejmus: sits out 
*** HOLE CARDS ***
DakaMadafaka87: folds 
MaRKiToScoK: folds 
AlexEliseev7: raises $1.50 to $2.50
BumHuntKing: folds 
btop4887: calls $1.50
*** FLOP *** [5h Ks 7h]
btop4887: checks 
AlexEliseev7: checks 
*** TURN *** [5h Ks 7h] [Ah]
btop4887: checks 
AlexEliseev7: checks 
*** RIVER *** [5h Ks 7h Ah] [7d]
btop4887: checks 
AlexEliseev7: bets $7.88
btop4887: folds 
Uncalled bet ($7.88) returned to AlexEliseev7
AlexEliseev7 collected $5.22 from pot
AlexEliseev7: doesn't show hand 
*** SUMMARY ***
Total pot $5.50 | Rake $0.28 
Board [5h Ks 7h Ah 7d]
Seat 2: ptolejmus
Seat 1: btop4887 (big blind) folded on the River
Seat 3: DakaMadafaka87 folded before Flop (didn't bet)
Seat 4: MaRKiToScoK folded before Flop (didn't bet)
Seat 5: AlexEliseev7 (button) collected ($5.22)
Seat 6: BumHuntKing (small blind) folded before Flop



PokerStars Hand #254602350022:  Hold'em No Limit ($0.50/$1.00 USD) - 2025/01/29 3:44:46 WET [2025/01/28 22:44:46 ET]
Table 'Muscida' 6-max Seat #6 is the button
Seat 1: btop4887 ($142.63 in chips) 
Seat 2: ptolejmus ($18.40 in chips) 
Seat 3: DakaMadafaka87 ($41.25 in chips) 
Seat 4: MaRKiToScoK ($114.92 in chips) 
Seat 5: AlexEliseev7 ($108.04 in chips) 
Seat 6: BumHuntKing ($100 in chips) 
btop4887: posts small blind $0.50
ptolejmus: posts big blind $1
*** HOLE CARDS ***
DakaMadafaka87: folds 
MaRKiToScoK: raises $1 to $2
AlexEliseev7: raises $4.50 to $6.50
BumHuntKing: folds 
btop4887: folds 
ptolejmus: folds 
MaRKiToScoK: calls $4.50
*** FLOP *** [2s 9d Qd]
btop4887 leaves the table
MaRKiToScoK: checks 
w0o0rdup joins the table at seat #1 
w0o0rdup is disconnected 
AlexEliseev7: checks 
*** TURN *** [2s 9d Qd] [4h]
MaRKiToScoK: checks 
AlexEliseev7: bets $4.55
MaRKiToScoK: folds 
Uncalled bet ($4.55) returned to AlexEliseev7
AlexEliseev7 collected $13.78 from pot
AlexEliseev7: doesn't show hand 
*** SUMMARY ***
Total pot $14.50 | Rake $0.72 
Board [2s 9d Qd 4h]
Seat 1: btop4887 (small blind) folded before Flop
Seat 2: ptolejmus (big blind) folded before Flop
Seat 3: DakaMadafaka87 folded before Flop (didn't bet)
Seat 4: MaRKiToScoK folded on the Turn
Seat 5: AlexEliseev7 collected ($13.78)
Seat 6: BumHuntKing (button) folded before Flop (didn't bet)



PokerStars Hand #254602359372:  Hold'em No Limit ($0.50/$1.00 USD) - 2025/01/29 3:46:06 WET [2025/01/28 22:46:06 ET]
Table 'Muscida' 6-max Seat #2 is the button
Seat 1: w0o0rdup ($10 in chips) 
Seat 2: ptolejmus ($17.40 in chips) 
Seat 3: DakaMadafaka87 ($41.25 in chips) 
Seat 4: MaRKiToScoK ($108.42 in chips) 
Seat 5: AlexEliseev7 ($115.32 in chips) 
Seat 6: BumHuntKing ($100 in chips) 
DakaMadafaka87: posts small blind $0.50
MaRKiToScoK: posts big blind $1
w0o0rdup: posts big blind $1
*** HOLE CARDS ***
AlexEliseev7: folds 
BumHuntKing: folds 
w0o0rdup: checks 
ptolejmus: folds 
DakaMadafaka87: folds 
MaRKiToScoK: checks 
*** FLOP *** [Kd Qd 6d]
MaRKiToScoK: checks 
w0o0rdup: bets $2
MaRKiToScoK: raises $2 to $4
w0o0rdup: folds 
Uncalled bet ($2) returned to MaRKiToScoK
MaRKiToScoK collected $6.18 from pot
*** SUMMARY ***
Total pot $6.50 | Rake $0.32 
Board [Kd Qd 6d]
Seat 1: w0o0rdup folded on the Flop
Seat 2: ptolejmus (button) folded before Flop (didn't bet)
Seat 3: DakaMadafaka87 (small blind) folded before Flop
Seat 4: MaRKiToScoK (big blind) collected ($6.18)
Seat 5: AlexEliseev7 folded before Flop (didn't bet)
Seat 6: BumHuntKing folded before Flop (didn't bet)



PokerStars Hand #254602363272:  Hold'em No Limit ($0.50/$1.00 USD) - 2025/01/29 3:46:40 WET [2025/01/28 22:46:40 ET]
Table 'Muscida' 6-max Seat #3 is the button
Seat 1: w0o0rdup ($7 in chips) 
Seat 2: ptolejmus ($17.40 in chips) 
Seat 3: DakaMadafaka87 ($40.75 in chips) 
Seat 4: MaRKiToScoK ($111.60 in chips) 
Seat 5: AlexEliseev7 ($115.32 in chips) 
Seat 6: BumHuntKing ($100 in chips) 
MaRKiToScoK: posts small blind $0.50
AlexEliseev7: posts big blind $1
*** HOLE CARDS ***
BumHuntKing: raises $1.20 to $2.20
w0o0rdup: raises $1.20 to $3.40
ptolejmus: folds 
DakaMadafaka87: folds 
MaRKiToScoK: folds 
AlexEliseev7: folds 
BumHuntKing: calls $1.20
*** FLOP *** [9c Kd 2s]
BumHuntKing: checks 
w0o0rdup: bets $3.60 and is all-in
BumHuntKing: folds 
Uncalled bet ($3.60) returned to w0o0rdup
w0o0rdup collected $7.88 from pot
*** SUMMARY ***
Total pot $8.30 | Rake $0.42 
Board [9c Kd 2s]
Seat 1: w0o0rdup collected ($7.88)
Seat 2: ptolejmus folded before Flop (didn't bet)
Seat 3: DakaMadafaka87 (button) folded before Flop (didn't bet)
Seat 4: MaRKiToScoK (small blind) folded before Flop
Seat 5: AlexEliseev7 (big blind) folded before Flop
Seat 6: BumHuntKing folded on the Flop



PokerStars Hand #254602368855:  Hold'em No Limit ($0.50/$1.00 USD) - 2025/01/29 3:47:28 WET [2025/01/28 22:47:28 ET]
Table 'Muscida' 6-max Seat #4 is the button
Seat 1: w0o0rdup ($11.48 in chips) 
Seat 2: ptolejmus ($17.40 in chips) 
Seat 3: DakaMadafaka87 ($40.75 in chips) 
Seat 4: MaRKiToScoK ($111.10 in chips) 
Seat 5: AlexEliseev7 ($114.32 in chips) 
Seat 6: BumHuntKing ($100 in chips) 
AlexEliseev7: posts small blind $0.50
BumHuntKing: posts big blind $1
*** HOLE CARDS ***
w0o0rdup: calls $1
ptolejmus: folds 
DakaMadafaka87: folds 
MaRKiToScoK: folds 
AlexEliseev7: folds 
BumHuntKing: checks 
*** FLOP *** [7h 4s 4h]
BumHuntKing: checks 
w0o0rdup: bets $1
BumHuntKing: calls $1
*** TURN *** [7h 4s 4h] [Ah]
BumHuntKing: checks 
w0o0rdup: bets $2
BumHuntKing: calls $2
*** RIVER *** [7h 4s 4h Ah] [8d]
BumHuntKing: checks 
w0o0rdup: bets $3
BumHuntKing: calls $3
*** SHOW DOWN ***
w0o0rdup: shows [5h Ad] (two pair, Aces and Fours)
BumHuntKing: mucks hand 
w0o0rdup collected $13.78 from pot
*** SUMMARY ***
Total pot $14.50 | Rake $0.72 
Board [7h 4s 4h Ah 8d]
Seat 1: w0o0rdup showed [5h Ad] and won ($13.78) with two pair, Aces and Fours
Seat 2: ptolejmus folded before Flop (didn't bet)
Seat 3: DakaMadafaka87 folded before Flop (didn't bet)
Seat 4: MaRKiToScoK (button) folded before Flop (didn't bet)
Seat 5: AlexEliseev7 (small blind) folded before Flop
Seat 6: BumHuntKing (big blind) mucked



PokerStars Hand #254602373540:  Hold'em No Limit ($0.50/$1.00 USD) - 2025/01/29 3:48:08 WET [2025/01/28 22:48:08 ET]
Table 'Muscida' 6-max Seat #5 is the button
Seat 1: w0o0rdup ($18.26 in chips) 
Seat 2: ptolejmus ($17.40 in chips) 
Seat 3: DakaMadafaka87 ($40.75 in chips) 
Seat 4: MaRKiToScoK ($111.10 in chips) 
Seat 5: AlexEliseev7 ($113.82 in chips) 
Seat 6: BumHuntKing ($100 in chips) 
BumHuntKing: posts small blind $0.50
w0o0rdup: posts big blind $1
*** HOLE CARDS ***
ptolejmus: raises $1 to $2
DakaMadafaka87: folds 
MaRKiToScoK: calls $2
AlexEliseev7: folds 
BumHuntKing: folds 
w0o0rdup: calls $1
*** FLOP *** [8s Tc 7c]
w0o0rdup: bets $1
ptolejmus: raises $14.40 to $15.40 and is all-in
MaRKiToScoK: folds 
w0o0rdup: folds 
Uncalled bet ($14.40) returned to ptolejmus
ptolejmus collected $8.08 from pot
*** SUMMARY ***
Total pot $8.50 | Rake $0.42 
Board [8s Tc 7c]
Seat 1: w0o0rdup (big blind) folded on the Flop
Seat 2: ptolejmus collected ($8.08)
Seat 3: DakaMadafaka87 folded before Flop (didn't bet)
Seat 4: MaRKiToScoK folded on the Flop
Seat 5: AlexEliseev7 (button) folded before Flop (didn't bet)
Seat 6: BumHuntKing (small blind) folded before Flop



PokerStars Hand #254602378673:  Hold'em No Limit ($0.50/$1.00 USD) - 2025/01/29 3:48:51 WET [2025/01/28 22:48:51 ET]
Table 'Muscida' 6-max Seat #6 is the button
Seat 1: w0o0rdup ($15.26 in chips) 
Seat 2: ptolejmus ($22.48 in chips) 
Seat 3: DakaMadafaka87 ($40.75 in chips) 
Seat 4: MaRKiToScoK ($109.10 in chips) 
Seat 5: AlexEliseev7 ($113.82 in chips) 
Seat 6: BumHuntKing ($100 in chips) 
w0o0rdup: posts small blind $0.50
ptolejmus: posts big blind $1
*** HOLE CARDS ***
DakaMadafaka87: raises $2 to $3
MaRKiToScoK: folds 
AlexEliseev7: folds 
BumHuntKing: calls $3
w0o0rdup: folds 
ptolejmus: calls $2
*** FLOP *** [2c 9s 7c]
ptolejmus: checks 
DakaMadafaka87: checks 
BumHuntKing: bets $2.98
ptolejmus: folds 
DakaMadafaka87: calls $2.98
*** TURN *** [2c 9s 7c] [As]
DakaMadafaka87: checks 
BumHuntKing: bets $7.35
DakaMadafaka87: folds 
Uncalled bet ($7.35) returned to BumHuntKing
BumHuntKing collected $14.69 from pot
BumHuntKing: doesn't show hand 
*** SUMMARY ***
Total pot $15.46 | Rake $0.77 
Board [2c 9s 7c As]
Seat 1: w0o0rdup (small blind) folded before Flop
Seat 2: ptolejmus (big blind) folded on the Flop
Seat 3: DakaMadafaka87 folded on the Turn
Seat 4: MaRKiToScoK folded before Flop (didn't bet)
Seat 5: AlexEliseev7 folded before Flop (didn't bet)
Seat 6: BumHuntKing (button) collected ($14.69)



PokerStars Hand #254602384559:  Hold'em No Limit ($0.50/$1.00 USD) - 2025/01/29 3:49:42 WET [2025/01/28 22:49:42 ET]
Table 'Muscida' 6-max Seat #1 is the button
Seat 1: w0o0rdup ($14.76 in chips) 
Seat 2: ptolejmus ($19.48 in chips) 
Seat 3: DakaMadafaka87 ($34.77 in chips) 
Seat 4: MaRKiToScoK ($109.10 in chips) 
Seat 5: AlexEliseev7 ($113.82 in chips) 
Seat 6: BumHuntKing ($108.71 in chips) 
ptolejmus: posts small blind $0.50
DakaMadafaka87: posts big blind $1
*** HOLE CARDS ***
MaRKiToScoK: folds 
AlexEliseev7: raises $1.50 to $2.50
BumHuntKing: calls $2.50
w0o0rdup: calls $2.50
ptolejmus: folds 
DakaMadafaka87: calls $1.50
*** FLOP *** [6h 9s Ad]
DakaMadafaka87: checks 
AlexEliseev7: bets $3.29
BumHuntKing: folds 
w0o0rdup: folds 
DakaMadafaka87: folds 
Uncalled bet ($3.29) returned to AlexEliseev7
AlexEliseev7 collected $9.98 from pot
AlexEliseev7: doesn't show hand 
*** SUMMARY ***
Total pot $10.50 | Rake $0.52 
Board [6h 9s Ad]
Seat 1: w0o0rdup (button) folded on the Flop
Seat 2: ptolejmus (small blind) folded before Flop
Seat 3: DakaMadafaka87 (big blind) folded on the Flop
Seat 4: MaRKiToScoK folded before Flop (didn't bet)
Seat 5: AlexEliseev7 collected ($9.98)
Seat 6: BumHuntKing folded on the Flop



PokerStars Hand #254602390334:  Hold'em No Limit ($0.50/$1.00 USD) - 2025/01/29 3:50:33 WET [2025/01/28 22:50:33 ET]
Table 'Muscida' 6-max Seat #2 is the button
Seat 1: w0o0rdup ($12.26 in chips) 
Seat 2: ptolejmus ($18.98 in chips) 
Seat 3: DakaMadafaka87 ($32.27 in chips) 
Seat 4: MaRKiToScoK ($109.10 in chips) 
Seat 5: AlexEliseev7 ($121.30 in chips) 
Seat 6: BumHuntKing ($106.21 in chips) 
DakaMadafaka87: posts small blind $0.50
MaRKiToScoK: posts big blind $1
*** HOLE CARDS ***
AlexEliseev7: folds 
BumHuntKing: folds 
w0o0rdup: raises $1 to $2
ptolejmus: folds 
DakaMadafaka87: folds 
MaRKiToScoK: calls $1
*** FLOP *** [2c Ks 2d]
MaRKiToScoK: checks 
w0o0rdup: bets $2
MaRKiToScoK: folds 
Uncalled bet ($2) returned to w0o0rdup
w0o0rdup collected $4.28 from pot
*** SUMMARY ***
Total pot $4.50 | Rake $0.22 
Board [2c Ks 2d]
Seat 1: w0o0rdup collected ($4.28)
Seat 2: ptolejmus (button) folded before Flop (didn't bet)
Seat 3: DakaMadafaka87 (small blind) folded before Flop
Seat 4: MaRKiToScoK (big blind) folded on the Flop
Seat 5: AlexEliseev7 folded before Flop (didn't bet)
Seat 6: BumHuntKing folded before Flop (didn't bet)



PokerStars Hand #254602394738:  Hold'em No Limit ($0.50/$1.00 USD) - 2025/01/29 3:51:10 WET [2025/01/28 22:51:10 ET]
Table 'Muscida' 6-max Seat #3 is the button
Seat 1: w0o0rdup ($14.54 in chips) 
Seat 2: ptolejmus ($18.98 in chips) 
Seat 3: DakaMadafaka87 ($31.77 in chips) 
Seat 4: MaRKiToScoK ($107.10 in chips) 
Seat 5: AlexEliseev7 ($121.30 in chips) 
Seat 6: BumHuntKing ($106.21 in chips) 
MaRKiToScoK: posts small blind $0.50
AlexEliseev7: posts big blind $1
*** HOLE CARDS ***
BumHuntKing: folds 
w0o0rdup: folds 
ptolejmus: raises $1 to $2
DakaMadafaka87: folds 
MaRKiToScoK: folds 
AlexEliseev7: folds 
Uncalled bet ($1) returned to ptolejmus
DakaMadafaka87 leaves the table
ptolejmus collected $2.50 from pot
*** SUMMARY ***
Total pot $2.50 | Rake $0 
Seat 1: w0o0rdup folded before Flop (didn't bet)
Seat 2: ptolejmus collected ($2.50)
Seat 3: DakaMadafaka87 (button) folded before Flop (didn't bet)
Seat 4: MaRKiToScoK (small blind) folded before Flop
Seat 5: AlexEliseev7 (big blind) folded before Flop
Seat 6: BumHuntKing folded before Flop (didn't bet)



PokerStars Hand #254602397340:  Hold'em No Limit ($0.50/$1.00 USD) - 2025/01/29 3:51:33 WET [2025/01/28 22:51:33 ET]
Table 'Muscida' 6-max Seat #4 is the button
Seat 1: w0o0rdup ($14.54 in chips) 
Seat 2: ptolejmus ($20.48 in chips) 
Seat 4: MaRKiToScoK ($106.60 in chips) 
Seat 5: AlexEliseev7 ($120.30 in chips) 
Seat 6: BumHuntKing ($106.21 in chips) 
AlexEliseev7: posts small blind $0.50
BumHuntKing: posts big blind $1
*** HOLE CARDS ***
w0o0rdup: raises $2 to $3
ptolejmus: folds 
MaRKiToScoK: folds 
AlexEliseev7: folds 
BumHuntKing: folds 
Uncalled bet ($2) returned to w0o0rdup
w0o0rdup collected $2.50 from pot
*** SUMMARY ***
Total pot $2.50 | Rake $0 
Seat 1: w0o0rdup collected ($2.50)
Seat 2: ptolejmus folded before Flop (didn't bet)
Seat 4: MaRKiToScoK (button) folded before Flop (didn't bet)
Seat 5: AlexEliseev7 (small blind) folded before Flop
Seat 6: BumHuntKing (big blind) folded before Flop



PokerStars Hand #254602399757:  Hold'em No Limit ($0.50/$1.00 USD) - 2025/01/29 3:51:54 WET [2025/01/28 22:51:54 ET]
Table 'Muscida' 6-max Seat #5 is the button
Seat 1: w0o0rdup ($16.04 in chips) 
Seat 2: ptolejmus ($20.48 in chips) 
Seat 4: MaRKiToScoK ($106.60 in chips) 
Seat 5: AlexEliseev7 ($119.80 in chips) 
Seat 6: BumHuntKing ($105.21 in chips) 
BumHuntKing: posts small blind $0.50
w0o0rdup: posts big blind $1
*** HOLE CARDS ***
ptolejmus: raises $1 to $2
MaRKiToScoK: raises $4 to $6
AlexEliseev7: folds 
7bekon7 joins the table at seat #3 
BumHuntKing: folds 
w0o0rdup: folds 
ptolejmus: folds 
Uncalled bet ($4) returned to MaRKiToScoK
MaRKiToScoK collected $5.50 from pot
*** SUMMARY ***
Total pot $5.50 | Rake $0 
Seat 1: w0o0rdup (big blind) folded before Flop
Seat 2: ptolejmus folded before Flop
Seat 4: MaRKiToScoK collected ($5.50)
Seat 5: AlexEliseev7 (button) folded before Flop (didn't bet)
Seat 6: BumHuntKing (small blind) folded before Flop



PokerStars Hand #254602402837:  Hold'em No Limit ($0.50/$1.00 USD) - 2025/01/29 3:52:21 WET [2025/01/28 22:52:21 ET]
Table 'Muscida' 6-max Seat #6 is the button
Seat 3: 7bekon7 ($105 in chips) is sitting out
Seat 1: w0o0rdup ($15.04 in chips) 
Seat 2: ptolejmus ($18.48 in chips) 
Seat 4: MaRKiToScoK ($110.10 in chips) 
Seat 5: AlexEliseev7 ($119.80 in chips) 
Seat 6: BumHuntKing ($104.71 in chips) 
w0o0rdup: posts small blind $0.50
ptolejmus: posts big blind $1
7bekon7: sits out 
*** HOLE CARDS ***
MaRKiToScoK: raises $1 to $2
AlexEliseev7: folds 
BumHuntKing: folds 
w0o0rdup: calls $1.50
ptolejmus: folds 
*** FLOP *** [Tc 4h 5d]
w0o0rdup: bets $2
MaRKiToScoK: calls $2
*** TURN *** [Tc 4h 5d] [8h]
w0o0rdup: bets $3
MaRKiToScoK: calls $3
*** RIVER *** [Tc 4h 5d 8h] [2c]
w0o0rdup: bets $8.04 and is all-in
MaRKiToScoK: calls $8.04
*** SHOW DOWN ***
w0o0rdup: shows [3h 6s] (a straight, Deuce to Six)
MaRKiToScoK: shows [7s 7c] (a pair of Sevens)
w0o0rdup collected $29.53 from pot
*** SUMMARY ***
Total pot $31.08 | Rake $1.55 
Board [Tc 4h 5d 8h 2c]
Seat 3: 7bekon7
Seat 1: w0o0rdup (small blind) showed [3h 6s] and won ($29.53) with a straight, Deuce to Six
Seat 2: ptolejmus (big blind) folded before Flop
Seat 4: MaRKiToScoK showed [7s 7c] and lost with a pair of Sevens
Seat 5: AlexEliseev7 folded before Flop (didn't bet)
Seat 6: BumHuntKing (button) folded before Flop (didn't bet)



