PokerStars Hand #254611176917:  Hold'em No Limit ($0.50/$1.00 USD) - 2025/01/29 19:54:59 WET [2025/01/29 14:54:59 ET]
Table 'Nocturna' 6-max Seat #4 is the button
Seat 2: henri789 ($100 in chips) is sitting out
Seat 1: laloo246 ($100 in chips) 
Seat 3: Supermegopro ($104.20 in chips) 
Seat 4: JQdeN87 ($96.50 in chips) 
Seat 5: paramourx ($100 in chips) 
Seat 6: DL1B ($100 in chips) 
paramourx: posts small blind $0.50
DL1B: posts big blind $1
henri789: sits out 
*** HOLE CARDS ***
laloo246: folds 
Supermegopro: raises $1.50 to $2.50
JQdeN87: folds 
JQdeN87 leaves the table
paramourx: folds 
DL1B: folds 
Uncalled bet ($1.50) returned to Supermegopro
Supermegopro collected $2.50 from pot
Supermegopro: doesn't show hand 
*** SUMMARY ***
Total pot $2.50 | Rake $0 
Seat 2: henri789
Seat 1: laloo246 folded before Flop (didn't bet)
Seat 3: Supermegopro collected ($2.50)
Seat 4: JQdeN87 (button) folded before Flop (didn't bet)
Seat 5: paramourx (small blind) folded before Flop
Seat 6: DL1B (big blind) folded before Flop



PokerStars Hand #254611179799:  Hold'em No Limit ($0.50/$1.00 USD) - 2025/01/29 19:55:12 WET [2025/01/29 14:55:12 ET]
Table 'Nocturna' 6-max Seat #5 is the button
Seat 2: henri789 ($100 in chips) is sitting out
Seat 1: laloo246 ($100 in chips) 
Seat 3: Supermegopro ($105.70 in chips) 
Seat 5: paramourx ($100 in chips) 
Seat 6: DL1B ($100 in chips) 
DL1B: posts small blind $0.50
laloo246: posts big blind $1
henri789: sits out 
*** HOLE CARDS ***
Supermegopro: raises $1.50 to $2.50
paramourx: raises $5 to $7.50
DL1B: folds 
laloo246: folds 
R.M.Farcas joins the table at seat #4 
Supermegopro: folds 
Uncalled bet ($5) returned to paramourx
paramourx collected $6.50 from pot
paramourx: doesn't show hand 
*** SUMMARY ***
Total pot $6.50 | Rake $0 
Seat 2: henri789
Seat 1: laloo246 (big blind) folded before Flop
Seat 3: Supermegopro folded before Flop
Seat 5: paramourx (button) collected ($6.50)
Seat 6: DL1B (small blind) folded before Flop



PokerStars Hand #254611184012:  Hold'em No Limit ($0.50/$1.00 USD) - 2025/01/29 19:55:34 WET [2025/01/29 14:55:34 ET]
Table 'Nocturna' 6-max Seat #6 is the button
Seat 4: R.M.Farcas ($80 in chips) is sitting out
Seat 1: laloo246 ($100 in chips) 
Seat 2: henri789 ($100 in chips) 
Seat 3: Supermegopro ($103.20 in chips) 
Seat 5: paramourx ($104 in chips) 
Seat 6: DL1B ($100 in chips) 
laloo246: posts small blind $0.50
henri789: posts big blind $1
R.M.Farcas: sits out 
*** HOLE CARDS ***
Supermegopro: folds 
paramourx: folds 
Supermegopro leaves the table
Stuebi1414 joins the table at seat #3 
Stuebi1414 is disconnected 
DL1B: folds 
laloo246: folds 
Uncalled bet ($0.50) returned to henri789
henri789 collected $1 from pot
henri789: doesn't show hand 
*** SUMMARY ***
Total pot $1 | Rake $0 
Seat 4: R.M.Farcas
Seat 1: laloo246 (small blind) folded before Flop
Seat 2: henri789 (big blind) collected ($1)
Seat 3: Supermegopro folded before Flop (didn't bet)
Seat 5: paramourx folded before Flop (didn't bet)
Seat 6: DL1B (button) folded before Flop (didn't bet)



PokerStars Hand #254611187253:  Hold'em No Limit ($0.50/$1.00 USD) - 2025/01/29 19:55:50 WET [2025/01/29 14:55:50 ET]
Table 'Nocturna' 6-max Seat #1 is the button
Seat 4: R.M.Farcas ($80 in chips) is sitting out
Seat 1: laloo246 ($100 in chips) 
Seat 2: henri789 ($100.50 in chips) 
Seat 3: Stuebi1414 ($42.87 in chips) 
Seat 5: paramourx ($104 in chips) 
Seat 6: DL1B ($100 in chips) 
henri789: posts small blind $0.50
Stuebi1414: posts big blind $1
R.M.Farcas: sits out 
*** HOLE CARDS ***
paramourx: folds 
DL1B: folds 
laloo246: folds 
henri789: raises $2 to $3
Stuebi1414: calls $2
*** FLOP *** [6c 8s As]
henri789: bets $1.88
Stuebi1414: calls $1.88
*** TURN *** [6c 8s As] [3d]
henri789: bets $6.49
Stuebi1414: calls $6.49
*** RIVER *** [6c 8s As 3d] [9h]
henri789: checks 
Stuebi1414: bets $31.50 and is all-in
henri789: calls $31.50
*** SHOW DOWN ***
Stuebi1414: shows [Ks 2s] (high card Ace)
henri789: shows [Js Ac] (a pair of Aces)
henri789 collected $83.24 from pot
*** SUMMARY ***
Total pot $85.74 | Rake $2.50 
Board [6c 8s As 3d 9h]
Seat 4: R.M.Farcas
Seat 1: laloo246 (button) folded before Flop (didn't bet)
Seat 2: henri789 (small blind) showed [Js Ac] and won ($83.24) with a pair of Aces
Seat 3: Stuebi1414 (big blind) showed [Ks 2s] and lost with high card Ace
Seat 5: paramourx folded before Flop (didn't bet)
Seat 6: DL1B folded before Flop (didn't bet)



PokerStars Hand #254611203423:  Hold'em No Limit ($0.50/$1.00 USD) - 2025/01/29 19:57:10 WET [2025/01/29 14:57:10 ET]
Table 'Nocturna' 6-max Seat #2 is the button
Seat 3: Stuebi1414 ($0 in chips) is sitting out
Seat 4: R.M.Farcas ($80 in chips) is sitting out
Seat 1: laloo246 ($100 in chips) 
Seat 2: henri789 ($140.87 in chips) 
Seat 5: paramourx ($104 in chips) 
Seat 6: DL1B ($100 in chips) 
paramourx: posts small blind $0.50
DL1B: posts big blind $1
*** HOLE CARDS ***
laloo246: folds 
henri789: folds 
paramourx: folds 
Uncalled bet ($0.50) returned to DL1B
DL1B collected $1 from pot
DL1B: doesn't show hand 
*** SUMMARY ***
Total pot $1 | Rake $0 
Seat 3: Stuebi1414
Seat 4: R.M.Farcas
Seat 1: laloo246 folded before Flop (didn't bet)
Seat 2: henri789 (button) folded before Flop (didn't bet)
Seat 5: paramourx (small blind) folded before Flop
Seat 6: DL1B (big blind) collected ($1)



PokerStars Hand #254611205537:  Hold'em No Limit ($0.50/$1.00 USD) - 2025/01/29 19:57:20 WET [2025/01/29 14:57:20 ET]
Table 'Nocturna' 6-max Seat #5 is the button
Seat 1: laloo246 ($100 in chips) is sitting out
Seat 3: Stuebi1414 ($0 in chips) is sitting out
Seat 4: R.M.Farcas ($80 in chips) is sitting out
Seat 2: henri789 ($140.87 in chips) 
Seat 5: paramourx ($103.50 in chips) 
Seat 6: DL1B ($100.50 in chips) 
DL1B: posts small blind $0.50
laloo246: is sitting out 
henri789: posts big blind $1
R.M.Farcas: sits out 
*** HOLE CARDS ***
paramourx: folds 
DL1B: folds 
Uncalled bet ($0.50) returned to henri789
henri789 collected $1 from pot
henri789: doesn't show hand 
*** SUMMARY ***
Total pot $1 | Rake $0 
Seat 1: laloo246
Seat 3: Stuebi1414
Seat 4: R.M.Farcas
Seat 2: henri789 (big blind) collected ($1)
Seat 5: paramourx (button) folded before Flop (didn't bet)
Seat 6: DL1B (small blind) folded before Flop



PokerStars Hand #254611208206:  Hold'em No Limit ($0.50/$1.00 USD) - 2025/01/29 19:57:33 WET [2025/01/29 14:57:33 ET]
Table 'Nocturna' 6-max Seat #6 is the button
Seat 1: laloo246 ($100 in chips) is sitting out
Seat 3: Stuebi1414 ($0 in chips) is sitting out
Seat 4: R.M.Farcas ($80 in chips) is sitting out
Seat 2: henri789 ($141.37 in chips) 
Seat 5: paramourx ($103.50 in chips) 
Seat 6: DL1B ($100 in chips) 
henri789: posts small blind $0.50
paramourx: posts big blind $1
*** HOLE CARDS ***
DL1B: raises $1.50 to $2.50
henri789: folds 
paramourx: folds 
Uncalled bet ($1.50) returned to DL1B
DL1B collected $2.50 from pot
DL1B: doesn't show hand 
*** SUMMARY ***
Total pot $2.50 | Rake $0 
Seat 1: laloo246
Seat 3: Stuebi1414
Seat 4: R.M.Farcas
Seat 2: henri789 (small blind) folded before Flop
Seat 5: paramourx (big blind) folded before Flop
Seat 6: DL1B (button) collected ($2.50)



PokerStars Hand #254611210823:  Hold'em No Limit ($0.50/$1.00 USD) - 2025/01/29 19:57:46 WET [2025/01/29 14:57:46 ET]
Table 'Nocturna' 6-max Seat #2 is the button
Seat 3: Stuebi1414 ($0 in chips) is sitting out
Seat 4: R.M.Farcas ($80 in chips) is sitting out
Seat 2: henri789 ($140.87 in chips) 
Seat 5: paramourx ($102.50 in chips) 
Seat 6: DL1B ($101.50 in chips) 
laloo246 leaves the table
paramourx: posts small blind $0.50
DL1B: posts big blind $1
*** HOLE CARDS ***
Supermegopro joins the table at seat #1 
henri789: folds 
paramourx: raises $2 to $3
DL1B: folds 
Uncalled bet ($2) returned to paramourx
Stuebi1414 is disconnected 
paramourx collected $2 from pot
paramourx: doesn't show hand 
*** SUMMARY ***
Total pot $2 | Rake $0 
Seat 3: Stuebi1414
Seat 4: R.M.Farcas
Seat 2: henri789 (button) folded before Flop (didn't bet)
Seat 5: paramourx (small blind) collected ($2)
Seat 6: DL1B (big blind) folded before Flop



PokerStars Hand #254611214103:  Hold'em No Limit ($0.50/$1.00 USD) - 2025/01/29 19:58:03 WET [2025/01/29 14:58:03 ET]
Table 'Nocturna' 6-max Seat #5 is the button
Seat 3: Stuebi1414 ($0 in chips) is sitting out
Seat 4: R.M.Farcas ($80 in chips) is sitting out
Seat 1: Supermegopro ($103.20 in chips) 
Seat 2: henri789 ($140.87 in chips) 
Seat 5: paramourx ($103.50 in chips) 
Seat 6: DL1B ($100.50 in chips) 
DL1B: posts small blind $0.50
Supermegopro: posts big blind $1
R.M.Farcas: sits out 
*** HOLE CARDS ***
henri789: folds 
paramourx: folds 
DL1B: raises $2 to $3
Supermegopro: folds 
Uncalled bet ($2) returned to DL1B
DL1B collected $2 from pot
DL1B: doesn't show hand 
*** SUMMARY ***
Total pot $2 | Rake $0 
Seat 3: Stuebi1414
Seat 4: R.M.Farcas
Seat 1: Supermegopro (big blind) folded before Flop
Seat 2: henri789 folded before Flop (didn't bet)
Seat 5: paramourx (button) folded before Flop (didn't bet)
Seat 6: DL1B (small blind) collected ($2)



PokerStars Hand #254611217071:  Hold'em No Limit ($0.50/$1.00 USD) - 2025/01/29 19:58:17 WET [2025/01/29 14:58:17 ET]
Table 'Nocturna' 6-max Seat #6 is the button
Seat 3: Stuebi1414 ($0 in chips) is sitting out
Seat 4: R.M.Farcas ($80 in chips) is sitting out
Seat 1: Supermegopro ($102.20 in chips) 
Seat 2: henri789 ($140.87 in chips) 
Seat 5: paramourx ($103.50 in chips) 
Seat 6: DL1B ($101.50 in chips) 
Supermegopro: posts small blind $0.50
henri789: posts big blind $1
R.M.Farcas: sits out 
*** HOLE CARDS ***
paramourx: folds 
DL1B: folds 
Supermegopro: raises $2 to $3
henri789: raises $6 to $9
Supermegopro: folds 
Uncalled bet ($6) returned to henri789
henri789 collected $6 from pot
henri789: doesn't show hand 
*** SUMMARY ***
Total pot $6 | Rake $0 
Seat 3: Stuebi1414
Seat 4: R.M.Farcas
Seat 1: Supermegopro (small blind) folded before Flop
Seat 2: henri789 (big blind) collected ($6)
Seat 5: paramourx folded before Flop (didn't bet)
Seat 6: DL1B (button) folded before Flop (didn't bet)



PokerStars Hand #254611221025:  Hold'em No Limit ($0.50/$1.00 USD) - 2025/01/29 19:58:37 WET [2025/01/29 14:58:37 ET]
Table 'Nocturna' 6-max Seat #1 is the button
Seat 3: Stuebi1414 ($0 in chips) is sitting out
Seat 1: Supermegopro ($100 in chips) 
Seat 2: henri789 ($143.87 in chips) 
Seat 4: R.M.Farcas ($80 in chips) 
Seat 5: paramourx ($103.50 in chips) 
Seat 6: DL1B ($101.50 in chips) 
henri789: posts small blind $0.50
R.M.Farcas: posts big blind $1
*** HOLE CARDS ***
paramourx: raises $2 to $3
Stuebi1414 leaves the table
DL1B: folds 
Supermegopro: folds 
XneferX joins the table at seat #3 
henri789: folds 
R.M.Farcas: folds 
Uncalled bet ($2) returned to paramourx
paramourx collected $2.50 from pot
paramourx: doesn't show hand 
*** SUMMARY ***
Total pot $2.50 | Rake $0 
Seat 3: Stuebi1414
Seat 1: Supermegopro (button) folded before Flop (didn't bet)
Seat 2: henri789 (small blind) folded before Flop
Seat 4: R.M.Farcas (big blind) folded before Flop
Seat 5: paramourx collected ($2.50)
Seat 6: DL1B folded before Flop (didn't bet)



PokerStars Hand #254611223468:  Hold'em No Limit ($0.50/$1.00 USD) - 2025/01/29 19:58:49 WET [2025/01/29 14:58:49 ET]
Table 'Nocturna' 6-max Seat #2 is the button
Seat 3: XneferX ($100 in chips) is sitting out
Seat 1: Supermegopro ($100 in chips) 
Seat 2: henri789 ($143.37 in chips) 
Seat 4: R.M.Farcas ($79 in chips) 
Seat 5: paramourx ($105 in chips) 
Seat 6: DL1B ($101.50 in chips) 
R.M.Farcas: posts small blind $0.50
paramourx: posts big blind $1
*** HOLE CARDS ***
DL1B: raises $1 to $2
Supermegopro: folds 
henri789: folds 
R.M.Farcas: folds 
paramourx: folds 
Uncalled bet ($1) returned to DL1B
DL1B collected $2.50 from pot
DL1B: doesn't show hand 
*** SUMMARY ***
Total pot $2.50 | Rake $0 
Seat 3: XneferX
Seat 1: Supermegopro folded before Flop (didn't bet)
Seat 2: henri789 (button) folded before Flop (didn't bet)
Seat 4: R.M.Farcas (small blind) folded before Flop
Seat 5: paramourx (big blind) folded before Flop
Seat 6: DL1B collected ($2.50)



PokerStars Hand #254611226860:  Hold'em No Limit ($0.50/$1.00 USD) - 2025/01/29 19:59:06 WET [2025/01/29 14:59:06 ET]
Table 'Nocturna' 6-max Seat #4 is the button
Seat 3: XneferX ($100 in chips) is sitting out
Seat 6: DL1B ($103 in chips) is sitting out
Seat 1: Supermegopro ($100 in chips) 
Seat 2: henri789 ($143.37 in chips) 
Seat 4: R.M.Farcas ($78.50 in chips) 
Seat 5: paramourx ($104 in chips) 
paramourx: posts small blind $0.50
DL1B: is sitting out 
Supermegopro: posts big blind $1
XneferX: sits out 
*** HOLE CARDS ***
DL1B leaves the table
henri789: folds 
R.M.Farcas: folds 
paramourx: folds 
Uncalled bet ($0.50) returned to Supermegopro
Supermegopro collected $1 from pot
Supermegopro: doesn't show hand 
Pedr0.tri joins the table at seat #6 
*** SUMMARY ***
Total pot $1 | Rake $0 
Seat 3: XneferX
Seat 6: DL1B
Seat 1: Supermegopro (big blind) collected ($1)
Seat 2: henri789 folded before Flop (didn't bet)
Seat 4: R.M.Farcas (button) folded before Flop (didn't bet)
Seat 5: paramourx (small blind) folded before Flop



PokerStars Hand #254611229972:  Hold'em No Limit ($0.50/$1.00 USD) - 2025/01/29 19:59:22 WET [2025/01/29 14:59:22 ET]
Table 'Nocturna' 6-max Seat #5 is the button
Seat 3: XneferX ($100 in chips) is sitting out
Seat 6: Pedr0.tri ($100 in chips) is sitting out
Seat 1: Supermegopro ($100.50 in chips) 
Seat 2: henri789 ($143.37 in chips) 
Seat 4: R.M.Farcas ($78.50 in chips) 
Seat 5: paramourx ($103.50 in chips) 
Supermegopro: posts small blind $0.50
henri789: posts big blind $1
XneferX: sits out 
*** HOLE CARDS ***
Pedr0.tri is disconnected 
R.M.Farcas: folds 
paramourx: raises $2 to $3
Supermegopro: raises $9 to $12
henri789: folds 
paramourx: folds 
Uncalled bet ($9) returned to Supermegopro
Supermegopro collected $7 from pot
Supermegopro: doesn't show hand 
*** SUMMARY ***
Total pot $7 | Rake $0 
Seat 3: XneferX
Seat 6: Pedr0.tri
Seat 1: Supermegopro (small blind) collected ($7)
Seat 2: henri789 (big blind) folded before Flop
Seat 4: R.M.Farcas folded before Flop (didn't bet)
Seat 5: paramourx (button) folded before Flop



PokerStars Hand #254611232932:  Hold'em No Limit ($0.50/$1.00 USD) - 2025/01/29 19:59:36 WET [2025/01/29 14:59:36 ET]
Table 'Nocturna' 6-max Seat #1 is the button
Seat 6: Pedr0.tri ($100 in chips) is sitting out
Seat 1: Supermegopro ($104.50 in chips) 
Seat 2: henri789 ($142.37 in chips) 
Seat 3: XneferX ($100 in chips) 
Seat 4: R.M.Farcas ($78.50 in chips) 
Seat 5: paramourx ($100.50 in chips) 
henri789: posts small blind $0.50
XneferX: posts big blind $1
Pedr0.tri: sits out 
*** HOLE CARDS ***
R.M.Farcas: folds 
paramourx: raises $2 to $3
Supermegopro: folds 
henri789: folds 
XneferX: folds 
Uncalled bet ($2) returned to paramourx
paramourx collected $2.50 from pot
paramourx: doesn't show hand 
*** SUMMARY ***
Total pot $2.50 | Rake $0 
Seat 6: Pedr0.tri
Seat 1: Supermegopro (button) folded before Flop (didn't bet)
Seat 2: henri789 (small blind) folded before Flop
Seat 3: XneferX (big blind) folded before Flop
Seat 4: R.M.Farcas folded before Flop (didn't bet)
Seat 5: paramourx collected ($2.50)



PokerStars Hand #254611237363:  Hold'em No Limit ($0.50/$1.00 USD) - 2025/01/29 19:59:58 WET [2025/01/29 14:59:58 ET]
Table 'Nocturna' 6-max Seat #2 is the button
Seat 6: Pedr0.tri ($100 in chips) is sitting out
Seat 1: Supermegopro ($104.50 in chips) 
Seat 2: henri789 ($141.87 in chips) 
Seat 3: XneferX ($100 in chips) 
Seat 4: R.M.Farcas ($78.50 in chips) 
Seat 5: paramourx ($102 in chips) 
XneferX: posts small blind $0.50
R.M.Farcas: posts big blind $1
Pedr0.tri: sits out 
*** HOLE CARDS ***
paramourx: folds 
Supermegopro: folds 
Pedr0.tri is disconnected 
henri789: raises $1.10 to $2.10
XneferX: raises $9.90 to $12
R.M.Farcas: folds 
henri789: folds 
Uncalled bet ($9.90) returned to XneferX
XneferX collected $5.20 from pot
XneferX: doesn't show hand 
*** SUMMARY ***
Total pot $5.20 | Rake $0 
Seat 6: Pedr0.tri
Seat 1: Supermegopro folded before Flop (didn't bet)
Seat 2: henri789 (button) folded before Flop
Seat 3: XneferX (small blind) collected ($5.20)
Seat 4: R.M.Farcas (big blind) folded before Flop
Seat 5: paramourx folded before Flop (didn't bet)



PokerStars Hand #254611243012:  Hold'em No Limit ($0.50/$1.00 USD) - 2025/01/29 20:00:25 WET [2025/01/29 15:00:25 ET]
Table 'Nocturna' 6-max Seat #3 is the button
Seat 6: Pedr0.tri ($100 in chips) is sitting out
Seat 1: Supermegopro ($104.50 in chips) 
Seat 2: henri789 ($139.77 in chips) 
Seat 3: XneferX ($103.10 in chips) 
Seat 4: R.M.Farcas ($77.50 in chips) 
Seat 5: paramourx ($102 in chips) 
R.M.Farcas: posts small blind $0.50
paramourx: posts big blind $1
Pedr0.tri is connected 
Pedr0.tri: sits out 
*** HOLE CARDS ***
Supermegopro: raises $1.50 to $2.50
henri789: folds 
XneferX: folds 
R.M.Farcas: folds 
paramourx: folds 
Uncalled bet ($1.50) returned to Supermegopro
Supermegopro collected $2.50 from pot
Supermegopro: doesn't show hand 
*** SUMMARY ***
Total pot $2.50 | Rake $0 
Seat 6: Pedr0.tri
Seat 1: Supermegopro collected ($2.50)
Seat 2: henri789 folded before Flop (didn't bet)
Seat 3: XneferX (button) folded before Flop (didn't bet)
Seat 4: R.M.Farcas (small blind) folded before Flop
Seat 5: paramourx (big blind) folded before Flop



PokerStars Hand #254611246460:  Hold'em No Limit ($0.50/$1.00 USD) - 2025/01/29 20:00:40 WET [2025/01/29 15:00:40 ET]
Table 'Nocturna' 6-max Seat #4 is the button
Seat 1: Supermegopro ($106 in chips) 
Seat 2: henri789 ($139.77 in chips) 
Seat 3: XneferX ($103.10 in chips) 
Seat 4: R.M.Farcas ($77 in chips) 
Seat 5: paramourx ($101 in chips) 
Seat 6: Pedr0.tri ($100 in chips) 
paramourx: posts small blind $0.50
Pedr0.tri: posts big blind $1
*** HOLE CARDS ***
Supermegopro: folds 
henri789: raises $1.10 to $2.10
XneferX: folds 
R.M.Farcas: folds 
paramourx: folds 
Pedr0.tri: calls $1.10
*** FLOP *** [Jd Ah 7h]
Pedr0.tri: checks 
henri789: bets $1.47
Pedr0.tri: folds 
Uncalled bet ($1.47) returned to henri789
henri789 collected $4.46 from pot
henri789: doesn't show hand 
*** SUMMARY ***
Total pot $4.70 | Rake $0.24 
Board [Jd Ah 7h]
Seat 1: Supermegopro folded before Flop (didn't bet)
Seat 2: henri789 collected ($4.46)
Seat 3: XneferX folded before Flop (didn't bet)
Seat 4: R.M.Farcas (button) folded before Flop (didn't bet)
Seat 5: paramourx (small blind) folded before Flop
Seat 6: Pedr0.tri (big blind) folded on the Flop



PokerStars Hand #254611256684:  Hold'em No Limit ($0.50/$1.00 USD) - 2025/01/29 20:01:23 WET [2025/01/29 15:01:23 ET]
Table 'Nocturna' 6-max Seat #6 is the button
Seat 1: Supermegopro ($106 in chips) 
Seat 2: henri789 ($142.13 in chips) 
Seat 3: XneferX ($103.10 in chips) 
Seat 4: R.M.Farcas ($77 in chips) 
Seat 6: Pedr0.tri ($97.90 in chips) 
Supermegopro: posts small blind $0.50
paramourx leaves the table
henri789: posts big blind $1
*** HOLE CARDS ***
XneferX: folds 
R.M.Farcas: folds 
Pedr0.tri: folds 
Supermegopro: folds 
Uncalled bet ($0.50) returned to henri789
henri789 collected $1 from pot
laloo246 joins the table at seat #5 
henri789: doesn't show hand 
*** SUMMARY ***
Total pot $1 | Rake $0 
Seat 1: Supermegopro (small blind) folded before Flop
Seat 2: henri789 (big blind) collected ($1)
Seat 3: XneferX folded before Flop (didn't bet)
Seat 4: R.M.Farcas folded before Flop (didn't bet)
Seat 6: Pedr0.tri (button) folded before Flop (didn't bet)



PokerStars Hand #254611260292:  Hold'em No Limit ($0.50/$1.00 USD) - 2025/01/29 20:01:37 WET [2025/01/29 15:01:37 ET]
Table 'Nocturna' 6-max Seat #1 is the button
Seat 5: laloo246 ($100 in chips) is sitting out
Seat 1: Supermegopro ($105.50 in chips) 
Seat 2: henri789 ($142.63 in chips) 
Seat 3: XneferX ($103.10 in chips) 
Seat 4: R.M.Farcas ($77 in chips) 
Seat 6: Pedr0.tri ($97.90 in chips) 
henri789: posts small blind $0.50
XneferX: posts big blind $1
laloo246: sits out 
*** HOLE CARDS ***
R.M.Farcas: raises $1.50 to $2.50
Pedr0.tri: folds 
Supermegopro: calls $2.50
henri789: folds 
XneferX: folds 
*** FLOP *** [4c 6h Ah]
R.M.Farcas: bets $2.04
Supermegopro: folds 
Uncalled bet ($2.04) returned to R.M.Farcas
R.M.Farcas collected $6.18 from pot
R.M.Farcas: doesn't show hand 
*** SUMMARY ***
Total pot $6.50 | Rake $0.32 
Board [4c 6h Ah]
Seat 5: laloo246
Seat 1: Supermegopro (button) folded on the Flop
Seat 2: henri789 (small blind) folded before Flop
Seat 3: XneferX (big blind) folded before Flop
Seat 4: R.M.Farcas collected ($6.18)
Seat 6: Pedr0.tri folded before Flop (didn't bet)



PokerStars Hand #254611267047:  Hold'em No Limit ($0.50/$1.00 USD) - 2025/01/29 20:02:02 WET [2025/01/29 15:02:02 ET]
Table 'Nocturna' 6-max Seat #2 is the button
Seat 5: laloo246 ($100 in chips) is sitting out
Seat 1: Supermegopro ($103 in chips) 
Seat 2: henri789 ($142.13 in chips) 
Seat 3: XneferX ($102.10 in chips) 
Seat 4: R.M.Farcas ($80.68 in chips) 
Seat 6: Pedr0.tri ($97.90 in chips) 
XneferX: posts small blind $0.50
R.M.Farcas: posts big blind $1
laloo246: sits out 
*** HOLE CARDS ***
laloo246 leaves the table
Pedr0.tri: folds 
Supermegopro: raises $1.50 to $2.50
henri789: folds 
XneferX: raises $9.50 to $12
R.M.Farcas: folds 
Supermegopro: calls $9.50
*** FLOP *** [2h 3c 3s]
AndreaBsAs joins the table at seat #5 
XneferX: bets $8.08
Supermegopro: folds 
Uncalled bet ($8.08) returned to XneferX
XneferX collected $23.75 from pot
XneferX: doesn't show hand 
*** SUMMARY ***
Total pot $25 | Rake $1.25 
Board [2h 3c 3s]
Seat 5: laloo246
Seat 1: Supermegopro folded on the Flop
Seat 2: henri789 (button) folded before Flop (didn't bet)
Seat 3: XneferX (small blind) collected ($23.75)
Seat 4: R.M.Farcas (big blind) folded before Flop
Seat 6: Pedr0.tri folded before Flop (didn't bet)



PokerStars Hand #254611279171:  Hold'em No Limit ($0.50/$1.00 USD) - 2025/01/29 20:02:47 WET [2025/01/29 15:02:47 ET]
Table 'Nocturna' 6-max Seat #3 is the button
Seat 1: Supermegopro ($100 in chips) 
Seat 2: henri789 ($142.13 in chips) 
Seat 3: XneferX ($113.85 in chips) 
Seat 4: R.M.Farcas ($79.68 in chips) 
Seat 5: AndreaBsAs ($100 in chips) 
Seat 6: Pedr0.tri ($97.90 in chips) 
R.M.Farcas: posts small blind $0.50
AndreaBsAs: posts big blind $1
*** HOLE CARDS ***
Pedr0.tri: folds 
Supermegopro: folds 
henri789: raises $1.10 to $2.10
XneferX: folds 
R.M.Farcas: folds 
AndreaBsAs: folds 
Uncalled bet ($1.10) returned to henri789
henri789 collected $2.50 from pot
henri789: doesn't show hand 
*** SUMMARY ***
Total pot $2.50 | Rake $0 
Seat 1: Supermegopro folded before Flop (didn't bet)
Seat 2: henri789 collected ($2.50)
Seat 3: XneferX (button) folded before Flop (didn't bet)
Seat 4: R.M.Farcas (small blind) folded before Flop
Seat 5: AndreaBsAs (big blind) folded before Flop
Seat 6: Pedr0.tri folded before Flop (didn't bet)



PokerStars Hand #254611284982:  Hold'em No Limit ($0.50/$1.00 USD) - 2025/01/29 20:03:08 WET [2025/01/29 15:03:08 ET]
Table 'Nocturna' 6-max Seat #4 is the button
Seat 1: Supermegopro ($100 in chips) 
Seat 2: henri789 ($143.63 in chips) 
Seat 3: XneferX ($113.85 in chips) 
Seat 4: R.M.Farcas ($79.18 in chips) 
Seat 5: AndreaBsAs ($100 in chips) 
Seat 6: Pedr0.tri ($97.90 in chips) 
AndreaBsAs: posts small blind $0.50
Pedr0.tri: posts big blind $1
*** HOLE CARDS ***
Supermegopro: folds 
henri789: folds 
XneferX: raises $1.30 to $2.30
R.M.Farcas: raises $6.10 to $8.40
AndreaBsAs: folds 
Pedr0.tri: folds 
XneferX: raises $15.60 to $24
R.M.Farcas: folds 
Uncalled bet ($15.60) returned to XneferX
XneferX collected $18.30 from pot
XneferX: doesn't show hand 
*** SUMMARY ***
Total pot $18.30 | Rake $0 
Seat 1: Supermegopro folded before Flop (didn't bet)
Seat 2: henri789 folded before Flop (didn't bet)
Seat 3: XneferX collected ($18.30)
Seat 4: R.M.Farcas (button) folded before Flop
Seat 5: AndreaBsAs (small blind) folded before Flop
Seat 6: Pedr0.tri (big blind) folded before Flop



PokerStars Hand #254611297379:  Hold'em No Limit ($0.50/$1.00 USD) - 2025/01/29 20:03:53 WET [2025/01/29 15:03:53 ET]
Table 'Nocturna' 6-max Seat #5 is the button
Seat 1: Supermegopro ($100 in chips) 
Seat 2: henri789 ($143.63 in chips) 
Seat 3: XneferX ($123.75 in chips) 
Seat 4: R.M.Farcas ($70.78 in chips) 
Seat 5: AndreaBsAs ($100 in chips) 
Seat 6: Pedr0.tri ($96.90 in chips) 
Pedr0.tri: posts small blind $0.50
Supermegopro: posts big blind $1
*** HOLE CARDS ***
henri789: folds 
XneferX: folds 
R.M.Farcas: folds 
AndreaBsAs: folds 
Pedr0.tri: folds 
Uncalled bet ($0.50) returned to Supermegopro
Supermegopro collected $1 from pot
Supermegopro: doesn't show hand 
*** SUMMARY ***
Total pot $1 | Rake $0 
Seat 1: Supermegopro (big blind) collected ($1)
Seat 2: henri789 folded before Flop (didn't bet)
Seat 3: XneferX folded before Flop (didn't bet)
Seat 4: R.M.Farcas folded before Flop (didn't bet)
Seat 5: AndreaBsAs (button) folded before Flop (didn't bet)
Seat 6: Pedr0.tri (small blind) folded before Flop



PokerStars Hand #254611303153:  Hold'em No Limit ($0.50/$1.00 USD) - 2025/01/29 20:04:14 WET [2025/01/29 15:04:14 ET]
Table 'Nocturna' 6-max Seat #6 is the button
Seat 1: Supermegopro ($100.50 in chips) 
Seat 2: henri789 ($143.63 in chips) 
Seat 3: XneferX ($123.75 in chips) 
Seat 4: R.M.Farcas ($70.78 in chips) 
Seat 5: AndreaBsAs ($100 in chips) 
Seat 6: Pedr0.tri ($96.40 in chips) 
Supermegopro: posts small blind $0.50
henri789: posts big blind $1
*** HOLE CARDS ***
XneferX: folds 
R.M.Farcas: folds 
AndreaBsAs: folds 
Pedr0.tri: folds 
Supermegopro: folds 
Uncalled bet ($0.50) returned to henri789
henri789 collected $1 from pot
henri789: doesn't show hand 
*** SUMMARY ***
Total pot $1 | Rake $0 
Seat 1: Supermegopro (small blind) folded before Flop
Seat 2: henri789 (big blind) collected ($1)
Seat 3: XneferX folded before Flop (didn't bet)
Seat 4: R.M.Farcas folded before Flop (didn't bet)
Seat 5: AndreaBsAs folded before Flop (didn't bet)
Seat 6: Pedr0.tri (button) folded before Flop (didn't bet)



PokerStars Hand #254611308972:  Hold'em No Limit ($0.50/$1.00 USD) - 2025/01/29 20:04:35 WET [2025/01/29 15:04:35 ET]
Table 'Nocturna' 6-max Seat #1 is the button
Seat 1: Supermegopro ($100 in chips) 
Seat 2: henri789 ($144.13 in chips) 
Seat 3: XneferX ($123.75 in chips) 
Seat 4: R.M.Farcas ($70.78 in chips) 
Seat 5: AndreaBsAs ($100 in chips) 
Seat 6: Pedr0.tri ($96.40 in chips) 
henri789: posts small blind $0.50
XneferX: posts big blind $1
*** HOLE CARDS ***
R.M.Farcas: raises $1.50 to $2.50
AndreaBsAs: folds 
Pedr0.tri: calls $2.50
Supermegopro: folds 
henri789: calls $2
XneferX: folds 
*** FLOP *** [9h 3c 4s]
henri789: checks 
R.M.Farcas: bets $2.67
Pedr0.tri: folds 
henri789: folds 
Uncalled bet ($2.67) returned to R.M.Farcas
R.M.Farcas collected $8.08 from pot
R.M.Farcas: doesn't show hand 
*** SUMMARY ***
Total pot $8.50 | Rake $0.42 
Board [9h 3c 4s]
Seat 1: Supermegopro (button) folded before Flop (didn't bet)
Seat 2: henri789 (small blind) folded on the Flop
Seat 3: XneferX (big blind) folded before Flop
Seat 4: R.M.Farcas collected ($8.08)
Seat 5: AndreaBsAs folded before Flop (didn't bet)
Seat 6: Pedr0.tri folded on the Flop



PokerStars Hand #254611323282:  Hold'em No Limit ($0.50/$1.00 USD) - 2025/01/29 20:05:24 WET [2025/01/29 15:05:24 ET]
Table 'Nocturna' 6-max Seat #2 is the button
Seat 1: Supermegopro ($100 in chips) 
Seat 2: henri789 ($141.63 in chips) 
Seat 3: XneferX ($122.75 in chips) 
Seat 4: R.M.Farcas ($76.36 in chips) 
Seat 5: AndreaBsAs ($100 in chips) 
Seat 6: Pedr0.tri ($93.90 in chips) 
XneferX: posts small blind $0.50
R.M.Farcas: posts big blind $1
*** HOLE CARDS ***
AndreaBsAs: folds 
Pedr0.tri: raises $1 to $2
Supermegopro: folds 
henri789: folds 
XneferX: folds 
R.M.Farcas: folds 
Uncalled bet ($1) returned to Pedr0.tri
Pedr0.tri collected $2.50 from pot
Pedr0.tri: doesn't show hand 
*** SUMMARY ***
Total pot $2.50 | Rake $0 
Seat 1: Supermegopro folded before Flop (didn't bet)
Seat 2: henri789 (button) folded before Flop (didn't bet)
Seat 3: XneferX (small blind) folded before Flop
Seat 4: R.M.Farcas (big blind) folded before Flop
Seat 5: AndreaBsAs folded before Flop (didn't bet)
Seat 6: Pedr0.tri collected ($2.50)



PokerStars Hand #254611330373:  Hold'em No Limit ($0.50/$1.00 USD) - 2025/01/29 20:05:49 WET [2025/01/29 15:05:49 ET]
Table 'Nocturna' 6-max Seat #3 is the button
Seat 1: Supermegopro ($100 in chips) 
Seat 2: henri789 ($141.63 in chips) 
Seat 3: XneferX ($122.25 in chips) 
Seat 4: R.M.Farcas ($75.36 in chips) 
Seat 5: AndreaBsAs ($100 in chips) 
Seat 6: Pedr0.tri ($95.40 in chips) 
R.M.Farcas: posts small blind $0.50
AndreaBsAs: posts big blind $1
*** HOLE CARDS ***
Pedr0.tri: folds 
Supermegopro: raises $2 to $3
henri789: folds 
XneferX: calls $3
R.M.Farcas: folds 
AndreaBsAs: raises $10.50 to $13.50
Supermegopro: raises $14.50 to $28
XneferX: folds 
AndreaBsAs: folds 
Uncalled bet ($14.50) returned to Supermegopro
Supermegopro collected $30.50 from pot
Supermegopro: doesn't show hand 
*** SUMMARY ***
Total pot $30.50 | Rake $0 
Seat 1: Supermegopro collected ($30.50)
Seat 2: henri789 folded before Flop (didn't bet)
Seat 3: XneferX (button) folded before Flop
Seat 4: R.M.Farcas (small blind) folded before Flop
Seat 5: AndreaBsAs (big blind) folded before Flop
Seat 6: Pedr0.tri folded before Flop (didn't bet)



PokerStars Hand #254611345987:  Hold'em No Limit ($0.50/$1.00 USD) - 2025/01/29 20:06:42 WET [2025/01/29 15:06:42 ET]
Table 'Nocturna' 6-max Seat #4 is the button
Seat 1: Supermegopro ($117 in chips) 
Seat 2: henri789 ($141.63 in chips) 
Seat 3: XneferX ($119.25 in chips) 
Seat 4: R.M.Farcas ($74.86 in chips) 
Seat 5: AndreaBsAs ($100 in chips) 
Seat 6: Pedr0.tri ($95.40 in chips) 
AndreaBsAs: posts small blind $0.50
Pedr0.tri: posts big blind $1
*** HOLE CARDS ***
Supermegopro: folds 
henri789: folds 
Supermegopro leaves the table
DJNezz joins the table at seat #1 
XneferX: folds 
R.M.Farcas: folds 
AndreaBsAs: folds 
Uncalled bet ($0.50) returned to Pedr0.tri
Pedr0.tri collected $1 from pot
Pedr0.tri: doesn't show hand 
*** SUMMARY ***
Total pot $1 | Rake $0 
Seat 1: Supermegopro folded before Flop (didn't bet)
Seat 2: henri789 folded before Flop (didn't bet)
Seat 3: XneferX folded before Flop (didn't bet)
Seat 4: R.M.Farcas (button) folded before Flop (didn't bet)
Seat 5: AndreaBsAs (small blind) folded before Flop
Seat 6: Pedr0.tri (big blind) collected ($1)



PokerStars Hand #254611353548:  Hold'em No Limit ($0.50/$1.00 USD) - 2025/01/29 20:07:08 WET [2025/01/29 15:07:08 ET]
Table 'Nocturna' 6-max Seat #5 is the button
Seat 1: DJNezz ($100 in chips) 
Seat 2: henri789 ($141.63 in chips) 
Seat 3: XneferX ($119.25 in chips) 
Seat 4: R.M.Farcas ($74.86 in chips) 
Seat 5: AndreaBsAs ($100 in chips) 
Seat 6: Pedr0.tri ($95.90 in chips) 
Pedr0.tri: posts small blind $0.50
DJNezz: posts big blind $1
*** HOLE CARDS ***
henri789: folds 
XneferX: folds 
R.M.Farcas: folds 
AndreaBsAs: folds 
Pedr0.tri: raises $2 to $3
DJNezz: raises $7 to $10
Pedr0.tri: calls $7
*** FLOP *** [Qd 3d 6c]
Pedr0.tri: bets $8
DJNezz: folds 
Uncalled bet ($8) returned to Pedr0.tri
Pedr0.tri collected $19 from pot
Pedr0.tri: doesn't show hand 
*** SUMMARY ***
Total pot $20 | Rake $1 
Board [Qd 3d 6c]
Seat 1: DJNezz (big blind) folded on the Flop
Seat 2: henri789 folded before Flop (didn't bet)
Seat 3: XneferX folded before Flop (didn't bet)
Seat 4: R.M.Farcas folded before Flop (didn't bet)
Seat 5: AndreaBsAs (button) folded before Flop (didn't bet)
Seat 6: Pedr0.tri (small blind) collected ($19)



PokerStars Hand #254611368754:  Hold'em No Limit ($0.50/$1.00 USD) - 2025/01/29 20:08:00 WET [2025/01/29 15:08:00 ET]
Table 'Nocturna' 6-max Seat #6 is the button
Seat 1: DJNezz ($100 in chips) 
Seat 2: henri789 ($141.63 in chips) 
Seat 3: XneferX ($119.25 in chips) 
Seat 4: R.M.Farcas ($74.86 in chips) 
Seat 5: AndreaBsAs ($100 in chips) 
Seat 6: Pedr0.tri ($104.90 in chips) 
DJNezz: posts small blind $0.50
henri789: posts big blind $1
*** HOLE CARDS ***
XneferX: folds 
R.M.Farcas: folds 
AndreaBsAs: raises $1.50 to $2.50
Pedr0.tri: folds 
DJNezz: folds 
henri789: folds 
Uncalled bet ($1.50) returned to AndreaBsAs
AndreaBsAs collected $2.50 from pot
*** SUMMARY ***
Total pot $2.50 | Rake $0 
Seat 1: DJNezz (small blind) folded before Flop
Seat 2: henri789 (big blind) folded before Flop
Seat 3: XneferX folded before Flop (didn't bet)
Seat 4: R.M.Farcas folded before Flop (didn't bet)
Seat 5: AndreaBsAs collected ($2.50)
Seat 6: Pedr0.tri (button) folded before Flop (didn't bet)



PokerStars Hand #254611372984:  Hold'em No Limit ($0.50/$1.00 USD) - 2025/01/29 20:08:15 WET [2025/01/29 15:08:15 ET]
Table 'Nocturna' 6-max Seat #1 is the button
Seat 1: DJNezz ($100 in chips) 
Seat 2: henri789 ($140.63 in chips) 
Seat 3: XneferX ($119.25 in chips) 
Seat 4: R.M.Farcas ($74.86 in chips) 
Seat 5: AndreaBsAs ($101.50 in chips) 
Seat 6: Pedr0.tri ($104.90 in chips) 
henri789: posts small blind $0.50
XneferX: posts big blind $1
*** HOLE CARDS ***
R.M.Farcas: folds 
AndreaBsAs: folds 
Pedr0.tri: folds 
DJNezz: folds 
henri789: raises $2 to $3
XneferX: calls $2
*** FLOP *** [As 5h 8s]
henri789: bets $1.88
XneferX: folds 
Uncalled bet ($1.88) returned to henri789
henri789 collected $5.70 from pot
henri789: doesn't show hand 
*** SUMMARY ***
Total pot $6 | Rake $0.30 
Board [As 5h 8s]
Seat 1: DJNezz (button) folded before Flop (didn't bet)
Seat 2: henri789 (small blind) collected ($5.70)
Seat 3: XneferX (big blind) folded on the Flop
Seat 4: R.M.Farcas folded before Flop (didn't bet)
Seat 5: AndreaBsAs folded before Flop (didn't bet)
Seat 6: Pedr0.tri folded before Flop (didn't bet)



PokerStars Hand #254611386681:  Hold'em No Limit ($0.50/$1.00 USD) - 2025/01/29 20:09:02 WET [2025/01/29 15:09:02 ET]
Table 'Nocturna' 6-max Seat #2 is the button
Seat 5: AndreaBsAs ($101.50 in chips) is sitting out
Seat 1: DJNezz ($100 in chips) 
Seat 2: henri789 ($143.33 in chips) 
Seat 3: XneferX ($116.25 in chips) 
Seat 4: R.M.Farcas ($74.86 in chips) 
Seat 6: Pedr0.tri ($104.90 in chips) 
XneferX: posts small blind $0.50
R.M.Farcas: posts big blind $1
*** HOLE CARDS ***
Pedr0.tri: folds 
DJNezz: folds 
henri789: raises $1.10 to $2.10
XneferX: folds 
R.M.Farcas: folds 
Uncalled bet ($1.10) returned to henri789
henri789 collected $2.50 from pot
henri789: doesn't show hand 
*** SUMMARY ***
Total pot $2.50 | Rake $0 
Seat 5: AndreaBsAs
Seat 1: DJNezz folded before Flop (didn't bet)
Seat 2: henri789 (button) collected ($2.50)
Seat 3: XneferX (small blind) folded before Flop
Seat 4: R.M.Farcas (big blind) folded before Flop
Seat 6: Pedr0.tri folded before Flop (didn't bet)



PokerStars Hand #254611393525:  Hold'em No Limit ($0.50/$1.00 USD) - 2025/01/29 20:09:26 WET [2025/01/29 15:09:26 ET]
Table 'Nocturna' 6-max Seat #3 is the button
Seat 5: AndreaBsAs ($101.50 in chips) is sitting out
Seat 1: DJNezz ($100 in chips) 
Seat 2: henri789 ($144.83 in chips) 
Seat 3: XneferX ($115.75 in chips) 
Seat 4: R.M.Farcas ($73.86 in chips) 
Seat 6: Pedr0.tri ($104.90 in chips) 
R.M.Farcas: posts small blind $0.50
Pedr0.tri: posts big blind $1
*** HOLE CARDS ***
DJNezz: folds 
henri789: folds 
XneferX: folds 
R.M.Farcas: folds 
Uncalled bet ($0.50) returned to Pedr0.tri
Pedr0.tri collected $1 from pot
Pedr0.tri: doesn't show hand 
*** SUMMARY ***
Total pot $1 | Rake $0 
Seat 5: AndreaBsAs
Seat 1: DJNezz folded before Flop (didn't bet)
Seat 2: henri789 folded before Flop (didn't bet)
Seat 3: XneferX (button) folded before Flop (didn't bet)
Seat 4: R.M.Farcas (small blind) folded before Flop
Seat 6: Pedr0.tri (big blind) collected ($1)



PokerStars Hand #254611397469:  Hold'em No Limit ($0.50/$1.00 USD) - 2025/01/29 20:09:40 WET [2025/01/29 15:09:40 ET]
Table 'Nocturna' 6-max Seat #4 is the button
Seat 5: AndreaBsAs ($101.50 in chips) is sitting out
Seat 1: DJNezz ($100 in chips) 
Seat 2: henri789 ($144.83 in chips) 
Seat 3: XneferX ($115.75 in chips) 
Seat 4: R.M.Farcas ($73.36 in chips) 
Seat 6: Pedr0.tri ($105.40 in chips) 
Pedr0.tri: posts small blind $0.50
DJNezz: posts big blind $1
*** HOLE CARDS ***
henri789: folds 
XneferX: raises $1.30 to $2.30
R.M.Farcas: folds 
Pedr0.tri: calls $1.80
DJNezz: folds 
*** FLOP *** [Qs 5c 3d]
Pedr0.tri: checks 
XneferX: bets $1.81
Pedr0.tri: folds 
Uncalled bet ($1.81) returned to XneferX
XneferX collected $5.32 from pot
XneferX: doesn't show hand 
*** SUMMARY ***
Total pot $5.60 | Rake $0.28 
Board [Qs 5c 3d]
Seat 5: AndreaBsAs
Seat 1: DJNezz (big blind) folded before Flop
Seat 2: henri789 folded before Flop (didn't bet)
Seat 3: XneferX collected ($5.32)
Seat 4: R.M.Farcas (button) folded before Flop (didn't bet)
Seat 6: Pedr0.tri (small blind) folded on the Flop



PokerStars Hand #254611410667:  Hold'em No Limit ($0.50/$1.00 USD) - 2025/01/29 20:10:26 WET [2025/01/29 15:10:26 ET]
Table 'Nocturna' 6-max Seat #6 is the button
Seat 5: AndreaBsAs ($101.50 in chips) is sitting out
Seat 1: DJNezz ($100 in chips) 
Seat 2: henri789 ($144.83 in chips) 
Seat 3: XneferX ($118.77 in chips) 
Seat 4: R.M.Farcas ($73.36 in chips) 
Seat 6: Pedr0.tri ($103.10 in chips) 
DJNezz: posts small blind $0.50
henri789: posts big blind $1
AndreaBsAs: sits out 
*** HOLE CARDS ***
XneferX: folds 
R.M.Farcas: folds 
Pedr0.tri: folds 
DJNezz: folds 
Uncalled bet ($0.50) returned to henri789
henri789 collected $1 from pot
henri789: doesn't show hand 
*** SUMMARY ***
Total pot $1 | Rake $0 
Seat 5: AndreaBsAs
Seat 1: DJNezz (small blind) folded before Flop
Seat 2: henri789 (big blind) collected ($1)
Seat 3: XneferX folded before Flop (didn't bet)
Seat 4: R.M.Farcas folded before Flop (didn't bet)
Seat 6: Pedr0.tri (button) folded before Flop (didn't bet)



PokerStars Hand #254611419363:  Hold'em No Limit ($0.50/$1.00 USD) - 2025/01/29 20:10:55 WET [2025/01/29 15:10:55 ET]
Table 'Nocturna' 6-max Seat #1 is the button
Seat 5: AndreaBsAs ($101.50 in chips) is sitting out
Seat 1: DJNezz ($100 in chips) 
Seat 2: henri789 ($145.33 in chips) 
Seat 3: XneferX ($118.77 in chips) 
Seat 4: R.M.Farcas ($73.36 in chips) 
Seat 6: Pedr0.tri ($103.10 in chips) 
henri789: posts small blind $0.50
XneferX: posts big blind $1
AndreaBsAs: sits out 
*** HOLE CARDS ***
R.M.Farcas: folds 
Pedr0.tri: raises $1.50 to $2.50
DJNezz: folds 
henri789: folds 
XneferX: calls $1.50
*** FLOP *** [Td As 5d]
XneferX: checks 
Pedr0.tri: bets $2.61
XneferX: calls $2.61
*** TURN *** [Td As 5d] [7d]
XneferX: checks 
Pedr0.tri: checks 
*** RIVER *** [Td As 5d 7d] [9h]
XneferX: bets $5.19
Pedr0.tri: folds 
Uncalled bet ($5.19) returned to XneferX
XneferX collected $10.18 from pot
XneferX: doesn't show hand 
*** SUMMARY ***
Total pot $10.72 | Rake $0.54 
Board [Td As 5d 7d 9h]
Seat 5: AndreaBsAs
Seat 1: DJNezz (button) folded before Flop (didn't bet)
Seat 2: henri789 (small blind) folded before Flop
Seat 3: XneferX (big blind) collected ($10.18)
Seat 4: R.M.Farcas folded before Flop (didn't bet)
Seat 6: Pedr0.tri folded on the River



PokerStars Hand #254611442247:  Hold'em No Limit ($0.50/$1.00 USD) - 2025/01/29 20:12:14 WET [2025/01/29 15:12:14 ET]
Table 'Nocturna' 6-max Seat #2 is the button
Seat 5: AndreaBsAs ($101.50 in chips) is sitting out
Seat 1: DJNezz ($100 in chips) 
Seat 2: henri789 ($144.83 in chips) 
Seat 3: XneferX ($123.84 in chips) 
Seat 4: R.M.Farcas ($73.36 in chips) 
Seat 6: Pedr0.tri ($97.99 in chips) 
XneferX: posts small blind $0.50
R.M.Farcas: posts big blind $1
AndreaBsAs: sits out 
*** HOLE CARDS ***
Pedr0.tri: folds 
DJNezz: folds 
henri789: folds 
XneferX: raises $2 to $3
R.M.Farcas: folds 
Uncalled bet ($2) returned to XneferX
XneferX collected $2 from pot
XneferX: doesn't show hand 
*** SUMMARY ***
Total pot $2 | Rake $0 
Seat 5: AndreaBsAs
Seat 1: DJNezz folded before Flop (didn't bet)
Seat 2: henri789 (button) folded before Flop (didn't bet)
Seat 3: XneferX (small blind) collected ($2)
Seat 4: R.M.Farcas (big blind) folded before Flop
Seat 6: Pedr0.tri folded before Flop (didn't bet)



PokerStars Hand #254611447270:  Hold'em No Limit ($0.50/$1.00 USD) - 2025/01/29 20:12:32 WET [2025/01/29 15:12:32 ET]
Table 'Nocturna' 6-max Seat #3 is the button
Seat 1: DJNezz ($100 in chips) 
Seat 2: henri789 ($144.83 in chips) 
Seat 3: XneferX ($124.84 in chips) 
Seat 4: R.M.Farcas ($72.36 in chips) 
Seat 5: AndreaBsAs ($101.50 in chips) 
Seat 6: Pedr0.tri ($97.99 in chips) 
R.M.Farcas: posts small blind $0.50
AndreaBsAs: posts big blind $1
*** HOLE CARDS ***
Pedr0.tri: raises $1.50 to $2.50
DJNezz: folds 
henri789: folds 
XneferX: folds 
R.M.Farcas: folds 
AndreaBsAs: calls $1.50
*** FLOP *** [Ks Kd 2h]
AndreaBsAs: checks 
Pedr0.tri: bets $2.61
henri789 leaves the table
AndreaBsAs: calls $2.61
*** TURN *** [Ks Kd 2h] [7h]
Mr.Taraseus joins the table at seat #2 
AndreaBsAs: checks 
Pedr0.tri: checks 
*** RIVER *** [Ks Kd 2h 7h] [Kh]
AndreaBsAs: checks 
Pedr0.tri: checks 
*** SHOW DOWN ***
AndreaBsAs: shows [Kc 3c] (four of a kind, Kings)
Pedr0.tri: mucks hand 
AndreaBsAs collected $10.18 from pot
*** SUMMARY ***
Total pot $10.72 | Rake $0.54 
Board [Ks Kd 2h 7h Kh]
Seat 1: DJNezz folded before Flop (didn't bet)
Seat 2: henri789 folded before Flop (didn't bet)
Seat 3: XneferX (button) folded before Flop (didn't bet)
Seat 4: R.M.Farcas (small blind) folded before Flop
Seat 5: AndreaBsAs (big blind) showed [Kc 3c] and won ($10.18) with four of a kind, Kings
Seat 6: Pedr0.tri mucked



PokerStars Hand #254611473169:  Hold'em No Limit ($0.50/$1.00 USD) - 2025/01/29 20:14:02 WET [2025/01/29 15:14:02 ET]
Table 'Nocturna' 6-max Seat #4 is the button
Seat 2: Mr.Taraseus ($100 in chips) is sitting out
Seat 1: DJNezz ($100 in chips) 
Seat 3: XneferX ($124.84 in chips) 
Seat 4: R.M.Farcas ($71.86 in chips) 
Seat 5: AndreaBsAs ($106.57 in chips) 
Seat 6: Pedr0.tri ($92.88 in chips) 
AndreaBsAs: posts small blind $0.50
Pedr0.tri: posts big blind $1
Mr.Taraseus: sits out 
*** HOLE CARDS ***
DJNezz: folds 
XneferX: raises $1.30 to $2.30
R.M.Farcas: folds 
AndreaBsAs: folds 
Pedr0.tri: folds 
Uncalled bet ($1.30) returned to XneferX
XneferX collected $2.50 from pot
XneferX: doesn't show hand 
*** SUMMARY ***
Total pot $2.50 | Rake $0 
Seat 2: Mr.Taraseus
Seat 1: DJNezz folded before Flop (didn't bet)
Seat 3: XneferX collected ($2.50)
Seat 4: R.M.Farcas (button) folded before Flop (didn't bet)
Seat 5: AndreaBsAs (small blind) folded before Flop
Seat 6: Pedr0.tri (big blind) folded before Flop



PokerStars Hand #254611479569:  Hold'em No Limit ($0.50/$1.00 USD) - 2025/01/29 20:14:24 WET [2025/01/29 15:14:24 ET]
Table 'Nocturna' 6-max Seat #5 is the button
Seat 2: Mr.Taraseus ($100 in chips) is sitting out
Seat 1: DJNezz ($100 in chips) 
Seat 3: XneferX ($126.34 in chips) 
Seat 4: R.M.Farcas ($71.86 in chips) 
Seat 5: AndreaBsAs ($106.07 in chips) 
Seat 6: Pedr0.tri ($91.88 in chips) 
Pedr0.tri: posts small blind $0.50
DJNezz: posts big blind $1
Mr.Taraseus: sits out 
*** HOLE CARDS ***
XneferX: raises $1.10 to $2.10
R.M.Farcas: folds 
AndreaBsAs: folds 
Pedr0.tri: folds 
DJNezz: calls $1.10
*** FLOP *** [9h Kc 4h]
DJNezz: checks 
XneferX: checks 
*** TURN *** [9h Kc 4h] [7s]
DJNezz: bets $3.35
XneferX: calls $3.35
*** RIVER *** [9h Kc 4h 7s] [Jh]
DJNezz: bets $13.54
XneferX: folds 
Uncalled bet ($13.54) returned to DJNezz
DJNezz collected $10.83 from pot
*** SUMMARY ***
Total pot $11.40 | Rake $0.57 
Board [9h Kc 4h 7s Jh]
Seat 2: Mr.Taraseus
Seat 1: DJNezz (big blind) collected ($10.83)
Seat 3: XneferX folded on the River
Seat 4: R.M.Farcas folded before Flop (didn't bet)
Seat 5: AndreaBsAs (button) folded before Flop (didn't bet)
Seat 6: Pedr0.tri (small blind) folded before Flop



PokerStars Hand #254611500003:  Hold'em No Limit ($0.50/$1.00 USD) - 2025/01/29 20:15:35 WET [2025/01/29 15:15:35 ET]
Table 'Nocturna' 6-max Seat #6 is the button
Seat 1: DJNezz ($105.38 in chips) 
Seat 2: Mr.Taraseus ($100 in chips) 
Seat 3: XneferX ($120.89 in chips) 
Seat 4: R.M.Farcas ($71.86 in chips) 
Seat 5: AndreaBsAs ($106.07 in chips) 
Seat 6: Pedr0.tri ($91.38 in chips) 
DJNezz: posts small blind $0.50
Mr.Taraseus: posts big blind $1
*** HOLE CARDS ***
XneferX: folds 
R.M.Farcas: folds 
AndreaBsAs: folds 
Pedr0.tri: raises $1.50 to $2.50
DJNezz: folds 
Mr.Taraseus: raises $7.50 to $10
Pedr0.tri: folds 
Uncalled bet ($7.50) returned to Mr.Taraseus
Mr.Taraseus collected $5.50 from pot
Mr.Taraseus: doesn't show hand 
*** SUMMARY ***
Total pot $5.50 | Rake $0 
Seat 1: DJNezz (small blind) folded before Flop
Seat 2: Mr.Taraseus (big blind) collected ($5.50)
Seat 3: XneferX folded before Flop (didn't bet)
Seat 4: R.M.Farcas folded before Flop (didn't bet)
Seat 5: AndreaBsAs folded before Flop (didn't bet)
Seat 6: Pedr0.tri (button) folded before Flop



PokerStars Hand #254611509965:  Hold'em No Limit ($0.50/$1.00 USD) - 2025/01/29 20:16:10 WET [2025/01/29 15:16:10 ET]
Table 'Nocturna' 6-max Seat #1 is the button
Seat 3: XneferX ($120.89 in chips) is sitting out
Seat 1: DJNezz ($104.88 in chips) 
Seat 2: Mr.Taraseus ($103 in chips) 
Seat 4: R.M.Farcas ($71.86 in chips) 
Seat 5: AndreaBsAs ($106.07 in chips) 
Seat 6: Pedr0.tri ($88.88 in chips) 
Mr.Taraseus: posts small blind $0.50
XneferX: is sitting out 
R.M.Farcas: posts big blind $1
*** HOLE CARDS ***
AndreaBsAs: folds 
XneferX leaves the table
Pedr0.tri: raises $1.50 to $2.50
DJNezz: folds 
henri789 joins the table at seat #3 
Mr.Taraseus: raises $7.50 to $10
R.M.Farcas: folds 
Pedr0.tri: folds 
Uncalled bet ($7.50) returned to Mr.Taraseus
Mr.Taraseus collected $6 from pot
Mr.Taraseus: doesn't show hand 
*** SUMMARY ***
Total pot $6 | Rake $0 
Seat 3: XneferX
Seat 1: DJNezz (button) folded before Flop (didn't bet)
Seat 2: Mr.Taraseus (small blind) collected ($6)
Seat 4: R.M.Farcas (big blind) folded before Flop
Seat 5: AndreaBsAs folded before Flop (didn't bet)
Seat 6: Pedr0.tri folded before Flop



PokerStars Hand #254611519282:  Hold'em No Limit ($0.50/$1.00 USD) - 2025/01/29 20:16:42 WET [2025/01/29 15:16:42 ET]
Table 'Nocturna' 6-max Seat #2 is the button
Seat 3: henri789 ($144.83 in chips) is sitting out
Seat 1: DJNezz ($104.88 in chips) 
Seat 2: Mr.Taraseus ($106.50 in chips) 
Seat 4: R.M.Farcas ($70.86 in chips) 
Seat 5: AndreaBsAs ($106.07 in chips) 
Seat 6: Pedr0.tri ($86.38 in chips) 
R.M.Farcas: posts small blind $0.50
AndreaBsAs: posts big blind $1
*** HOLE CARDS ***
Pedr0.tri: raises $1.50 to $2.50
DJNezz: folds 
Mr.Taraseus: raises $5 to $7.50
R.M.Farcas: folds 
AndreaBsAs: folds 
Pedr0.tri: raises $16.50 to $24
Mr.Taraseus: raises $82.50 to $106.50 and is all-in
Pedr0.tri: calls $62.38 and is all-in
Uncalled bet ($20.12) returned to Mr.Taraseus
*** FLOP *** [Ac Js 7d]
*** TURN *** [Ac Js 7d] [Th]
*** RIVER *** [Ac Js 7d Th] [4h]
*** SHOW DOWN ***
Pedr0.tri: shows [Ad Kd] (a pair of Aces)
Mr.Taraseus: shows [Ts Tc] (three of a kind, Tens)
Mr.Taraseus collected $171.76 from pot
*** SUMMARY ***
Total pot $174.26 | Rake $2.50 
Board [Ac Js 7d Th 4h]
Seat 3: henri789
Seat 1: DJNezz folded before Flop (didn't bet)
Seat 2: Mr.Taraseus (button) showed [Ts Tc] and won ($171.76) with three of a kind, Tens
Seat 4: R.M.Farcas (small blind) folded before Flop
Seat 5: AndreaBsAs (big blind) folded before Flop
Seat 6: Pedr0.tri showed [Ad Kd] and lost with a pair of Aces



PokerStars Hand #254611532368:  Hold'em No Limit ($0.50/$1.00 USD) - 2025/01/29 20:17:27 WET [2025/01/29 15:17:27 ET]
Table 'Nocturna' 6-max Seat #4 is the button
Seat 3: henri789 ($144.83 in chips) is sitting out
Seat 6: Pedr0.tri ($0 in chips) is sitting out
Seat 1: DJNezz ($104.88 in chips) 
Seat 2: Mr.Taraseus ($191.88 in chips) 
Seat 4: R.M.Farcas ($70.36 in chips) 
Seat 5: AndreaBsAs ($105.07 in chips) 
AndreaBsAs: posts small blind $0.50
DJNezz: posts big blind $1
henri789: sits out 
*** HOLE CARDS ***
Mr.Taraseus: folds 
R.M.Farcas: folds 
Mr.Taraseus leaves the table
AndreaBsAs: raises $2 to $3
DJNezz: calls $2
*** FLOP *** [Td 5h 6h]
AndreaBsAs: checks 
DJNezz: checks 
*** TURN *** [Td 5h 6h] [6s]
AndreaBsAs: checks 
DJNezz: checks 
*** RIVER *** [Td 5h 6h 6s] [4d]
AndreaBsAs: checks 
DJNezz: checks 
*** SHOW DOWN ***
AndreaBsAs: shows [3c 5c] (two pair, Sixes and Fives)
DJNezz: shows [As 5d] (two pair, Sixes and Fives - Ace kicker)
DJNezz collected $5.70 from pot
*** SUMMARY ***
Total pot $6 | Rake $0.30 
Board [Td 5h 6h 6s 4d]
Seat 3: henri789
Seat 6: Pedr0.tri
Seat 1: DJNezz (big blind) showed [As 5d] and won ($5.70) with two pair, Sixes and Fives
Seat 2: Mr.Taraseus folded before Flop (didn't bet)
Seat 4: R.M.Farcas (button) folded before Flop (didn't bet)
Seat 5: AndreaBsAs (small blind) showed [3c 5c] and lost with two pair, Sixes and Fives



PokerStars Hand #254611547821:  Hold'em No Limit ($0.50/$1.00 USD) - 2025/01/29 20:18:20 WET [2025/01/29 15:18:20 ET]
Table 'Nocturna' 6-max Seat #5 is the button
Seat 6: Pedr0.tri ($0 in chips) is sitting out
Seat 1: DJNezz ($107.58 in chips) 
Seat 3: henri789 ($144.83 in chips) 
Seat 4: R.M.Farcas ($70.36 in chips) 
Seat 5: AndreaBsAs ($102.07 in chips) 
DJNezz: posts small blind $0.50
henri789: posts big blind $1
*** HOLE CARDS ***
R.M.Farcas: folds 
AndreaBsAs: folds 
DJNezz: raises $2 to $3
henri789: folds 
Uncalled bet ($2) returned to DJNezz
DJNezz collected $2 from pot
*** SUMMARY ***
Total pot $2 | Rake $0 
Seat 6: Pedr0.tri
Seat 1: DJNezz (small blind) collected ($2)
Seat 3: henri789 (big blind) folded before Flop
Seat 4: R.M.Farcas folded before Flop (didn't bet)
Seat 5: AndreaBsAs (button) folded before Flop (didn't bet)



PokerStars Hand #254611556251:  Hold'em No Limit ($0.50/$1.00 USD) - 2025/01/29 20:18:49 WET [2025/01/29 15:18:49 ET]
Table 'Nocturna' 6-max Seat #3 is the button
Seat 4: R.M.Farcas ($70.36 in chips) is sitting out
Seat 5: AndreaBsAs ($102.07 in chips) is sitting out
Seat 6: Pedr0.tri ($0 in chips) is sitting out
Seat 1: DJNezz ($108.58 in chips) 
Seat 3: henri789 ($143.83 in chips) 
henri789: posts small blind $0.50
AndreaBsAs: is sitting out 
DJNezz: posts big blind $1
*** HOLE CARDS ***
henri789: raises $1.50 to $2.50
DJNezz: raises $8.50 to $11
henri789: folds 
Uncalled bet ($8.50) returned to DJNezz
DJNezz collected $5 from pot
Pedr0.tri leaves the table
*** SUMMARY ***
Total pot $5 | Rake $0 
Seat 4: R.M.Farcas
Seat 5: AndreaBsAs
Seat 6: Pedr0.tri
Seat 1: DJNezz (big blind) collected ($5)
Seat 3: henri789 (button) (small blind) folded before Flop



PokerStars Hand #254611665663:  Hold'em No Limit ($0.50/$1.00 USD) - 2025/01/29 20:25:09 WET [2025/01/29 15:25:09 ET]
Table 'Nocturna' 6-max Seat #4 is the button
Seat 1: poke er spot ($100 in chips) 
Seat 2: paramourx ($100.50 in chips) 
Seat 3: easy_sarcasm ($100 in chips) 
Seat 4: santosEST ($100 in chips) 
poke er spot: posts small blind $0.50
paramourx: posts big blind $1
*** HOLE CARDS ***
easy_sarcasm: folds 
santosEST: folds 
poke er spot: raises $1 to $2
paramourx: calls $1
*** FLOP *** [9c 7h Qs]
MauriFierro27 joins the table at seat #5 
DJNezz joins the table at seat #6 
poke er spot: bets $1.90
paramourx: calls $1.90
*** TURN *** [9c 7h Qs] [3d]
poke er spot: bets $3.71
paramourx: folds 
Uncalled bet ($3.71) returned to poke er spot
poke er spot collected $7.41 from pot
*** SUMMARY ***
Total pot $7.80 | Rake $0.39 
Board [9c 7h Qs 3d]
Seat 1: poke er spot (small blind) collected ($7.41)
Seat 2: paramourx (big blind) folded on the Turn
Seat 3: easy_sarcasm folded before Flop (didn't bet)
Seat 4: santosEST (button) folded before Flop (didn't bet)



PokerStars Hand #254611676907:  Hold'em No Limit ($0.50/$1.00 USD) - 2025/01/29 20:25:48 WET [2025/01/29 15:25:48 ET]
Table 'Nocturna' 6-max Seat #1 is the button
Seat 4: santosEST ($100 in chips) is sitting out
Seat 5: MauriFierro27 ($100 in chips) is sitting out
Seat 6: DJNezz ($111.08 in chips) is sitting out
Seat 1: poke er spot ($103.51 in chips) 
Seat 2: paramourx ($100 in chips) 
Seat 3: easy_sarcasm ($100 in chips) 
paramourx: posts small blind $0.50
easy_sarcasm: posts big blind $1
MauriFierro27: sits out 
DJNezz: sits out 
*** HOLE CARDS ***
poke er spot: folds 
paramourx: raises $2 to $3
easy_sarcasm: folds 
Uncalled bet ($2) returned to paramourx
paramourx collected $2 from pot
paramourx: doesn't show hand 
*** SUMMARY ***
Total pot $2 | Rake $0 
Seat 4: santosEST
Seat 5: MauriFierro27
Seat 6: DJNezz
Seat 1: poke er spot (button) folded before Flop (didn't bet)
Seat 2: paramourx (small blind) collected ($2)
Seat 3: easy_sarcasm (big blind) folded before Flop



PokerStars Hand #254611682618:  Hold'em No Limit ($0.50/$1.00 USD) - 2025/01/29 20:26:08 WET [2025/01/29 15:26:08 ET]
Table 'Nocturna' 6-max Seat #2 is the button
Seat 4: santosEST ($100 in chips) is sitting out
Seat 6: DJNezz ($111.08 in chips) is sitting out
Seat 1: poke er spot ($103.51 in chips) 
Seat 2: paramourx ($101 in chips) 
Seat 3: easy_sarcasm ($100 in chips) 
Seat 5: MauriFierro27 ($100 in chips) 
easy_sarcasm: posts small blind $0.50
MauriFierro27: posts big blind $1
DJNezz: sits out 
*** HOLE CARDS ***
poke er spot: calls $1
paramourx: raises $4 to $5
easy_sarcasm: folds 
MauriFierro27: folds 
poke er spot: folds 
Uncalled bet ($4) returned to paramourx
paramourx collected $3.50 from pot
paramourx: doesn't show hand 
*** SUMMARY ***
Total pot $3.50 | Rake $0 
Seat 4: santosEST
Seat 6: DJNezz
Seat 1: poke er spot folded before Flop
Seat 2: paramourx (button) collected ($3.50)
Seat 3: easy_sarcasm (small blind) folded before Flop
Seat 5: MauriFierro27 (big blind) folded before Flop



PokerStars Hand #254611688187:  Hold'em No Limit ($0.50/$1.00 USD) - 2025/01/29 20:26:28 WET [2025/01/29 15:26:28 ET]
Table 'Nocturna' 6-max Seat #3 is the button
Seat 4: santosEST ($100 in chips) is sitting out
Seat 1: poke er spot ($102.51 in chips) 
Seat 2: paramourx ($103.50 in chips) 
Seat 3: easy_sarcasm ($100 in chips) 
Seat 5: MauriFierro27 ($100 in chips) 
Seat 6: DJNezz ($111.08 in chips) 
MauriFierro27: posts small blind $0.50
DJNezz: posts big blind $1
*** HOLE CARDS ***
poke er spot: calls $1
paramourx: folds 
easy_sarcasm: folds 
MauriFierro27: raises $4.50 to $5.50
DJNezz: folds 
poke er spot: calls $4.50
*** FLOP *** [3h Ts Qs]
MauriFierro27: bets $5.70
poke er spot: calls $5.70
*** TURN *** [3h Ts Qs] [3d]
MauriFierro27: bets $18
poke er spot: calls $18
*** RIVER *** [3h Ts Qs 3d] [Jc]
MauriFierro27: bets $70.80 and is all-in
poke er spot: folds 
Uncalled bet ($70.80) returned to MauriFierro27
MauriFierro27 collected $56.90 from pot
MauriFierro27: doesn't show hand 
*** SUMMARY ***
Total pot $59.40 | Rake $2.50 
Board [3h Ts Qs 3d Jc]
Seat 4: santosEST
Seat 1: poke er spot folded on the River
Seat 2: paramourx folded before Flop (didn't bet)
Seat 3: easy_sarcasm (button) folded before Flop (didn't bet)
Seat 5: MauriFierro27 (small blind) collected ($56.90)
Seat 6: DJNezz (big blind) folded before Flop



PokerStars Hand #254611705046:  Hold'em No Limit ($0.50/$1.00 USD) - 2025/01/29 20:27:27 WET [2025/01/29 15:27:27 ET]
Table 'Nocturna' 6-max Seat #5 is the button
Seat 4: santosEST ($100 in chips) is sitting out
Seat 1: poke er spot ($73.31 in chips) 
Seat 2: paramourx ($103.50 in chips) 
Seat 3: easy_sarcasm ($100 in chips) 
Seat 5: MauriFierro27 ($127.70 in chips) 
Seat 6: DJNezz ($110.08 in chips) 
DJNezz: posts small blind $0.50
poke er spot: posts big blind $1
santosEST: sits out 
*** HOLE CARDS ***
paramourx: folds 
easy_sarcasm: raises $2 to $3
MauriFierro27: folds 
DJNezz: folds 
poke er spot: raises $3 to $6
easy_sarcasm: calls $3
*** FLOP *** [9c 5s Kd]
poke er spot: bets $5.94
easy_sarcasm: calls $5.94
*** TURN *** [9c 5s Kd] [Jd]
poke er spot: bets $11.58
easy_sarcasm: calls $11.58
*** RIVER *** [9c 5s Kd Jd] [8d]
poke er spot: checks 
easy_sarcasm: bets $70.45
poke er spot: calls $49.79 and is all-in
Uncalled bet ($20.66) returned to easy_sarcasm
*** SHOW DOWN ***
easy_sarcasm: shows [Ts Qc] (a straight, Nine to King)
poke er spot: shows [Ac Kc] (a pair of Kings)
easy_sarcasm collected $144.62 from pot
*** SUMMARY ***
Total pot $147.12 | Rake $2.50 
Board [9c 5s Kd Jd 8d]
Seat 4: santosEST
Seat 1: poke er spot (big blind) showed [Ac Kc] and lost with a pair of Kings
Seat 2: paramourx folded before Flop (didn't bet)
Seat 3: easy_sarcasm showed [Ts Qc] and won ($144.62) with a straight, Nine to King
Seat 5: MauriFierro27 (button) folded before Flop (didn't bet)
Seat 6: DJNezz (small blind) folded before Flop



PokerStars Hand #254611723833:  Hold'em No Limit ($0.50/$1.00 USD) - 2025/01/29 20:28:33 WET [2025/01/29 15:28:33 ET]
Table 'Nocturna' 6-max Seat #6 is the button
Seat 1: poke er spot ($0 in chips) is sitting out
Seat 4: santosEST ($100 in chips) is sitting out
Seat 2: paramourx ($103.50 in chips) 
Seat 3: easy_sarcasm ($171.31 in chips) 
Seat 5: MauriFierro27 ($127.70 in chips) 
Seat 6: DJNezz ($109.58 in chips) 
paramourx: posts small blind $0.50
easy_sarcasm: posts big blind $1
santosEST: sits out 
*** HOLE CARDS ***
MauriFierro27: folds 
DJNezz: folds 
paramourx: folds 
Uncalled bet ($0.50) returned to easy_sarcasm
easy_sarcasm collected $1 from pot
*** SUMMARY ***
Total pot $1 | Rake $0 
Seat 1: poke er spot
Seat 4: santosEST
Seat 2: paramourx (small blind) folded before Flop
Seat 3: easy_sarcasm (big blind) collected ($1)
Seat 5: MauriFierro27 folded before Flop (didn't bet)
Seat 6: DJNezz (button) folded before Flop (didn't bet)



PokerStars Hand #254611726060:  Hold'em No Limit ($0.50/$1.00 USD) - 2025/01/29 20:28:40 WET [2025/01/29 15:28:40 ET]
Table 'Nocturna' 6-max Seat #2 is the button
Seat 1: poke er spot ($100 in chips) 
Seat 2: paramourx ($103 in chips) 
Seat 3: easy_sarcasm ($171.81 in chips) 
Seat 4: santosEST ($100 in chips) 
Seat 5: MauriFierro27 ($127.70 in chips) 
Seat 6: DJNezz ($109.58 in chips) 
easy_sarcasm: posts small blind $0.50
santosEST: posts big blind $1
poke er spot: posts small blind $0.50
*** HOLE CARDS ***
MauriFierro27: raises $1.50 to $2.50
DJNezz: folds 
poke er spot: raises $2.50 to $5
paramourx: folds 
easy_sarcasm: folds 
santosEST: folds 
MauriFierro27: calls $2.50
*** FLOP *** [5h 4d 3s]
MauriFierro27: checks 
poke er spot: checks 
*** TURN *** [5h 4d 3s] [6h]
MauriFierro27: checks 
poke er spot: checks 
*** RIVER *** [5h 4d 3s 6h] [7c]
MauriFierro27: bets $15.96
poke er spot: calls $15.96
*** SHOW DOWN ***
MauriFierro27: shows [9c 9d] (a straight, Three to Seven)
poke er spot: shows [Kh Ah] (a straight, Three to Seven)
MauriFierro27 collected $20.86 from pot
poke er spot collected $20.86 from pot
*** SUMMARY ***
Total pot $43.92 | Rake $2.20 
Board [5h 4d 3s 6h 7c]
Seat 1: poke er spot showed [Kh Ah] and won ($20.86) with a straight, Three to Seven
Seat 2: paramourx (button) folded before Flop (didn't bet)
Seat 3: easy_sarcasm (small blind) folded before Flop
Seat 4: santosEST (big blind) folded before Flop
Seat 5: MauriFierro27 showed [9c 9d] and won ($20.86) with a straight, Three to Seven
Seat 6: DJNezz folded before Flop (didn't bet)



PokerStars Hand #254611738007:  Hold'em No Limit ($0.50/$1.00 USD) - 2025/01/29 20:29:22 WET [2025/01/29 15:29:22 ET]
Table 'Nocturna' 6-max Seat #3 is the button
Seat 1: poke er spot ($99.40 in chips) 
Seat 2: paramourx ($103 in chips) 
Seat 3: easy_sarcasm ($171.31 in chips) 
Seat 4: santosEST ($99 in chips) 
Seat 5: MauriFierro27 ($127.60 in chips) 
Seat 6: DJNezz ($109.58 in chips) 
santosEST: posts small blind $0.50
MauriFierro27: posts big blind $1
*** HOLE CARDS ***
DJNezz: folds 
poke er spot: folds 
paramourx: folds 
easy_sarcasm: folds 
santosEST: raises $1 to $2
MauriFierro27: calls $1
*** FLOP *** [8c 3c 2s]
santosEST: bets $2
MauriFierro27: calls $2
*** TURN *** [8c 3c 2s] [7h]
santosEST: checks 
MauriFierro27: bets $2.51
santosEST: calls $2.51
*** RIVER *** [8c 3c 2s 7h] [5s]
santosEST: checks 
MauriFierro27: checks 
*** SHOW DOWN ***
santosEST: shows [3d Qd] (a pair of Threes)
MauriFierro27: shows [7d Kc] (a pair of Sevens)
MauriFierro27 collected $12.37 from pot
*** SUMMARY ***
Total pot $13.02 | Rake $0.65 
Board [8c 3c 2s 7h 5s]
Seat 1: poke er spot folded before Flop (didn't bet)
Seat 2: paramourx folded before Flop (didn't bet)
Seat 3: easy_sarcasm (button) folded before Flop (didn't bet)
Seat 4: santosEST (small blind) showed [3d Qd] and lost with a pair of Threes
Seat 5: MauriFierro27 (big blind) showed [7d Kc] and won ($12.37) with a pair of Sevens
Seat 6: DJNezz folded before Flop (didn't bet)



PokerStars Hand #254611756562:  Hold'em No Limit ($0.50/$1.00 USD) - 2025/01/29 20:30:27 WET [2025/01/29 15:30:27 ET]
Table 'Nocturna' 6-max Seat #4 is the button
Seat 1: poke er spot ($99.40 in chips) 
Seat 2: paramourx ($103 in chips) 
Seat 3: easy_sarcasm ($171.31 in chips) 
Seat 4: santosEST ($92.49 in chips) 
Seat 5: MauriFierro27 ($133.46 in chips) 
Seat 6: DJNezz ($109.58 in chips) 
MauriFierro27: posts small blind $0.50
DJNezz: posts big blind $1
*** HOLE CARDS ***
poke er spot: calls $1
paramourx: folds 
easy_sarcasm: folds 
santosEST: folds 
MauriFierro27: raises $5.50 to $6.50
DJNezz: folds 
poke er spot: folds 
Uncalled bet ($5.50) returned to MauriFierro27
MauriFierro27 collected $3 from pot
MauriFierro27: doesn't show hand 
*** SUMMARY ***
Total pot $3 | Rake $0 
Seat 1: poke er spot folded before Flop
Seat 2: paramourx folded before Flop (didn't bet)
Seat 3: easy_sarcasm folded before Flop (didn't bet)
Seat 4: santosEST (button) folded before Flop (didn't bet)
Seat 5: MauriFierro27 (small blind) collected ($3)
Seat 6: DJNezz (big blind) folded before Flop



PokerStars Hand #254611762936:  Hold'em No Limit ($0.50/$1.00 USD) - 2025/01/29 20:30:49 WET [2025/01/29 15:30:49 ET]
Table 'Nocturna' 6-max Seat #5 is the button
Seat 1: poke er spot ($98.40 in chips) 
Seat 2: paramourx ($103 in chips) 
Seat 3: easy_sarcasm ($171.31 in chips) 
Seat 4: santosEST ($92.49 in chips) 
Seat 5: MauriFierro27 ($135.46 in chips) 
Seat 6: DJNezz ($108.58 in chips) 
DJNezz: posts small blind $0.50
poke er spot: posts big blind $1
*** HOLE CARDS ***
paramourx: folds 
easy_sarcasm: folds 
santosEST: folds 
MauriFierro27: raises $1.20 to $2.20
DJNezz: folds 
poke er spot: calls $1.20
*** FLOP *** [Kh 5d 9c]
poke er spot: bets $4.66
MauriFierro27: raises $9.32 to $13.98
poke er spot: folds 
Uncalled bet ($9.32) returned to MauriFierro27
MauriFierro27 collected $13.51 from pot
MauriFierro27: doesn't show hand 
*** SUMMARY ***
Total pot $14.22 | Rake $0.71 
Board [Kh 5d 9c]
Seat 1: poke er spot (big blind) folded on the Flop
Seat 2: paramourx folded before Flop (didn't bet)
Seat 3: easy_sarcasm folded before Flop (didn't bet)
Seat 4: santosEST folded before Flop (didn't bet)
Seat 5: MauriFierro27 (button) collected ($13.51)
Seat 6: DJNezz (small blind) folded before Flop



PokerStars Hand #254611771195:  Hold'em No Limit ($0.50/$1.00 USD) - 2025/01/29 20:31:17 WET [2025/01/29 15:31:17 ET]
Table 'Nocturna' 6-max Seat #6 is the button
Seat 1: poke er spot ($91.54 in chips) 
Seat 2: paramourx ($103 in chips) 
Seat 3: easy_sarcasm ($171.31 in chips) 
Seat 4: santosEST ($92.49 in chips) 
Seat 5: MauriFierro27 ($142.11 in chips) 
Seat 6: DJNezz ($108.08 in chips) 
poke er spot: posts small blind $0.50
paramourx: posts big blind $1
*** HOLE CARDS ***
easy_sarcasm: folds 
santosEST: raises $1 to $2
MauriFierro27: folds 
DJNezz: folds 
poke er spot: folds 
paramourx: folds 
Uncalled bet ($1) returned to santosEST
santosEST collected $2.50 from pot
santosEST: doesn't show hand 
*** SUMMARY ***
Total pot $2.50 | Rake $0 
Seat 1: poke er spot (small blind) folded before Flop
Seat 2: paramourx (big blind) folded before Flop
Seat 3: easy_sarcasm folded before Flop (didn't bet)
Seat 4: santosEST collected ($2.50)
Seat 5: MauriFierro27 folded before Flop (didn't bet)
Seat 6: DJNezz (button) folded before Flop (didn't bet)



PokerStars Hand #254611775254:  Hold'em No Limit ($0.50/$1.00 USD) - 2025/01/29 20:31:32 WET [2025/01/29 15:31:32 ET]
Table 'Nocturna' 6-max Seat #1 is the button
Seat 1: poke er spot ($91.04 in chips) 
Seat 2: paramourx ($102 in chips) 
Seat 3: easy_sarcasm ($171.31 in chips) 
Seat 4: santosEST ($93.99 in chips) 
Seat 5: MauriFierro27 ($142.11 in chips) 
Seat 6: DJNezz ($108.08 in chips) 
paramourx: posts small blind $0.50
easy_sarcasm: posts big blind $1
*** HOLE CARDS ***
santosEST: folds 
MauriFierro27: folds 
DJNezz: folds 
poke er spot: calls $1
paramourx: calls $0.50
easy_sarcasm: checks 
*** FLOP *** [4s 9h 7h]
paramourx: bets $1.43
easy_sarcasm: folds 
poke er spot: calls $1.43
*** TURN *** [4s 9h 7h] [5d]
paramourx: bets $7.50
poke er spot: folds 
Uncalled bet ($7.50) returned to paramourx
paramourx collected $5.57 from pot
paramourx: doesn't show hand 
*** SUMMARY ***
Total pot $5.86 | Rake $0.29 
Board [4s 9h 7h 5d]
Seat 1: poke er spot (button) folded on the Turn
Seat 2: paramourx (small blind) collected ($5.57)
Seat 3: easy_sarcasm (big blind) folded on the Flop
Seat 4: santosEST folded before Flop (didn't bet)
Seat 5: MauriFierro27 folded before Flop (didn't bet)
Seat 6: DJNezz folded before Flop (didn't bet)



PokerStars Hand #254611789103:  Hold'em No Limit ($0.50/$1.00 USD) - 2025/01/29 20:32:20 WET [2025/01/29 15:32:20 ET]
Table 'Nocturna' 6-max Seat #2 is the button
Seat 1: poke er spot ($88.61 in chips) 
Seat 2: paramourx ($105.14 in chips) 
Seat 3: easy_sarcasm ($170.31 in chips) 
Seat 4: santosEST ($93.99 in chips) 
Seat 5: MauriFierro27 ($142.11 in chips) 
Seat 6: DJNezz ($108.08 in chips) 
easy_sarcasm: posts small blind $0.50
santosEST: posts big blind $1
*** HOLE CARDS ***
MauriFierro27: raises $1.20 to $2.20
DJNezz: folds 
poke er spot: calls $2.20
paramourx: raises $9.30 to $11.50
easy_sarcasm: folds 
santosEST: folds 
MauriFierro27: folds 
poke er spot: folds 
Uncalled bet ($9.30) returned to paramourx
paramourx collected $8.10 from pot
paramourx: doesn't show hand 
*** SUMMARY ***
Total pot $8.10 | Rake $0 
Seat 1: poke er spot folded before Flop
Seat 2: paramourx (button) collected ($8.10)
Seat 3: easy_sarcasm (small blind) folded before Flop
Seat 4: santosEST (big blind) folded before Flop
Seat 5: MauriFierro27 folded before Flop
Seat 6: DJNezz folded before Flop (didn't bet)



PokerStars Hand #254611801589:  Hold'em No Limit ($0.50/$1.00 USD) - 2025/01/29 20:33:03 WET [2025/01/29 15:33:03 ET]
Table 'Nocturna' 6-max Seat #3 is the button
Seat 1: poke er spot ($86.41 in chips) 
Seat 2: paramourx ($111.04 in chips) 
Seat 3: easy_sarcasm ($169.81 in chips) 
Seat 4: santosEST ($92.99 in chips) 
Seat 5: MauriFierro27 ($139.91 in chips) 
Seat 6: DJNezz ($108.08 in chips) 
santosEST: posts small blind $0.50
MauriFierro27: posts big blind $1
*** HOLE CARDS ***
DJNezz: folds 
poke er spot: calls $1
paramourx: folds 
easy_sarcasm: folds 
santosEST: folds 
MauriFierro27: checks 
*** FLOP *** [Jc 7d Ks]
MauriFierro27: checks 
poke er spot: bets $1.19
MauriFierro27: calls $1.19
*** TURN *** [Jc 7d Ks] [Tc]
MauriFierro27: checks 
poke er spot: checks 
*** RIVER *** [Jc 7d Ks Tc] [8d]
MauriFierro27: bets $1.53
poke er spot: folds 
Uncalled bet ($1.53) returned to MauriFierro27
MauriFierro27 collected $4.64 from pot
MauriFierro27: doesn't show hand 
*** SUMMARY ***
Total pot $4.88 | Rake $0.24 
Board [Jc 7d Ks Tc 8d]
Seat 1: poke er spot folded on the River
Seat 2: paramourx folded before Flop (didn't bet)
Seat 3: easy_sarcasm (button) folded before Flop (didn't bet)
Seat 4: santosEST (small blind) folded before Flop
Seat 5: MauriFierro27 (big blind) collected ($4.64)
Seat 6: DJNezz folded before Flop (didn't bet)



PokerStars Hand #254611813856:  Hold'em No Limit ($0.50/$1.00 USD) - 2025/01/29 20:33:46 WET [2025/01/29 15:33:46 ET]
Table 'Nocturna' 6-max Seat #4 is the button
Seat 1: poke er spot ($84.22 in chips) 
Seat 2: paramourx ($111.04 in chips) 
Seat 3: easy_sarcasm ($169.81 in chips) 
Seat 4: santosEST ($92.49 in chips) 
Seat 5: MauriFierro27 ($142.36 in chips) 
Seat 6: DJNezz ($108.08 in chips) 
MauriFierro27: posts small blind $0.50
DJNezz: posts big blind $1
*** HOLE CARDS ***
poke er spot: folds 
paramourx: folds 
easy_sarcasm: raises $2 to $3
santosEST: folds 
MauriFierro27: folds 
DJNezz: folds 
Uncalled bet ($2) returned to easy_sarcasm
easy_sarcasm collected $2.50 from pot
*** SUMMARY ***
Total pot $2.50 | Rake $0 
Seat 1: poke er spot folded before Flop (didn't bet)
Seat 2: paramourx folded before Flop (didn't bet)
Seat 3: easy_sarcasm collected ($2.50)
Seat 4: santosEST (button) folded before Flop (didn't bet)
Seat 5: MauriFierro27 (small blind) folded before Flop
Seat 6: DJNezz (big blind) folded before Flop



PokerStars Hand #254611817997:  Hold'em No Limit ($0.50/$1.00 USD) - 2025/01/29 20:34:00 WET [2025/01/29 15:34:00 ET]
Table 'Nocturna' 6-max Seat #5 is the button
Seat 1: poke er spot ($84.22 in chips) 
Seat 2: paramourx ($111.04 in chips) 
Seat 3: easy_sarcasm ($171.31 in chips) 
Seat 4: santosEST ($92.49 in chips) 
Seat 5: MauriFierro27 ($141.86 in chips) 
Seat 6: DJNezz ($107.08 in chips) 
DJNezz: posts small blind $0.50
poke er spot: posts big blind $1
*** HOLE CARDS ***
paramourx: raises $2 to $3
easy_sarcasm: folds 
santosEST: folds 
MauriFierro27: folds 
DJNezz: folds 
poke er spot: calls $2
*** FLOP *** [9s 3h 5s]
poke er spot: checks 
paramourx: bets $1.92
poke er spot: calls $1.92
*** TURN *** [9s 3h 5s] [4h]
poke er spot: checks 
paramourx: checks 
*** RIVER *** [9s 3h 5s 4h] [Ts]
poke er spot: checks 
paramourx: bets $7.66
poke er spot: calls $7.66
*** SHOW DOWN ***
paramourx: shows [Td Js] (a pair of Tens)
poke er spot: mucks hand 
paramourx collected $24.38 from pot
*** SUMMARY ***
Total pot $25.66 | Rake $1.28 
Board [9s 3h 5s 4h Ts]
Seat 1: poke er spot (big blind) mucked
Seat 2: paramourx showed [Td Js] and won ($24.38) with a pair of Tens
Seat 3: easy_sarcasm folded before Flop (didn't bet)
Seat 4: santosEST folded before Flop (didn't bet)
Seat 5: MauriFierro27 (button) folded before Flop (didn't bet)
Seat 6: DJNezz (small blind) folded before Flop



PokerStars Hand #254611832550:  Hold'em No Limit ($0.50/$1.00 USD) - 2025/01/29 20:34:51 WET [2025/01/29 15:34:51 ET]
Table 'Nocturna' 6-max Seat #6 is the button
Seat 1: poke er spot ($71.64 in chips) 
Seat 2: paramourx ($122.84 in chips) 
Seat 3: easy_sarcasm ($171.31 in chips) 
Seat 4: santosEST ($92.49 in chips) 
Seat 5: MauriFierro27 ($141.86 in chips) 
Seat 6: DJNezz ($106.58 in chips) 
poke er spot: posts small blind $0.50
paramourx: posts big blind $1
*** HOLE CARDS ***
easy_sarcasm: folds 
santosEST: folds 
MauriFierro27: raises $1.20 to $2.20
DJNezz: folds 
poke er spot: calls $1.70
paramourx: folds 
*** FLOP *** [5s 7d Ts]
poke er spot: bets $2.57
MauriFierro27: raises $5.14 to $7.71
poke er spot: calls $5.14
*** TURN *** [5s 7d Ts] [4h]
poke er spot: checks 
MauriFierro27: bets $14.85
poke er spot: calls $14.85
*** RIVER *** [5s 7d Ts 4h] [3c]
poke er spot: checks 
MauriFierro27: bets $48.02
poke er spot: calls $46.88 and is all-in
Uncalled bet ($1.14) returned to MauriFierro27
*** SHOW DOWN ***
MauriFierro27: shows [Kh Kd] (a pair of Kings)
poke er spot: shows [Tc 6c] (a straight, Three to Seven)
poke er spot collected $141.78 from pot
*** SUMMARY ***
Total pot $144.28 | Rake $2.50 
Board [5s 7d Ts 4h 3c]
Seat 1: poke er spot (small blind) showed [Tc 6c] and won ($141.78) with a straight, Three to Seven
Seat 2: paramourx (big blind) folded before Flop
Seat 3: easy_sarcasm folded before Flop (didn't bet)
Seat 4: santosEST folded before Flop (didn't bet)
Seat 5: MauriFierro27 showed [Kh Kd] and lost with a pair of Kings
Seat 6: DJNezz (button) folded before Flop (didn't bet)



PokerStars Hand #254611846657:  Hold'em No Limit ($0.50/$1.00 USD) - 2025/01/29 20:35:40 WET [2025/01/29 15:35:40 ET]
Table 'Nocturna' 6-max Seat #1 is the button
Seat 1: poke er spot ($141.78 in chips) 
Seat 2: paramourx ($121.84 in chips) 
Seat 3: easy_sarcasm ($171.31 in chips) 
Seat 4: santosEST ($92.49 in chips) 
Seat 5: MauriFierro27 ($100 in chips) 
Seat 6: DJNezz ($106.58 in chips) 
paramourx: posts small blind $0.50
easy_sarcasm: posts big blind $1
*** HOLE CARDS ***
santosEST: folds 
MauriFierro27: raises $1.20 to $2.20
DJNezz: raises $5.30 to $7.50
poke er spot: folds 
paramourx: folds 
easy_sarcasm: folds 
MauriFierro27: raises $12.75 to $20.25
DJNezz: raises $86.33 to $106.58 and is all-in
MauriFierro27: calls $79.75 and is all-in
Uncalled bet ($6.58) returned to DJNezz
*** FLOP *** [Qd 7s 2c]
*** TURN *** [Qd 7s 2c] [7d]
*** RIVER *** [Qd 7s 2c 7d] [3h]
*** SHOW DOWN ***
MauriFierro27: shows [Js Jc] (two pair, Jacks and Sevens)
DJNezz: shows [Ad Ks] (a pair of Sevens)
MauriFierro27 collected $199 from pot
*** SUMMARY ***
Total pot $201.50 | Rake $2.50 
Board [Qd 7s 2c 7d 3h]
Seat 1: poke er spot (button) folded before Flop (didn't bet)
Seat 2: paramourx (small blind) folded before Flop
Seat 3: easy_sarcasm (big blind) folded before Flop
Seat 4: santosEST folded before Flop (didn't bet)
Seat 5: MauriFierro27 showed [Js Jc] and won ($199) with two pair, Jacks and Sevens
Seat 6: DJNezz showed [Ad Ks] and lost with a pair of Sevens



PokerStars Hand #254611858820:  Hold'em No Limit ($0.50/$1.00 USD) - 2025/01/29 20:36:22 WET [2025/01/29 15:36:22 ET]
Table 'Nocturna' 6-max Seat #2 is the button
Seat 1: poke er spot ($141.78 in chips) 
Seat 2: paramourx ($121.34 in chips) 
Seat 3: easy_sarcasm ($170.31 in chips) 
Seat 4: santosEST ($92.49 in chips) 
Seat 5: MauriFierro27 ($199 in chips) 
Seat 6: DJNezz ($100 in chips) 
easy_sarcasm: posts small blind $0.50
santosEST: posts big blind $1
*** HOLE CARDS ***
MauriFierro27: folds 
DJNezz: folds 
poke er spot: calls $1
paramourx: folds 
easy_sarcasm: folds 
santosEST: checks 
*** FLOP *** [Ks 2h 7s]
santosEST: bets $2
poke er spot: calls $2
*** TURN *** [Ks 2h 7s] [3h]
santosEST: bets $3
poke er spot: calls $3
*** RIVER *** [Ks 2h 7s 3h] [8d]
santosEST: bets $5
poke er spot: calls $5
*** SHOW DOWN ***
santosEST: shows [Kd 6d] (a pair of Kings)
poke er spot: shows [Kc Jc] (a pair of Kings - Jack kicker)
poke er spot collected $21.38 from pot
*** SUMMARY ***
Total pot $22.50 | Rake $1.12 
Board [Ks 2h 7s 3h 8d]
Seat 1: poke er spot showed [Kc Jc] and won ($21.38) with a pair of Kings
Seat 2: paramourx (button) folded before Flop (didn't bet)
Seat 3: easy_sarcasm (small blind) folded before Flop
Seat 4: santosEST (big blind) showed [Kd 6d] and lost with a pair of Kings
Seat 5: MauriFierro27 folded before Flop (didn't bet)
Seat 6: DJNezz folded before Flop (didn't bet)



PokerStars Hand #254611870333:  Hold'em No Limit ($0.50/$1.00 USD) - 2025/01/29 20:37:02 WET [2025/01/29 15:37:02 ET]
Table 'Nocturna' 6-max Seat #3 is the button
Seat 1: poke er spot ($152.16 in chips) 
Seat 2: paramourx ($121.34 in chips) 
Seat 3: easy_sarcasm ($169.81 in chips) 
Seat 4: santosEST ($81.49 in chips) 
Seat 5: MauriFierro27 ($199 in chips) 
Seat 6: DJNezz ($100 in chips) 
santosEST: posts small blind $0.50
MauriFierro27: posts big blind $1
*** HOLE CARDS ***
DJNezz: folds 
poke er spot: calls $1
paramourx: folds 
easy_sarcasm: folds 
santosEST: calls $0.50
MauriFierro27: raises $5.50 to $6.50
poke er spot: folds 
santosEST: folds 
Uncalled bet ($5.50) returned to MauriFierro27
MauriFierro27 collected $3 from pot
MauriFierro27: doesn't show hand 
*** SUMMARY ***
Total pot $3 | Rake $0 
Seat 1: poke er spot folded before Flop
Seat 2: paramourx folded before Flop (didn't bet)
Seat 3: easy_sarcasm (button) folded before Flop (didn't bet)
Seat 4: santosEST (small blind) folded before Flop
Seat 5: MauriFierro27 (big blind) collected ($3)
Seat 6: DJNezz folded before Flop (didn't bet)



PokerStars Hand #254611875706:  Hold'em No Limit ($0.50/$1.00 USD) - 2025/01/29 20:37:21 WET [2025/01/29 15:37:21 ET]
Table 'Nocturna' 6-max Seat #4 is the button
Seat 1: poke er spot ($151.16 in chips) 
Seat 2: paramourx ($121.34 in chips) 
Seat 3: easy_sarcasm ($169.81 in chips) 
Seat 4: santosEST ($80.49 in chips) 
Seat 5: MauriFierro27 ($201 in chips) 
Seat 6: DJNezz ($100 in chips) 
MauriFierro27: posts small blind $0.50
DJNezz: posts big blind $1
*** HOLE CARDS ***
poke er spot: folds 
paramourx: raises $2 to $3
easy_sarcasm: folds 
santosEST: folds 
MauriFierro27: folds 
DJNezz: folds 
Uncalled bet ($2) returned to paramourx
paramourx collected $2.50 from pot
paramourx: doesn't show hand 
*** SUMMARY ***
Total pot $2.50 | Rake $0 
Seat 1: poke er spot folded before Flop (didn't bet)
Seat 2: paramourx collected ($2.50)
Seat 3: easy_sarcasm folded before Flop (didn't bet)
Seat 4: santosEST (button) folded before Flop (didn't bet)
Seat 5: MauriFierro27 (small blind) folded before Flop
Seat 6: DJNezz (big blind) folded before Flop



PokerStars Hand #254611879156:  Hold'em No Limit ($0.50/$1.00 USD) - 2025/01/29 20:37:33 WET [2025/01/29 15:37:33 ET]
Table 'Nocturna' 6-max Seat #5 is the button
Seat 1: poke er spot ($151.16 in chips) 
Seat 2: paramourx ($122.84 in chips) 
Seat 3: easy_sarcasm ($169.81 in chips) 
Seat 4: santosEST ($80.49 in chips) 
Seat 5: MauriFierro27 ($200.50 in chips) 
Seat 6: DJNezz ($100 in chips) 
DJNezz: posts small blind $0.50
poke er spot: posts big blind $1
*** HOLE CARDS ***
paramourx: raises $2 to $3
easy_sarcasm: folds 
santosEST: folds 
MauriFierro27: folds 
DJNezz: folds 
poke er spot: folds 
Uncalled bet ($2) returned to paramourx
paramourx collected $2.50 from pot
paramourx: doesn't show hand 
*** SUMMARY ***
Total pot $2.50 | Rake $0 
Seat 1: poke er spot (big blind) folded before Flop
Seat 2: paramourx collected ($2.50)
Seat 3: easy_sarcasm folded before Flop (didn't bet)
Seat 4: santosEST folded before Flop (didn't bet)
Seat 5: MauriFierro27 (button) folded before Flop (didn't bet)
Seat 6: DJNezz (small blind) folded before Flop



PokerStars Hand #254611884673:  Hold'em No Limit ($0.50/$1.00 USD) - 2025/01/29 20:37:52 WET [2025/01/29 15:37:52 ET]
Table 'Nocturna' 6-max Seat #6 is the button
Seat 1: poke er spot ($150.16 in chips) 
Seat 2: paramourx ($124.34 in chips) 
Seat 3: easy_sarcasm ($169.81 in chips) 
Seat 4: santosEST ($80.49 in chips) 
Seat 5: MauriFierro27 ($200.50 in chips) 
Seat 6: DJNezz ($100 in chips) 
poke er spot: posts small blind $0.50
paramourx: posts big blind $1
*** HOLE CARDS ***
easy_sarcasm: folds 
santosEST: folds 
MauriFierro27: folds 
DJNezz: folds 
poke er spot: folds 
Uncalled bet ($0.50) returned to paramourx
paramourx collected $1 from pot
paramourx: doesn't show hand 
*** SUMMARY ***
Total pot $1 | Rake $0 
Seat 1: poke er spot (small blind) folded before Flop
Seat 2: paramourx (big blind) collected ($1)
Seat 3: easy_sarcasm folded before Flop (didn't bet)
Seat 4: santosEST folded before Flop (didn't bet)
Seat 5: MauriFierro27 folded before Flop (didn't bet)
Seat 6: DJNezz (button) folded before Flop (didn't bet)



PokerStars Hand #254611889109:  Hold'em No Limit ($0.50/$1.00 USD) - 2025/01/29 20:38:08 WET [2025/01/29 15:38:08 ET]
Table 'Nocturna' 6-max Seat #1 is the button
Seat 1: poke er spot ($149.66 in chips) 
Seat 2: paramourx ($124.84 in chips) 
Seat 3: easy_sarcasm ($169.81 in chips) 
Seat 4: santosEST ($80.49 in chips) 
Seat 5: MauriFierro27 ($200.50 in chips) 
Seat 6: DJNezz ($100 in chips) 
paramourx: posts small blind $0.50
easy_sarcasm: posts big blind $1
*** HOLE CARDS ***
santosEST: folds 
MauriFierro27: raises $1.20 to $2.20
DJNezz: folds 
poke er spot: folds 
paramourx: folds 
easy_sarcasm: folds 
Uncalled bet ($1.20) returned to MauriFierro27
MauriFierro27 collected $2.50 from pot
MauriFierro27: doesn't show hand 
*** SUMMARY ***
Total pot $2.50 | Rake $0 
Seat 1: poke er spot (button) folded before Flop (didn't bet)
Seat 2: paramourx (small blind) folded before Flop
Seat 3: easy_sarcasm (big blind) folded before Flop
Seat 4: santosEST folded before Flop (didn't bet)
Seat 5: MauriFierro27 collected ($2.50)
Seat 6: DJNezz folded before Flop (didn't bet)



PokerStars Hand #254612014540:  Hold'em No Limit ($0.50/$1.00 USD) - 2025/01/29 20:45:29 WET [2025/01/29 15:45:29 ET]
Table 'Nocturna' 6-max Seat #6 is the button
Seat 1: poke er spot ($148.18 in chips) 
Seat 2: paramourx ($119.84 in chips) 
Seat 3: easy_sarcasm ($158.11 in chips) 
Seat 4: santosEST ($88.25 in chips) 
Seat 5: MauriFierro27 ($210.26 in chips) 
Seat 6: DJNezz ($103 in chips) 
poke er spot: posts small blind $0.50
paramourx: posts big blind $1
*** HOLE CARDS ***
easy_sarcasm: folds 
santosEST: folds 
MauriFierro27: folds 
DJNezz: raises $1.20 to $2.20
poke er spot: calls $1.70
paramourx: folds 
*** FLOP *** [3c 4d 7h]
poke er spot: checks 
DJNezz: bets $2.57
poke er spot: folds 
Uncalled bet ($2.57) returned to DJNezz
DJNezz collected $5.13 from pot
*** SUMMARY ***
Total pot $5.40 | Rake $0.27 
Board [3c 4d 7h]
Seat 1: poke er spot (small blind) folded on the Flop
Seat 2: paramourx (big blind) folded before Flop
Seat 3: easy_sarcasm folded before Flop (didn't bet)
Seat 4: santosEST folded before Flop (didn't bet)
Seat 5: MauriFierro27 folded before Flop (didn't bet)
Seat 6: DJNezz (button) collected ($5.13)



PokerStars Hand #254612022048:  Hold'em No Limit ($0.50/$1.00 USD) - 2025/01/29 20:45:55 WET [2025/01/29 15:45:55 ET]
Table 'Nocturna' 6-max Seat #1 is the button
Seat 1: poke er spot ($145.98 in chips) 
Seat 2: paramourx ($118.84 in chips) 
Seat 3: easy_sarcasm ($158.11 in chips) 
Seat 4: santosEST ($88.25 in chips) 
Seat 5: MauriFierro27 ($210.26 in chips) 
Seat 6: DJNezz ($105.93 in chips) 
paramourx: posts small blind $0.50
easy_sarcasm: posts big blind $1
*** HOLE CARDS ***
santosEST: folds 
MauriFierro27: folds 
DJNezz: folds 
poke er spot: folds 
paramourx: folds 
Uncalled bet ($0.50) returned to easy_sarcasm
easy_sarcasm collected $1 from pot
*** SUMMARY ***
Total pot $1 | Rake $0 
Seat 1: poke er spot (button) folded before Flop (didn't bet)
Seat 2: paramourx (small blind) folded before Flop
Seat 3: easy_sarcasm (big blind) collected ($1)
Seat 4: santosEST folded before Flop (didn't bet)
Seat 5: MauriFierro27 folded before Flop (didn't bet)
Seat 6: DJNezz folded before Flop (didn't bet)



PokerStars Hand #254612024958:  Hold'em No Limit ($0.50/$1.00 USD) - 2025/01/29 20:46:06 WET [2025/01/29 15:46:06 ET]
Table 'Nocturna' 6-max Seat #2 is the button
Seat 1: poke er spot ($145.98 in chips) 
Seat 2: paramourx ($118.34 in chips) 
Seat 3: easy_sarcasm ($158.61 in chips) 
Seat 4: santosEST ($88.25 in chips) 
Seat 5: MauriFierro27 ($210.26 in chips) 
Seat 6: DJNezz ($105.93 in chips) 
easy_sarcasm: posts small blind $0.50
santosEST: posts big blind $1
*** HOLE CARDS ***
MauriFierro27: folds 
DJNezz: folds 
poke er spot: folds 
paramourx: raises $2 to $3
easy_sarcasm: folds 
santosEST: folds 
Uncalled bet ($2) returned to paramourx
paramourx collected $2.50 from pot
paramourx: doesn't show hand 
*** SUMMARY ***
Total pot $2.50 | Rake $0 
Seat 1: poke er spot folded before Flop (didn't bet)
Seat 2: paramourx (button) collected ($2.50)
Seat 3: easy_sarcasm (small blind) folded before Flop
Seat 4: santosEST (big blind) folded before Flop
Seat 5: MauriFierro27 folded before Flop (didn't bet)
Seat 6: DJNezz folded before Flop (didn't bet)



PokerStars Hand #254612029545:  Hold'em No Limit ($0.50/$1.00 USD) - 2025/01/29 20:46:22 WET [2025/01/29 15:46:22 ET]
Table 'Nocturna' 6-max Seat #3 is the button
Seat 1: poke er spot ($145.98 in chips) 
Seat 2: paramourx ($119.84 in chips) 
Seat 3: easy_sarcasm ($158.11 in chips) 
Seat 4: santosEST ($87.25 in chips) 
Seat 5: MauriFierro27 ($210.26 in chips) 
Seat 6: DJNezz ($105.93 in chips) 
santosEST: posts small blind $0.50
MauriFierro27: posts big blind $1
*** HOLE CARDS ***
DJNezz: folds 
poke er spot: folds 
paramourx: folds 
easy_sarcasm: folds 
santosEST: raises $2 to $3
MauriFierro27: calls $2
*** FLOP *** [Qd 6h Ac]
santosEST: bets $3
MauriFierro27: calls $3
*** TURN *** [Qd 6h Ac] [3c]
santosEST: bets $6
MauriFierro27: folds 
Uncalled bet ($6) returned to santosEST
santosEST collected $11.40 from pot
santosEST: doesn't show hand 
*** SUMMARY ***
Total pot $12 | Rake $0.60 
Board [Qd 6h Ac 3c]
Seat 1: poke er spot folded before Flop (didn't bet)
Seat 2: paramourx folded before Flop (didn't bet)
Seat 3: easy_sarcasm (button) folded before Flop (didn't bet)
Seat 4: santosEST (small blind) collected ($11.40)
Seat 5: MauriFierro27 (big blind) folded on the Turn
Seat 6: DJNezz folded before Flop (didn't bet)



PokerStars Hand #254612044482:  Hold'em No Limit ($0.50/$1.00 USD) - 2025/01/29 20:47:15 WET [2025/01/29 15:47:15 ET]
Table 'Nocturna' 6-max Seat #4 is the button
Seat 1: poke er spot ($145.98 in chips) 
Seat 2: paramourx ($119.84 in chips) 
Seat 3: easy_sarcasm ($158.11 in chips) 
Seat 4: santosEST ($92.65 in chips) 
Seat 5: MauriFierro27 ($204.26 in chips) 
Seat 6: DJNezz ($105.93 in chips) 
MauriFierro27: posts small blind $0.50
DJNezz: posts big blind $1
*** HOLE CARDS ***
poke er spot: calls $1
paramourx: raises $4 to $5
easy_sarcasm: folds 
santosEST: folds 
MauriFierro27: folds 
DJNezz: folds 
poke er spot: folds 
Uncalled bet ($4) returned to paramourx
paramourx collected $3.50 from pot
paramourx: doesn't show hand 
*** SUMMARY ***
Total pot $3.50 | Rake $0 
Seat 1: poke er spot folded before Flop
Seat 2: paramourx collected ($3.50)
Seat 3: easy_sarcasm folded before Flop (didn't bet)
Seat 4: santosEST (button) folded before Flop (didn't bet)
Seat 5: MauriFierro27 (small blind) folded before Flop
Seat 6: DJNezz (big blind) folded before Flop



PokerStars Hand #254612054040:  Hold'em No Limit ($0.50/$1.00 USD) - 2025/01/29 20:47:49 WET [2025/01/29 15:47:49 ET]
Table 'Nocturna' 6-max Seat #5 is the button
Seat 1: poke er spot ($144.98 in chips) 
Seat 2: paramourx ($122.34 in chips) 
Seat 3: easy_sarcasm ($158.11 in chips) 
Seat 4: santosEST ($92.65 in chips) 
Seat 5: MauriFierro27 ($203.76 in chips) 
Seat 6: DJNezz ($104.93 in chips) 
DJNezz: posts small blind $0.50
poke er spot: posts big blind $1
*** HOLE CARDS ***
paramourx: folds 
easy_sarcasm: raises $2 to $3
santosEST: folds 
MauriFierro27: folds 
DJNezz: folds 
poke er spot: calls $2
*** FLOP *** [Ac Jd Tc]
poke er spot: checks 
easy_sarcasm: bets $3.09
poke er spot: calls $3.09
*** TURN *** [Ac Jd Tc] [5h]
poke er spot: checks 
easy_sarcasm: checks 
*** RIVER *** [Ac Jd Tc 5h] [Ts]
poke er spot: checks 
easy_sarcasm: checks 
*** SHOW DOWN ***
poke er spot: shows [Th Qd] (three of a kind, Tens)
easy_sarcasm: mucks hand 
poke er spot collected $12.05 from pot
*** SUMMARY ***
Total pot $12.68 | Rake $0.63 
Board [Ac Jd Tc 5h Ts]
Seat 1: poke er spot (big blind) showed [Th Qd] and won ($12.05) with three of a kind, Tens
Seat 2: paramourx folded before Flop (didn't bet)
Seat 3: easy_sarcasm mucked
Seat 4: santosEST folded before Flop (didn't bet)
Seat 5: MauriFierro27 (button) folded before Flop (didn't bet)
Seat 6: DJNezz (small blind) folded before Flop



PokerStars Hand #254612069168:  Hold'em No Limit ($0.50/$1.00 USD) - 2025/01/29 20:48:42 WET [2025/01/29 15:48:42 ET]
Table 'Nocturna' 6-max Seat #6 is the button
Seat 1: poke er spot ($150.94 in chips) 
Seat 2: paramourx ($122.34 in chips) 
Seat 3: easy_sarcasm ($152.02 in chips) 
Seat 4: santosEST ($92.65 in chips) 
Seat 5: MauriFierro27 ($203.76 in chips) 
Seat 6: DJNezz ($104.43 in chips) 
poke er spot: posts small blind $0.50
paramourx: posts big blind $1
*** HOLE CARDS ***
easy_sarcasm: raises $2 to $3
santosEST: calls $3
MauriFierro27: folds 
DJNezz: folds 
poke er spot: calls $2.50
paramourx: raises $13 to $16
easy_sarcasm: folds 
santosEST: calls $13
poke er spot: calls $13
*** FLOP *** [7c 5c 9c]
poke er spot: checks 
paramourx: bets $4.80
santosEST: calls $4.80
poke er spot: calls $4.80
*** TURN *** [7c 5c 9c] [2h]
poke er spot: checks 
paramourx: bets $6.20
santosEST: calls $6.20
poke er spot: calls $6.20
*** RIVER *** [7c 5c 9c 2h] [Ad]
poke er spot: checks 
paramourx: bets $8.10
santosEST: raises $57.55 to $65.65 and is all-in
poke er spot: folds 
paramourx: folds 
Uncalled bet ($57.55) returned to santosEST
santosEST collected $97.70 from pot
santosEST: doesn't show hand 
*** SUMMARY ***
Total pot $100.20 | Rake $2.50 
Board [7c 5c 9c 2h Ad]
Seat 1: poke er spot (small blind) folded on the River
Seat 2: paramourx (big blind) folded on the River
Seat 3: easy_sarcasm folded before Flop
Seat 4: santosEST collected ($97.70)
Seat 5: MauriFierro27 folded before Flop (didn't bet)
Seat 6: DJNezz (button) folded before Flop (didn't bet)



PokerStars Hand #254612095454:  Hold'em No Limit ($0.50/$1.00 USD) - 2025/01/29 20:50:15 WET [2025/01/29 15:50:15 ET]
Table 'Nocturna' 6-max Seat #1 is the button
Seat 1: poke er spot ($123.94 in chips) 
Seat 2: paramourx ($100 in chips) 
Seat 3: easy_sarcasm ($149.02 in chips) 
Seat 4: santosEST ($155.25 in chips) 
Seat 5: MauriFierro27 ($203.76 in chips) 
Seat 6: DJNezz ($104.43 in chips) 
paramourx: posts small blind $0.50
easy_sarcasm: posts big blind $1
*** HOLE CARDS ***
santosEST: folds 
MauriFierro27: raises $1.20 to $2.20
DJNezz: folds 
poke er spot: folds 
poke er spot leaves the table
paramourx: folds 
easy_sarcasm: folds 
Uncalled bet ($1.20) returned to MauriFierro27
MauriFierro27 collected $2.50 from pot
MauriFierro27: doesn't show hand 
*** SUMMARY ***
Total pot $2.50 | Rake $0 
Seat 1: poke er spot (button) folded before Flop (didn't bet)
Seat 2: paramourx (small blind) folded before Flop
Seat 3: easy_sarcasm (big blind) folded before Flop
Seat 4: santosEST folded before Flop (didn't bet)
Seat 5: MauriFierro27 collected ($2.50)
Seat 6: DJNezz folded before Flop (didn't bet)



PokerStars Hand #254612101073:  Hold'em No Limit ($0.50/$1.00 USD) - 2025/01/29 20:50:35 WET [2025/01/29 15:50:35 ET]
Table 'Nocturna' 6-max Seat #2 is the button
Seat 2: paramourx ($100 in chips) 
Seat 3: easy_sarcasm ($148.02 in chips) 
Seat 4: santosEST ($155.25 in chips) 
Seat 5: MauriFierro27 ($205.26 in chips) 
Seat 6: DJNezz ($104.43 in chips) 
easy_sarcasm: posts small blind $0.50
santosEST: posts big blind $1
*** HOLE CARDS ***
MauriFierro27: folds 
DJNezz: raises $1.20 to $2.20
paramourx: folds 
easy_sarcasm: raises $8.80 to $11
santosEST: folds 
DJNezz: folds 
Uncalled bet ($8.80) returned to easy_sarcasm
easy_sarcasm collected $5.40 from pot
*** SUMMARY ***
Total pot $5.40 | Rake $0 
Seat 2: paramourx (button) folded before Flop (didn't bet)
Seat 3: easy_sarcasm (small blind) collected ($5.40)
Seat 4: santosEST (big blind) folded before Flop
Seat 5: MauriFierro27 folded before Flop (didn't bet)
Seat 6: DJNezz folded before Flop



PokerStars Hand #254612110306:  Hold'em No Limit ($0.50/$1.00 USD) - 2025/01/29 20:51:08 WET [2025/01/29 15:51:08 ET]
Table 'Nocturna' 6-max Seat #3 is the button
Seat 5: MauriFierro27 ($205.26 in chips) is sitting out
Seat 2: paramourx ($100 in chips) 
Seat 3: easy_sarcasm ($151.22 in chips) 
Seat 4: santosEST ($154.25 in chips) 
Seat 6: DJNezz ($102.23 in chips) 
santosEST: posts small blind $0.50
MauriFierro27: is sitting out 
DJNezz: posts big blind $1
*** HOLE CARDS ***
MauriFierro27 leaves the table
paramourx: folds 
easy_sarcasm: raises $1.20 to $2.20
santosEST: folds 
DJNezz: folds 
Uncalled bet ($1.20) returned to easy_sarcasm
easy_sarcasm collected $2.50 from pot
*** SUMMARY ***
Total pot $2.50 | Rake $0 
Seat 5: MauriFierro27
Seat 2: paramourx folded before Flop (didn't bet)
Seat 3: easy_sarcasm (button) collected ($2.50)
Seat 4: santosEST (small blind) folded before Flop
Seat 6: DJNezz (big blind) folded before Flop



PokerStars Hand #254612123226:  Hold'em No Limit ($0.50/$1.00 USD) - 2025/01/29 20:51:53 WET [2025/01/29 15:51:53 ET]
Table 'Nocturna' 6-max Seat #6 is the button
Seat 2: paramourx ($100 in chips) is sitting out
Seat 3: easy_sarcasm ($152.72 in chips) is sitting out
Seat 4: santosEST ($153.75 in chips) 
Seat 6: DJNezz ($101.23 in chips) 
DJNezz: posts small blind $0.50
paramourx: is sitting out 
easy_sarcasm: is sitting out 
santosEST: posts big blind $1
*** HOLE CARDS ***
paramourx leaves the table
DJNezz: folds 
Uncalled bet ($0.50) returned to santosEST
easy_sarcasm leaves the table
santosEST collected $1 from pot
santosEST: doesn't show hand 
DJNezz leaves the table
*** SUMMARY ***
Total pot $1 | Rake $0 
Seat 2: paramourx
Seat 3: easy_sarcasm
Seat 4: santosEST (big blind) collected ($1)
Seat 6: DJNezz (button) (small blind) folded before Flop



