PokerStars Hand #254616397925:  Hold'em No Limit ($0.50/$1.00 USD) - 2025/01/29 1:59:36 WET [2025/01/29 20:59:36 ET]
Table 'Hedwig' 6-max Seat #5 is the button
Seat 2: EasyGamerrr ($100 in chips) 
Seat 3: BeauParleur ($115.25 in chips) 
Seat 5: Manifestorr ($100 in chips) 
EasyGamerrr: posts small blind $0.50
BeauParleur: posts big blind $1
*** HOLE CARDS ***
Manifestorr: raises $1.20 to $2.20
EasyGamerrr: folds 
BeauParleur: folds 
Uncalled bet ($1.20) returned to Manifestorr
Manifestorr collected $2.50 from pot
*** SUMMARY ***
Total pot $2.50 | Rake $0 
Seat 2: EasyGamerrr (small blind) folded before Flop
Seat 3: BeauParleur (big blind) folded before Flop
Seat 5: Manifestorr (button) collected ($2.50)



PokerStars Hand #254616399587:  Hold'em No Limit ($0.50/$1.00 USD) - 2025/01/29 1:59:49 WET [2025/01/29 20:59:49 ET]
Table 'Hedwig' 6-max Seat #3 is the button
Seat 2: EasyGamerrr ($100 in chips) is sitting out
Seat 3: BeauParleur ($114.25 in chips) 
Seat 5: Manifestorr ($101.50 in chips) 
BeauParleur: posts small blind $0.50
Manifestorr: posts big blind $1
*** HOLE CARDS ***
EasyGamerrr leaves the table
BeauParleur: raises $1.25 to $2.25
Manifestorr: calls $1.25
*** FLOP *** [9s Ks 2c]
Manifestorr: checks 
BeauParleur: bets $3.21
Manifestorr: folds 
Uncalled bet ($3.21) returned to BeauParleur
BeauParleur collected $4.28 from pot
BeauParleur: doesn't show hand 
*** SUMMARY ***
Total pot $4.50 | Rake $0.22 
Board [9s Ks 2c]
Seat 2: EasyGamerrr
Seat 3: BeauParleur (button) (small blind) collected ($4.28)
Seat 5: Manifestorr (big blind) folded on the Flop



PokerStars Hand #254616421437:  Hold'em No Limit ($0.50/$1.00 USD) - 2025/01/29 2:02:15 WET [2025/01/29 21:02:15 ET]
Table 'Hedwig' 6-max Seat #4 is the button
Seat 3: BeauParleur ($116.28 in chips) is sitting out
Seat 1: LuckyShikari ($10 in chips) 
Seat 4: @PETERS67@ ($20 in chips) 
Seat 5: Manifestorr ($100 in chips) 
Seat 6: EasyGamerrr ($100 in chips) 
Manifestorr: posts small blind $0.50
EasyGamerrr: posts big blind $1
*** HOLE CARDS ***
LuckyShikari: folds 
@PETERS67@: folds 
Manifestorr: folds 
Uncalled bet ($0.50) returned to EasyGamerrr
BumHuntKing joins the table at seat #2 
EasyGamerrr collected $1 from pot
EasyGamerrr: doesn't show hand 
*** SUMMARY ***
Total pot $1 | Rake $0 
Seat 3: BeauParleur
Seat 1: LuckyShikari folded before Flop (didn't bet)
Seat 4: @PETERS67@ (button) folded before Flop (didn't bet)
Seat 5: Manifestorr (small blind) folded before Flop
Seat 6: EasyGamerrr (big blind) collected ($1)



PokerStars Hand #254616423307:  Hold'em No Limit ($0.50/$1.00 USD) - 2025/01/29 2:02:27 WET [2025/01/29 21:02:27 ET]
Table 'Hedwig' 6-max Seat #5 is the button
Seat 2: BumHuntKing ($100 in chips) is sitting out
Seat 3: BeauParleur ($116.28 in chips) is sitting out
Seat 1: LuckyShikari ($100 in chips) 
Seat 4: @PETERS67@ ($20 in chips) 
Seat 5: Manifestorr ($100 in chips) 
Seat 6: EasyGamerrr ($100.50 in chips) 
EasyGamerrr: posts small blind $0.50
LuckyShikari: posts big blind $1
BumHuntKing: sits out 
*** HOLE CARDS ***
@PETERS67@: raises $2 to $3
Manifestorr: folds 
EasyGamerrr: folds 
LuckyShikari: folds 
Uncalled bet ($2) returned to @PETERS67@
@PETERS67@ collected $2.50 from pot
@PETERS67@: doesn't show hand 
*** SUMMARY ***
Total pot $2.50 | Rake $0 
Seat 2: BumHuntKing
Seat 3: BeauParleur
Seat 1: LuckyShikari (big blind) folded before Flop
Seat 4: @PETERS67@ collected ($2.50)
Seat 5: Manifestorr (button) folded before Flop (didn't bet)
Seat 6: EasyGamerrr (small blind) folded before Flop



PokerStars Hand #254616425259:  Hold'em No Limit ($0.50/$1.00 USD) - 2025/01/29 2:02:39 WET [2025/01/29 21:02:39 ET]
Table 'Hedwig' 6-max Seat #6 is the button
Seat 3: BeauParleur ($116.28 in chips) is sitting out
Seat 1: LuckyShikari ($100 in chips) 
Seat 2: BumHuntKing ($100 in chips) 
Seat 4: @PETERS67@ ($21.50 in chips) 
Seat 5: Manifestorr ($100 in chips) 
Seat 6: EasyGamerrr ($100 in chips) 
LuckyShikari: posts small blind $0.50
BumHuntKing: posts big blind $1
*** HOLE CARDS ***
@PETERS67@: folds 
Manifestorr: folds 
EasyGamerrr: folds 
LuckyShikari: folds 
Uncalled bet ($0.50) returned to BumHuntKing
BumHuntKing collected $1 from pot
BumHuntKing: doesn't show hand 
*** SUMMARY ***
Total pot $1 | Rake $0 
Seat 3: BeauParleur
Seat 1: LuckyShikari (small blind) folded before Flop
Seat 2: BumHuntKing (big blind) collected ($1)
Seat 4: @PETERS67@ folded before Flop (didn't bet)
Seat 5: Manifestorr folded before Flop (didn't bet)
Seat 6: EasyGamerrr (button) folded before Flop (didn't bet)



PokerStars Hand #254616426709:  Hold'em No Limit ($0.50/$1.00 USD) - 2025/01/29 2:02:49 WET [2025/01/29 21:02:49 ET]
Table 'Hedwig' 6-max Seat #1 is the button
Seat 1: LuckyShikari ($100 in chips) 
Seat 2: BumHuntKing ($100.50 in chips) 
Seat 3: BeauParleur ($116.28 in chips) 
Seat 4: @PETERS67@ ($21.50 in chips) 
Seat 5: Manifestorr ($100 in chips) 
Seat 6: EasyGamerrr ($100 in chips) 
BumHuntKing: posts small blind $0.50
BeauParleur: posts big blind $1
*** HOLE CARDS ***
@PETERS67@: folds 
Manifestorr: raises $1.20 to $2.20
EasyGamerrr: raises $4.80 to $7
LuckyShikari: folds 
BumHuntKing: folds 
BeauParleur: folds 
Manifestorr: calls $4.80
*** FLOP *** [Ah 9d 5d]
Manifestorr: checks 
EasyGamerrr: checks 
*** TURN *** [Ah 9d 5d] [Kh]
Manifestorr: checks 
EasyGamerrr: bets $12.95
Manifestorr: raises $80.05 to $93 and is all-in
EasyGamerrr: calls $80.05 and is all-in
*** FIRST RIVER *** [Ah 9d 5d Kh] [As]
*** SECOND RIVER *** [Ah 9d 5d Kh] [3c]
*** FIRST SHOW DOWN ***
Manifestorr: shows [9h 9c] (a full house, Nines full of Aces)
EasyGamerrr: shows [Qh Ac] (three of a kind, Aces)
Manifestorr collected $99.50 from pot
*** SECOND SHOW DOWN ***
Manifestorr: shows [9h 9c] (three of a kind, Nines)
EasyGamerrr: shows [Qh Ac] (a pair of Aces)
Manifestorr collected $99.50 from pot
*** SUMMARY ***
Total pot $201.50 | Rake $2.50 
Hand was run twice
FIRST Board [Ah 9d 5d Kh As]
SECOND Board [Ah 9d 5d Kh 3c]
Seat 1: LuckyShikari (button) folded before Flop (didn't bet)
Seat 2: BumHuntKing (small blind) folded before Flop
Seat 3: BeauParleur (big blind) folded before Flop
Seat 4: @PETERS67@ folded before Flop (didn't bet)
Seat 5: Manifestorr showed [9h 9c] and won ($99.50) with a full house, Nines full of Aces, and won ($99.50) with three of a kind, Nines
Seat 6: EasyGamerrr showed [Qh Ac] and lost with three of a kind, Aces, and lost with a pair of Aces



PokerStars Hand #254616442583:  Hold'em No Limit ($0.50/$1.00 USD) - 2025/01/29 2:04:29 WET [2025/01/29 21:04:29 ET]
Table 'Hedwig' 6-max Seat #2 is the button
Seat 1: LuckyShikari ($100 in chips) 
Seat 2: BumHuntKing ($100 in chips) 
Seat 3: BeauParleur ($115.28 in chips) 
Seat 4: @PETERS67@ ($21.50 in chips) 
Seat 5: Manifestorr ($199 in chips) 
Seat 6: EasyGamerrr ($100 in chips) 
BeauParleur: posts small blind $0.50
@PETERS67@: posts big blind $1
*** HOLE CARDS ***
Manifestorr: raises $1.20 to $2.20
EasyGamerrr: folds 
LuckyShikari: folds 
BumHuntKing: calls $2.20
BeauParleur: raises $10.80 to $13
@PETERS67@: folds 
Manifestorr: folds 
BumHuntKing: folds 
Uncalled bet ($10.80) returned to BeauParleur
BeauParleur collected $7.60 from pot
BeauParleur: doesn't show hand 
*** SUMMARY ***
Total pot $7.60 | Rake $0 
Seat 1: LuckyShikari folded before Flop (didn't bet)
Seat 2: BumHuntKing (button) folded before Flop
Seat 3: BeauParleur (small blind) collected ($7.60)
Seat 4: @PETERS67@ (big blind) folded before Flop
Seat 5: Manifestorr folded before Flop
Seat 6: EasyGamerrr folded before Flop (didn't bet)



PokerStars Hand #254616446320:  Hold'em No Limit ($0.50/$1.00 USD) - 2025/01/29 2:04:53 WET [2025/01/29 21:04:53 ET]
Table 'Hedwig' 6-max Seat #3 is the button
Seat 5: Manifestorr ($196.80 in chips) is sitting out
Seat 1: LuckyShikari ($100 in chips) 
Seat 2: BumHuntKing ($100 in chips) 
Seat 3: BeauParleur ($120.68 in chips) 
Seat 4: @PETERS67@ ($20.50 in chips) 
Seat 6: EasyGamerrr ($100 in chips) 
@PETERS67@: posts small blind $0.50
Manifestorr: is sitting out 
EasyGamerrr: posts big blind $1
*** HOLE CARDS ***
LuckyShikari: raises $1 to $2
BumHuntKing: folds 
BeauParleur: folds 
@PETERS67@: raises $18.50 to $20.50 and is all-in
EasyGamerrr: folds 
LuckyShikari: folds 
Uncalled bet ($18.50) returned to @PETERS67@
@PETERS67@ collected $5 from pot
@PETERS67@: doesn't show hand 
*** SUMMARY ***
Total pot $5 | Rake $0 
Seat 5: Manifestorr
Seat 1: LuckyShikari folded before Flop
Seat 2: BumHuntKing folded before Flop (didn't bet)
Seat 3: BeauParleur (button) folded before Flop (didn't bet)
Seat 4: @PETERS67@ (small blind) collected ($5)
Seat 6: EasyGamerrr (big blind) folded before Flop



PokerStars Hand #254616449906:  Hold'em No Limit ($0.50/$1.00 USD) - 2025/01/29 2:05:15 WET [2025/01/29 21:05:15 ET]
Table 'Hedwig' 6-max Seat #4 is the button
Seat 5: Manifestorr ($196.80 in chips) is sitting out
Seat 1: LuckyShikari ($100 in chips) 
Seat 2: BumHuntKing ($100 in chips) 
Seat 3: BeauParleur ($120.68 in chips) 
Seat 4: @PETERS67@ ($23.50 in chips) 
Seat 6: EasyGamerrr ($100 in chips) 
EasyGamerrr: posts small blind $0.50
LuckyShikari: posts big blind $1
*** HOLE CARDS ***
BumHuntKing: folds 
BeauParleur: folds 
@PETERS67@: calls $1
EasyGamerrr: raises $3.50 to $4.50
LuckyShikari: folds 
@PETERS67@: calls $3.50
*** FLOP *** [8s 7s 2s]
EasyGamerrr: bets $6.37
@PETERS67@: folds [Ac]
Uncalled bet ($6.37) returned to EasyGamerrr
EasyGamerrr collected $9.50 from pot
EasyGamerrr: doesn't show hand 
*** SUMMARY ***
Total pot $10 | Rake $0.50 
Board [8s 7s 2s]
Seat 5: Manifestorr
Seat 1: LuckyShikari (big blind) folded before Flop
Seat 2: BumHuntKing folded before Flop (didn't bet)
Seat 3: BeauParleur folded before Flop (didn't bet)
Seat 4: @PETERS67@ (button) folded on the Flop
Seat 6: EasyGamerrr (small blind) collected ($9.50)



PokerStars Hand #254616454053:  Hold'em No Limit ($0.50/$1.00 USD) - 2025/01/29 2:05:42 WET [2025/01/29 21:05:42 ET]
Table 'Hedwig' 6-max Seat #6 is the button
Seat 5: Manifestorr ($196.80 in chips) is sitting out
Seat 1: LuckyShikari ($100 in chips) 
Seat 2: BumHuntKing ($100 in chips) 
Seat 3: BeauParleur ($120.68 in chips) 
Seat 4: @PETERS67@ ($19 in chips) 
Seat 6: EasyGamerrr ($105 in chips) 
LuckyShikari: posts small blind $0.50
BumHuntKing: posts big blind $1
Manifestorr: sits out 
*** HOLE CARDS ***
BeauParleur: folds 
@PETERS67@: folds 
EasyGamerrr: folds 
LuckyShikari: raises $1 to $2
BumHuntKing: calls $1
*** FLOP *** [Kc 7h 3h]
LuckyShikari: bets $4
BumHuntKing: calls $4
*** TURN *** [Kc 7h 3h] [5d]
LuckyShikari: bets $8.50
BumHuntKing: calls $8.50
*** RIVER *** [Kc 7h 3h 5d] [8h]
LuckyShikari: bets $20.50
BumHuntKing: raises $65 to $85.50 and is all-in
LuckyShikari: calls $65 and is all-in
*** SHOW DOWN ***
BumHuntKing: shows [Ah Tc] (high card Ace)
LuckyShikari: shows [6s 9s] (a straight, Five to Nine)
LuckyShikari collected $197.50 from pot
*** SUMMARY ***
Total pot $200 | Rake $2.50 
Board [Kc 7h 3h 5d 8h]
Seat 5: Manifestorr
Seat 1: LuckyShikari (small blind) showed [6s 9s] and won ($197.50) with a straight, Five to Nine
Seat 2: BumHuntKing (big blind) showed [Ah Tc] and lost with high card Ace
Seat 3: BeauParleur folded before Flop (didn't bet)
Seat 4: @PETERS67@ folded before Flop (didn't bet)
Seat 6: EasyGamerrr (button) folded before Flop (didn't bet)



PokerStars Hand #254616462558:  Hold'em No Limit ($0.50/$1.00 USD) - 2025/01/29 2:06:36 WET [2025/01/29 21:06:36 ET]
Table 'Hedwig' 6-max Seat #1 is the button
Seat 5: Manifestorr ($196.80 in chips) is sitting out
Seat 1: LuckyShikari ($197.50 in chips) 
Seat 2: BumHuntKing ($100 in chips) 
Seat 3: BeauParleur ($120.68 in chips) 
Seat 4: @PETERS67@ ($19 in chips) 
Seat 6: EasyGamerrr ($105 in chips) 
BumHuntKing: posts small blind $0.50
BeauParleur: posts big blind $1
Manifestorr: sits out 
*** HOLE CARDS ***
@PETERS67@: calls $1
EasyGamerrr: folds 
LuckyShikari: calls $1
BumHuntKing: raises $6 to $7
BeauParleur: folds 
@PETERS67@: folds 
LuckyShikari: calls $6
*** FLOP *** [Qs 7c 2h]
BumHuntKing: bets $3.80
LuckyShikari: folds 
Uncalled bet ($3.80) returned to BumHuntKing
BumHuntKing collected $15.20 from pot
BumHuntKing: doesn't show hand 
*** SUMMARY ***
Total pot $16 | Rake $0.80 
Board [Qs 7c 2h]
Seat 5: Manifestorr
Seat 1: LuckyShikari (button) folded on the Flop
Seat 2: BumHuntKing (small blind) collected ($15.20)
Seat 3: BeauParleur (big blind) folded before Flop
Seat 4: @PETERS67@ folded before Flop
Seat 6: EasyGamerrr folded before Flop (didn't bet)



PokerStars Hand #254616470387:  Hold'em No Limit ($0.50/$1.00 USD) - 2025/01/29 2:07:27 WET [2025/01/29 21:07:27 ET]
Table 'Hedwig' 6-max Seat #2 is the button
Seat 5: Manifestorr ($196.80 in chips) is sitting out
Seat 1: LuckyShikari ($190.50 in chips) 
Seat 2: BumHuntKing ($108.20 in chips) 
Seat 3: BeauParleur ($119.68 in chips) 
Seat 4: @PETERS67@ ($18 in chips) 
Seat 6: EasyGamerrr ($105 in chips) 
BeauParleur: posts small blind $0.50
@PETERS67@: posts big blind $1
Manifestorr: sits out 
*** HOLE CARDS ***
EasyGamerrr: folds 
LuckyShikari: folds 
BumHuntKing: folds 
BeauParleur: raises $2 to $3
@PETERS67@: raises $15 to $18 and is all-in
BeauParleur: calls $15
*** FLOP *** [7d 5h 8c]
*** TURN *** [7d 5h 8c] [Kc]
*** RIVER *** [7d 5h 8c Kc] [Jh]
*** SHOW DOWN ***
BeauParleur: shows [Kd Qs] (a pair of Kings)
@PETERS67@: shows [Ts As] (high card Ace)
BeauParleur collected $34.20 from pot
*** SUMMARY ***
Total pot $36 | Rake $1.80 
Board [7d 5h 8c Kc Jh]
Seat 5: Manifestorr
Seat 1: LuckyShikari folded before Flop (didn't bet)
Seat 2: BumHuntKing (button) folded before Flop (didn't bet)
Seat 3: BeauParleur (small blind) showed [Kd Qs] and won ($34.20) with a pair of Kings
Seat 4: @PETERS67@ (big blind) showed [Ts As] and lost with high card Ace
Seat 6: EasyGamerrr folded before Flop (didn't bet)



PokerStars Hand #254616477550:  Hold'em No Limit ($0.50/$1.00 USD) - 2025/01/29 2:08:13 WET [2025/01/29 21:08:13 ET]
Table 'Hedwig' 6-max Seat #3 is the button
Seat 4: @PETERS67@ ($0 in chips) is sitting out
Seat 5: Manifestorr ($196.80 in chips) is sitting out
Seat 1: LuckyShikari ($190.50 in chips) 
Seat 2: BumHuntKing ($108.20 in chips) 
Seat 3: BeauParleur ($135.88 in chips) 
Seat 6: EasyGamerrr ($105 in chips) 
EasyGamerrr: posts small blind $0.50
LuckyShikari: posts big blind $1
*** HOLE CARDS ***
BumHuntKing: folds 
BeauParleur: raises $1.50 to $2.50
EasyGamerrr: folds 
LuckyShikari: folds 
Uncalled bet ($1.50) returned to BeauParleur
BeauParleur collected $2.50 from pot
BeauParleur: doesn't show hand 
*** SUMMARY ***
Total pot $2.50 | Rake $0 
Seat 4: @PETERS67@
Seat 5: Manifestorr
Seat 1: LuckyShikari (big blind) folded before Flop
Seat 2: BumHuntKing folded before Flop (didn't bet)
Seat 3: BeauParleur (button) collected ($2.50)
Seat 6: EasyGamerrr (small blind) folded before Flop



PokerStars Hand #254616480284:  Hold'em No Limit ($0.50/$1.00 USD) - 2025/01/29 2:08:31 WET [2025/01/29 21:08:31 ET]
Table 'Hedwig' 6-max Seat #6 is the button
Seat 4: @PETERS67@ ($0 in chips) is sitting out
Seat 5: Manifestorr ($196.80 in chips) is sitting out
Seat 1: LuckyShikari ($189.50 in chips) 
Seat 2: BumHuntKing ($108.20 in chips) 
Seat 3: BeauParleur ($137.38 in chips) 
Seat 6: EasyGamerrr ($104.50 in chips) 
LuckyShikari: posts small blind $0.50
BumHuntKing: posts big blind $1
Manifestorr: sits out 
*** HOLE CARDS ***
BeauParleur: raises $1 to $2
EasyGamerrr: raises $4.50 to $6.50
@PETERS67@ leaves the table
LuckyShikari: folds 
BumHuntKing: folds 
BeauParleur: folds 
Uncalled bet ($4.50) returned to EasyGamerrr
EasyGamerrr collected $5.50 from pot
EasyGamerrr: doesn't show hand 
*** SUMMARY ***
Total pot $5.50 | Rake $0 
Seat 4: @PETERS67@
Seat 5: Manifestorr
Seat 1: LuckyShikari (small blind) folded before Flop
Seat 2: BumHuntKing (big blind) folded before Flop
Seat 3: BeauParleur folded before Flop
Seat 6: EasyGamerrr (button) collected ($5.50)



PokerStars Hand #254616486337:  Hold'em No Limit ($0.50/$1.00 USD) - 2025/01/29 2:09:10 WET [2025/01/29 21:09:10 ET]
Table 'Hedwig' 6-max Seat #1 is the button
Seat 5: Manifestorr ($196.80 in chips) is sitting out
Seat 1: LuckyShikari ($189 in chips) 
Seat 2: BumHuntKing ($107.20 in chips) 
Seat 3: BeauParleur ($135.38 in chips) 
Seat 6: EasyGamerrr ($108 in chips) 
BumHuntKing: posts small blind $0.50
BeauParleur: posts big blind $1
Manifestorr: sits out 
*** HOLE CARDS ***
EasyGamerrr: raises $1.50 to $2.50
LuckyShikari: folds 
BumHuntKing: folds 
BeauParleur: folds 
Uncalled bet ($1.50) returned to EasyGamerrr
EasyGamerrr collected $2.50 from pot
EasyGamerrr: doesn't show hand 
*** SUMMARY ***
Total pot $2.50 | Rake $0 
Seat 5: Manifestorr
Seat 1: LuckyShikari (button) folded before Flop (didn't bet)
Seat 2: BumHuntKing (small blind) folded before Flop
Seat 3: BeauParleur (big blind) folded before Flop
Seat 6: EasyGamerrr collected ($2.50)



PokerStars Hand #254616489459:  Hold'em No Limit ($0.50/$1.00 USD) - 2025/01/29 2:09:31 WET [2025/01/29 21:09:31 ET]
Table 'Hedwig' 6-max Seat #2 is the button
Seat 1: LuckyShikari ($189 in chips) 
Seat 2: BumHuntKing ($106.70 in chips) 
Seat 3: BeauParleur ($134.38 in chips) 
Seat 5: Manifestorr ($196.80 in chips) 
Seat 6: EasyGamerrr ($109.50 in chips) 
BeauParleur: posts small blind $0.50
Manifestorr: posts big blind $1
*** HOLE CARDS ***
EasyGamerrr: folds 
EasyGamerrr leaves the table
LuckyShikari: folds 
BumHuntKing: raises $1.50 to $2.50
BeauParleur: folds 
Manifestorr: raises $9.50 to $12
BumHuntKing: calls $9.50
*** FLOP *** [5d Qc 2h]
Manifestorr: bets $7.68
BumHuntKing: folds 
Uncalled bet ($7.68) returned to Manifestorr
Manifestorr collected $23.28 from pot
*** SUMMARY ***
Total pot $24.50 | Rake $1.22 
Board [5d Qc 2h]
Seat 1: LuckyShikari folded before Flop (didn't bet)
Seat 2: BumHuntKing (button) folded on the Flop
Seat 3: BeauParleur (small blind) folded before Flop
Seat 5: Manifestorr (big blind) collected ($23.28)
Seat 6: EasyGamerrr folded before Flop (didn't bet)



PokerStars Hand #254616496666:  Hold'em No Limit ($0.50/$1.00 USD) - 2025/01/29 2:10:18 WET [2025/01/29 21:10:18 ET]
Table 'Hedwig' 6-max Seat #3 is the button
Seat 1: LuckyShikari ($189 in chips) 
Seat 2: BumHuntKing ($100 in chips) 
Seat 3: BeauParleur ($133.88 in chips) 
Seat 5: Manifestorr ($208.08 in chips) 
Manifestorr: posts small blind $0.50
LuckyShikari: posts big blind $1
*** HOLE CARDS ***
BumHuntKing: folds 
BeauParleur: raises $1.50 to $2.50
Manifestorr: folds 
LuckyShikari: folds 
Uncalled bet ($1.50) returned to BeauParleur
BeauParleur collected $2.50 from pot
BeauParleur: doesn't show hand 
*** SUMMARY ***
Total pot $2.50 | Rake $0 
Seat 1: LuckyShikari (big blind) folded before Flop
Seat 2: BumHuntKing folded before Flop (didn't bet)
Seat 3: BeauParleur (button) collected ($2.50)
Seat 5: Manifestorr (small blind) folded before Flop



PokerStars Hand #254616501154:  Hold'em No Limit ($0.50/$1.00 USD) - 2025/01/29 2:10:48 WET [2025/01/29 21:10:48 ET]
Table 'Hedwig' 6-max Seat #5 is the button
Seat 1: LuckyShikari ($188 in chips) 
Seat 2: BumHuntKing ($100 in chips) 
Seat 3: BeauParleur ($135.38 in chips) 
Seat 5: Manifestorr ($207.58 in chips) 
LuckyShikari: posts small blind $0.50
BumHuntKing: posts big blind $1
*** HOLE CARDS ***
BeauParleur: folds 
Manifestorr: folds 
LuckyShikari: raises $1 to $2
BumHuntKing: folds 
Uncalled bet ($1) returned to LuckyShikari
LuckyShikari collected $2 from pot
LuckyShikari: doesn't show hand 
*** SUMMARY ***
Total pot $2 | Rake $0 
Seat 1: LuckyShikari (small blind) collected ($2)
Seat 2: BumHuntKing (big blind) folded before Flop
Seat 3: BeauParleur folded before Flop (didn't bet)
Seat 5: Manifestorr (button) folded before Flop (didn't bet)



PokerStars Hand #254616502441:  Hold'em No Limit ($0.50/$1.00 USD) - 2025/01/29 2:10:57 WET [2025/01/29 21:10:57 ET]
Table 'Hedwig' 6-max Seat #1 is the button
Seat 1: LuckyShikari ($189 in chips) 
Seat 2: BumHuntKing ($100 in chips) 
Seat 3: BeauParleur ($135.38 in chips) 
Seat 5: Manifestorr ($207.58 in chips) 
BumHuntKing: posts small blind $0.50
BeauParleur: posts big blind $1
*** HOLE CARDS ***
Manifestorr: folds 
LuckyShikari: folds 
BumHuntKing: folds 
Uncalled bet ($0.50) returned to BeauParleur
BeauParleur collected $1 from pot
BeauParleur: doesn't show hand 
*** SUMMARY ***
Total pot $1 | Rake $0 
Seat 1: LuckyShikari (button) folded before Flop (didn't bet)
Seat 2: BumHuntKing (small blind) folded before Flop
Seat 3: BeauParleur (big blind) collected ($1)
Seat 5: Manifestorr folded before Flop (didn't bet)



PokerStars Hand #254616505420:  Hold'em No Limit ($0.50/$1.00 USD) - 2025/01/29 2:11:16 WET [2025/01/29 21:11:16 ET]
Table 'Hedwig' 6-max Seat #2 is the button
Seat 5: Manifestorr ($207.58 in chips) is sitting out
Seat 1: LuckyShikari ($189 in chips) 
Seat 2: BumHuntKing ($100 in chips) 
Seat 3: BeauParleur ($135.88 in chips) 
BeauParleur: posts small blind $0.50
Manifestorr: is sitting out 
LuckyShikari: posts big blind $1
*** HOLE CARDS ***
BumHuntKing: raises $1.50 to $2.50
BeauParleur: folds 
LuckyShikari: folds 
Uncalled bet ($1.50) returned to BumHuntKing
BumHuntKing collected $2.50 from pot
BumHuntKing: doesn't show hand 
*** SUMMARY ***
Total pot $2.50 | Rake $0 
Seat 5: Manifestorr
Seat 1: LuckyShikari (big blind) folded before Flop
Seat 2: BumHuntKing (button) collected ($2.50)
Seat 3: BeauParleur (small blind) folded before Flop



PokerStars Hand #254616507802:  Hold'em No Limit ($0.50/$1.00 USD) - 2025/01/29 2:11:32 WET [2025/01/29 21:11:32 ET]
Table 'Hedwig' 6-max Seat #3 is the button
Seat 5: Manifestorr ($207.58 in chips) is sitting out
Seat 1: LuckyShikari ($188 in chips) 
Seat 2: BumHuntKing ($101.50 in chips) 
Seat 3: BeauParleur ($135.38 in chips) 
LuckyShikari: posts small blind $0.50
BumHuntKing: posts big blind $1
*** HOLE CARDS ***
BeauParleur: folds 
LuckyShikari: folds 
Uncalled bet ($0.50) returned to BumHuntKing
Manifestorr leaves the table
BumHuntKing collected $1 from pot
BumHuntKing: doesn't show hand 
*** SUMMARY ***
Total pot $1 | Rake $0 
Seat 5: Manifestorr
Seat 1: LuckyShikari (small blind) folded before Flop
Seat 2: BumHuntKing (big blind) collected ($1)
Seat 3: BeauParleur (button) folded before Flop (didn't bet)



PokerStars Hand #254616509262:  Hold'em No Limit ($0.50/$1.00 USD) - 2025/01/29 2:11:41 WET [2025/01/29 21:11:41 ET]
Table 'Hedwig' 6-max Seat #1 is the button
Seat 1: LuckyShikari ($187.50 in chips) 
Seat 2: BumHuntKing ($102 in chips) 
Seat 3: BeauParleur ($135.38 in chips) 
BumHuntKing: posts small blind $0.50
BeauParleur: posts big blind $1
*** HOLE CARDS ***
LuckyShikari: raises $1 to $2
BumHuntKing: folds 
BeauParleur: folds 
Uncalled bet ($1) returned to LuckyShikari
LuckyShikari collected $2.50 from pot
LuckyShikari: doesn't show hand 
*** SUMMARY ***
Total pot $2.50 | Rake $0 
Seat 1: LuckyShikari (button) collected ($2.50)
Seat 2: BumHuntKing (small blind) folded before Flop
Seat 3: BeauParleur (big blind) folded before Flop



PokerStars Hand #254616512034:  Hold'em No Limit ($0.50/$1.00 USD) - 2025/01/29 2:11:59 WET [2025/01/29 21:11:59 ET]
Table 'Hedwig' 6-max Seat #2 is the button
Seat 1: LuckyShikari ($189 in chips) 
Seat 2: BumHuntKing ($101.50 in chips) 
Seat 3: BeauParleur ($134.38 in chips) 
BeauParleur: posts small blind $0.50
LuckyShikari: posts big blind $1
*** HOLE CARDS ***
BumHuntKing: folds 
BeauParleur: raises $2 to $3
LuckyShikari: folds 
Uncalled bet ($2) returned to BeauParleur
BeauParleur collected $2 from pot
BeauParleur: doesn't show hand 
*** SUMMARY ***
Total pot $2 | Rake $0 
Seat 1: LuckyShikari (big blind) folded before Flop
Seat 2: BumHuntKing (button) folded before Flop (didn't bet)
Seat 3: BeauParleur (small blind) collected ($2)



PokerStars Hand #254616514440:  Hold'em No Limit ($0.50/$1.00 USD) - 2025/01/29 2:12:15 WET [2025/01/29 21:12:15 ET]
Table 'Hedwig' 6-max Seat #3 is the button
Seat 1: LuckyShikari ($188 in chips) 
Seat 2: BumHuntKing ($101.50 in chips) 
Seat 3: BeauParleur ($135.38 in chips) 
LuckyShikari: posts small blind $0.50
BumHuntKing: posts big blind $1
*** HOLE CARDS ***
BeauParleur: raises $1.50 to $2.50
LuckyShikari: folds 
BumHuntKing: calls $1.50
*** FLOP *** [8s 8c 3h]
BumHuntKing: checks 
BeauParleur: bets $1.72
BumHuntKing: calls $1.72
*** TURN *** [8s 8c 3h] [Th]
BumHuntKing: checks 
BeauParleur: bets $6.37
BumHuntKing: calls $6.37
*** RIVER *** [8s 8c 3h Th] [9s]
BumHuntKing: checks 
BeauParleur: bets $31.50
BumHuntKing: folds 
Uncalled bet ($31.50) returned to BeauParleur
BeauParleur collected $20.68 from pot
BeauParleur: doesn't show hand 
*** SUMMARY ***
Total pot $21.68 | Rake $1 
Board [8s 8c 3h Th 9s]
Seat 1: LuckyShikari (small blind) folded before Flop
Seat 2: BumHuntKing (big blind) folded on the River
Seat 3: BeauParleur (button) collected ($20.68)



PokerStars Hand #254616525093:  Hold'em No Limit ($0.50/$1.00 USD) - 2025/01/29 2:13:26 WET [2025/01/29 21:13:26 ET]
Table 'Hedwig' 6-max Seat #1 is the button
Seat 1: LuckyShikari ($187.50 in chips) 
Seat 2: BumHuntKing ($100 in chips) 
Seat 3: BeauParleur ($145.47 in chips) 
BumHuntKing: posts small blind $0.50
BeauParleur: posts big blind $1
*** HOLE CARDS ***
LuckyShikari: folds 
BumHuntKing: raises $2 to $3
LuckyShikari leaves the table
BeauParleur: folds 
Uncalled bet ($2) returned to BumHuntKing
BumHuntKing collected $2 from pot
BumHuntKing: doesn't show hand 
*** SUMMARY ***
Total pot $2 | Rake $0 
Seat 1: LuckyShikari (button) folded before Flop (didn't bet)
Seat 2: BumHuntKing (small blind) collected ($2)
Seat 3: BeauParleur (big blind) folded before Flop



PokerStars Hand #254616540890:  Hold'em No Limit ($0.50/$1.00 USD) - 2025/01/29 2:15:10 WET [2025/01/29 21:15:10 ET]
Table 'Hedwig' 6-max Seat #3 is the button
Seat 1: EasyGamerrr ($109.50 in chips) 
Seat 3: BeauParleur ($144.47 in chips) 
Seat 6: MTicianelli ($30.33 in chips) 
MTicianelli: posts small blind $0.50
EasyGamerrr: posts big blind $1
*** HOLE CARDS ***
pr0tecto joins the table at seat #4 
BumHuntKing joins the table at seat #5 
BeauParleur: folds 
An1an1 joins the table at seat #2 
MTicianelli: folds 
Uncalled bet ($0.50) returned to EasyGamerrr
EasyGamerrr collected $1 from pot
EasyGamerrr: doesn't show hand 
*** SUMMARY ***
Total pot $1 | Rake $0 
Seat 1: EasyGamerrr (big blind) collected ($1)
Seat 3: BeauParleur (button) folded before Flop (didn't bet)
Seat 6: MTicianelli (small blind) folded before Flop



PokerStars Hand #254616543249:  Hold'em No Limit ($0.50/$1.00 USD) - 2025/01/29 2:15:25 WET [2025/01/29 21:15:25 ET]
Table 'Hedwig' 6-max Seat #6 is the button
Seat 4: pr0tecto ($100 in chips) is sitting out
Seat 5: BumHuntKing ($101 in chips) is sitting out
Seat 1: EasyGamerrr ($110 in chips) 
Seat 2: An1an1 ($100 in chips) 
Seat 3: BeauParleur ($144.47 in chips) 
Seat 6: MTicianelli ($29.83 in chips) 
EasyGamerrr: posts small blind $0.50
An1an1: posts big blind $1
pr0tecto: sits out 
BumHuntKing: sits out 
*** HOLE CARDS ***
BeauParleur: folds 
MTicianelli: calls $1
EasyGamerrr: raises $3 to $4
An1an1: raises $9.50 to $13.50
MTicianelli: folds 
EasyGamerrr: folds 
Uncalled bet ($9.50) returned to An1an1
An1an1 collected $9 from pot
An1an1: doesn't show hand 
*** SUMMARY ***
Total pot $9 | Rake $0 
Seat 4: pr0tecto
Seat 5: BumHuntKing
Seat 1: EasyGamerrr (small blind) folded before Flop
Seat 2: An1an1 (big blind) collected ($9)
Seat 3: BeauParleur folded before Flop (didn't bet)
Seat 6: MTicianelli (button) folded before Flop



PokerStars Hand #254616548576:  Hold'em No Limit ($0.50/$1.00 USD) - 2025/01/29 2:16:01 WET [2025/01/29 21:16:01 ET]
Table 'Hedwig' 6-max Seat #1 is the button
Seat 4: pr0tecto ($100 in chips) is sitting out
Seat 5: BumHuntKing ($101 in chips) is sitting out
Seat 1: EasyGamerrr ($106 in chips) 
Seat 2: An1an1 ($105 in chips) 
Seat 3: BeauParleur ($144.47 in chips) 
Seat 6: MTicianelli ($28.83 in chips) 
An1an1: posts small blind $0.50
BeauParleur: posts big blind $1
pr0tecto: sits out 
BumHuntKing: sits out 
*** HOLE CARDS ***
MTicianelli: calls $1
EasyGamerrr: folds 
An1an1: folds 
BeauParleur: checks 
*** FLOP *** [9h Jc 6s]
BeauParleur has timed out
BeauParleur: checks 
MTicianelli: bets $2
BeauParleur: calls $2
*** TURN *** [9h Jc 6s] [Th]
BeauParleur has timed out
BeauParleur: checks 
MTicianelli: bets $6.18
BeauParleur: folds 
Uncalled bet ($6.18) returned to MTicianelli
MTicianelli collected $6.18 from pot
*** SUMMARY ***
Total pot $6.50 | Rake $0.32 
Board [9h Jc 6s Th]
Seat 4: pr0tecto
Seat 5: BumHuntKing
Seat 1: EasyGamerrr (button) folded before Flop (didn't bet)
Seat 2: An1an1 (small blind) folded before Flop
Seat 3: BeauParleur (big blind) folded on the Turn
Seat 6: MTicianelli collected ($6.18)



PokerStars Hand #254616561602:  Hold'em No Limit ($0.50/$1.00 USD) - 2025/01/29 2:17:28 WET [2025/01/29 21:17:28 ET]
Table 'Hedwig' 6-max Seat #2 is the button
Seat 5: BumHuntKing ($101 in chips) is sitting out
Seat 1: EasyGamerrr ($106 in chips) 
Seat 2: An1an1 ($104.50 in chips) 
Seat 3: BeauParleur ($141.47 in chips) 
Seat 4: pr0tecto ($100 in chips) 
Seat 6: MTicianelli ($32.01 in chips) 
BeauParleur: posts small blind $0.50
pr0tecto: posts big blind $1
BumHuntKing: sits out 
*** HOLE CARDS ***
MTicianelli: folds 
EasyGamerrr: folds 
An1an1: raises $1.50 to $2.50
BeauParleur: folds 
pr0tecto: calls $1.50
*** FLOP *** [5h Qc Ac]
pr0tecto: checks 
An1an1: checks 
*** TURN *** [5h Qc Ac] [4s]
pr0tecto: checks 
An1an1: bets $1.57
pr0tecto: calls $1.57
*** RIVER *** [5h Qc Ac 4s] [3d]
pr0tecto: bets $6.16
An1an1: raises $15.40 to $21.56
pr0tecto: calls $15.40
*** SHOW DOWN ***
An1an1: shows [Jc 4c] (a pair of Fours)
pr0tecto: shows [2d Ah] (a straight, Ace to Five)
pr0tecto collected $49.26 from pot
*** SUMMARY ***
Total pot $51.76 | Rake $2.50 
Board [5h Qc Ac 4s 3d]
Seat 5: BumHuntKing
Seat 1: EasyGamerrr folded before Flop (didn't bet)
Seat 2: An1an1 (button) showed [Jc 4c] and lost with a pair of Fours
Seat 3: BeauParleur (small blind) folded before Flop
Seat 4: pr0tecto (big blind) showed [2d Ah] and won ($49.26) with a straight, Ace to Five
Seat 6: MTicianelli folded before Flop (didn't bet)



PokerStars Hand #254616574022:  Hold'em No Limit ($0.50/$1.00 USD) - 2025/01/29 2:18:49 WET [2025/01/29 21:18:49 ET]
Table 'Hedwig' 6-max Seat #3 is the button
Seat 1: EasyGamerrr ($106 in chips) 
Seat 2: An1an1 ($100 in chips) 
Seat 3: BeauParleur ($140.97 in chips) 
Seat 4: pr0tecto ($123.63 in chips) 
Seat 5: BumHuntKing ($101 in chips) 
Seat 6: MTicianelli ($32.01 in chips) 
pr0tecto: posts small blind $0.50
BumHuntKing: posts big blind $1
*** HOLE CARDS ***
MTicianelli: calls $1
EasyGamerrr: raises $2.50 to $3.50
An1an1: folds 
BeauParleur: calls $3.50
pr0tecto: folds 
BumHuntKing: folds 
MTicianelli: folds 
*** FLOP *** [2d Th 6c]
EasyGamerrr: bets $2.98
BeauParleur: calls $2.98
*** TURN *** [2d Th 6c] [6s]
EasyGamerrr: checks 
BeauParleur has timed out
BeauParleur: checks 
*** RIVER *** [2d Th 6c 6s] [8c]
EasyGamerrr: checks 
BeauParleur: bets $22.50
EasyGamerrr: folds 
Uncalled bet ($22.50) returned to BeauParleur
BeauParleur collected $14.69 from pot
BeauParleur: doesn't show hand 
*** SUMMARY ***
Total pot $15.46 | Rake $0.77 
Board [2d Th 6c 6s 8c]
Seat 1: EasyGamerrr folded on the River
Seat 2: An1an1 folded before Flop (didn't bet)
Seat 3: BeauParleur (button) collected ($14.69)
Seat 4: pr0tecto (small blind) folded before Flop
Seat 5: BumHuntKing (big blind) folded before Flop
Seat 6: MTicianelli folded before Flop



PokerStars Hand #254616590050:  Hold'em No Limit ($0.50/$1.00 USD) - 2025/01/29 2:20:37 WET [2025/01/29 21:20:37 ET]
Table 'Hedwig' 6-max Seat #4 is the button
Seat 1: EasyGamerrr ($100 in chips) 
Seat 2: An1an1 ($100 in chips) 
Seat 3: BeauParleur ($149.18 in chips) 
Seat 4: pr0tecto ($123.13 in chips) 
Seat 5: BumHuntKing ($100 in chips) 
Seat 6: MTicianelli ($31.01 in chips) 
BumHuntKing: posts small blind $0.50
MTicianelli: posts big blind $1
*** HOLE CARDS ***
EasyGamerrr: folds 
An1an1: raises $1 to $2
BeauParleur: folds 
pr0tecto: folds 
BumHuntKing: calls $1.50
MTicianelli: calls $1
*** FLOP *** [4s Ah Ad]
BumHuntKing: checks 
MTicianelli: bets $2.85
An1an1: calls $2.85
BumHuntKing: folds 
*** TURN *** [4s Ah Ad] [7h]
MTicianelli: checks 
An1an1: checks 
*** RIVER *** [4s Ah Ad 7h] [2s]
MTicianelli: bets $11.12
An1an1: raises $84.03 to $95.15 and is all-in
MTicianelli: folds 
Uncalled bet ($84.03) returned to An1an1
An1an1 collected $32.24 from pot
An1an1: doesn't show hand 
*** SUMMARY ***
Total pot $33.94 | Rake $1.70 
Board [4s Ah Ad 7h 2s]
Seat 1: EasyGamerrr folded before Flop (didn't bet)
Seat 2: An1an1 collected ($32.24)
Seat 3: BeauParleur folded before Flop (didn't bet)
Seat 4: pr0tecto (button) folded before Flop (didn't bet)
Seat 5: BumHuntKing (small blind) folded on the Flop
Seat 6: MTicianelli (big blind) folded on the River



PokerStars Hand #254616605587:  Hold'em No Limit ($0.50/$1.00 USD) - 2025/01/29 2:22:21 WET [2025/01/29 21:22:21 ET]
Table 'Hedwig' 6-max Seat #5 is the button
Seat 1: EasyGamerrr ($100 in chips) 
Seat 2: An1an1 ($116.27 in chips) 
Seat 3: BeauParleur ($149.18 in chips) 
Seat 4: pr0tecto ($123.13 in chips) 
Seat 5: BumHuntKing ($100 in chips) 
Seat 6: MTicianelli ($15.04 in chips) 
MTicianelli: posts small blind $0.50
EasyGamerrr: posts big blind $1
*** HOLE CARDS ***
An1an1: folds 
BeauParleur: folds 
pr0tecto: folds 
BumHuntKing: folds 
MTicianelli: calls $0.50
EasyGamerrr: raises $65.50 to $66.50
MTicianelli: folds 
Uncalled bet ($65.50) returned to EasyGamerrr
EasyGamerrr collected $2 from pot
EasyGamerrr: doesn't show hand 
*** SUMMARY ***
Total pot $2 | Rake $0 
Seat 1: EasyGamerrr (big blind) collected ($2)
Seat 2: An1an1 folded before Flop (didn't bet)
Seat 3: BeauParleur folded before Flop (didn't bet)
Seat 4: pr0tecto folded before Flop (didn't bet)
Seat 5: BumHuntKing (button) folded before Flop (didn't bet)
Seat 6: MTicianelli (small blind) folded before Flop



PokerStars Hand #254616608050:  Hold'em No Limit ($0.50/$1.00 USD) - 2025/01/29 2:22:38 WET [2025/01/29 21:22:38 ET]
Table 'Hedwig' 6-max Seat #6 is the button
Seat 1: EasyGamerrr ($101 in chips) 
Seat 2: An1an1 ($116.27 in chips) 
Seat 3: BeauParleur ($149.18 in chips) 
Seat 4: pr0tecto ($123.13 in chips) 
Seat 5: BumHuntKing ($100 in chips) 
Seat 6: MTicianelli ($14.04 in chips) 
EasyGamerrr: posts small blind $0.50
An1an1: posts big blind $1
*** HOLE CARDS ***
BeauParleur: folds 
pr0tecto: folds 
BumHuntKing: folds 
MTicianelli: folds 
EasyGamerrr: folds 
Uncalled bet ($0.50) returned to An1an1
An1an1 collected $1 from pot
An1an1: doesn't show hand 
*** SUMMARY ***
Total pot $1 | Rake $0 
Seat 1: EasyGamerrr (small blind) folded before Flop
Seat 2: An1an1 (big blind) collected ($1)
Seat 3: BeauParleur folded before Flop (didn't bet)
Seat 4: pr0tecto folded before Flop (didn't bet)
Seat 5: BumHuntKing folded before Flop (didn't bet)
Seat 6: MTicianelli (button) folded before Flop (didn't bet)



PokerStars Hand #254616610376:  Hold'em No Limit ($0.50/$1.00 USD) - 2025/01/29 2:22:53 WET [2025/01/29 21:22:53 ET]
Table 'Hedwig' 6-max Seat #1 is the button
Seat 1: EasyGamerrr ($100.50 in chips) 
Seat 2: An1an1 ($116.77 in chips) 
Seat 3: BeauParleur ($149.18 in chips) 
Seat 4: pr0tecto ($123.13 in chips) 
Seat 5: BumHuntKing ($100 in chips) 
Seat 6: MTicianelli ($14.04 in chips) 
An1an1: posts small blind $0.50
BeauParleur: posts big blind $1
*** HOLE CARDS ***
pr0tecto: folds 
BumHuntKing: raises $1.20 to $2.20
MTicianelli: calls $2.20
EasyGamerrr: folds 
An1an1: folds 
BeauParleur: folds 
*** FLOP *** [8c Jh 4c]
BumHuntKing: checks 
MTicianelli: bets $3
BumHuntKing: calls $3
*** TURN *** [8c Jh 4c] [Jc]
BumHuntKing: checks 
MTicianelli: bets $8.84 and is all-in
BumHuntKing: calls $8.84
*** RIVER *** [8c Jh 4c Jc] [5d]
*** SHOW DOWN ***
BumHuntKing: shows [Tc Ad] (a pair of Jacks)
MTicianelli: shows [8d Ac] (two pair, Jacks and Eights)
MTicianelli collected $28.10 from pot
*** SUMMARY ***
Total pot $29.58 | Rake $1.48 
Board [8c Jh 4c Jc 5d]
Seat 1: EasyGamerrr (button) folded before Flop (didn't bet)
Seat 2: An1an1 (small blind) folded before Flop
Seat 3: BeauParleur (big blind) folded before Flop
Seat 4: pr0tecto folded before Flop (didn't bet)
Seat 5: BumHuntKing showed [Tc Ad] and lost with a pair of Jacks
Seat 6: MTicianelli showed [8d Ac] and won ($28.10) with two pair, Jacks and Eights



PokerStars Hand #254616618247:  Hold'em No Limit ($0.50/$1.00 USD) - 2025/01/29 2:23:47 WET [2025/01/29 21:23:47 ET]
Table 'Hedwig' 6-max Seat #2 is the button
Seat 1: EasyGamerrr ($100.50 in chips) 
Seat 2: An1an1 ($116.27 in chips) 
Seat 3: BeauParleur ($148.18 in chips) 
Seat 4: pr0tecto ($123.13 in chips) 
Seat 5: BumHuntKing ($100 in chips) 
Seat 6: MTicianelli ($28.10 in chips) 
BeauParleur: posts small blind $0.50
pr0tecto: posts big blind $1
*** HOLE CARDS ***
BumHuntKing: folds 
MTicianelli: folds 
EasyGamerrr: folds 
An1an1: folds 
BeauParleur: raises $2 to $3
pr0tecto: folds 
Uncalled bet ($2) returned to BeauParleur
BeauParleur collected $2 from pot
BeauParleur: doesn't show hand 
*** SUMMARY ***
Total pot $2 | Rake $0 
Seat 1: EasyGamerrr folded before Flop (didn't bet)
Seat 2: An1an1 (button) folded before Flop (didn't bet)
Seat 3: BeauParleur (small blind) collected ($2)
Seat 4: pr0tecto (big blind) folded before Flop
Seat 5: BumHuntKing folded before Flop (didn't bet)
Seat 6: MTicianelli folded before Flop (didn't bet)



PokerStars Hand #254616621166:  Hold'em No Limit ($0.50/$1.00 USD) - 2025/01/29 2:24:07 WET [2025/01/29 21:24:07 ET]
Table 'Hedwig' 6-max Seat #3 is the button
Seat 1: EasyGamerrr ($100.50 in chips) 
Seat 2: An1an1 ($116.27 in chips) 
Seat 3: BeauParleur ($149.18 in chips) 
Seat 4: pr0tecto ($122.13 in chips) 
Seat 5: BumHuntKing ($100 in chips) 
Seat 6: MTicianelli ($28.10 in chips) 
pr0tecto: posts small blind $0.50
BumHuntKing: posts big blind $1
*** HOLE CARDS ***
MTicianelli: calls $1
EasyGamerrr: folds 
An1an1: raises $3 to $4
BeauParleur: folds 
pr0tecto: folds 
BumHuntKing: folds 
MTicianelli: calls $3
*** FLOP *** [9h 9c 8h]
MTicianelli: checks 
An1an1: checks 
*** TURN *** [9h 9c 8h] [3d]
MTicianelli: bets $4
An1an1: calls $4
*** RIVER *** [9h 9c 8h 3d] [Ac]
MTicianelli: bets $20.10 and is all-in
An1an1: calls $20.10
*** SHOW DOWN ***
MTicianelli: shows [7d 9d] (three of a kind, Nines)
An1an1: shows [Th Ad] (two pair, Aces and Nines)
MTicianelli collected $55.20 from pot
*** SUMMARY ***
Total pot $57.70 | Rake $2.50 
Board [9h 9c 8h 3d Ac]
Seat 1: EasyGamerrr folded before Flop (didn't bet)
Seat 2: An1an1 showed [Th Ad] and lost with two pair, Aces and Nines
Seat 3: BeauParleur (button) folded before Flop (didn't bet)
Seat 4: pr0tecto (small blind) folded before Flop
Seat 5: BumHuntKing (big blind) folded before Flop
Seat 6: MTicianelli showed [7d 9d] and won ($55.20) with three of a kind, Nines



PokerStars Hand #254616629602:  Hold'em No Limit ($0.50/$1.00 USD) - 2025/01/29 2:25:03 WET [2025/01/29 21:25:03 ET]
Table 'Hedwig' 6-max Seat #4 is the button
Seat 1: EasyGamerrr ($100.50 in chips) 
Seat 2: An1an1 ($100 in chips) 
Seat 3: BeauParleur ($149.18 in chips) 
Seat 4: pr0tecto ($121.63 in chips) 
Seat 5: BumHuntKing ($100 in chips) 
Seat 6: MTicianelli ($55.20 in chips) 
BumHuntKing: posts small blind $0.50
MTicianelli: posts big blind $1
*** HOLE CARDS ***
EasyGamerrr: folds 
An1an1: folds 
BeauParleur has timed out
BeauParleur: folds 
pr0tecto: raises $2 to $3
BumHuntKing: folds 
MTicianelli: folds 
Uncalled bet ($2) returned to pr0tecto
pr0tecto collected $2.50 from pot
pr0tecto: doesn't show hand 
*** SUMMARY ***
Total pot $2.50 | Rake $0 
Seat 1: EasyGamerrr folded before Flop (didn't bet)
Seat 2: An1an1 folded before Flop (didn't bet)
Seat 3: BeauParleur folded before Flop (didn't bet)
Seat 4: pr0tecto (button) collected ($2.50)
Seat 5: BumHuntKing (small blind) folded before Flop
Seat 6: MTicianelli (big blind) folded before Flop



PokerStars Hand #254616632992:  Hold'em No Limit ($0.50/$1.00 USD) - 2025/01/29 2:25:26 WET [2025/01/29 21:25:26 ET]
Table 'Hedwig' 6-max Seat #5 is the button
Seat 1: EasyGamerrr ($100.50 in chips) 
Seat 2: An1an1 ($100 in chips) 
Seat 3: BeauParleur ($149.18 in chips) 
Seat 4: pr0tecto ($123.13 in chips) 
Seat 5: BumHuntKing ($100 in chips) 
Seat 6: MTicianelli ($54.20 in chips) 
MTicianelli: posts small blind $0.50
EasyGamerrr: posts big blind $1
*** HOLE CARDS ***
An1an1: raises $1 to $2
BeauParleur: folds 
pr0tecto: folds 
BumHuntKing: folds 
MTicianelli: folds 
EasyGamerrr: folds 
Uncalled bet ($1) returned to An1an1
MTicianelli leaves the table
An1an1 collected $2.50 from pot
An1an1: doesn't show hand 
*** SUMMARY ***
Total pot $2.50 | Rake $0 
Seat 1: EasyGamerrr (big blind) folded before Flop
Seat 2: An1an1 collected ($2.50)
Seat 3: BeauParleur folded before Flop (didn't bet)
Seat 4: pr0tecto folded before Flop (didn't bet)
Seat 5: BumHuntKing (button) folded before Flop (didn't bet)
Seat 6: MTicianelli (small blind) folded before Flop



PokerStars Hand #254616634876:  Hold'em No Limit ($0.50/$1.00 USD) - 2025/01/29 2:25:39 WET [2025/01/29 21:25:39 ET]
Table 'Hedwig' 6-max Seat #1 is the button
Seat 1: EasyGamerrr ($100 in chips) 
Seat 2: An1an1 ($101.50 in chips) 
Seat 3: BeauParleur ($149.18 in chips) 
Seat 4: pr0tecto ($123.13 in chips) 
Seat 5: BumHuntKing ($100 in chips) 
An1an1: posts small blind $0.50
BeauParleur: posts big blind $1
*** HOLE CARDS ***
pr0tecto: folds 
BumHuntKing: folds 
EasyGamerrr: raises $1.50 to $2.50
An1an1: folds 
pr0tecto leaves the table
BeauParleur: folds 
Uncalled bet ($1.50) returned to EasyGamerrr
EasyGamerrr collected $2.50 from pot
EasyGamerrr: doesn't show hand 
*** SUMMARY ***
Total pot $2.50 | Rake $0 
Seat 1: EasyGamerrr (button) collected ($2.50)
Seat 2: An1an1 (small blind) folded before Flop
Seat 3: BeauParleur (big blind) folded before Flop
Seat 4: pr0tecto folded before Flop (didn't bet)
Seat 5: BumHuntKing folded before Flop (didn't bet)



PokerStars Hand #254616637645:  Hold'em No Limit ($0.50/$1.00 USD) - 2025/01/29 2:25:58 WET [2025/01/29 21:25:58 ET]
Table 'Hedwig' 6-max Seat #2 is the button
Seat 1: EasyGamerrr ($101.50 in chips) 
Seat 2: An1an1 ($101 in chips) 
Seat 3: BeauParleur ($148.18 in chips) 
Seat 5: BumHuntKing ($100 in chips) 
BeauParleur: posts small blind $0.50
BumHuntKing: posts big blind $1
*** HOLE CARDS ***
EasyGamerrr: folds 
An1an1: folds 
BeauParleur: folds 
Uncalled bet ($0.50) returned to BumHuntKing
BumHuntKing collected $1 from pot
BumHuntKing: doesn't show hand 
*** SUMMARY ***
Total pot $1 | Rake $0 
Seat 1: EasyGamerrr folded before Flop (didn't bet)
Seat 2: An1an1 (button) folded before Flop (didn't bet)
Seat 3: BeauParleur (small blind) folded before Flop
Seat 5: BumHuntKing (big blind) collected ($1)



PokerStars Hand #254616640164:  Hold'em No Limit ($0.50/$1.00 USD) - 2025/01/29 2:26:16 WET [2025/01/29 21:26:16 ET]
Table 'Hedwig' 6-max Seat #5 is the button
Seat 1: EasyGamerrr ($101.50 in chips) is sitting out
Seat 2: An1an1 ($101 in chips) is sitting out
Seat 3: BeauParleur ($147.68 in chips) 
Seat 5: BumHuntKing ($100.50 in chips) 
BumHuntKing: posts small blind $0.50
An1an1: is sitting out 
BeauParleur: posts big blind $1
*** HOLE CARDS ***
An1an1 leaves the table
EasyGamerrr leaves the table
BumHuntKing: raises $1.50 to $2.50
BeauParleur: folds 
Uncalled bet ($1.50) returned to BumHuntKing
BumHuntKing collected $2 from pot
BumHuntKing: doesn't show hand 
*** SUMMARY ***
Total pot $2 | Rake $0 
Seat 1: EasyGamerrr
Seat 2: An1an1
Seat 3: BeauParleur (big blind) folded before Flop
Seat 5: BumHuntKing (button) (small blind) collected ($2)



PokerStars Hand #254616642805:  Hold'em No Limit ($0.50/$1.00 USD) - 2025/01/29 2:26:34 WET [2025/01/29 21:26:34 ET]
Table 'Hedwig' 6-max Seat #3 is the button
Seat 3: BeauParleur ($146.68 in chips) 
Seat 5: BumHuntKing ($101.50 in chips) 
BeauParleur: posts small blind $0.50
BumHuntKing: posts big blind $1
*** HOLE CARDS ***
BeauParleur: raises $1.25 to $2.25
BumHuntKing: raises $9.75 to $12
eltr0mpa joins the table at seat #4 
eltr0mpa is disconnected 
BeauParleur: folds 
Uncalled bet ($9.75) returned to BumHuntKing
BumHuntKing collected $4.50 from pot
BumHuntKing: doesn't show hand 
*** SUMMARY ***
Total pot $4.50 | Rake $0 
Seat 3: BeauParleur (button) (small blind) folded before Flop
Seat 5: BumHuntKing (big blind) collected ($4.50)



PokerStars Hand #254616645788:  Hold'em No Limit ($0.50/$1.00 USD) - 2025/01/29 2:26:54 WET [2025/01/29 21:26:54 ET]
Table 'Hedwig' 6-max Seat #5 is the button
Seat 3: BeauParleur ($144.43 in chips) 
Seat 4: eltr0mpa ($100 in chips) 
Seat 5: BumHuntKing ($103.75 in chips) 
BeauParleur: posts small blind $0.50
eltr0mpa: posts big blind $1
*** HOLE CARDS ***
BumHuntKing: raises $1.50 to $2.50
BeauParleur: folds 
eltr0mpa: calls $1.50
*** FLOP *** [Kd Ts 4h]
eltr0mpa: checks 
BumHuntKing: bets $6.53
eltr0mpa: calls $6.53
*** TURN *** [Kd Ts 4h] [Qd]
eltr0mpa: checks 
BumHuntKing: checks 
*** RIVER *** [Kd Ts 4h Qd] [Ac]
eltr0mpa: bets $8.82
BumHuntKing: folds 
Uncalled bet ($8.82) returned to eltr0mpa
eltr0mpa collected $17.63 from pot
50CandyJoe joins the table at seat #6 
*** SUMMARY ***
Total pot $18.56 | Rake $0.93 
Board [Kd Ts 4h Qd Ac]
Seat 3: BeauParleur (small blind) folded before Flop
Seat 4: eltr0mpa (big blind) collected ($17.63)
Seat 5: BumHuntKing (button) folded on the River



PokerStars Hand #254616654667:  Hold'em No Limit ($0.50/$1.00 USD) - 2025/01/29 2:27:55 WET [2025/01/29 21:27:55 ET]
Table 'Hedwig' 6-max Seat #3 is the button
Seat 6: 50CandyJoe ($100 in chips) is sitting out
Seat 3: BeauParleur ($143.93 in chips) 
Seat 4: eltr0mpa ($108.60 in chips) 
Seat 5: BumHuntKing ($100 in chips) 
eltr0mpa: posts small blind $0.50
BumHuntKing: posts big blind $1
50CandyJoe: sits out 
*** HOLE CARDS ***
BeauParleur: raises $1.50 to $2.50
eltr0mpa: folds 
BumHuntKing: folds 
Uncalled bet ($1.50) returned to BeauParleur
BeauParleur collected $2.50 from pot
BeauParleur: doesn't show hand 
*** SUMMARY ***
Total pot $2.50 | Rake $0 
Seat 6: 50CandyJoe
Seat 3: BeauParleur (button) collected ($2.50)
Seat 4: eltr0mpa (small blind) folded before Flop
Seat 5: BumHuntKing (big blind) folded before Flop



PokerStars Hand #254616656714:  Hold'em No Limit ($0.50/$1.00 USD) - 2025/01/29 2:28:09 WET [2025/01/29 21:28:09 ET]
Table 'Hedwig' 6-max Seat #4 is the button
Seat 3: BeauParleur ($145.43 in chips) 
Seat 4: eltr0mpa ($108.10 in chips) 
Seat 5: BumHuntKing ($100 in chips) 
Seat 6: 50CandyJoe ($100 in chips) 
BumHuntKing: posts small blind $0.50
50CandyJoe: posts big blind $1
*** HOLE CARDS ***
BeauParleur: raises $1.25 to $2.25
eltr0mpa: folds 
BumHuntKing: folds 
50CandyJoe: folds 
Uncalled bet ($1.25) returned to BeauParleur
BeauParleur collected $2.50 from pot
BeauParleur: doesn't show hand 
*** SUMMARY ***
Total pot $2.50 | Rake $0 
Seat 3: BeauParleur collected ($2.50)
Seat 4: eltr0mpa (button) folded before Flop (didn't bet)
Seat 5: BumHuntKing (small blind) folded before Flop
Seat 6: 50CandyJoe (big blind) folded before Flop



PokerStars Hand #254616658265:  Hold'em No Limit ($0.50/$1.00 USD) - 2025/01/29 2:28:20 WET [2025/01/29 21:28:20 ET]
Table 'Hedwig' 6-max Seat #5 is the button
Seat 3: BeauParleur ($146.93 in chips) 
Seat 4: eltr0mpa ($108.10 in chips) 
Seat 5: BumHuntKing ($100 in chips) 
Seat 6: 50CandyJoe ($100 in chips) 
50CandyJoe: posts small blind $0.50
BeauParleur: posts big blind $1
*** HOLE CARDS ***
eltr0mpa: folds 
BumHuntKing: raises $1.50 to $2.50
50CandyJoe: raises $7.50 to $10
BeauParleur: folds 
BumHuntKing: folds 
Uncalled bet ($7.50) returned to 50CandyJoe
50CandyJoe collected $6 from pot
50CandyJoe: doesn't show hand 
*** SUMMARY ***
Total pot $6 | Rake $0 
Seat 3: BeauParleur (big blind) folded before Flop
Seat 4: eltr0mpa folded before Flop (didn't bet)
Seat 5: BumHuntKing (button) folded before Flop
Seat 6: 50CandyJoe (small blind) collected ($6)



PokerStars Hand #254616660940:  Hold'em No Limit ($0.50/$1.00 USD) - 2025/01/29 2:28:38 WET [2025/01/29 21:28:38 ET]
Table 'Hedwig' 6-max Seat #3 is the button
Seat 4: eltr0mpa ($108.10 in chips) is sitting out
Seat 5: BumHuntKing ($100 in chips) is sitting out
Seat 3: BeauParleur ($145.93 in chips) 
Seat 6: 50CandyJoe ($103.50 in chips) 
BeauParleur: posts small blind $0.50
eltr0mpa: is sitting out 
BumHuntKing: is sitting out 
50CandyJoe: posts big blind $1
*** HOLE CARDS ***
BumHuntKing leaves the table
BeauParleur: raises $1.25 to $2.25
eltr0mpa leaves the table
50CandyJoe: folds 
Uncalled bet ($1.25) returned to BeauParleur
BeauParleur collected $2 from pot
BeauParleur: doesn't show hand 
*** SUMMARY ***
Total pot $2 | Rake $0 
Seat 4: eltr0mpa
Seat 5: BumHuntKing
Seat 3: BeauParleur (button) (small blind) collected ($2)
Seat 6: 50CandyJoe (big blind) folded before Flop



PokerStars Hand #254616663524:  Hold'em No Limit ($0.50/$1.00 USD) - 2025/01/29 2:28:56 WET [2025/01/29 21:28:56 ET]
Table 'Hedwig' 6-max Seat #6 is the button
Seat 3: BeauParleur ($146.93 in chips) 
Seat 6: 50CandyJoe ($102.50 in chips) 
50CandyJoe: posts small blind $0.50
BeauParleur: posts big blind $1
*** HOLE CARDS ***
50CandyJoe: raises $1.50 to $2.50
BeauParleur: calls $1.50
*** FLOP *** [7h 7s 9d]
BeauParleur: checks 
50CandyJoe: checks 
*** TURN *** [7h 7s 9d] [5d]
BeauParleur: bets $7
50CandyJoe: folds 
Uncalled bet ($7) returned to BeauParleur
BeauParleur collected $4.75 from pot
BeauParleur: doesn't show hand 
*** SUMMARY ***
Total pot $5 | Rake $0.25 
Board [7h 7s 9d 5d]
Seat 3: BeauParleur (big blind) collected ($4.75)
Seat 6: 50CandyJoe (button) (small blind) folded on the Turn



PokerStars Hand #254616668583:  Hold'em No Limit ($0.50/$1.00 USD) - 2025/01/29 2:29:31 WET [2025/01/29 21:29:31 ET]
Table 'Hedwig' 6-max Seat #3 is the button
Seat 3: BeauParleur ($149.18 in chips) 
Seat 6: 50CandyJoe ($100 in chips) 
BeauParleur: posts small blind $0.50
50CandyJoe: posts big blind $1
*** HOLE CARDS ***
BeauParleur: raises $1.25 to $2.25
50CandyJoe: folds 
Uncalled bet ($1.25) returned to BeauParleur
BeauParleur collected $2 from pot
BeauParleur: doesn't show hand 
*** SUMMARY ***
Total pot $2 | Rake $0 
Seat 3: BeauParleur (button) (small blind) collected ($2)
Seat 6: 50CandyJoe (big blind) folded before Flop



