PokerStars Hand #254608410115:  Hold'em No Limit ($0.50/$1.00 USD) - 2025/01/29 17:02:22 WET [2025/01/29 12:02:22 ET]
Table 'Genoveva' 6-max Seat #5 is the button
Seat 3: whlzor ($107.08 in chips) is sitting out
Seat 4: Thedodge1 ($100 in chips) is sitting out
Seat 1: elcutez ($31.12 in chips) 
Seat 2: fedor0f ($102.28 in chips) 
Seat 5: Espada Fish ($100 in chips) 
Seat 6: AigarsK ($16.89 in chips) 
AigarsK: posts small blind $0.50
elcutez: posts big blind $1
*** HOLE CARDS ***
fedor0f: folds 
Espada Fish: folds 
AigarsK: folds 
Uncalled bet ($0.50) returned to elcutez
elcutez collected $1 from pot
*** SUMMARY ***
Total pot $1 | Rake $0 
Seat 3: whlzor
Seat 4: Thedodge1
Seat 1: elcutez (big blind) collected ($1)
Seat 2: fedor0f folded before Flop (didn't bet)
Seat 5: Espada Fish (button) folded before Flop (didn't bet)
Seat 6: AigarsK (small blind) folded before Flop



PokerStars Hand #254608412664:  Hold'em No Limit ($0.50/$1.00 USD) - 2025/01/29 17:02:34 WET [2025/01/29 12:02:34 ET]
Table 'Genoveva' 6-max Seat #6 is the button
Seat 3: whlzor ($107.08 in chips) is sitting out
Seat 4: Thedodge1 ($100 in chips) is sitting out
Seat 1: elcutez ($31.62 in chips) 
Seat 2: fedor0f ($102.28 in chips) 
Seat 5: Espada Fish ($100 in chips) 
Seat 6: AigarsK ($16.39 in chips) 
elcutez: posts small blind $0.50
fedor0f: posts big blind $1
*** HOLE CARDS ***
Espada Fish: folds 
AigarsK: folds 
elcutez: folds 
Uncalled bet ($0.50) returned to fedor0f
fedor0f collected $1 from pot
fedor0f: doesn't show hand 
*** SUMMARY ***
Total pot $1 | Rake $0 
Seat 3: whlzor
Seat 4: Thedodge1
Seat 1: elcutez (small blind) folded before Flop
Seat 2: fedor0f (big blind) collected ($1)
Seat 5: Espada Fish folded before Flop (didn't bet)
Seat 6: AigarsK (button) folded before Flop (didn't bet)



PokerStars Hand #254608415195:  Hold'em No Limit ($0.50/$1.00 USD) - 2025/01/29 17:02:45 WET [2025/01/29 12:02:45 ET]
Table 'Genoveva' 6-max Seat #1 is the button
Seat 3: whlzor ($107.08 in chips) is sitting out
Seat 4: Thedodge1 ($100 in chips) is sitting out
Seat 1: elcutez ($31.12 in chips) 
Seat 2: fedor0f ($102.78 in chips) 
Seat 5: Espada Fish ($100 in chips) 
Seat 6: AigarsK ($16.39 in chips) 
fedor0f: posts small blind $0.50
Espada Fish: posts big blind $1
*** HOLE CARDS ***
AigarsK has timed out
AigarsK: folds 
elcutez: folds 
fedor0f: raises $2 to $3
Espada Fish: folds 
Uncalled bet ($2) returned to fedor0f
fedor0f collected $2 from pot
fedor0f: doesn't show hand 
*** SUMMARY ***
Total pot $2 | Rake $0 
Seat 3: whlzor
Seat 4: Thedodge1
Seat 1: elcutez (button) folded before Flop (didn't bet)
Seat 2: fedor0f (small blind) collected ($2)
Seat 5: Espada Fish (big blind) folded before Flop
Seat 6: AigarsK folded before Flop (didn't bet)



PokerStars Hand #254608420615:  Hold'em No Limit ($0.50/$1.00 USD) - 2025/01/29 17:03:08 WET [2025/01/29 12:03:08 ET]
Table 'Genoveva' 6-max Seat #2 is the button
Seat 3: whlzor ($107.08 in chips) is sitting out
Seat 4: Thedodge1 ($100 in chips) is sitting out
Seat 6: AigarsK ($16.39 in chips) is sitting out
Seat 1: elcutez ($31.12 in chips) 
Seat 2: fedor0f ($103.78 in chips) 
Seat 5: Espada Fish ($100 in chips) 
Espada Fish: posts small blind $0.50
elcutez: posts big blind $1
*** HOLE CARDS ***
fedor0f: folds 
Espada Fish: folds 
Uncalled bet ($0.50) returned to elcutez
elcutez collected $1 from pot
*** SUMMARY ***
Total pot $1 | Rake $0 
Seat 3: whlzor
Seat 4: Thedodge1
Seat 6: AigarsK
Seat 1: elcutez (big blind) collected ($1)
Seat 2: fedor0f (button) folded before Flop (didn't bet)
Seat 5: Espada Fish (small blind) folded before Flop



PokerStars Hand #254608423602:  Hold'em No Limit ($0.50/$1.00 USD) - 2025/01/29 17:03:21 WET [2025/01/29 12:03:21 ET]
Table 'Genoveva' 6-max Seat #5 is the button
Seat 3: whlzor ($107.08 in chips) is sitting out
Seat 6: AigarsK ($16.39 in chips) is sitting out
Seat 1: elcutez ($31.62 in chips) 
Seat 2: fedor0f ($103.78 in chips) 
Seat 4: Thedodge1 ($100 in chips) 
Seat 5: Espada Fish ($100 in chips) 
elcutez: posts small blind $0.50
fedor0f: posts big blind $1
Thedodge1: posts small & big blinds $1.50
*** HOLE CARDS ***
Thedodge1: checks 
Espada Fish: raises $3 to $4
elcutez: folds 
fedor0f: folds 
Thedodge1: folds 
Uncalled bet ($3) returned to Espada Fish
Espada Fish collected $4 from pot
Espada Fish: doesn't show hand 
*** SUMMARY ***
Total pot $4 | Rake $0 
Seat 3: whlzor
Seat 6: AigarsK
Seat 1: elcutez (small blind) folded before Flop
Seat 2: fedor0f (big blind) folded before Flop
Seat 4: Thedodge1 folded before Flop (didn't bet)
Seat 5: Espada Fish (button) collected ($4)



PokerStars Hand #254608426900:  Hold'em No Limit ($0.50/$1.00 USD) - 2025/01/29 17:03:34 WET [2025/01/29 12:03:34 ET]
Table 'Genoveva' 6-max Seat #1 is the button
Seat 3: whlzor ($107.08 in chips) is sitting out
Seat 6: AigarsK ($16.39 in chips) is sitting out
Seat 1: elcutez ($31.12 in chips) 
Seat 2: fedor0f ($102.78 in chips) 
Seat 4: Thedodge1 ($100 in chips) 
Seat 5: Espada Fish ($103 in chips) 
fedor0f: posts small blind $0.50
Thedodge1: posts big blind $1
*** HOLE CARDS ***
Espada Fish: raises $1.20 to $2.20
elcutez: calls $2.20
fedor0f: folds 
Thedodge1: folds 
*** FLOP *** [8h 4h 9c]
Espada Fish: checks 
elcutez: bets $5.60
Espada Fish: calls $5.60
*** TURN *** [8h 4h 9c] [6h]
Espada Fish: checks 
elcutez: bets $23.32 and is all-in
Espada Fish: folds 
Uncalled bet ($23.32) returned to elcutez
elcutez collected $16.24 from pot
*** SUMMARY ***
Total pot $17.10 | Rake $0.86 
Board [8h 4h 9c 6h]
Seat 3: whlzor
Seat 6: AigarsK
Seat 1: elcutez (button) collected ($16.24)
Seat 2: fedor0f (small blind) folded before Flop
Seat 4: Thedodge1 (big blind) folded before Flop
Seat 5: Espada Fish folded on the Turn



PokerStars Hand #254608438170:  Hold'em No Limit ($0.50/$1.00 USD) - 2025/01/29 17:04:22 WET [2025/01/29 12:04:22 ET]
Table 'Genoveva' 6-max Seat #2 is the button
Seat 3: whlzor ($107.08 in chips) is sitting out
Seat 6: AigarsK ($16.39 in chips) is sitting out
Seat 1: elcutez ($39.56 in chips) 
Seat 2: fedor0f ($102.28 in chips) 
Seat 4: Thedodge1 ($100 in chips) 
Seat 5: Espada Fish ($100 in chips) 
Thedodge1: posts small blind $0.50
Espada Fish: posts big blind $1
*** HOLE CARDS ***
elcutez: raises $2 to $3
fedor0f: folds 
Thedodge1: calls $2.50
Espada Fish: calls $2
*** FLOP *** [3h Jh Ks]
Thedodge1: checks 
Espada Fish: checks 
elcutez: checks 
*** TURN *** [3h Jh Ks] [3s]
Thedodge1: checks 
Espada Fish: bets $6.41
elcutez: folds 
Thedodge1: folds 
Uncalled bet ($6.41) returned to Espada Fish
Espada Fish collected $8.55 from pot
Espada Fish: doesn't show hand 
*** SUMMARY ***
Total pot $9 | Rake $0.45 
Board [3h Jh Ks 3s]
Seat 3: whlzor
Seat 6: AigarsK
Seat 1: elcutez folded on the Turn
Seat 2: fedor0f (button) folded before Flop (didn't bet)
Seat 4: Thedodge1 (small blind) folded on the Turn
Seat 5: Espada Fish (big blind) collected ($8.55)



PokerStars Hand #254608453010:  Hold'em No Limit ($0.50/$1.00 USD) - 2025/01/29 17:05:25 WET [2025/01/29 12:05:25 ET]
Table 'Genoveva' 6-max Seat #4 is the button
Seat 3: whlzor ($107.08 in chips) is sitting out
Seat 1: elcutez ($36.56 in chips) 
Seat 2: fedor0f ($102.28 in chips) 
Seat 4: Thedodge1 ($100 in chips) 
Seat 5: Espada Fish ($105.55 in chips) 
Seat 6: AigarsK ($16.39 in chips) 
Espada Fish: posts small blind $0.50
AigarsK: posts big blind $1
whlzor: sits out 
*** HOLE CARDS ***
elcutez: calls $1
fedor0f: folds 
Thedodge1: folds 
Espada Fish: folds 
AigarsK: checks 
*** FLOP *** [5s Kc Ts]
AigarsK: checks 
elcutez: checks 
*** TURN *** [5s Kc Ts] [Ad]
AigarsK: checks 
elcutez: checks 
*** RIVER *** [5s Kc Ts Ad] [7d]
AigarsK: bets $1
elcutez: folds 
Uncalled bet ($1) returned to AigarsK
AigarsK collected $2.38 from pot
AigarsK: doesn't show hand 
*** SUMMARY ***
Total pot $2.50 | Rake $0.12 
Board [5s Kc Ts Ad 7d]
Seat 3: whlzor
Seat 1: elcutez folded on the River
Seat 2: fedor0f folded before Flop (didn't bet)
Seat 4: Thedodge1 (button) folded before Flop (didn't bet)
Seat 5: Espada Fish (small blind) folded before Flop
Seat 6: AigarsK (big blind) collected ($2.38)



PokerStars Hand #254608458807:  Hold'em No Limit ($0.50/$1.00 USD) - 2025/01/29 17:05:49 WET [2025/01/29 12:05:49 ET]
Table 'Genoveva' 6-max Seat #5 is the button
Seat 3: whlzor ($107.08 in chips) is sitting out
Seat 1: elcutez ($35.56 in chips) 
Seat 2: fedor0f ($102.28 in chips) 
Seat 4: Thedodge1 ($100 in chips) 
Seat 5: Espada Fish ($105.05 in chips) 
Seat 6: AigarsK ($17.77 in chips) 
AigarsK: posts small blind $0.50
elcutez: posts big blind $1
whlzor: sits out 
*** HOLE CARDS ***
fedor0f: raises $1 to $2
Thedodge1: folds 
Espada Fish: raises $4.50 to $6.50
AigarsK: folds 
elcutez: folds 
fedor0f: calls $4.50
*** FLOP *** [9h 6h 7c]
AigarsK leaves the table
fedor0f: checks 
UnderC@t joins the table at seat #6 
Espada Fish: checks 
*** TURN *** [9h 6h 7c] [Kd]
fedor0f: checks 
Espada Fish: bets $10.34
fedor0f: calls $10.34
*** RIVER *** [9h 6h 7c Kd] [Jc]
fedor0f: checks 
Espada Fish: checks 
*** SHOW DOWN ***
fedor0f: shows [8d 8h] (a pair of Eights)
Espada Fish: shows [Ah 9s] (a pair of Nines)
Espada Fish collected $33.42 from pot
*** SUMMARY ***
Total pot $35.18 | Rake $1.76 
Board [9h 6h 7c Kd Jc]
Seat 3: whlzor
Seat 1: elcutez (big blind) folded before Flop
Seat 2: fedor0f showed [8d 8h] and lost with a pair of Eights
Seat 4: Thedodge1 folded before Flop (didn't bet)
Seat 5: Espada Fish (button) showed [Ah 9s] and won ($33.42) with a pair of Nines
Seat 6: AigarsK (small blind) folded before Flop



PokerStars Hand #254608479906:  Hold'em No Limit ($0.50/$1.00 USD) - 2025/01/29 17:07:18 WET [2025/01/29 12:07:18 ET]
Table 'Genoveva' 6-max Seat #1 is the button
Seat 6: UnderC@t ($100 in chips) is sitting out
Seat 1: elcutez ($34.56 in chips) 
Seat 2: fedor0f ($100 in chips) 
Seat 3: whlzor ($107.08 in chips) 
Seat 4: Thedodge1 ($100 in chips) 
Seat 5: Espada Fish ($121.63 in chips) 
fedor0f: posts small blind $0.50
whlzor: posts big blind $1
UnderC@t: sits out 
*** HOLE CARDS ***
Thedodge1: folds 
Espada Fish: folds 
elcutez: raises $2 to $3
fedor0f: folds 
whlzor: calls $2
*** FLOP *** [Qs Th As]
whlzor: checks 
elcutez: bets $6.18
whlzor: folds 
Uncalled bet ($6.18) returned to elcutez
elcutez collected $6.18 from pot
*** SUMMARY ***
Total pot $6.50 | Rake $0.32 
Board [Qs Th As]
Seat 6: UnderC@t
Seat 1: elcutez (button) collected ($6.18)
Seat 2: fedor0f (small blind) folded before Flop
Seat 3: whlzor (big blind) folded on the Flop
Seat 4: Thedodge1 folded before Flop (didn't bet)
Seat 5: Espada Fish folded before Flop (didn't bet)



PokerStars Hand #254608487916:  Hold'em No Limit ($0.50/$1.00 USD) - 2025/01/29 17:07:51 WET [2025/01/29 12:07:51 ET]
Table 'Genoveva' 6-max Seat #2 is the button
Seat 6: UnderC@t ($100 in chips) is sitting out
Seat 1: elcutez ($37.74 in chips) 
Seat 2: fedor0f ($100 in chips) 
Seat 3: whlzor ($104.08 in chips) 
Seat 4: Thedodge1 ($100 in chips) 
Seat 5: Espada Fish ($121.63 in chips) 
whlzor: posts small blind $0.50
Thedodge1: posts big blind $1
UnderC@t: sits out 
*** HOLE CARDS ***
Espada Fish: folds 
Espada Fish leaves the table
elcutez: folds 
fedor0f: folds 
whlzor: calls $0.50
Thedodge1: checks 
*** FLOP *** [Tc 6h Kc]
whlzor: bets $1.25
Thedodge1: folds 
Uncalled bet ($1.25) returned to whlzor
whlzor collected $1.90 from pot
whlzor: doesn't show hand 
*** SUMMARY ***
Total pot $2 | Rake $0.10 
Board [Tc 6h Kc]
Seat 6: UnderC@t
Seat 1: elcutez folded before Flop (didn't bet)
Seat 2: fedor0f (button) folded before Flop (didn't bet)
Seat 3: whlzor (small blind) collected ($1.90)
Seat 4: Thedodge1 (big blind) folded on the Flop
Seat 5: Espada Fish folded before Flop (didn't bet)



PokerStars Hand #254608492366:  Hold'em No Limit ($0.50/$1.00 USD) - 2025/01/29 17:08:09 WET [2025/01/29 12:08:09 ET]
Table 'Genoveva' 6-max Seat #3 is the button
Seat 1: elcutez ($37.74 in chips) 
Seat 2: fedor0f ($100 in chips) 
Seat 3: whlzor ($104.98 in chips) 
Seat 4: Thedodge1 ($100 in chips) 
Seat 6: UnderC@t ($100 in chips) 
Thedodge1: posts small blind $0.50
UnderC@t: posts big blind $1
*** HOLE CARDS ***
elcutez: folds 
fedor0f: folds 
whlzor: raises $2 to $3
Thedodge1: folds 
UnderC@t: folds 
Uncalled bet ($2) returned to whlzor
whlzor collected $2.50 from pot
whlzor: doesn't show hand 
*** SUMMARY ***
Total pot $2.50 | Rake $0 
Seat 1: elcutez folded before Flop (didn't bet)
Seat 2: fedor0f folded before Flop (didn't bet)
Seat 3: whlzor (button) collected ($2.50)
Seat 4: Thedodge1 (small blind) folded before Flop
Seat 6: UnderC@t (big blind) folded before Flop



PokerStars Hand #254608495084:  Hold'em No Limit ($0.50/$1.00 USD) - 2025/01/29 17:08:20 WET [2025/01/29 12:08:20 ET]
Table 'Genoveva' 6-max Seat #4 is the button
Seat 1: elcutez ($37.74 in chips) 
Seat 2: fedor0f ($100 in chips) 
Seat 3: whlzor ($106.48 in chips) 
Seat 4: Thedodge1 ($100 in chips) 
Seat 6: UnderC@t ($100 in chips) 
UnderC@t: posts small blind $0.50
elcutez: posts big blind $1
*** HOLE CARDS ***
fedor0f: folds 
whlzor: folds 
Thedodge1: folds 
UnderC@t: folds 
Uncalled bet ($0.50) returned to elcutez
elcutez collected $1 from pot
*** SUMMARY ***
Total pot $1 | Rake $0 
Seat 1: elcutez (big blind) collected ($1)
Seat 2: fedor0f folded before Flop (didn't bet)
Seat 3: whlzor folded before Flop (didn't bet)
Seat 4: Thedodge1 (button) folded before Flop (didn't bet)
Seat 6: UnderC@t (small blind) folded before Flop



PokerStars Hand #254608519753:  Hold'em No Limit ($0.50/$1.00 USD) - 2025/01/29 17:10:03 WET [2025/01/29 12:10:03 ET]
Table 'Genoveva' 6-max Seat #5 is the button
Seat 1: elcutez ($39.24 in chips) 
Seat 2: trueYes.3970 ($11.38 in chips) 
Seat 3: whlzor ($106.48 in chips) 
Seat 4: Thedodge1 ($100 in chips) 
Seat 5: Pon4uk.ua ($100 in chips) 
Seat 6: UnderC@t ($100.50 in chips) 
UnderC@t: posts small blind $0.50
elcutez: posts big blind $1
*** HOLE CARDS ***
trueYes.3970: folds 
whlzor: folds 
Thedodge1: folds 
Pon4uk.ua: folds 
UnderC@t: raises $2 to $3
elcutez: folds 
Uncalled bet ($2) returned to UnderC@t
UnderC@t collected $2 from pot
UnderC@t: doesn't show hand 
*** SUMMARY ***
Total pot $2 | Rake $0 
Seat 1: elcutez (big blind) folded before Flop
Seat 2: trueYes.3970 folded before Flop (didn't bet)
Seat 3: whlzor folded before Flop (didn't bet)
Seat 4: Thedodge1 folded before Flop (didn't bet)
Seat 5: Pon4uk.ua (button) folded before Flop (didn't bet)
Seat 6: UnderC@t (small blind) collected ($2)



PokerStars Hand #254608522728:  Hold'em No Limit ($0.50/$1.00 USD) - 2025/01/29 17:10:15 WET [2025/01/29 12:10:15 ET]
Table 'Genoveva' 6-max Seat #6 is the button
Seat 1: elcutez ($38.24 in chips) 
Seat 2: trueYes.3970 ($11.38 in chips) 
Seat 3: whlzor ($106.48 in chips) 
Seat 4: Thedodge1 ($100 in chips) 
Seat 5: Pon4uk.ua ($100 in chips) 
Seat 6: UnderC@t ($101.50 in chips) 
elcutez: posts small blind $0.50
trueYes.3970: posts big blind $1
*** HOLE CARDS ***
whlzor: folds 
Thedodge1: folds 
whlzor leaves the table
Pon4uk.ua: raises $1.50 to $2.50
UnderC@t: folds 
elcutez: folds 
trueYes.3970: calls $1.50
*** FLOP *** [4s Kh 7c]
trueYes.3970: checks 
KuningasRane joins the table at seat #3 
Pon4uk.ua: bets $1.61
trueYes.3970: calls $1.61
*** TURN *** [4s Kh 7c] [8h]
trueYes.3970: checks 
Pon4uk.ua: bets $2.73
trueYes.3970: calls $2.73
*** RIVER *** [4s Kh 7c 8h] [Ac]
trueYes.3970: bets $4.50
Pon4uk.ua: raises $4.50 to $9
trueYes.3970: calls $0.04 and is all-in
Uncalled bet ($4.46) returned to Pon4uk.ua
*** SHOW DOWN ***
Pon4uk.ua: shows [Kd Kc] (three of a kind, Kings)
trueYes.3970: shows [7d 5h] (a pair of Sevens)
Pon4uk.ua collected $22.10 from pot
*** SUMMARY ***
Total pot $23.26 | Rake $1.16 
Board [4s Kh 7c 8h Ac]
Seat 1: elcutez (small blind) folded before Flop
Seat 2: trueYes.3970 (big blind) showed [7d 5h] and lost with a pair of Sevens
Seat 3: whlzor folded before Flop (didn't bet)
Seat 4: Thedodge1 folded before Flop (didn't bet)
Seat 5: Pon4uk.ua showed [Kd Kc] and won ($22.10) with three of a kind, Kings
Seat 6: UnderC@t (button) folded before Flop (didn't bet)



PokerStars Hand #254608536366:  Hold'em No Limit ($0.50/$1.00 USD) - 2025/01/29 17:11:10 WET [2025/01/29 12:11:10 ET]
Table 'Genoveva' 6-max Seat #1 is the button
Seat 2: trueYes.3970 ($0 in chips) is sitting out
Seat 3: KuningasRane ($100 in chips) is sitting out
Seat 1: elcutez ($37.74 in chips) 
Seat 4: Thedodge1 ($100 in chips) 
Seat 5: Pon4uk.ua ($110.72 in chips) 
Seat 6: UnderC@t ($101.50 in chips) 
Thedodge1: posts small blind $0.50
Pon4uk.ua: posts big blind $1
*** HOLE CARDS ***
UnderC@t: folds 
elcutez: raises $2 to $3
Thedodge1: folds 
Pon4uk.ua: folds 
Uncalled bet ($2) returned to elcutez
elcutez collected $2.50 from pot
*** SUMMARY ***
Total pot $2.50 | Rake $0 
Seat 2: trueYes.3970
Seat 3: KuningasRane
Seat 1: elcutez (button) collected ($2.50)
Seat 4: Thedodge1 (small blind) folded before Flop
Seat 5: Pon4uk.ua (big blind) folded before Flop
Seat 6: UnderC@t folded before Flop (didn't bet)



PokerStars Hand #254608391728:  Hold'em No Limit ($0.50/$1.00 USD) - 2025/01/29 17:01:01 WET [2025/01/29 12:01:01 ET]
Table 'Genoveva' 6-max Seat #6 is the button
Seat 4: Thedodge1 ($100 in chips) is sitting out
Seat 5: Espada Fish ($100 in chips) is sitting out
Seat 1: elcutez ($30.12 in chips) 
Seat 2: fedor0f ($100 in chips) 
Seat 3: whlzor ($110.08 in chips) 
Seat 6: AigarsK ($14.39 in chips) 
elcutez: posts small blind $0.50
fedor0f: posts big blind $1
Espada Fish: sits out 
*** HOLE CARDS ***
whlzor: raises $2 to $3
AigarsK: raises $11.39 to $14.39 and is all-in
elcutez: folds 
fedor0f: folds 
whlzor: folds 
Uncalled bet ($11.39) returned to AigarsK
AigarsK collected $7.50 from pot
AigarsK: doesn't show hand 
*** SUMMARY ***
Total pot $7.50 | Rake $0 
Seat 4: Thedodge1
Seat 5: Espada Fish
Seat 1: elcutez (small blind) folded before Flop
Seat 2: fedor0f (big blind) folded before Flop
Seat 3: whlzor folded before Flop
Seat 6: AigarsK (button) collected ($7.50)



PokerStars Hand #254608397683:  Hold'em No Limit ($0.50/$1.00 USD) - 2025/01/29 17:01:29 WET [2025/01/29 12:01:29 ET]
Table 'Genoveva' 6-max Seat #1 is the button
Seat 3: whlzor ($107.08 in chips) is sitting out
Seat 4: Thedodge1 ($100 in chips) is sitting out
Seat 1: elcutez ($29.62 in chips) 
Seat 2: fedor0f ($100 in chips) 
Seat 5: Espada Fish ($100 in chips) 
Seat 6: AigarsK ($18.89 in chips) 
fedor0f: posts small blind $0.50
whlzor: is sitting out 
Espada Fish: posts big blind $1
*** HOLE CARDS ***
AigarsK: folds 
elcutez: raises $2.50 to $3.50
fedor0f: folds 
Espada Fish: folds 
Uncalled bet ($2.50) returned to elcutez
elcutez collected $2.50 from pot
*** SUMMARY ***
Total pot $2.50 | Rake $0 
Seat 3: whlzor
Seat 4: Thedodge1
Seat 1: elcutez (button) collected ($2.50)
Seat 2: fedor0f (small blind) folded before Flop
Seat 5: Espada Fish (big blind) folded before Flop
Seat 6: AigarsK folded before Flop (didn't bet)



PokerStars Hand #254608401764:  Hold'em No Limit ($0.50/$1.00 USD) - 2025/01/29 17:01:47 WET [2025/01/29 12:01:47 ET]
Table 'Genoveva' 6-max Seat #2 is the button
Seat 3: whlzor ($107.08 in chips) is sitting out
Seat 4: Thedodge1 ($100 in chips) is sitting out
Seat 1: elcutez ($31.12 in chips) 
Seat 2: fedor0f ($100 in chips) 
Seat 5: Espada Fish ($100 in chips) 
Seat 6: AigarsK ($18.89 in chips) 
Espada Fish: posts small blind $0.50
AigarsK: posts big blind $1
*** HOLE CARDS ***
elcutez: folds 
fedor0f: raises $1 to $2
Espada Fish: folds 
AigarsK: calls $1
*** FLOP *** [7d Kh Ac]
AigarsK: checks 
fedor0f: bets $1.41
AigarsK: folds 
Uncalled bet ($1.41) returned to fedor0f
fedor0f collected $4.28 from pot
fedor0f: doesn't show hand 
*** SUMMARY ***
Total pot $4.50 | Rake $0.22 
Board [7d Kh Ac]
Seat 3: whlzor
Seat 4: Thedodge1
Seat 1: elcutez folded before Flop (didn't bet)
Seat 2: fedor0f (button) collected ($4.28)
Seat 5: Espada Fish (small blind) folded before Flop
Seat 6: AigarsK (big blind) folded on the Flop



PokerStars Hand #254608497563:  Hold'em No Limit ($0.50/$1.00 USD) - 2025/01/29 17:08:31 WET [2025/01/29 12:08:31 ET]
Table 'Genoveva' 6-max Seat #6 is the button
Seat 2: fedor0f ($100 in chips) is sitting out
Seat 1: elcutez ($38.24 in chips) 
Seat 3: whlzor ($106.48 in chips) 
Seat 4: Thedodge1 ($100 in chips) 
Seat 6: UnderC@t ($100 in chips) 
elcutez: posts small blind $0.50
fedor0f: is sitting out 
whlzor: posts big blind $1
*** HOLE CARDS ***
Thedodge1: folds 
Pon4uk.ua joins the table at seat #5 
UnderC@t: folds 
fedor0f leaves the table
elcutez: raises $3 to $4
whlzor: folds 
Uncalled bet ($3) returned to elcutez
elcutez collected $2 from pot
*** SUMMARY ***
Total pot $2 | Rake $0 
Seat 2: fedor0f
Seat 1: elcutez (small blind) collected ($2)
Seat 3: whlzor (big blind) folded before Flop
Seat 4: Thedodge1 folded before Flop (didn't bet)
Seat 6: UnderC@t (button) folded before Flop (didn't bet)



PokerStars Hand #254608502065:  Hold'em No Limit ($0.50/$1.00 USD) - 2025/01/29 17:08:50 WET [2025/01/29 12:08:50 ET]
Table 'Genoveva' 6-max Seat #1 is the button
Seat 5: Pon4uk.ua ($100 in chips) is sitting out
Seat 1: elcutez ($39.24 in chips) 
Seat 3: whlzor ($105.48 in chips) 
Seat 4: Thedodge1 ($100 in chips) 
Seat 6: UnderC@t ($100 in chips) 
whlzor: posts small blind $0.50
Thedodge1: posts big blind $1
Pon4uk.ua: sits out 
*** HOLE CARDS ***
UnderC@t: folds 
elcutez: folds 
whlzor: raises $2 to $3
Thedodge1: folds 
Uncalled bet ($2) returned to whlzor
whlzor collected $2 from pot
whlzor: doesn't show hand 
trueYes.3970 joins the table at seat #2 
*** SUMMARY ***
Total pot $2 | Rake $0 
Seat 5: Pon4uk.ua
Seat 1: elcutez (button) folded before Flop (didn't bet)
Seat 3: whlzor (small blind) collected ($2)
Seat 4: Thedodge1 (big blind) folded before Flop
Seat 6: UnderC@t folded before Flop (didn't bet)



PokerStars Hand #254608504150:  Hold'em No Limit ($0.50/$1.00 USD) - 2025/01/29 17:08:58 WET [2025/01/29 12:08:58 ET]
Table 'Genoveva' 6-max Seat #3 is the button
Seat 2: trueYes.3970 ($10 in chips) is sitting out
Seat 1: elcutez ($39.24 in chips) 
Seat 3: whlzor ($106.48 in chips) 
Seat 4: Thedodge1 ($100 in chips) 
Seat 5: Pon4uk.ua ($100 in chips) 
Seat 6: UnderC@t ($100 in chips) 
Thedodge1: posts small blind $0.50
trueYes.3970 is disconnected 
Pon4uk.ua: posts big blind $1
trueYes.3970 is connected 
trueYes.3970: sits out 
*** HOLE CARDS ***
UnderC@t: raises $1.50 to $2.50
elcutez: folds 
whlzor: folds 
Thedodge1: folds 
Pon4uk.ua: folds 
Uncalled bet ($1.50) returned to UnderC@t
UnderC@t collected $2.50 from pot
UnderC@t: doesn't show hand 
*** SUMMARY ***
Total pot $2.50 | Rake $0 
Seat 2: trueYes.3970
Seat 1: elcutez folded before Flop (didn't bet)
Seat 3: whlzor (button) folded before Flop (didn't bet)
Seat 4: Thedodge1 (small blind) folded before Flop
Seat 5: Pon4uk.ua (big blind) folded before Flop
Seat 6: UnderC@t collected ($2.50)



PokerStars Hand #254608509657:  Hold'em No Limit ($0.50/$1.00 USD) - 2025/01/29 17:09:21 WET [2025/01/29 12:09:21 ET]
Table 'Genoveva' 6-max Seat #4 is the button
Seat 1: elcutez ($39.24 in chips) 
Seat 2: trueYes.3970 ($10 in chips) 
Seat 3: whlzor ($106.48 in chips) 
Seat 4: Thedodge1 ($100 in chips) 
Seat 5: Pon4uk.ua ($100 in chips) 
Seat 6: UnderC@t ($101.50 in chips) 
Pon4uk.ua: posts small blind $0.50
UnderC@t: posts big blind $1
trueYes.3970: posts big blind $1
*** HOLE CARDS ***
elcutez: folds 
trueYes.3970: checks 
whlzor: folds 
Thedodge1: folds 
Pon4uk.ua: folds 
UnderC@t: checks 
*** FLOP *** [7s 2s Ts]
UnderC@t: checks 
trueYes.3970: bets $2.38
UnderC@t: folds 
Uncalled bet ($2.38) returned to trueYes.3970
trueYes.3970 collected $2.38 from pot
*** SUMMARY ***
Total pot $2.50 | Rake $0.12 
Board [7s 2s Ts]
Seat 1: elcutez folded before Flop (didn't bet)
Seat 2: trueYes.3970 collected ($2.38)
Seat 3: whlzor folded before Flop (didn't bet)
Seat 4: Thedodge1 (button) folded before Flop (didn't bet)
Seat 5: Pon4uk.ua (small blind) folded before Flop
Seat 6: UnderC@t (big blind) folded on the Flop



PokerStars Hand #254608539423:  Hold'em No Limit ($0.50/$1.00 USD) - 2025/01/29 17:11:22 WET [2025/01/29 12:11:22 ET]
Table 'Genoveva' 6-max Seat #4 is the button
Seat 3: KuningasRane ($100 in chips) is sitting out
Seat 1: elcutez ($39.24 in chips) 
Seat 2: trueYes.3970 ($14.24 in chips) 
Seat 4: Thedodge1 ($100 in chips) 
Seat 5: Pon4uk.ua ($109.72 in chips) 
Seat 6: UnderC@t ($101.50 in chips) 
Pon4uk.ua: posts small blind $0.50
UnderC@t: posts big blind $1
trueYes.3970: posts small blind $0.50
KuningasRane: sits out 
*** HOLE CARDS ***
elcutez: raises $1.70 to $2.70
trueYes.3970: folds 
Thedodge1: calls $2.70
Pon4uk.ua: folds 
UnderC@t: calls $1.70
*** FLOP *** [4h 7d Jh]
UnderC@t: checks 
elcutez: checks 
Thedodge1: bets $4.32
UnderC@t: folds 
elcutez: folds 
Uncalled bet ($4.32) returned to Thedodge1
elcutez leaves the table
Thedodge1 collected $8.64 from pot
Thedodge1: doesn't show hand 
*** SUMMARY ***
Total pot $9.10 | Rake $0.46 
Board [4h 7d Jh]
Seat 3: KuningasRane
Seat 1: elcutez folded on the Flop
Seat 2: trueYes.3970 folded before Flop (didn't bet)
Seat 4: Thedodge1 (button) collected ($8.64)
Seat 5: Pon4uk.ua (small blind) folded before Flop
Seat 6: UnderC@t (big blind) folded on the Flop



PokerStars Hand #254608546109:  Hold'em No Limit ($0.50/$1.00 USD) - 2025/01/29 17:11:50 WET [2025/01/29 12:11:50 ET]
Table 'Genoveva' 6-max Seat #5 is the button
Seat 3: KuningasRane ($100 in chips) is sitting out
Seat 2: trueYes.3970 ($13.74 in chips) 
Seat 4: Thedodge1 ($105.94 in chips) 
Seat 5: Pon4uk.ua ($109.22 in chips) 
Seat 6: UnderC@t ($100 in chips) 
UnderC@t: posts small blind $0.50
trueYes.3970: posts big blind $1
KuningasRane: sits out 
*** HOLE CARDS ***
Thedodge1: folds 
Pon4uk.ua: folds 
UnderC@t: raises $2 to $3
fedor0f joins the table at seat #1 
trueYes.3970: calls $2
*** FLOP *** [Ad 8d 4h]
UnderC@t: bets $1.71
trueYes.3970: calls $1.71
*** TURN *** [Ad 8d 4h] [7s]
UnderC@t: checks 
trueYes.3970: checks 
*** RIVER *** [Ad 8d 4h 7s] [6s]
UnderC@t: checks 
trueYes.3970: bets $9.03 and is all-in
UnderC@t: calls $9.03
*** SHOW DOWN ***
trueYes.3970: shows [5d 7c] (a straight, Four to Eight)
UnderC@t: shows [6h Jh] (a pair of Sixes)
trueYes.3970 collected $26.48 from pot
*** SUMMARY ***
Total pot $27.48 | Rake $1 
Board [Ad 8d 4h 7s 6s]
Seat 3: KuningasRane
Seat 2: trueYes.3970 (big blind) showed [5d 7c] and won ($26.48) with a straight, Four to Eight
Seat 4: Thedodge1 folded before Flop (didn't bet)
Seat 5: Pon4uk.ua (button) folded before Flop (didn't bet)
Seat 6: UnderC@t (small blind) showed [6h Jh] and lost with a pair of Sixes



PokerStars Hand #254608556773:  Hold'em No Limit ($0.50/$1.00 USD) - 2025/01/29 17:12:33 WET [2025/01/29 12:12:33 ET]
Table 'Genoveva' 6-max Seat #6 is the button
Seat 1: fedor0f ($100 in chips) is sitting out
Seat 2: trueYes.3970 ($26.48 in chips) 
Seat 3: KuningasRane ($100 in chips) 
Seat 4: Thedodge1 ($105.94 in chips) 
Seat 5: Pon4uk.ua ($109.22 in chips) 
Seat 6: UnderC@t ($100 in chips) 
trueYes.3970: posts small blind $0.50
KuningasRane: posts big blind $1
*** HOLE CARDS ***
Thedodge1: raises $1.80 to $2.80
Pon4uk.ua: folds 
UnderC@t: folds 
trueYes.3970: folds 
KuningasRane: folds 
Uncalled bet ($1.80) returned to Thedodge1
Thedodge1 collected $2.50 from pot
Thedodge1: doesn't show hand 
*** SUMMARY ***
Total pot $2.50 | Rake $0 
Seat 1: fedor0f
Seat 2: trueYes.3970 (small blind) folded before Flop
Seat 3: KuningasRane (big blind) folded before Flop
Seat 4: Thedodge1 collected ($2.50)
Seat 5: Pon4uk.ua folded before Flop (didn't bet)
Seat 6: UnderC@t (button) folded before Flop (didn't bet)



PokerStars Hand #254608560270:  Hold'em No Limit ($0.50/$1.00 USD) - 2025/01/29 17:12:47 WET [2025/01/29 12:12:47 ET]
Table 'Genoveva' 6-max Seat #2 is the button
Seat 1: fedor0f ($100 in chips) is sitting out
Seat 2: trueYes.3970 ($25.98 in chips) 
Seat 3: KuningasRane ($99 in chips) 
Seat 4: Thedodge1 ($107.44 in chips) 
Seat 5: Pon4uk.ua ($109.22 in chips) 
Seat 6: UnderC@t ($100 in chips) 
KuningasRane: posts small blind $0.50
Thedodge1: posts big blind $1
fedor0f: sits out 
*** HOLE CARDS ***
Pon4uk.ua: folds 
UnderC@t: folds 
trueYes.3970: raises $1.20 to $2.20
KuningasRane: folds 
Thedodge1: folds 
Uncalled bet ($1.20) returned to trueYes.3970
trueYes.3970 collected $2.50 from pot
*** SUMMARY ***
Total pot $2.50 | Rake $0 
Seat 1: fedor0f
Seat 2: trueYes.3970 (button) collected ($2.50)
Seat 3: KuningasRane (small blind) folded before Flop
Seat 4: Thedodge1 (big blind) folded before Flop
Seat 5: Pon4uk.ua folded before Flop (didn't bet)
Seat 6: UnderC@t folded before Flop (didn't bet)



PokerStars Hand #254608566346:  Hold'em No Limit ($0.50/$1.00 USD) - 2025/01/29 17:13:11 WET [2025/01/29 12:13:11 ET]
Table 'Genoveva' 6-max Seat #3 is the button
Seat 1: fedor0f ($100 in chips) is sitting out
Seat 2: trueYes.3970 ($27.48 in chips) 
Seat 3: KuningasRane ($98.50 in chips) 
Seat 4: Thedodge1 ($106.44 in chips) 
Seat 5: Pon4uk.ua ($109.22 in chips) 
Seat 6: UnderC@t ($100 in chips) 
Thedodge1: posts small blind $0.50
Pon4uk.ua: posts big blind $1
fedor0f: sits out 
*** HOLE CARDS ***
UnderC@t: folds 
trueYes.3970: folds 
KuningasRane: folds 
Thedodge1: folds 
Uncalled bet ($0.50) returned to Pon4uk.ua
Pon4uk.ua collected $1 from pot
Pon4uk.ua: doesn't show hand 
*** SUMMARY ***
Total pot $1 | Rake $0 
Seat 1: fedor0f
Seat 2: trueYes.3970 folded before Flop (didn't bet)
Seat 3: KuningasRane (button) folded before Flop (didn't bet)
Seat 4: Thedodge1 (small blind) folded before Flop
Seat 5: Pon4uk.ua (big blind) collected ($1)
Seat 6: UnderC@t folded before Flop (didn't bet)



PokerStars Hand #254608568650:  Hold'em No Limit ($0.50/$1.00 USD) - 2025/01/29 17:13:20 WET [2025/01/29 12:13:20 ET]
Table 'Genoveva' 6-max Seat #4 is the button
Seat 1: fedor0f ($100 in chips) is sitting out
Seat 2: trueYes.3970 ($27.48 in chips) 
Seat 3: KuningasRane ($98.50 in chips) 
Seat 4: Thedodge1 ($105.94 in chips) 
Seat 5: Pon4uk.ua ($109.72 in chips) 
Seat 6: UnderC@t ($100 in chips) 
Pon4uk.ua: posts small blind $0.50
UnderC@t: posts big blind $1
fedor0f: sits out 
*** HOLE CARDS ***
trueYes.3970: folds 
KuningasRane: folds 
Thedodge1: raises $1.80 to $2.80
Pon4uk.ua: folds 
UnderC@t: folds 
Uncalled bet ($1.80) returned to Thedodge1
Thedodge1 collected $2.50 from pot
Thedodge1: doesn't show hand 
*** SUMMARY ***
Total pot $2.50 | Rake $0 
Seat 1: fedor0f
Seat 2: trueYes.3970 folded before Flop (didn't bet)
Seat 3: KuningasRane folded before Flop (didn't bet)
Seat 4: Thedodge1 (button) collected ($2.50)
Seat 5: Pon4uk.ua (small blind) folded before Flop
Seat 6: UnderC@t (big blind) folded before Flop



PokerStars Hand #254608573049:  Hold'em No Limit ($0.50/$1.00 USD) - 2025/01/29 17:13:38 WET [2025/01/29 12:13:38 ET]
Table 'Genoveva' 6-max Seat #5 is the button
Seat 1: fedor0f ($100 in chips) 
Seat 2: trueYes.3970 ($27.48 in chips) 
Seat 3: KuningasRane ($98.50 in chips) 
Seat 4: Thedodge1 ($107.44 in chips) 
Seat 5: Pon4uk.ua ($109.22 in chips) 
Seat 6: UnderC@t ($100 in chips) 
UnderC@t: posts small blind $0.50
fedor0f: posts big blind $1
*** HOLE CARDS ***
trueYes.3970: folds 
KuningasRane: folds 
Thedodge1: folds 
Pon4uk.ua: folds 
UnderC@t: raises $2 to $3
fedor0f: calls $2
*** FLOP *** [Ks Qc Kc]
UnderC@t: checks 
fedor0f: checks 
*** TURN *** [Ks Qc Kc] [2c]
UnderC@t: checks 
fedor0f: checks 
*** RIVER *** [Ks Qc Kc 2c] [2d]
UnderC@t: bets $1
fedor0f: folds 
Uncalled bet ($1) returned to UnderC@t
UnderC@t collected $5.70 from pot
UnderC@t: doesn't show hand 
*** SUMMARY ***
Total pot $6 | Rake $0.30 
Board [Ks Qc Kc 2c 2d]
Seat 1: fedor0f (big blind) folded on the River
Seat 2: trueYes.3970 folded before Flop (didn't bet)
Seat 3: KuningasRane folded before Flop (didn't bet)
Seat 4: Thedodge1 folded before Flop (didn't bet)
Seat 5: Pon4uk.ua (button) folded before Flop (didn't bet)
Seat 6: UnderC@t (small blind) collected ($5.70)



PokerStars Hand #254608586341:  Hold'em No Limit ($0.50/$1.00 USD) - 2025/01/29 17:14:31 WET [2025/01/29 12:14:31 ET]
Table 'Genoveva' 6-max Seat #6 is the button
Seat 1: fedor0f ($100 in chips) 
Seat 2: trueYes.3970 ($27.48 in chips) 
Seat 3: KuningasRane ($98.50 in chips) 
Seat 4: Thedodge1 ($107.44 in chips) 
Seat 5: Pon4uk.ua ($109.22 in chips) 
Seat 6: UnderC@t ($102.70 in chips) 
fedor0f: posts small blind $0.50
trueYes.3970: posts big blind $1
*** HOLE CARDS ***
KuningasRane: raises $1.50 to $2.50
Thedodge1: folds 
Pon4uk.ua: folds 
UnderC@t: folds 
fedor0f: folds 
trueYes.3970: calls $1.50
*** FLOP *** [4h Ts 6c]
trueYes.3970: checks 
KuningasRane: bets $2.09
trueYes.3970: folds 
Uncalled bet ($2.09) returned to KuningasRane
KuningasRane collected $5.22 from pot
KuningasRane: doesn't show hand 
*** SUMMARY ***
Total pot $5.50 | Rake $0.28 
Board [4h Ts 6c]
Seat 1: fedor0f (small blind) folded before Flop
Seat 2: trueYes.3970 (big blind) folded on the Flop
Seat 3: KuningasRane collected ($5.22)
Seat 4: Thedodge1 folded before Flop (didn't bet)
Seat 5: Pon4uk.ua folded before Flop (didn't bet)
Seat 6: UnderC@t (button) folded before Flop (didn't bet)



PokerStars Hand #254608595042:  Hold'em No Limit ($0.50/$1.00 USD) - 2025/01/29 17:15:05 WET [2025/01/29 12:15:05 ET]
Table 'Genoveva' 6-max Seat #1 is the button
Seat 1: fedor0f ($100 in chips) 
Seat 2: trueYes.3970 ($24.98 in chips) 
Seat 3: KuningasRane ($101.22 in chips) 
Seat 4: Thedodge1 ($107.44 in chips) 
Seat 5: Pon4uk.ua ($109.22 in chips) 
Seat 6: UnderC@t ($102.70 in chips) 
trueYes.3970: posts small blind $0.50
KuningasRane: posts big blind $1
*** HOLE CARDS ***
Thedodge1: folds 
Pon4uk.ua: folds 
UnderC@t: raises $1.50 to $2.50
fedor0f: raises $6 to $8.50
trueYes.3970: folds 
KuningasRane: folds 
UnderC@t: folds 
Uncalled bet ($6) returned to fedor0f
fedor0f collected $6.50 from pot
fedor0f: doesn't show hand 
*** SUMMARY ***
Total pot $6.50 | Rake $0 
Seat 1: fedor0f (button) collected ($6.50)
Seat 2: trueYes.3970 (small blind) folded before Flop
Seat 3: KuningasRane (big blind) folded before Flop
Seat 4: Thedodge1 folded before Flop (didn't bet)
Seat 5: Pon4uk.ua folded before Flop (didn't bet)
Seat 6: UnderC@t folded before Flop



PokerStars Hand #254608603439:  Hold'em No Limit ($0.50/$1.00 USD) - 2025/01/29 17:15:38 WET [2025/01/29 12:15:38 ET]
Table 'Genoveva' 6-max Seat #2 is the button
Seat 1: fedor0f ($104 in chips) 
Seat 2: trueYes.3970 ($24.48 in chips) 
Seat 3: KuningasRane ($100.22 in chips) 
Seat 4: Thedodge1 ($107.44 in chips) 
Seat 5: Pon4uk.ua ($109.22 in chips) 
Seat 6: UnderC@t ($100.20 in chips) 
KuningasRane: posts small blind $0.50
Thedodge1: posts big blind $1
*** HOLE CARDS ***
Pon4uk.ua: folds 
UnderC@t: folds 
fedor0f: folds 
trueYes.3970: folds 
KuningasRane: folds 
Uncalled bet ($0.50) returned to Thedodge1
Thedodge1 collected $1 from pot
Thedodge1: doesn't show hand 
*** SUMMARY ***
Total pot $1 | Rake $0 
Seat 1: fedor0f folded before Flop (didn't bet)
Seat 2: trueYes.3970 (button) folded before Flop (didn't bet)
Seat 3: KuningasRane (small blind) folded before Flop
Seat 4: Thedodge1 (big blind) collected ($1)
Seat 5: Pon4uk.ua folded before Flop (didn't bet)
Seat 6: UnderC@t folded before Flop (didn't bet)



PokerStars Hand #254608605894:  Hold'em No Limit ($0.50/$1.00 USD) - 2025/01/29 17:15:48 WET [2025/01/29 12:15:48 ET]
Table 'Genoveva' 6-max Seat #3 is the button
Seat 1: fedor0f ($104 in chips) 
Seat 2: trueYes.3970 ($24.48 in chips) 
Seat 3: KuningasRane ($99.72 in chips) 
Seat 4: Thedodge1 ($107.94 in chips) 
Seat 5: Pon4uk.ua ($109.22 in chips) 
Seat 6: UnderC@t ($100.20 in chips) 
Thedodge1: posts small blind $0.50
Pon4uk.ua: posts big blind $1
*** HOLE CARDS ***
UnderC@t: folds 
fedor0f: folds 
trueYes.3970: raises $1.21 to $2.21
KuningasRane: folds 
Thedodge1: folds 
Pon4uk.ua: calls $1.21
*** FLOP *** [Ts Td 4h]
Pon4uk.ua: checks 
trueYes.3970: bets $2.27
Pon4uk.ua: calls $2.27
*** TURN *** [Ts Td 4h] [7h]
Pon4uk.ua: checks 
trueYes.3970: checks 
*** RIVER *** [Ts Td 4h 7h] [2s]
Pon4uk.ua: bets $6.74
trueYes.3970: raises $13.26 to $20 and is all-in
Pon4uk.ua: calls $13.26
*** SHOW DOWN ***
trueYes.3970: shows [Tc Ks] (three of a kind, Tens)
Pon4uk.ua: shows [8h Th] (three of a kind, Tens - lower kicker)
trueYes.3970 collected $46.99 from pot
*** SUMMARY ***
Total pot $49.46 | Rake $2.47 
Board [Ts Td 4h 7h 2s]
Seat 1: fedor0f folded before Flop (didn't bet)
Seat 2: trueYes.3970 showed [Tc Ks] and won ($46.99) with three of a kind, Tens
Seat 3: KuningasRane (button) folded before Flop (didn't bet)
Seat 4: Thedodge1 (small blind) folded before Flop
Seat 5: Pon4uk.ua (big blind) showed [8h Th] and lost with three of a kind, Tens
Seat 6: UnderC@t folded before Flop (didn't bet)



PokerStars Hand #254608620271:  Hold'em No Limit ($0.50/$1.00 USD) - 2025/01/29 17:16:46 WET [2025/01/29 12:16:46 ET]
Table 'Genoveva' 6-max Seat #4 is the button
Seat 1: fedor0f ($104 in chips) 
Seat 2: trueYes.3970 ($46.99 in chips) 
Seat 3: KuningasRane ($100 in chips) 
Seat 4: Thedodge1 ($107.44 in chips) 
Seat 5: Pon4uk.ua ($100 in chips) 
Seat 6: UnderC@t ($100.20 in chips) 
Pon4uk.ua: posts small blind $0.50
UnderC@t: posts big blind $1
*** HOLE CARDS ***
fedor0f has timed out
fedor0f: folds 
trueYes.3970: folds 
KuningasRane: folds 
Thedodge1: folds 
Pon4uk.ua: folds 
Uncalled bet ($0.50) returned to UnderC@t
UnderC@t collected $1 from pot
UnderC@t: doesn't show hand 
*** SUMMARY ***
Total pot $1 | Rake $0 
Seat 1: fedor0f folded before Flop (didn't bet)
Seat 2: trueYes.3970 folded before Flop (didn't bet)
Seat 3: KuningasRane folded before Flop (didn't bet)
Seat 4: Thedodge1 (button) folded before Flop (didn't bet)
Seat 5: Pon4uk.ua (small blind) folded before Flop
Seat 6: UnderC@t (big blind) collected ($1)



PokerStars Hand #254608627857:  Hold'em No Limit ($0.50/$1.00 USD) - 2025/01/29 17:17:16 WET [2025/01/29 12:17:16 ET]
Table 'Genoveva' 6-max Seat #5 is the button
Seat 1: fedor0f ($104 in chips) 
Seat 2: trueYes.3970 ($46.99 in chips) 
Seat 3: KuningasRane ($100 in chips) 
Seat 4: Thedodge1 ($107.44 in chips) 
Seat 5: Pon4uk.ua ($100 in chips) 
Seat 6: UnderC@t ($100.70 in chips) 
UnderC@t: posts small blind $0.50
fedor0f: posts big blind $1
*** HOLE CARDS ***
trueYes.3970: folds 
KuningasRane: folds 
Thedodge1: folds 
Pon4uk.ua: folds 
UnderC@t: raises $2 to $3
fedor0f: folds 
Uncalled bet ($2) returned to UnderC@t
UnderC@t collected $2 from pot
UnderC@t: doesn't show hand 
*** SUMMARY ***
Total pot $2 | Rake $0 
Seat 1: fedor0f (big blind) folded before Flop
Seat 2: trueYes.3970 folded before Flop (didn't bet)
Seat 3: KuningasRane folded before Flop (didn't bet)
Seat 4: Thedodge1 folded before Flop (didn't bet)
Seat 5: Pon4uk.ua (button) folded before Flop (didn't bet)
Seat 6: UnderC@t (small blind) collected ($2)



PokerStars Hand #254608631712:  Hold'em No Limit ($0.50/$1.00 USD) - 2025/01/29 17:17:31 WET [2025/01/29 12:17:31 ET]
Table 'Genoveva' 6-max Seat #6 is the button
Seat 1: fedor0f ($103 in chips) 
Seat 2: trueYes.3970 ($46.99 in chips) 
Seat 3: KuningasRane ($100 in chips) 
Seat 4: Thedodge1 ($107.44 in chips) 
Seat 5: Pon4uk.ua ($100 in chips) 
Seat 6: UnderC@t ($101.70 in chips) 
fedor0f: posts small blind $0.50
trueYes.3970: posts big blind $1
*** HOLE CARDS ***
KuningasRane: raises $1.50 to $2.50
Thedodge1: folds 
Pon4uk.ua: raises $5 to $7.50
UnderC@t: folds 
fedor0f: folds 
trueYes.3970: folds 
KuningasRane: folds 
Uncalled bet ($5) returned to Pon4uk.ua
Pon4uk.ua collected $6.50 from pot
Pon4uk.ua: doesn't show hand 
*** SUMMARY ***
Total pot $6.50 | Rake $0 
Seat 1: fedor0f (small blind) folded before Flop
Seat 2: trueYes.3970 (big blind) folded before Flop
Seat 3: KuningasRane folded before Flop
Seat 4: Thedodge1 folded before Flop (didn't bet)
Seat 5: Pon4uk.ua collected ($6.50)
Seat 6: UnderC@t (button) folded before Flop (didn't bet)



PokerStars Hand #254608639511:  Hold'em No Limit ($0.50/$1.00 USD) - 2025/01/29 17:18:02 WET [2025/01/29 12:18:02 ET]
Table 'Genoveva' 6-max Seat #1 is the button
Seat 1: fedor0f ($102.50 in chips) 
Seat 2: trueYes.3970 ($45.99 in chips) 
Seat 3: KuningasRane ($97.50 in chips) 
Seat 4: Thedodge1 ($107.44 in chips) 
Seat 5: Pon4uk.ua ($104 in chips) 
Seat 6: UnderC@t ($101.70 in chips) 
trueYes.3970: posts small blind $0.50
KuningasRane: posts big blind $1
*** HOLE CARDS ***
Thedodge1: folds 
Pon4uk.ua: folds 
UnderC@t: folds 
fedor0f: folds 
trueYes.3970: calls $0.50
KuningasRane: checks 
*** FLOP *** [4c Qs 6s]
trueYes.3970: checks 
KuningasRane: bets $1.33
trueYes.3970: calls $1.33
*** TURN *** [4c Qs 6s] [Qh]
trueYes.3970: checks 
KuningasRane: bets $3.10
trueYes.3970: calls $3.10
*** RIVER *** [4c Qs 6s Qh] [Ts]
trueYes.3970: checks 
KuningasRane: checks 
*** SHOW DOWN ***
trueYes.3970: shows [Kc Tc] (two pair, Queens and Tens)
KuningasRane: shows [7c Qd] (three of a kind, Queens)
KuningasRane collected $10.32 from pot
*** SUMMARY ***
Total pot $10.86 | Rake $0.54 
Board [4c Qs 6s Qh Ts]
Seat 1: fedor0f (button) folded before Flop (didn't bet)
Seat 2: trueYes.3970 (small blind) showed [Kc Tc] and lost with two pair, Queens and Tens
Seat 3: KuningasRane (big blind) showed [7c Qd] and won ($10.32) with three of a kind, Queens
Seat 4: Thedodge1 folded before Flop (didn't bet)
Seat 5: Pon4uk.ua folded before Flop (didn't bet)
Seat 6: UnderC@t folded before Flop (didn't bet)



PokerStars Hand #254608648121:  Hold'em No Limit ($0.50/$1.00 USD) - 2025/01/29 17:18:36 WET [2025/01/29 12:18:36 ET]
Table 'Genoveva' 6-max Seat #2 is the button
Seat 1: fedor0f ($102.50 in chips) 
Seat 2: trueYes.3970 ($40.56 in chips) 
Seat 3: KuningasRane ($102.39 in chips) 
Seat 4: Thedodge1 ($107.44 in chips) 
Seat 5: Pon4uk.ua ($104 in chips) 
Seat 6: UnderC@t ($101.70 in chips) 
KuningasRane: posts small blind $0.50
Thedodge1: posts big blind $1
*** HOLE CARDS ***
Pon4uk.ua: folds 
UnderC@t: folds 
fedor0f: raises $1.20 to $2.20
trueYes.3970: folds 
trueYes.3970 leaves the table
KuningasRane: folds 
Thedodge1: calls $1.20
*** FLOP *** [Qs 6c 4s]
Thedodge1: checks 
fedor0f: bets $1.54
Thedodge1: folds 
Uncalled bet ($1.54) returned to fedor0f
LuckyShikari joins the table at seat #2 
fedor0f collected $4.66 from pot
fedor0f: doesn't show hand 
*** SUMMARY ***
Total pot $4.90 | Rake $0.24 
Board [Qs 6c 4s]
Seat 1: fedor0f collected ($4.66)
Seat 2: trueYes.3970 (button) folded before Flop (didn't bet)
Seat 3: KuningasRane (small blind) folded before Flop
Seat 4: Thedodge1 (big blind) folded on the Flop
Seat 5: Pon4uk.ua folded before Flop (didn't bet)
Seat 6: UnderC@t folded before Flop (didn't bet)



PokerStars Hand #254608653536:  Hold'em No Limit ($0.50/$1.00 USD) - 2025/01/29 17:18:57 WET [2025/01/29 12:18:57 ET]
Table 'Genoveva' 6-max Seat #3 is the button
Seat 2: LuckyShikari ($100 in chips) is sitting out
Seat 1: fedor0f ($104.96 in chips) 
Seat 3: KuningasRane ($101.89 in chips) 
Seat 4: Thedodge1 ($105.24 in chips) 
Seat 5: Pon4uk.ua ($104 in chips) 
Seat 6: UnderC@t ($101.70 in chips) 
Thedodge1: posts small blind $0.50
Pon4uk.ua: posts big blind $1
LuckyShikari: sits out 
*** HOLE CARDS ***
UnderC@t: folds 
fedor0f: folds 
KuningasRane: folds 
Thedodge1: folds 
Uncalled bet ($0.50) returned to Pon4uk.ua
Pon4uk.ua collected $1 from pot
Pon4uk.ua: doesn't show hand 
*** SUMMARY ***
Total pot $1 | Rake $0 
Seat 2: LuckyShikari
Seat 1: fedor0f folded before Flop (didn't bet)
Seat 3: KuningasRane (button) folded before Flop (didn't bet)
Seat 4: Thedodge1 (small blind) folded before Flop
Seat 5: Pon4uk.ua (big blind) collected ($1)
Seat 6: UnderC@t folded before Flop (didn't bet)



PokerStars Hand #254608656940:  Hold'em No Limit ($0.50/$1.00 USD) - 2025/01/29 17:19:11 WET [2025/01/29 12:19:11 ET]
Table 'Genoveva' 6-max Seat #4 is the button
Seat 2: LuckyShikari ($100 in chips) is sitting out
Seat 1: fedor0f ($104.96 in chips) 
Seat 3: KuningasRane ($101.89 in chips) 
Seat 4: Thedodge1 ($104.74 in chips) 
Seat 5: Pon4uk.ua ($104.50 in chips) 
Seat 6: UnderC@t ($101.70 in chips) 
Pon4uk.ua: posts small blind $0.50
UnderC@t: posts big blind $1
LuckyShikari: sits out 
*** HOLE CARDS ***
fedor0f: folds 
KuningasRane: raises $1.50 to $2.50
Thedodge1: raises $6.50 to $9
Pon4uk.ua: folds 
UnderC@t: folds 
KuningasRane: folds 
Uncalled bet ($6.50) returned to Thedodge1
Thedodge1 collected $6.50 from pot
Thedodge1: doesn't show hand 
*** SUMMARY ***
Total pot $6.50 | Rake $0 
Seat 2: LuckyShikari
Seat 1: fedor0f folded before Flop (didn't bet)
Seat 3: KuningasRane folded before Flop
Seat 4: Thedodge1 (button) collected ($6.50)
Seat 5: Pon4uk.ua (small blind) folded before Flop
Seat 6: UnderC@t (big blind) folded before Flop



PokerStars Hand #254608660837:  Hold'em No Limit ($0.50/$1.00 USD) - 2025/01/29 17:19:26 WET [2025/01/29 12:19:26 ET]
Table 'Genoveva' 6-max Seat #5 is the button
Seat 1: fedor0f ($104.96 in chips) is sitting out
Seat 2: LuckyShikari ($100 in chips) 
Seat 3: KuningasRane ($99.39 in chips) 
Seat 4: Thedodge1 ($108.74 in chips) 
Seat 5: Pon4uk.ua ($104 in chips) 
Seat 6: UnderC@t ($100.70 in chips) 
UnderC@t: posts small blind $0.50
fedor0f: is sitting out 
LuckyShikari: posts big blind $1
*** HOLE CARDS ***
KuningasRane: folds 
Thedodge1: folds 
fedor0f leaves the table
Pon4uk.ua: raises $1.50 to $2.50
UnderC@t: folds 
shootingGRID joins the table at seat #1 
LuckyShikari: folds 
Uncalled bet ($1.50) returned to Pon4uk.ua
Pon4uk.ua collected $2.50 from pot
Pon4uk.ua: doesn't show hand 
*** SUMMARY ***
Total pot $2.50 | Rake $0 
Seat 1: fedor0f
Seat 2: LuckyShikari (big blind) folded before Flop
Seat 3: KuningasRane folded before Flop (didn't bet)
Seat 4: Thedodge1 folded before Flop (didn't bet)
Seat 5: Pon4uk.ua (button) collected ($2.50)
Seat 6: UnderC@t (small blind) folded before Flop



PokerStars Hand #254608667859:  Hold'em No Limit ($0.50/$1.00 USD) - 2025/01/29 17:19:53 WET [2025/01/29 12:19:53 ET]
Table 'Genoveva' 6-max Seat #6 is the button
Seat 1: shootingGRID ($100 in chips) is sitting out
Seat 2: LuckyShikari ($100 in chips) 
Seat 3: KuningasRane ($99.39 in chips) 
Seat 4: Thedodge1 ($108.74 in chips) 
Seat 5: Pon4uk.ua ($105.50 in chips) 
Seat 6: UnderC@t ($100.20 in chips) 
LuckyShikari: posts small blind $0.50
KuningasRane: posts big blind $1
*** HOLE CARDS ***
Thedodge1: folds 
Pon4uk.ua: raises $1.50 to $2.50
UnderC@t: folds 
LuckyShikari: folds 
KuningasRane: calls $1.50
*** FLOP *** [2h Ks 5c]
KuningasRane: checks 
Pon4uk.ua: bets $1.72
KuningasRane: calls $1.72
*** TURN *** [2h Ks 5c] [Qh]
KuningasRane: checks 
Pon4uk.ua: checks 
*** RIVER *** [2h Ks 5c Qh] [Qs]
KuningasRane: checks 
Pon4uk.ua: bets $6.37
KuningasRane: calls $6.37
*** SHOW DOWN ***
Pon4uk.ua: shows [Qd Jc] (three of a kind, Queens)
KuningasRane: mucks hand 
Pon4uk.ua collected $20.60 from pot
*** SUMMARY ***
Total pot $21.68 | Rake $1.08 
Board [2h Ks 5c Qh Qs]
Seat 1: shootingGRID
Seat 2: LuckyShikari (small blind) folded before Flop
Seat 3: KuningasRane (big blind) mucked
Seat 4: Thedodge1 folded before Flop (didn't bet)
Seat 5: Pon4uk.ua showed [Qd Jc] and won ($20.60) with three of a kind, Queens
Seat 6: UnderC@t (button) folded before Flop (didn't bet)



PokerStars Hand #254608681727:  Hold'em No Limit ($0.50/$1.00 USD) - 2025/01/29 17:20:47 WET [2025/01/29 12:20:47 ET]
Table 'Genoveva' 6-max Seat #2 is the button
Seat 1: shootingGRID ($100 in chips) is sitting out
Seat 2: LuckyShikari ($100 in chips) 
Seat 3: KuningasRane ($88.80 in chips) 
Seat 4: Thedodge1 ($108.74 in chips) 
Seat 5: Pon4uk.ua ($115.51 in chips) 
Seat 6: UnderC@t ($100.20 in chips) 
KuningasRane: posts small blind $0.50
Thedodge1: posts big blind $1
shootingGRID: sits out 
*** HOLE CARDS ***
Pon4uk.ua: folds 
UnderC@t: raises $1.50 to $2.50
LuckyShikari: folds 
KuningasRane: raises $6 to $8.50
Thedodge1: folds 
UnderC@t: folds 
Uncalled bet ($6) returned to KuningasRane
KuningasRane collected $6 from pot
KuningasRane: doesn't show hand 
*** SUMMARY ***
Total pot $6 | Rake $0 
Seat 1: shootingGRID
Seat 2: LuckyShikari (button) folded before Flop (didn't bet)
Seat 3: KuningasRane (small blind) collected ($6)
Seat 4: Thedodge1 (big blind) folded before Flop
Seat 5: Pon4uk.ua folded before Flop (didn't bet)
Seat 6: UnderC@t folded before Flop



PokerStars Hand #254608687731:  Hold'em No Limit ($0.50/$1.00 USD) - 2025/01/29 17:21:11 WET [2025/01/29 12:21:11 ET]
Table 'Genoveva' 6-max Seat #3 is the button
Seat 1: shootingGRID ($100 in chips) is sitting out
Seat 2: LuckyShikari ($100 in chips) 
Seat 3: KuningasRane ($92.30 in chips) 
Seat 4: Thedodge1 ($107.74 in chips) 
Seat 5: Pon4uk.ua ($115.51 in chips) 
Seat 6: UnderC@t ($100 in chips) 
Thedodge1: posts small blind $0.50
Pon4uk.ua: posts big blind $1
shootingGRID: sits out 
*** HOLE CARDS ***
UnderC@t: folds 
LuckyShikari: folds 
KuningasRane: folds 
Thedodge1: raises $1.80 to $2.80
Pon4uk.ua: calls $1.80
*** FLOP *** [2s 4h 9c]
Thedodge1: checks 
Pon4uk.ua: bets $2.66
Thedodge1: calls $2.66
*** TURN *** [2s 4h 9c] [7d]
Thedodge1: checks 
Pon4uk.ua: checks 
*** RIVER *** [2s 4h 9c 7d] [7c]
Thedodge1: checks 
Pon4uk.ua: checks 
*** SHOW DOWN ***
Thedodge1: shows [Ts Ac] (a pair of Sevens)
Pon4uk.ua: mucks hand 
Thedodge1 collected $10.37 from pot
*** SUMMARY ***
Total pot $10.92 | Rake $0.55 
Board [2s 4h 9c 7d 7c]
Seat 1: shootingGRID
Seat 2: LuckyShikari folded before Flop (didn't bet)
Seat 3: KuningasRane (button) folded before Flop (didn't bet)
Seat 4: Thedodge1 (small blind) showed [Ts Ac] and won ($10.37) with a pair of Sevens
Seat 5: Pon4uk.ua (big blind) mucked
Seat 6: UnderC@t folded before Flop (didn't bet)



PokerStars Hand #254608695810:  Hold'em No Limit ($0.50/$1.00 USD) - 2025/01/29 17:21:43 WET [2025/01/29 12:21:43 ET]
Table 'Genoveva' 6-max Seat #4 is the button
Seat 1: shootingGRID ($100 in chips) is sitting out
Seat 2: LuckyShikari ($100 in chips) 
Seat 3: KuningasRane ($100 in chips) 
Seat 4: Thedodge1 ($112.65 in chips) 
Seat 5: Pon4uk.ua ($110.05 in chips) 
Seat 6: UnderC@t ($100 in chips) 
Pon4uk.ua: posts small blind $0.50
UnderC@t: posts big blind $1
shootingGRID: sits out 
*** HOLE CARDS ***
LuckyShikari: folds 
KuningasRane: folds 
Thedodge1: folds 
Pon4uk.ua: raises $1.75 to $2.75
UnderC@t: raises $5.25 to $8
Pon4uk.ua: folds 
Uncalled bet ($5.25) returned to UnderC@t
UnderC@t collected $5.50 from pot
UnderC@t: doesn't show hand 
*** SUMMARY ***
Total pot $5.50 | Rake $0 
Seat 1: shootingGRID
Seat 2: LuckyShikari folded before Flop (didn't bet)
Seat 3: KuningasRane folded before Flop (didn't bet)
Seat 4: Thedodge1 (button) folded before Flop (didn't bet)
Seat 5: Pon4uk.ua (small blind) folded before Flop
Seat 6: UnderC@t (big blind) collected ($5.50)



PokerStars Hand #254608701576:  Hold'em No Limit ($0.50/$1.00 USD) - 2025/01/29 17:22:05 WET [2025/01/29 12:22:05 ET]
Table 'Genoveva' 6-max Seat #5 is the button
Seat 1: shootingGRID ($100 in chips) 
Seat 2: LuckyShikari ($100 in chips) 
Seat 3: KuningasRane ($100 in chips) 
Seat 4: Thedodge1 ($112.65 in chips) 
Seat 5: Pon4uk.ua ($107.30 in chips) 
Seat 6: UnderC@t ($102.75 in chips) 
UnderC@t: posts small blind $0.50
shootingGRID: posts big blind $1
*** HOLE CARDS ***
LuckyShikari: folds 
KuningasRane: folds 
Thedodge1: folds 
Pon4uk.ua: raises $1.50 to $2.50
UnderC@t: folds 
shootingGRID: calls $1.50
*** FLOP *** [2s 7c Kd]
shootingGRID: checks 
Pon4uk.ua: bets $1.72
shootingGRID: calls $1.72
*** TURN *** [2s 7c Kd] [Kh]
shootingGRID: checks 
Pon4uk.ua: checks 
*** RIVER *** [2s 7c Kd Kh] [Js]
shootingGRID: checks 
Pon4uk.ua: bets $4.25
shootingGRID: folds 
Uncalled bet ($4.25) returned to Pon4uk.ua
Pon4uk.ua collected $8.49 from pot
Pon4uk.ua: doesn't show hand 
*** SUMMARY ***
Total pot $8.94 | Rake $0.45 
Board [2s 7c Kd Kh Js]
Seat 1: shootingGRID (big blind) folded on the River
Seat 2: LuckyShikari folded before Flop (didn't bet)
Seat 3: KuningasRane folded before Flop (didn't bet)
Seat 4: Thedodge1 folded before Flop (didn't bet)
Seat 5: Pon4uk.ua (button) collected ($8.49)
Seat 6: UnderC@t (small blind) folded before Flop



PokerStars Hand #254608717516:  Hold'em No Limit ($0.50/$1.00 USD) - 2025/01/29 17:23:09 WET [2025/01/29 12:23:09 ET]
Table 'Genoveva' 6-max Seat #6 is the button
Seat 1: shootingGRID ($100 in chips) 
Seat 2: LuckyShikari ($100 in chips) 
Seat 3: KuningasRane ($100 in chips) 
Seat 4: Thedodge1 ($112.65 in chips) 
Seat 5: Pon4uk.ua ($111.57 in chips) 
Seat 6: UnderC@t ($102.25 in chips) 
shootingGRID: posts small blind $0.50
LuckyShikari: posts big blind $1
*** HOLE CARDS ***
KuningasRane: raises $1.50 to $2.50
Thedodge1: folds 
Pon4uk.ua: folds 
UnderC@t: raises $5.50 to $8
shootingGRID: folds 
LuckyShikari: folds 
KuningasRane: raises $16.50 to $24.50
UnderC@t: folds 
Uncalled bet ($16.50) returned to KuningasRane
KuningasRane collected $17.50 from pot
KuningasRane: doesn't show hand 
*** SUMMARY ***
Total pot $17.50 | Rake $0 
Seat 1: shootingGRID (small blind) folded before Flop
Seat 2: LuckyShikari (big blind) folded before Flop
Seat 3: KuningasRane collected ($17.50)
Seat 4: Thedodge1 folded before Flop (didn't bet)
Seat 5: Pon4uk.ua folded before Flop (didn't bet)
Seat 6: UnderC@t (button) folded before Flop



PokerStars Hand #254608726641:  Hold'em No Limit ($0.50/$1.00 USD) - 2025/01/29 17:23:44 WET [2025/01/29 12:23:44 ET]
Table 'Genoveva' 6-max Seat #1 is the button
Seat 1: shootingGRID ($100 in chips) 
Seat 2: LuckyShikari ($100 in chips) 
Seat 3: KuningasRane ($109.50 in chips) 
Seat 4: Thedodge1 ($112.65 in chips) 
Seat 5: Pon4uk.ua ($111.57 in chips) 
Seat 6: UnderC@t ($100 in chips) 
LuckyShikari: posts small blind $0.50
KuningasRane: posts big blind $1
*** HOLE CARDS ***
Thedodge1: folds 
Pon4uk.ua: folds 
UnderC@t: folds 
shootingGRID: raises $1.50 to $2.50
LuckyShikari: folds 
KuningasRane: folds 
Uncalled bet ($1.50) returned to shootingGRID
shootingGRID collected $2.50 from pot
*** SUMMARY ***
Total pot $2.50 | Rake $0 
Seat 1: shootingGRID (button) collected ($2.50)
Seat 2: LuckyShikari (small blind) folded before Flop
Seat 3: KuningasRane (big blind) folded before Flop
Seat 4: Thedodge1 folded before Flop (didn't bet)
Seat 5: Pon4uk.ua folded before Flop (didn't bet)
Seat 6: UnderC@t folded before Flop (didn't bet)



PokerStars Hand #254608729875:  Hold'em No Limit ($0.50/$1.00 USD) - 2025/01/29 17:23:57 WET [2025/01/29 12:23:57 ET]
Table 'Genoveva' 6-max Seat #2 is the button
Seat 1: shootingGRID ($101.50 in chips) 
Seat 2: LuckyShikari ($100 in chips) 
Seat 3: KuningasRane ($108.50 in chips) 
Seat 4: Thedodge1 ($112.65 in chips) 
Seat 5: Pon4uk.ua ($111.57 in chips) 
Seat 6: UnderC@t ($100 in chips) 
KuningasRane: posts small blind $0.50
Thedodge1: posts big blind $1
*** HOLE CARDS ***
Pon4uk.ua: folds 
UnderC@t: folds 
shootingGRID: raises $1.25 to $2.25
LuckyShikari: folds 
KuningasRane: folds 
Thedodge1: calls $1.25
*** FLOP *** [4d Kd 7h]
Thedodge1: checks 
shootingGRID: bets $1.57
Thedodge1: calls $1.57
*** TURN *** [4d Kd 7h] [2h]
Thedodge1: checks 
shootingGRID: checks 
*** RIVER *** [4d Kd 7h 2h] [Qs]
Thedodge1: checks 
shootingGRID: bets $5.10
Thedodge1: folds 
Uncalled bet ($5.10) returned to shootingGRID
shootingGRID collected $7.73 from pot
*** SUMMARY ***
Total pot $8.14 | Rake $0.41 
Board [4d Kd 7h 2h Qs]
Seat 1: shootingGRID collected ($7.73)
Seat 2: LuckyShikari (button) folded before Flop (didn't bet)
Seat 3: KuningasRane (small blind) folded before Flop
Seat 4: Thedodge1 (big blind) folded on the River
Seat 5: Pon4uk.ua folded before Flop (didn't bet)
Seat 6: UnderC@t folded before Flop (didn't bet)



PokerStars Hand #254608744960:  Hold'em No Limit ($0.50/$1.00 USD) - 2025/01/29 17:24:56 WET [2025/01/29 12:24:56 ET]
Table 'Genoveva' 6-max Seat #3 is the button
Seat 5: Pon4uk.ua ($111.57 in chips) is sitting out
Seat 1: shootingGRID ($105.41 in chips) 
Seat 2: LuckyShikari ($100 in chips) 
Seat 3: KuningasRane ($108 in chips) 
Seat 4: Thedodge1 ($108.83 in chips) 
Seat 6: UnderC@t ($100 in chips) 
Thedodge1: posts small blind $0.50
Pon4uk.ua: is sitting out 
UnderC@t: posts big blind $1
*** HOLE CARDS ***
Pon4uk.ua leaves the table
shootingGRID: folds 
LuckyShikari: raises $2.50 to $3.50
KuningasRane: raises $7.50 to $11
Thedodge1: folds 
UnderC@t: folds 
LuckyShikari: calls $7.50
*** FLOP *** [6d 3s Qc]
nastja336 joins the table at seat #5 
LuckyShikari: checks 
KuningasRane: bets $9.93
LuckyShikari: folds 
Uncalled bet ($9.93) returned to KuningasRane
KuningasRane collected $22.32 from pot
KuningasRane: doesn't show hand 
*** SUMMARY ***
Total pot $23.50 | Rake $1.18 
Board [6d 3s Qc]
Seat 5: Pon4uk.ua
Seat 1: shootingGRID folded before Flop (didn't bet)
Seat 2: LuckyShikari folded on the Flop
Seat 3: KuningasRane (button) collected ($22.32)
Seat 4: Thedodge1 (small blind) folded before Flop
Seat 6: UnderC@t (big blind) folded before Flop



PokerStars Hand #254608758782:  Hold'em No Limit ($0.50/$1.00 USD) - 2025/01/29 17:25:50 WET [2025/01/29 12:25:50 ET]
Table 'Genoveva' 6-max Seat #4 is the button
Seat 5: nastja336 ($100 in chips) is sitting out
Seat 1: shootingGRID ($105.41 in chips) 
Seat 2: LuckyShikari ($100 in chips) 
Seat 3: KuningasRane ($119.32 in chips) 
Seat 4: Thedodge1 ($108.33 in chips) 
Seat 6: UnderC@t ($100 in chips) 
UnderC@t: posts small blind $0.50
shootingGRID: posts big blind $1
*** HOLE CARDS ***
LuckyShikari: raises $1.25 to $2.25
KuningasRane: calls $2.25
Thedodge1: folds 
UnderC@t: folds 
shootingGRID: raises $11.75 to $14
LuckyShikari: folds 
KuningasRane: raises $25.75 to $39.75
shootingGRID: folds 
Uncalled bet ($25.75) returned to KuningasRane
KuningasRane collected $30.75 from pot
KuningasRane: doesn't show hand 
*** SUMMARY ***
Total pot $30.75 | Rake $0 
Seat 5: nastja336
Seat 1: shootingGRID (big blind) folded before Flop
Seat 2: LuckyShikari folded before Flop
Seat 3: KuningasRane collected ($30.75)
Seat 4: Thedodge1 (button) folded before Flop (didn't bet)
Seat 6: UnderC@t (small blind) folded before Flop



PokerStars Hand #254608773293:  Hold'em No Limit ($0.50/$1.00 USD) - 2025/01/29 17:26:47 WET [2025/01/29 12:26:47 ET]
Table 'Genoveva' 6-max Seat #6 is the button
Seat 5: nastja336 ($100 in chips) is sitting out
Seat 1: shootingGRID ($100 in chips) 
Seat 2: LuckyShikari ($100 in chips) 
Seat 3: KuningasRane ($136.07 in chips) 
Seat 4: Thedodge1 ($108.33 in chips) 
Seat 6: UnderC@t ($100 in chips) 
shootingGRID: posts small blind $0.50
LuckyShikari: posts big blind $1
nastja336: sits out 
*** HOLE CARDS ***
KuningasRane: folds 
Thedodge1: folds 
UnderC@t: raises $1.50 to $2.50
shootingGRID: folds 
LuckyShikari: folds 
Uncalled bet ($1.50) returned to UnderC@t
UnderC@t collected $2.50 from pot
UnderC@t: doesn't show hand 
*** SUMMARY ***
Total pot $2.50 | Rake $0 
Seat 5: nastja336
Seat 1: shootingGRID (small blind) folded before Flop
Seat 2: LuckyShikari (big blind) folded before Flop
Seat 3: KuningasRane folded before Flop (didn't bet)
Seat 4: Thedodge1 folded before Flop (didn't bet)
Seat 6: UnderC@t (button) collected ($2.50)



PokerStars Hand #254608778631:  Hold'em No Limit ($0.50/$1.00 USD) - 2025/01/29 17:27:07 WET [2025/01/29 12:27:07 ET]
Table 'Genoveva' 6-max Seat #1 is the button
Seat 5: nastja336 ($100 in chips) is sitting out
Seat 1: shootingGRID ($100 in chips) 
Seat 2: LuckyShikari ($100 in chips) 
Seat 3: KuningasRane ($136.07 in chips) 
Seat 4: Thedodge1 ($108.33 in chips) 
Seat 6: UnderC@t ($101.50 in chips) 
LuckyShikari: posts small blind $0.50
KuningasRane: posts big blind $1
nastja336: sits out 
*** HOLE CARDS ***
Thedodge1: folds 
UnderC@t: raises $1.50 to $2.50
shootingGRID: folds 
LuckyShikari: folds 
KuningasRane: folds 
Uncalled bet ($1.50) returned to UnderC@t
UnderC@t collected $2.50 from pot
UnderC@t: doesn't show hand 
*** SUMMARY ***
Total pot $2.50 | Rake $0 
Seat 5: nastja336
Seat 1: shootingGRID (button) folded before Flop (didn't bet)
Seat 2: LuckyShikari (small blind) folded before Flop
Seat 3: KuningasRane (big blind) folded before Flop
Seat 4: Thedodge1 folded before Flop (didn't bet)
Seat 6: UnderC@t collected ($2.50)



PokerStars Hand #254608781921:  Hold'em No Limit ($0.50/$1.00 USD) - 2025/01/29 17:27:20 WET [2025/01/29 12:27:20 ET]
Table 'Genoveva' 6-max Seat #2 is the button
Seat 5: nastja336 ($100 in chips) is sitting out
Seat 1: shootingGRID ($100 in chips) 
Seat 2: LuckyShikari ($100 in chips) 
Seat 3: KuningasRane ($135.07 in chips) 
Seat 4: Thedodge1 ($108.33 in chips) 
Seat 6: UnderC@t ($103 in chips) 
KuningasRane: posts small blind $0.50
Thedodge1: posts big blind $1
nastja336: sits out 
*** HOLE CARDS ***
UnderC@t: raises $1.50 to $2.50
shootingGRID: folds 
LuckyShikari: calls $2.50
KuningasRane: calls $2
Thedodge1: calls $1.50
*** FLOP *** [Td 9h Kd]
KuningasRane: checks 
Thedodge1: checks 
UnderC@t: bets $3
LuckyShikari: folds 
KuningasRane: folds 
Thedodge1: calls $3
*** TURN *** [Td 9h Kd] [Qd]
Thedodge1: checks 
UnderC@t: checks 
*** RIVER *** [Td 9h Kd Qd] [Kc]
Thedodge1: bets $19
UnderC@t: raises $78.50 to $97.50 and is all-in
Thedodge1: calls $78.50
*** SHOW DOWN ***
UnderC@t: shows [Qc Kh] (a full house, Kings full of Queens)
Thedodge1: shows [Ks 9d] (a full house, Kings full of Nines)
UnderC@t collected $208.50 from pot
*** SUMMARY ***
Total pot $211 | Rake $2.50 
Board [Td 9h Kd Qd Kc]
Seat 5: nastja336
Seat 1: shootingGRID folded before Flop (didn't bet)
Seat 2: LuckyShikari (button) folded on the Flop
Seat 3: KuningasRane (small blind) folded on the Flop
Seat 4: Thedodge1 (big blind) showed [Ks 9d] and lost with a full house, Kings full of Nines
Seat 6: UnderC@t showed [Qc Kh] and won ($208.50) with a full house, Kings full of Queens



PokerStars Hand #254608796757:  Hold'em No Limit ($0.50/$1.00 USD) - 2025/01/29 17:28:18 WET [2025/01/29 12:28:18 ET]
Table 'Genoveva' 6-max Seat #3 is the button
Seat 1: shootingGRID ($100 in chips) 
Seat 2: LuckyShikari ($100 in chips) 
Seat 3: KuningasRane ($132.57 in chips) 
Seat 4: Thedodge1 ($71.44 in chips) 
Seat 5: nastja336 ($100 in chips) 
Seat 6: UnderC@t ($208.50 in chips) 
Thedodge1: posts small blind $0.50
nastja336: posts big blind $1
*** HOLE CARDS ***
UnderC@t: folds 
shootingGRID: folds 
LuckyShikari: folds 
KuningasRane: folds 
Thedodge1: folds 
Uncalled bet ($0.50) returned to nastja336
nastja336 collected $1 from pot
nastja336: doesn't show hand 
*** SUMMARY ***
Total pot $1 | Rake $0 
Seat 1: shootingGRID folded before Flop (didn't bet)
Seat 2: LuckyShikari folded before Flop (didn't bet)
Seat 3: KuningasRane (button) folded before Flop (didn't bet)
Seat 4: Thedodge1 (small blind) folded before Flop
Seat 5: nastja336 (big blind) collected ($1)
Seat 6: UnderC@t folded before Flop (didn't bet)



PokerStars Hand #254608799494:  Hold'em No Limit ($0.50/$1.00 USD) - 2025/01/29 17:28:29 WET [2025/01/29 12:28:29 ET]
Table 'Genoveva' 6-max Seat #4 is the button
Seat 1: shootingGRID ($100 in chips) 
Seat 2: LuckyShikari ($100 in chips) 
Seat 3: KuningasRane ($132.57 in chips) 
Seat 4: Thedodge1 ($70.94 in chips) 
Seat 5: nastja336 ($100.50 in chips) 
Seat 6: UnderC@t ($208.50 in chips) 
nastja336: posts small blind $0.50
UnderC@t: posts big blind $1
*** HOLE CARDS ***
shootingGRID: raises $1.25 to $2.25
LuckyShikari: folds 
KuningasRane: calls $2.25
Thedodge1: folds 
Thedodge1 leaves the table
Joe_Li7 joins the table at seat #4 
nastja336: folds 
UnderC@t: folds 
*** FLOP *** [9c 5c Qc]
shootingGRID: bets $1.88
KuningasRane: folds 
Uncalled bet ($1.88) returned to shootingGRID
shootingGRID collected $5.70 from pot
*** SUMMARY ***
Total pot $6 | Rake $0.30 
Board [9c 5c Qc]
Seat 1: shootingGRID collected ($5.70)
Seat 2: LuckyShikari folded before Flop (didn't bet)
Seat 3: KuningasRane folded on the Flop
Seat 4: Thedodge1 (button) folded before Flop (didn't bet)
Seat 5: nastja336 (small blind) folded before Flop
Seat 6: UnderC@t (big blind) folded before Flop



PokerStars Hand #254608807877:  Hold'em No Limit ($0.50/$1.00 USD) - 2025/01/29 17:29:02 WET [2025/01/29 12:29:02 ET]
Table 'Genoveva' 6-max Seat #5 is the button
Seat 4: Joe_Li7 ($100 in chips) is sitting out
Seat 1: shootingGRID ($103.45 in chips) 
Seat 2: LuckyShikari ($100 in chips) 
Seat 3: KuningasRane ($130.32 in chips) 
Seat 5: nastja336 ($100 in chips) 
Seat 6: UnderC@t ($207.50 in chips) 
UnderC@t: posts small blind $0.50
shootingGRID: posts big blind $1
Joe_Li7: sits out 
*** HOLE CARDS ***
LuckyShikari: folds 
KuningasRane: folds 
nastja336: raises $1.50 to $2.50
UnderC@t: folds 
shootingGRID: calls $1.50
*** FLOP *** [Qd Td 9h]
shootingGRID: checks 
nastja336: bets $7.50
shootingGRID: folds 
Uncalled bet ($7.50) returned to nastja336
nastja336 collected $5.22 from pot
nastja336: doesn't show hand 
*** SUMMARY ***
Total pot $5.50 | Rake $0.28 
Board [Qd Td 9h]
Seat 4: Joe_Li7
Seat 1: shootingGRID (big blind) folded on the Flop
Seat 2: LuckyShikari folded before Flop (didn't bet)
Seat 3: KuningasRane folded before Flop (didn't bet)
Seat 5: nastja336 (button) collected ($5.22)
Seat 6: UnderC@t (small blind) folded before Flop



PokerStars Hand #254608817584:  Hold'em No Limit ($0.50/$1.00 USD) - 2025/01/29 17:29:40 WET [2025/01/29 12:29:40 ET]
Table 'Genoveva' 6-max Seat #6 is the button
Seat 2: LuckyShikari ($100 in chips) is sitting out
Seat 4: Joe_Li7 ($100 in chips) is sitting out
Seat 1: shootingGRID ($100.95 in chips) 
Seat 3: KuningasRane ($130.32 in chips) 
Seat 5: nastja336 ($102.72 in chips) 
Seat 6: UnderC@t ($207 in chips) 
shootingGRID: posts small blind $0.50
LuckyShikari: is sitting out 
KuningasRane: posts big blind $1
Joe_Li7: sits out 
*** HOLE CARDS ***
nastja336: folds 
LuckyShikari leaves the table
UnderC@t: raises $1.50 to $2.50
shootingGRID: folds 
KuningasRane: folds 
Uncalled bet ($1.50) returned to UnderC@t
UnderC@t collected $2.50 from pot
UnderC@t: doesn't show hand 
*** SUMMARY ***
Total pot $2.50 | Rake $0 
Seat 2: LuckyShikari
Seat 4: Joe_Li7
Seat 1: shootingGRID (small blind) folded before Flop
Seat 3: KuningasRane (big blind) folded before Flop
Seat 5: nastja336 folded before Flop (didn't bet)
Seat 6: UnderC@t (button) collected ($2.50)



PokerStars Hand #254608820717:  Hold'em No Limit ($0.50/$1.00 USD) - 2025/01/29 17:29:52 WET [2025/01/29 12:29:52 ET]
Table 'Genoveva' 6-max Seat #1 is the button
Seat 1: shootingGRID ($100.45 in chips) 
Seat 3: KuningasRane ($129.32 in chips) 
Seat 4: Joe_Li7 ($100 in chips) 
Seat 5: nastja336 ($102.72 in chips) 
Seat 6: UnderC@t ($208.50 in chips) 
KuningasRane: posts small blind $0.50
Joe_Li7: posts big blind $1
*** HOLE CARDS ***
nastja336: raises $1.50 to $2.50
UnderC@t: folds 
shootingGRID: folds 
KuningasRane: folds 
Joe_Li7: folds 
Uncalled bet ($1.50) returned to nastja336
nastja336 collected $2.50 from pot
nastja336: doesn't show hand 
*** SUMMARY ***
Total pot $2.50 | Rake $0 
Seat 1: shootingGRID (button) folded before Flop (didn't bet)
Seat 3: KuningasRane (small blind) folded before Flop
Seat 4: Joe_Li7 (big blind) folded before Flop
Seat 5: nastja336 collected ($2.50)
Seat 6: UnderC@t folded before Flop (didn't bet)



PokerStars Hand #254608827396:  Hold'em No Limit ($0.50/$1.00 USD) - 2025/01/29 17:30:17 WET [2025/01/29 12:30:17 ET]
Table 'Genoveva' 6-max Seat #3 is the button
Seat 5: nastja336 ($104.22 in chips) is sitting out
Seat 1: shootingGRID ($100.45 in chips) 
Seat 3: KuningasRane ($128.82 in chips) 
Seat 4: Joe_Li7 ($100 in chips) 
Seat 6: UnderC@t ($208.50 in chips) 
Joe_Li7: posts small blind $0.50
nastja336: is sitting out 
UnderC@t: posts big blind $1
*** HOLE CARDS ***
nastja336 leaves the table
shootingGRID: raises $1.25 to $2.25
KuningasRane: raises $6 to $8.25
Joe_Li7: folds 
UnderC@t: folds 
shootingGRID: calls $6
*** FLOP *** [Td 8s 9c]
shootingGRID: checks 
KuningasRane: checks 
*** TURN *** [Td 8s 9c] [4s]
shootingGRID: checks 
KuningasRane: checks 
*** RIVER *** [Td 8s 9c 4s] [Qh]
shootingGRID: checks 
KuningasRane: checks 
*** SHOW DOWN ***
shootingGRID: shows [7d 7h] (a pair of Sevens)
KuningasRane: shows [Ah Qs] (a pair of Queens)
KuningasRane collected $17.10 from pot
*** SUMMARY ***
Total pot $18 | Rake $0.90 
Board [Td 8s 9c 4s Qh]
Seat 5: nastja336
Seat 1: shootingGRID showed [7d 7h] and lost with a pair of Sevens
Seat 3: KuningasRane (button) showed [Ah Qs] and won ($17.10) with a pair of Queens
Seat 4: Joe_Li7 (small blind) folded before Flop
Seat 6: UnderC@t (big blind) folded before Flop



PokerStars Hand #254608844145:  Hold'em No Limit ($0.50/$1.00 USD) - 2025/01/29 17:31:22 WET [2025/01/29 12:31:22 ET]
Table 'Genoveva' 6-max Seat #4 is the button
Seat 1: shootingGRID ($100 in chips) 
Seat 3: KuningasRane ($137.67 in chips) 
Seat 4: Joe_Li7 ($100 in chips) 
Seat 6: UnderC@t ($207.50 in chips) 
UnderC@t: posts small blind $0.50
shootingGRID: posts big blind $1
*** HOLE CARDS ***
KuningasRane: raises $1.50 to $2.50
Joe_Li7: raises $5 to $7.50
UnderC@t: folds 
shootingGRID: folds 
KuningasRane: folds 
Uncalled bet ($5) returned to Joe_Li7
Joe_Li7 collected $6.50 from pot
*** SUMMARY ***
Total pot $6.50 | Rake $0 
Seat 1: shootingGRID (big blind) folded before Flop
Seat 3: KuningasRane folded before Flop
Seat 4: Joe_Li7 (button) collected ($6.50)
Seat 6: UnderC@t (small blind) folded before Flop



PokerStars Hand #254608849322:  Hold'em No Limit ($0.50/$1.00 USD) - 2025/01/29 17:31:43 WET [2025/01/29 12:31:43 ET]
Table 'Genoveva' 6-max Seat #6 is the button
Seat 1: shootingGRID ($100 in chips) 
Seat 3: KuningasRane ($135.17 in chips) 
Seat 4: Joe_Li7 ($104 in chips) 
Seat 6: UnderC@t ($207 in chips) 
shootingGRID: posts small blind $0.50
KuningasRane: posts big blind $1
*** HOLE CARDS ***
Joe_Li7: raises $1.20 to $2.20
UnderC@t: folds 
shootingGRID: raises $9.80 to $12
KuningasRane: folds 
Joe_Li7: calls $9.80
*** FLOP *** [Ac 9c 6s]
shootingGRID: bets $6
Mr_Dick666 joins the table at seat #2 
S3MPR3IGUAL joins the table at seat #5 
Joe_Li7: calls $6
*** TURN *** [Ac 9c 6s] [7h]
shootingGRID: checks 
Joe_Li7: bets $18
shootingGRID: folds 
Uncalled bet ($18) returned to Joe_Li7
Joe_Li7 collected $36 from pot
*** SUMMARY ***
Total pot $37 | Rake $1 
Board [Ac 9c 6s 7h]
Seat 1: shootingGRID (small blind) folded on the Turn
Seat 3: KuningasRane (big blind) folded before Flop
Seat 4: Joe_Li7 collected ($36)
Seat 6: UnderC@t (button) folded before Flop (didn't bet)



PokerStars Hand #254608876139:  Hold'em No Limit ($0.50/$1.00 USD) - 2025/01/29 17:33:28 WET [2025/01/29 12:33:28 ET]
Table 'Genoveva' 6-max Seat #1 is the button
Seat 2: Mr_Dick666 ($100 in chips) is sitting out
Seat 5: S3MPR3IGUAL ($100 in chips) is sitting out
Seat 1: shootingGRID ($100 in chips) 
Seat 3: KuningasRane ($134.17 in chips) 
Seat 4: Joe_Li7 ($122 in chips) 
Seat 6: UnderC@t ($207 in chips) 
KuningasRane: posts small blind $0.50
Joe_Li7: posts big blind $1
S3MPR3IGUAL: sits out 
*** HOLE CARDS ***
UnderC@t: folds 
shootingGRID: folds 
KuningasRane: raises $1.50 to $2.50
Joe_Li7: folds 
Uncalled bet ($1.50) returned to KuningasRane
KuningasRane collected $2 from pot
KuningasRane: doesn't show hand 
*** SUMMARY ***
Total pot $2 | Rake $0 
Seat 2: Mr_Dick666
Seat 5: S3MPR3IGUAL
Seat 1: shootingGRID (button) folded before Flop (didn't bet)
Seat 3: KuningasRane (small blind) collected ($2)
Seat 4: Joe_Li7 (big blind) folded before Flop
Seat 6: UnderC@t folded before Flop (didn't bet)



PokerStars Hand #254608879600:  Hold'em No Limit ($0.50/$1.00 USD) - 2025/01/29 17:33:41 WET [2025/01/29 12:33:41 ET]
Table 'Genoveva' 6-max Seat #3 is the button
Seat 2: Mr_Dick666 ($100 in chips) is sitting out
Seat 1: shootingGRID ($100 in chips) 
Seat 3: KuningasRane ($135.17 in chips) 
Seat 4: Joe_Li7 ($121 in chips) 
Seat 5: S3MPR3IGUAL ($100 in chips) 
Seat 6: UnderC@t ($207 in chips) 
Joe_Li7: posts small blind $0.50
S3MPR3IGUAL: posts big blind $1
Mr_Dick666: sits out 
*** HOLE CARDS ***
UnderC@t: raises $1.50 to $2.50
shootingGRID: folds 
KuningasRane: folds 
Joe_Li7: folds 
S3MPR3IGUAL: folds 
Uncalled bet ($1.50) returned to UnderC@t
UnderC@t collected $2.50 from pot
UnderC@t: doesn't show hand 
*** SUMMARY ***
Total pot $2.50 | Rake $0 
Seat 2: Mr_Dick666
Seat 1: shootingGRID folded before Flop (didn't bet)
Seat 3: KuningasRane (button) folded before Flop (didn't bet)
Seat 4: Joe_Li7 (small blind) folded before Flop
Seat 5: S3MPR3IGUAL (big blind) folded before Flop
Seat 6: UnderC@t collected ($2.50)



PokerStars Hand #254608882720:  Hold'em No Limit ($0.50/$1.00 USD) - 2025/01/29 17:33:53 WET [2025/01/29 12:33:53 ET]
Table 'Genoveva' 6-max Seat #4 is the button
Seat 2: Mr_Dick666 ($100 in chips) is sitting out
Seat 1: shootingGRID ($100 in chips) 
Seat 3: KuningasRane ($135.17 in chips) 
Seat 4: Joe_Li7 ($120.50 in chips) 
Seat 5: S3MPR3IGUAL ($100 in chips) 
Seat 6: UnderC@t ($208.50 in chips) 
S3MPR3IGUAL: posts small blind $0.50
UnderC@t: posts big blind $1
Mr_Dick666: sits out 
*** HOLE CARDS ***
shootingGRID: folds 
KuningasRane: folds 
Joe_Li7: raises $1.50 to $2.50
S3MPR3IGUAL: folds 
UnderC@t: folds 
Uncalled bet ($1.50) returned to Joe_Li7
Joe_Li7 collected $2.50 from pot
*** SUMMARY ***
Total pot $2.50 | Rake $0 
Seat 2: Mr_Dick666
Seat 1: shootingGRID folded before Flop (didn't bet)
Seat 3: KuningasRane folded before Flop (didn't bet)
Seat 4: Joe_Li7 (button) collected ($2.50)
Seat 5: S3MPR3IGUAL (small blind) folded before Flop
Seat 6: UnderC@t (big blind) folded before Flop



PokerStars Hand #254608889478:  Hold'em No Limit ($0.50/$1.00 USD) - 2025/01/29 17:34:19 WET [2025/01/29 12:34:19 ET]
Table 'Genoveva' 6-max Seat #5 is the button
Seat 2: Mr_Dick666 ($100 in chips) is sitting out
Seat 1: shootingGRID ($100 in chips) 
Seat 3: KuningasRane ($135.17 in chips) 
Seat 4: Joe_Li7 ($122 in chips) 
Seat 5: S3MPR3IGUAL ($100 in chips) 
Seat 6: UnderC@t ($207.50 in chips) 
UnderC@t: posts small blind $0.50
shootingGRID: posts big blind $1
Mr_Dick666: sits out 
*** HOLE CARDS ***
KuningasRane: folds 
Joe_Li7: raises $1.20 to $2.20
S3MPR3IGUAL: folds 
UnderC@t: folds 
shootingGRID: folds 
Uncalled bet ($1.20) returned to Joe_Li7
Joe_Li7 collected $2.50 from pot
*** SUMMARY ***
Total pot $2.50 | Rake $0 
Seat 2: Mr_Dick666
Seat 1: shootingGRID (big blind) folded before Flop
Seat 3: KuningasRane folded before Flop (didn't bet)
Seat 4: Joe_Li7 collected ($2.50)
Seat 5: S3MPR3IGUAL (button) folded before Flop (didn't bet)
Seat 6: UnderC@t (small blind) folded before Flop



PokerStars Hand #254608893750:  Hold'em No Limit ($0.50/$1.00 USD) - 2025/01/29 17:34:36 WET [2025/01/29 12:34:36 ET]
Table 'Genoveva' 6-max Seat #6 is the button
Seat 1: shootingGRID ($100 in chips) 
Seat 2: Mr_Dick666 ($100 in chips) 
Seat 3: KuningasRane ($135.17 in chips) 
Seat 4: Joe_Li7 ($123.50 in chips) 
Seat 5: S3MPR3IGUAL ($100 in chips) 
Seat 6: UnderC@t ($207 in chips) 
shootingGRID: posts small blind $0.50
Mr_Dick666: posts big blind $1
*** HOLE CARDS ***
KuningasRane: raises $1.50 to $2.50
Joe_Li7: folds 
S3MPR3IGUAL: folds 
UnderC@t: folds 
shootingGRID: folds 
Mr_Dick666: calls $1.50
*** FLOP *** [5h 6d 3c]
Mr_Dick666: checks 
KuningasRane: bets $2.09
Mr_Dick666: folds 
Uncalled bet ($2.09) returned to KuningasRane
KuningasRane collected $5.22 from pot
KuningasRane: doesn't show hand 
*** SUMMARY ***
Total pot $5.50 | Rake $0.28 
Board [5h 6d 3c]
Seat 1: shootingGRID (small blind) folded before Flop
Seat 2: Mr_Dick666 (big blind) folded on the Flop
Seat 3: KuningasRane collected ($5.22)
Seat 4: Joe_Li7 folded before Flop (didn't bet)
Seat 5: S3MPR3IGUAL folded before Flop (didn't bet)
Seat 6: UnderC@t (button) folded before Flop (didn't bet)



PokerStars Hand #254608905855:  Hold'em No Limit ($0.50/$1.00 USD) - 2025/01/29 17:35:23 WET [2025/01/29 12:35:23 ET]
Table 'Genoveva' 6-max Seat #1 is the button
Seat 3: KuningasRane ($137.89 in chips) is sitting out
Seat 1: shootingGRID ($100 in chips) 
Seat 2: Mr_Dick666 ($100 in chips) 
Seat 4: Joe_Li7 ($123.50 in chips) 
Seat 5: S3MPR3IGUAL ($100 in chips) 
Seat 6: UnderC@t ($207 in chips) 
Mr_Dick666: posts small blind $0.50
KuningasRane: is sitting out 
Joe_Li7: posts big blind $1
*** HOLE CARDS ***
S3MPR3IGUAL: folds 
KuningasRane leaves the table
UnderC@t: folds 
shootingGRID: raises $1.50 to $2.50
Mr_Dick666: folds 
Joe_Li7: calls $1.50
*** FLOP *** [Ad 8h Ts]
Joe_Li7: checks 
shootingGRID: bets $2.61
Joe_Li7: folds 
Uncalled bet ($2.61) returned to shootingGRID
shootingGRID collected $5.22 from pot
*** SUMMARY ***
Total pot $5.50 | Rake $0.28 
Board [Ad 8h Ts]
Seat 3: KuningasRane
Seat 1: shootingGRID (button) collected ($5.22)
Seat 2: Mr_Dick666 (small blind) folded before Flop
Seat 4: Joe_Li7 (big blind) folded on the Flop
Seat 5: S3MPR3IGUAL folded before Flop (didn't bet)
Seat 6: UnderC@t folded before Flop (didn't bet)



PokerStars Hand #254608915133:  Hold'em No Limit ($0.50/$1.00 USD) - 2025/01/29 17:35:59 WET [2025/01/29 12:35:59 ET]
Table 'Genoveva' 6-max Seat #2 is the button
Seat 1: shootingGRID ($102.72 in chips) 
Seat 2: Mr_Dick666 ($100 in chips) 
Seat 4: Joe_Li7 ($121 in chips) 
Seat 5: S3MPR3IGUAL ($100 in chips) 
Seat 6: UnderC@t ($207 in chips) 
Joe_Li7: posts small blind $0.50
S3MPR3IGUAL: posts big blind $1
*** HOLE CARDS ***
UnderC@t: folds 
shootingGRID: folds 
Mr_Dick666: folds 
Joe_Li7: raises $2 to $3
S3MPR3IGUAL: calls $2
*** FLOP *** [3c Ac Ad]
Joe_Li7: bets $1.88
S3MPR3IGUAL: calls $1.88
*** TURN *** [3c Ac Ad] [Tc]
Joe_Li7: checks 
S3MPR3IGUAL: checks 
*** RIVER *** [3c Ac Ad Tc] [9s]
nedoexalo joins the table at seat #3 
Mr_Dick666 leaves the table
Joe_Li7: bets $3.06
S3MPR3IGUAL: calls $3.06
*** SHOW DOWN ***
Joe_Li7: shows [6h 6s] (two pair, Aces and Sixes)
S3MPR3IGUAL: shows [9d Kh] (two pair, Aces and Nines)
S3MPR3IGUAL collected $15.09 from pot
*** SUMMARY ***
Total pot $15.88 | Rake $0.79 
Board [3c Ac Ad Tc 9s]
Seat 1: shootingGRID folded before Flop (didn't bet)
Seat 2: Mr_Dick666 (button) folded before Flop (didn't bet)
Seat 4: Joe_Li7 (small blind) showed [6h 6s] and lost with two pair, Aces and Sixes
Seat 5: S3MPR3IGUAL (big blind) showed [9d Kh] and won ($15.09) with two pair, Aces and Nines
Seat 6: UnderC@t folded before Flop (didn't bet)



PokerStars Hand #254608935112:  Hold'em No Limit ($0.50/$1.00 USD) - 2025/01/29 17:37:16 WET [2025/01/29 12:37:16 ET]
Table 'Genoveva' 6-max Seat #4 is the button
Seat 1: shootingGRID ($102.72 in chips) 
Seat 3: nedoexalo ($100 in chips) 
Seat 4: Joe_Li7 ($113.06 in chips) 
Seat 5: S3MPR3IGUAL ($107.15 in chips) 
Seat 6: UnderC@t ($207 in chips) 
S3MPR3IGUAL: posts small blind $0.50
UnderC@t: posts big blind $1
nedoexalo: posts big blind $1
*** HOLE CARDS ***
vadjkeee joins the table at seat #2 
shootingGRID: folds 
nedoexalo: raises $1.56 to $2.56
Joe_Li7: folds 
S3MPR3IGUAL: folds 
UnderC@t: folds 
Uncalled bet ($1.56) returned to nedoexalo
nedoexalo collected $2.50 from pot
nedoexalo: doesn't show hand 
*** SUMMARY ***
Total pot $2.50 | Rake $0 
Seat 1: shootingGRID folded before Flop (didn't bet)
Seat 3: nedoexalo collected ($2.50)
Seat 4: Joe_Li7 (button) folded before Flop (didn't bet)
Seat 5: S3MPR3IGUAL (small blind) folded before Flop
Seat 6: UnderC@t (big blind) folded before Flop



PokerStars Hand #254608940647:  Hold'em No Limit ($0.50/$1.00 USD) - 2025/01/29 17:37:38 WET [2025/01/29 12:37:38 ET]
Table 'Genoveva' 6-max Seat #5 is the button
Seat 2: vadjkeee ($100 in chips) is sitting out
Seat 1: shootingGRID ($102.72 in chips) 
Seat 3: nedoexalo ($101.50 in chips) 
Seat 4: Joe_Li7 ($113.06 in chips) 
Seat 5: S3MPR3IGUAL ($106.65 in chips) 
Seat 6: UnderC@t ($206 in chips) 
UnderC@t: posts small blind $0.50
shootingGRID: posts big blind $1
vadjkeee: sits out 
*** HOLE CARDS ***
nedoexalo: folds 
Joe_Li7: raises $1.20 to $2.20
S3MPR3IGUAL: folds 
UnderC@t: folds 
shootingGRID: folds 
Uncalled bet ($1.20) returned to Joe_Li7
Joe_Li7 collected $2.50 from pot
*** SUMMARY ***
Total pot $2.50 | Rake $0 
Seat 2: vadjkeee
Seat 1: shootingGRID (big blind) folded before Flop
Seat 3: nedoexalo folded before Flop (didn't bet)
Seat 4: Joe_Li7 collected ($2.50)
Seat 5: S3MPR3IGUAL (button) folded before Flop (didn't bet)
Seat 6: UnderC@t (small blind) folded before Flop



PokerStars Hand #254608943822:  Hold'em No Limit ($0.50/$1.00 USD) - 2025/01/29 17:37:50 WET [2025/01/29 12:37:50 ET]
Table 'Genoveva' 6-max Seat #6 is the button
Seat 1: shootingGRID ($101.72 in chips) 
Seat 2: vadjkeee ($100 in chips) 
Seat 3: nedoexalo ($101.50 in chips) 
Seat 4: Joe_Li7 ($114.56 in chips) 
Seat 5: S3MPR3IGUAL ($106.65 in chips) 
Seat 6: UnderC@t ($205.50 in chips) 
shootingGRID: posts small blind $0.50
vadjkeee: posts big blind $1
*** HOLE CARDS ***
nedoexalo: folds 
Joe_Li7: folds 
S3MPR3IGUAL: raises $1.20 to $2.20
UnderC@t: folds 
shootingGRID: folds 
vadjkeee: folds 
Uncalled bet ($1.20) returned to S3MPR3IGUAL
S3MPR3IGUAL collected $2.50 from pot
S3MPR3IGUAL: doesn't show hand 
*** SUMMARY ***
Total pot $2.50 | Rake $0 
Seat 1: shootingGRID (small blind) folded before Flop
Seat 2: vadjkeee (big blind) folded before Flop
Seat 3: nedoexalo folded before Flop (didn't bet)
Seat 4: Joe_Li7 folded before Flop (didn't bet)
Seat 5: S3MPR3IGUAL collected ($2.50)
Seat 6: UnderC@t (button) folded before Flop (didn't bet)



PokerStars Hand #254608949573:  Hold'em No Limit ($0.50/$1.00 USD) - 2025/01/29 17:38:13 WET [2025/01/29 12:38:13 ET]
Table 'Genoveva' 6-max Seat #1 is the button
Seat 1: shootingGRID ($101.22 in chips) 
Seat 2: vadjkeee ($100 in chips) 
Seat 3: nedoexalo ($101.50 in chips) 
Seat 4: Joe_Li7 ($114.56 in chips) 
Seat 5: S3MPR3IGUAL ($108.15 in chips) 
Seat 6: UnderC@t ($205.50 in chips) 
vadjkeee: posts small blind $0.50
nedoexalo: posts big blind $1
*** HOLE CARDS ***
Joe_Li7: folds 
S3MPR3IGUAL: folds 
UnderC@t: folds 
shootingGRID: raises $1.50 to $2.50
vadjkeee: folds 
nedoexalo: calls $1.50
*** FLOP *** [7c 8h Td]
nedoexalo: checks 
shootingGRID: bets $2.61
nedoexalo: folds 
Uncalled bet ($2.61) returned to shootingGRID
shootingGRID collected $5.22 from pot
*** SUMMARY ***
Total pot $5.50 | Rake $0.28 
Board [7c 8h Td]
Seat 1: shootingGRID (button) collected ($5.22)
Seat 2: vadjkeee (small blind) folded before Flop
Seat 3: nedoexalo (big blind) folded on the Flop
Seat 4: Joe_Li7 folded before Flop (didn't bet)
Seat 5: S3MPR3IGUAL folded before Flop (didn't bet)
Seat 6: UnderC@t folded before Flop (didn't bet)



PokerStars Hand #254608956006:  Hold'em No Limit ($0.50/$1.00 USD) - 2025/01/29 17:38:38 WET [2025/01/29 12:38:38 ET]
Table 'Genoveva' 6-max Seat #2 is the button
Seat 4: Joe_Li7 ($114.56 in chips) is sitting out
Seat 1: shootingGRID ($103.94 in chips) 
Seat 2: vadjkeee ($100 in chips) 
Seat 3: nedoexalo ($99 in chips) 
Seat 5: S3MPR3IGUAL ($108.15 in chips) 
Seat 6: UnderC@t ($205.50 in chips) 
nedoexalo: posts small blind $0.50
Joe_Li7: is sitting out 
S3MPR3IGUAL: posts big blind $1
*** HOLE CARDS ***
UnderC@t: folds 
shootingGRID: folds 
vadjkeee: folds 
Joe_Li7 leaves the table
nedoexalo: calls $0.50
S3MPR3IGUAL: raises $3 to $4
nedoexalo: calls $3
*** FLOP *** [2s 8s Js]
shootingGRID leaves the table
nedoexalo: checks 
S3MPR3IGUAL: bets $2.13
nedoexalo: calls $2.13
*** TURN *** [2s 8s Js] [Jc]
nedoexalo: checks 
S3MPR3IGUAL: bets $3.28
nedoexalo: raises $7.72 to $11
S3MPR3IGUAL: folds 
Uncalled bet ($7.72) returned to nedoexalo
nedoexalo collected $17.88 from pot
nedoexalo: doesn't show hand 
*** SUMMARY ***
Total pot $18.82 | Rake $0.94 
Board [2s 8s Js Jc]
Seat 4: Joe_Li7
Seat 1: shootingGRID folded before Flop (didn't bet)
Seat 2: vadjkeee (button) folded before Flop (didn't bet)
Seat 3: nedoexalo (small blind) collected ($17.88)
Seat 5: S3MPR3IGUAL (big blind) folded on the Turn
Seat 6: UnderC@t folded before Flop (didn't bet)



PokerStars Hand #254608967776:  Hold'em No Limit ($0.50/$1.00 USD) - 2025/01/29 17:39:23 WET [2025/01/29 12:39:23 ET]
Table 'Genoveva' 6-max Seat #3 is the button
Seat 2: vadjkeee ($100 in chips) 
Seat 3: nedoexalo ($107.47 in chips) 
Seat 5: S3MPR3IGUAL ($100 in chips) 
Seat 6: UnderC@t ($205.50 in chips) 
S3MPR3IGUAL: posts small blind $0.50
UnderC@t: posts big blind $1
*** HOLE CARDS ***
nastja336 joins the table at seat #1 
vadjkeee: folds 
nedoexalo: folds 
S3MPR3IGUAL: folds 
Uncalled bet ($0.50) returned to UnderC@t
UnderC@t collected $1 from pot
UnderC@t: doesn't show hand 
*** SUMMARY ***
Total pot $1 | Rake $0 
Seat 2: vadjkeee folded before Flop (didn't bet)
Seat 3: nedoexalo (button) folded before Flop (didn't bet)
Seat 5: S3MPR3IGUAL (small blind) folded before Flop
Seat 6: UnderC@t (big blind) collected ($1)



PokerStars Hand #254608969545:  Hold'em No Limit ($0.50/$1.00 USD) - 2025/01/29 17:39:30 WET [2025/01/29 12:39:30 ET]
Table 'Genoveva' 6-max Seat #5 is the button
Seat 1: nastja336 ($104.22 in chips) 
Seat 2: vadjkeee ($100 in chips) 
Seat 3: nedoexalo ($107.47 in chips) 
Seat 5: S3MPR3IGUAL ($100 in chips) 
Seat 6: UnderC@t ($206 in chips) 
UnderC@t: posts small blind $0.50
nastja336: posts big blind $1
*** HOLE CARDS ***
vadjkeee: folds 
nedoexalo: raises $1.20 to $2.20
S3MPR3IGUAL: raises $4.80 to $7
UnderC@t: folds 
nastja336: folds 
nedoexalo: calls $4.80
*** FLOP *** [4s Ks 9h]
nedoexalo: checks 
vadjkeee leaves the table
S3MPR3IGUAL: bets $3.68
nedoexalo: raises $8.32 to $12
S3MPR3IGUAL: folds 
Uncalled bet ($8.32) returned to nedoexalo
nedoexalo collected $21.72 from pot
nedoexalo: doesn't show hand 
*** SUMMARY ***
Total pot $22.86 | Rake $1.14 
Board [4s Ks 9h]
Seat 1: nastja336 (big blind) folded before Flop
Seat 2: vadjkeee folded before Flop (didn't bet)
Seat 3: nedoexalo collected ($21.72)
Seat 5: S3MPR3IGUAL (button) folded on the Flop
Seat 6: UnderC@t (small blind) folded before Flop



PokerStars Hand #254608984918:  Hold'em No Limit ($0.50/$1.00 USD) - 2025/01/29 17:40:30 WET [2025/01/29 12:40:30 ET]
Table 'Genoveva' 6-max Seat #6 is the button
Seat 1: nastja336 ($103.22 in chips) 
Seat 3: nedoexalo ($118.51 in chips) 
Seat 5: S3MPR3IGUAL ($100 in chips) 
Seat 6: UnderC@t ($205.50 in chips) 
nastja336: posts small blind $0.50
nedoexalo: posts big blind $1
*** HOLE CARDS ***
S3MPR3IGUAL: folds 
UnderC@t: folds 
BoyLoc0 joins the table at seat #4 
nastja336: folds 
Uncalled bet ($0.50) returned to nedoexalo
S3MPR3IGUAL leaves the table
nedoexalo collected $1 from pot
nedoexalo: doesn't show hand 
*** SUMMARY ***
Total pot $1 | Rake $0 
Seat 1: nastja336 (small blind) folded before Flop
Seat 3: nedoexalo (big blind) collected ($1)
Seat 5: S3MPR3IGUAL folded before Flop (didn't bet)
Seat 6: UnderC@t (button) folded before Flop (didn't bet)



PokerStars Hand #254608986932:  Hold'em No Limit ($0.50/$1.00 USD) - 2025/01/29 17:40:37 WET [2025/01/29 12:40:37 ET]
Table 'Genoveva' 6-max Seat #1 is the button
Seat 1: nastja336 ($102.72 in chips) 
Seat 3: nedoexalo ($119.01 in chips) 
Seat 4: BoyLoc0 ($100 in chips) 
Seat 6: UnderC@t ($205.50 in chips) 
nedoexalo: posts small blind $0.50
BoyLoc0: posts big blind $1
*** HOLE CARDS ***
UnderC@t: folds 
nastja336: folds 
nedoexalo: folds 
Uncalled bet ($0.50) returned to BoyLoc0
BoyLoc0 collected $1 from pot
BoyLoc0: doesn't show hand 
*** SUMMARY ***
Total pot $1 | Rake $0 
Seat 1: nastja336 (button) folded before Flop (didn't bet)
Seat 3: nedoexalo (small blind) folded before Flop
Seat 4: BoyLoc0 (big blind) collected ($1)
Seat 6: UnderC@t folded before Flop (didn't bet)



PokerStars Hand #254608988779:  Hold'em No Limit ($0.50/$1.00 USD) - 2025/01/29 17:40:44 WET [2025/01/29 12:40:44 ET]
Table 'Genoveva' 6-max Seat #3 is the button
Seat 1: nastja336 ($102.72 in chips) 
Seat 3: nedoexalo ($118.51 in chips) 
Seat 4: BoyLoc0 ($100.50 in chips) 
Seat 6: UnderC@t ($205.50 in chips) 
BoyLoc0: posts small blind $0.50
UnderC@t: posts big blind $1
*** HOLE CARDS ***
nastja336: folds 
nedoexalo: folds 
BoyLoc0: raises $2 to $3
UnderC@t: folds 
Uncalled bet ($2) returned to BoyLoc0
BoyLoc0 collected $2 from pot
BoyLoc0: doesn't show hand 
*** SUMMARY ***
Total pot $2 | Rake $0 
Seat 1: nastja336 folded before Flop (didn't bet)
Seat 3: nedoexalo (button) folded before Flop (didn't bet)
Seat 4: BoyLoc0 (small blind) collected ($2)
Seat 6: UnderC@t (big blind) folded before Flop



PokerStars Hand #254608995532:  Hold'em No Limit ($0.50/$1.00 USD) - 2025/01/29 17:41:10 WET [2025/01/29 12:41:10 ET]
Table 'Genoveva' 6-max Seat #4 is the button
Seat 1: nastja336 ($102.72 in chips) is sitting out
Seat 3: nedoexalo ($118.51 in chips) 
Seat 4: BoyLoc0 ($101.50 in chips) 
Seat 6: UnderC@t ($204.50 in chips) 
UnderC@t: posts small blind $0.50
nastja336: is sitting out 
nedoexalo: posts big blind $1
*** HOLE CARDS ***
nastja336 leaves the table
BoyLoc0: folds 
UnderC@t: raises $2 to $3
nedoexalo: folds 
Uncalled bet ($2) returned to UnderC@t
UnderC@t collected $2 from pot
UnderC@t: doesn't show hand 
*** SUMMARY ***
Total pot $2 | Rake $0 
Seat 1: nastja336
Seat 3: nedoexalo (big blind) folded before Flop
Seat 4: BoyLoc0 (button) folded before Flop (didn't bet)
Seat 6: UnderC@t (small blind) collected ($2)



PokerStars Hand #254608999642:  Hold'em No Limit ($0.50/$1.00 USD) - 2025/01/29 17:41:26 WET [2025/01/29 12:41:26 ET]
Table 'Genoveva' 6-max Seat #6 is the button
Seat 3: nedoexalo ($117.51 in chips) 
Seat 4: BoyLoc0 ($101.50 in chips) 
Seat 6: UnderC@t ($205.50 in chips) 
nedoexalo: posts small blind $0.50
BoyLoc0: posts big blind $1
*** HOLE CARDS ***
UnderC@t: raises $1.50 to $2.50
nedoexalo: folds 
BoyLoc0: folds 
Uncalled bet ($1.50) returned to UnderC@t
UnderC@t collected $2.50 from pot
UnderC@t: doesn't show hand 
*** SUMMARY ***
Total pot $2.50 | Rake $0 
Seat 3: nedoexalo (small blind) folded before Flop
Seat 4: BoyLoc0 (big blind) folded before Flop
Seat 6: UnderC@t (button) collected ($2.50)



PokerStars Hand #254609001713:  Hold'em No Limit ($0.50/$1.00 USD) - 2025/01/29 17:41:34 WET [2025/01/29 12:41:34 ET]
Table 'Genoveva' 6-max Seat #3 is the button
Seat 3: nedoexalo ($117.01 in chips) 
Seat 4: BoyLoc0 ($100.50 in chips) 
Seat 6: UnderC@t ($207 in chips) 
BoyLoc0: posts small blind $0.50
UnderC@t: posts big blind $1
*** HOLE CARDS ***
nedoexalo: folds 
BoyLoc0: folds 
Uncalled bet ($0.50) returned to UnderC@t
UnderC@t collected $1 from pot
UnderC@t: doesn't show hand 
*** SUMMARY ***
Total pot $1 | Rake $0 
Seat 3: nedoexalo (button) folded before Flop (didn't bet)
Seat 4: BoyLoc0 (small blind) folded before Flop
Seat 6: UnderC@t (big blind) collected ($1)



PokerStars Hand #254609003572:  Hold'em No Limit ($0.50/$1.00 USD) - 2025/01/29 17:41:42 WET [2025/01/29 12:41:42 ET]
Table 'Genoveva' 6-max Seat #4 is the button
Seat 3: nedoexalo ($117.01 in chips) 
Seat 4: BoyLoc0 ($100 in chips) 
Seat 6: UnderC@t ($207.50 in chips) 
UnderC@t: posts small blind $0.50
nedoexalo: posts big blind $1
*** HOLE CARDS ***
BoyLoc0: raises $1.50 to $2.50
UnderC@t: folds 
nedoexalo: calls $1.50
*** FLOP *** [2s 6h Ad]
nedoexalo: checks 
BoyLoc0: bets $1.72
nedoexalo: calls $1.72
*** TURN *** [2s 6h Ad] [5c]
nedoexalo: checks 
BoyLoc0: bets $6.37
nedoexalo: folds 
Uncalled bet ($6.37) returned to BoyLoc0
paramourx joins the table at seat #2 
BoyLoc0 collected $8.49 from pot
BoyLoc0: doesn't show hand 
*** SUMMARY ***
Total pot $8.94 | Rake $0.45 
Board [2s 6h Ad 5c]
Seat 3: nedoexalo (big blind) folded on the Turn
Seat 4: BoyLoc0 (button) collected ($8.49)
Seat 6: UnderC@t (small blind) folded before Flop



PokerStars Hand #254609014010:  Hold'em No Limit ($0.50/$1.00 USD) - 2025/01/29 17:42:22 WET [2025/01/29 12:42:22 ET]
Table 'Genoveva' 6-max Seat #6 is the button
Seat 2: paramourx ($100 in chips) is sitting out
Seat 3: nedoexalo ($112.79 in chips) 
Seat 4: BoyLoc0 ($104.27 in chips) 
Seat 6: UnderC@t ($207 in chips) 
nedoexalo: posts small blind $0.50
BoyLoc0: posts big blind $1
*** HOLE CARDS ***
UnderC@t: raises $1.50 to $2.50
nedoexalo: raises $4.50 to $7
BoyLoc0: folds 
UnderC@t: calls $4.50
*** FLOP *** [8c 6c 2h]
nedoexalo: bets $8
UnderC@t: calls $8
*** TURN *** [8c 6c 2h] [2s]
nedoexalo: bets $13
UnderC@t: calls $13
*** RIVER *** [8c 6c 2h 2s] [4s]
nedoexalo: checks 
UnderC@t: bets $38
nedoexalo: calls $38
*** SHOW DOWN ***
UnderC@t: shows [7d Td] (a pair of Deuces)
nedoexalo: shows [9d 9s] (two pair, Nines and Deuces)
nedoexalo collected $132 from pot
*** SUMMARY ***
Total pot $133 | Rake $1 
Board [8c 6c 2h 2s 4s]
Seat 2: paramourx
Seat 3: nedoexalo (small blind) showed [9d 9s] and won ($132) with two pair, Nines and Deuces
Seat 4: BoyLoc0 (big blind) folded before Flop
Seat 6: UnderC@t (button) showed [7d Td] and lost with a pair of Deuces



PokerStars Hand #254609029239:  Hold'em No Limit ($0.50/$1.00 USD) - 2025/01/29 17:43:21 WET [2025/01/29 12:43:21 ET]
Table 'Genoveva' 6-max Seat #3 is the button
Seat 6: UnderC@t ($141 in chips) is sitting out
Seat 2: paramourx ($100 in chips) 
Seat 3: nedoexalo ($178.79 in chips) 
Seat 4: BoyLoc0 ($103.27 in chips) 
BoyLoc0: posts small blind $0.50
UnderC@t: is sitting out 
paramourx: posts big blind $1
*** HOLE CARDS ***
UnderC@t leaves the table
nedoexalo: folds 
BoyLoc0: raises $2 to $3
paramourx: folds 
Uncalled bet ($2) returned to BoyLoc0
BoyLoc0 collected $2 from pot
BoyLoc0: doesn't show hand 
*** SUMMARY ***
Total pot $2 | Rake $0 
Seat 6: UnderC@t
Seat 2: paramourx (big blind) folded before Flop
Seat 3: nedoexalo (button) folded before Flop (didn't bet)
Seat 4: BoyLoc0 (small blind) collected ($2)



PokerStars Hand #254609036731:  Hold'em No Limit ($0.50/$1.00 USD) - 2025/01/29 17:43:50 WET [2025/01/29 12:43:50 ET]
Table 'Genoveva' 6-max Seat #4 is the button
Seat 2: paramourx ($100 in chips) 
Seat 3: nedoexalo ($178.79 in chips) 
Seat 4: BoyLoc0 ($104.27 in chips) 
paramourx: posts small blind $0.50
nedoexalo: posts big blind $1
*** HOLE CARDS ***
BoyLoc0: raises $1.50 to $2.50
paramourx: folds 
nedoexalo: calls $1.50
*** FLOP *** [Ah 2d Tc]
nedoexalo: checks 
BoyLoc0: bets $3.92
nedoexalo: folds 
Uncalled bet ($3.92) returned to BoyLoc0
BoyLoc0 collected $5.22 from pot
BoyLoc0: doesn't show hand 
*** SUMMARY ***
Total pot $5.50 | Rake $0.28 
Board [Ah 2d Tc]
Seat 2: paramourx (small blind) folded before Flop
Seat 3: nedoexalo (big blind) folded on the Flop
Seat 4: BoyLoc0 (button) collected ($5.22)



PokerStars Hand #254609045823:  Hold'em No Limit ($0.50/$1.00 USD) - 2025/01/29 17:44:26 WET [2025/01/29 12:44:26 ET]
Table 'Genoveva' 6-max Seat #2 is the button
Seat 2: paramourx ($100 in chips) 
Seat 3: nedoexalo ($176.29 in chips) 
Seat 4: BoyLoc0 ($106.99 in chips) 
nedoexalo: posts small blind $0.50
BoyLoc0: posts big blind $1
*** HOLE CARDS ***
paramourx: raises $2 to $3
nedoexalo: folds 
BoyLoc0: calls $2
*** FLOP *** [Ac 4c Kd]
BoyLoc0: checks 
paramourx: checks 
*** TURN *** [Ac 4c Kd] [9c]
BoyLoc0: bets $15
paramourx: folds 
Uncalled bet ($15) returned to BoyLoc0
BoyLoc0 collected $6.18 from pot
BoyLoc0: doesn't show hand 
*** SUMMARY ***
Total pot $6.50 | Rake $0.32 
Board [Ac 4c Kd 9c]
Seat 2: paramourx (button) folded on the Turn
Seat 3: nedoexalo (small blind) folded before Flop
Seat 4: BoyLoc0 (big blind) collected ($6.18)



PokerStars Hand #254609059426:  Hold'em No Limit ($0.50/$1.00 USD) - 2025/01/29 17:45:19 WET [2025/01/29 12:45:19 ET]
Table 'Genoveva' 6-max Seat #3 is the button
Seat 2: paramourx ($100 in chips) 
Seat 3: nedoexalo ($175.79 in chips) 
Seat 4: BoyLoc0 ($110.17 in chips) 
BoyLoc0: posts small blind $0.50
paramourx: posts big blind $1
*** HOLE CARDS ***
nedoexalo: folds 
BoyLoc0: raises $2 to $3
paramourx: folds 
Uncalled bet ($2) returned to BoyLoc0
BoyLoc0 collected $2 from pot
BoyLoc0: doesn't show hand 
*** SUMMARY ***
Total pot $2 | Rake $0 
Seat 2: paramourx (big blind) folded before Flop
Seat 3: nedoexalo (button) folded before Flop (didn't bet)
Seat 4: BoyLoc0 (small blind) collected ($2)



PokerStars Hand #254609066040:  Hold'em No Limit ($0.50/$1.00 USD) - 2025/01/29 17:45:44 WET [2025/01/29 12:45:44 ET]
Table 'Genoveva' 6-max Seat #4 is the button
Seat 2: paramourx ($100 in chips) 
Seat 3: nedoexalo ($175.79 in chips) 
Seat 4: BoyLoc0 ($111.17 in chips) 
paramourx: posts small blind $0.50
nedoexalo: posts big blind $1
*** HOLE CARDS ***
BoyLoc0: folds 
paramourx: folds 
Uncalled bet ($0.50) returned to nedoexalo
nedoexalo collected $1 from pot
nedoexalo: doesn't show hand 
*** SUMMARY ***
Total pot $1 | Rake $0 
Seat 2: paramourx (small blind) folded before Flop
Seat 3: nedoexalo (big blind) collected ($1)
Seat 4: BoyLoc0 (button) folded before Flop (didn't bet)



PokerStars Hand #254609071532:  Hold'em No Limit ($0.50/$1.00 USD) - 2025/01/29 17:46:06 WET [2025/01/29 12:46:06 ET]
Table 'Genoveva' 6-max Seat #2 is the button
Seat 2: paramourx ($100 in chips) 
Seat 3: nedoexalo ($176.29 in chips) 
Seat 4: BoyLoc0 ($111.17 in chips) 
nedoexalo: posts small blind $0.50
BoyLoc0: posts big blind $1
*** HOLE CARDS ***
paramourx: raises $2 to $3
nedoexalo: folds 
BoyLoc0: folds 
Uncalled bet ($2) returned to paramourx
paramourx collected $2.50 from pot
paramourx: doesn't show hand 
*** SUMMARY ***
Total pot $2.50 | Rake $0 
Seat 2: paramourx (button) collected ($2.50)
Seat 3: nedoexalo (small blind) folded before Flop
Seat 4: BoyLoc0 (big blind) folded before Flop



PokerStars Hand #254609076164:  Hold'em No Limit ($0.50/$1.00 USD) - 2025/01/29 17:46:24 WET [2025/01/29 12:46:24 ET]
Table 'Genoveva' 6-max Seat #3 is the button
Seat 2: paramourx ($101.50 in chips) 
Seat 3: nedoexalo ($175.79 in chips) 
Seat 4: BoyLoc0 ($110.17 in chips) 
BoyLoc0: posts small blind $0.50
paramourx: posts big blind $1
*** HOLE CARDS ***
nedoexalo: folds 
BoyLoc0: raises $2 to $3
paramourx: calls $2
*** FLOP *** [5c 6c Jd]
BoyLoc0: bets $1.88
paramourx: calls $1.88
*** TURN *** [5c 6c Jd] [Js]
BoyLoc0: bets $13.91
paramourx: folds 
Uncalled bet ($13.91) returned to BoyLoc0
BoyLoc0 collected $9.27 from pot
BoyLoc0: doesn't show hand 
*** SUMMARY ***
Total pot $9.76 | Rake $0.49 
Board [5c 6c Jd Js]
Seat 2: paramourx (big blind) folded on the Turn
Seat 3: nedoexalo (button) folded before Flop (didn't bet)
Seat 4: BoyLoc0 (small blind) collected ($9.27)



PokerStars Hand #254609092973:  Hold'em No Limit ($0.50/$1.00 USD) - 2025/01/29 17:47:29 WET [2025/01/29 12:47:29 ET]
Table 'Genoveva' 6-max Seat #4 is the button
Seat 2: paramourx ($100 in chips) 
Seat 3: nedoexalo ($175.79 in chips) 
Seat 4: BoyLoc0 ($114.56 in chips) 
paramourx: posts small blind $0.50
nedoexalo: posts big blind $1
*** HOLE CARDS ***
BoyLoc0: folds 
paramourx: folds 
Uncalled bet ($0.50) returned to nedoexalo
nedoexalo collected $1 from pot
nedoexalo: doesn't show hand 
*** SUMMARY ***
Total pot $1 | Rake $0 
Seat 2: paramourx (small blind) folded before Flop
Seat 3: nedoexalo (big blind) collected ($1)
Seat 4: BoyLoc0 (button) folded before Flop (didn't bet)



PokerStars Hand #254609097506:  Hold'em No Limit ($0.50/$1.00 USD) - 2025/01/29 17:47:46 WET [2025/01/29 12:47:46 ET]
Table 'Genoveva' 6-max Seat #2 is the button
Seat 2: paramourx ($100 in chips) 
Seat 3: nedoexalo ($176.29 in chips) 
Seat 4: BoyLoc0 ($114.56 in chips) 
nedoexalo: posts small blind $0.50
BoyLoc0: posts big blind $1
*** HOLE CARDS ***
paramourx: folds 
nedoexalo: calls $0.50
BoyLoc0: raises $3 to $4
nedoexalo: folds 
Uncalled bet ($3) returned to BoyLoc0
BoyLoc0 collected $2 from pot
BoyLoc0: doesn't show hand 
*** SUMMARY ***
Total pot $2 | Rake $0 
Seat 2: paramourx (button) folded before Flop (didn't bet)
Seat 3: nedoexalo (small blind) folded before Flop
Seat 4: BoyLoc0 (big blind) collected ($2)



PokerStars Hand #254609106628:  Hold'em No Limit ($0.50/$1.00 USD) - 2025/01/29 17:48:21 WET [2025/01/29 12:48:21 ET]
Table 'Genoveva' 6-max Seat #4 is the button
Seat 2: paramourx ($100 in chips) is sitting out
Seat 3: nedoexalo ($175.29 in chips) 
Seat 4: BoyLoc0 ($115.56 in chips) 
BoyLoc0: posts small blind $0.50
paramourx: is sitting out 
nedoexalo: posts big blind $1
*** HOLE CARDS ***
BoyLoc0: folds 
Uncalled bet ($0.50) returned to nedoexalo
nedoexalo collected $1 from pot
nedoexalo: doesn't show hand 
paramourx leaves the table
*** SUMMARY ***
Total pot $1 | Rake $0 
Seat 2: paramourx
Seat 3: nedoexalo (big blind) collected ($1)
Seat 4: BoyLoc0 (button) (small blind) folded before Flop



PokerStars Hand #254609108302:  Hold'em No Limit ($0.50/$1.00 USD) - 2025/01/29 17:48:27 WET [2025/01/29 12:48:27 ET]
Table 'Genoveva' 6-max Seat #3 is the button
Seat 3: nedoexalo ($175.79 in chips) 
Seat 4: BoyLoc0 ($115.06 in chips) 
nedoexalo: posts small blind $0.50
BoyLoc0: posts big blind $1
*** HOLE CARDS ***
nedoexalo: folds 
Uncalled bet ($0.50) returned to BoyLoc0
BoyLoc0 collected $1 from pot
BoyLoc0: doesn't show hand 
*** SUMMARY ***
Total pot $1 | Rake $0 
Seat 3: nedoexalo (button) (small blind) folded before Flop
Seat 4: BoyLoc0 (big blind) collected ($1)



PokerStars Hand #254609110222:  Hold'em No Limit ($0.50/$1.00 USD) - 2025/01/29 17:48:35 WET [2025/01/29 12:48:35 ET]
Table 'Genoveva' 6-max Seat #4 is the button
Seat 3: nedoexalo ($175.29 in chips) 
Seat 4: BoyLoc0 ($115.56 in chips) 
BoyLoc0: posts small blind $0.50
nedoexalo: posts big blind $1
*** HOLE CARDS ***
BoyLoc0: raises $1.50 to $2.50
nedoexalo: folds 
Uncalled bet ($1.50) returned to BoyLoc0
nedoexalo leaves the table
BoyLoc0 collected $2 from pot
BoyLoc0: doesn't show hand 
*** SUMMARY ***
Total pot $2 | Rake $0 
Seat 3: nedoexalo (big blind) folded before Flop
Seat 4: BoyLoc0 (button) (small blind) collected ($2)



