PokerStars Hand #254605108853:  Hold'em No Limit ($0.50/$1.00 USD) - 2025/01/29 11:58:51 WET [2025/01/29 6:58:51 ET]
Table 'Bouzareah' 6-max Seat #3 is the button
Seat 3: valmble ($10 in chips) 
Seat 4: ptolejmus ($10 in chips) 
Seat 5: Aleqseuka ($100 in chips) 
Seat 6: Mr_Dick666 ($100 in chips) 
ptolejmus: posts small blind $0.50
Aleqseuka: posts big blind $1
*** HOLE CARDS ***
Mr_Dick666: folds 
valmble: folds 
ptolejmus: raises $9 to $10 and is all-in
Aleqseuka: folds 
Uncalled bet ($9) returned to ptolejmus
ptolejmus collected $2 from pot
*** SUMMARY ***
Total pot $2 | Rake $0 
Seat 3: valmble (button) folded before Flop (didn't bet)
Seat 4: ptolejmus (small blind) collected ($2)
Seat 5: Aleqseuka (big blind) folded before Flop
Seat 6: Mr_Dick666 folded before Flop (didn't bet)



PokerStars Hand #254605111149:  Hold'em No Limit ($0.50/$1.00 USD) - 2025/01/29 11:59:11 WET [2025/01/29 6:59:11 ET]
Table 'Bouzareah' 6-max Seat #4 is the button
Seat 3: valmble ($10 in chips) 
Seat 4: ptolejmus ($11 in chips) 
Seat 5: Aleqseuka ($100 in chips) 
Seat 6: Mr_Dick666 ($100 in chips) 
Aleqseuka: posts small blind $0.50
Mr_Dick666: posts big blind $1
*** HOLE CARDS ***
valmble: folds 
ptolejmus: raises $1 to $2
Aleqseuka: folds 
Mr_Dick666: folds 
Uncalled bet ($1) returned to ptolejmus
ptolejmus collected $2.50 from pot
*** SUMMARY ***
Total pot $2.50 | Rake $0 
Seat 3: valmble folded before Flop (didn't bet)
Seat 4: ptolejmus (button) collected ($2.50)
Seat 5: Aleqseuka (small blind) folded before Flop
Seat 6: Mr_Dick666 (big blind) folded before Flop



PokerStars Hand #254605113181:  Hold'em No Limit ($0.50/$1.00 USD) - 2025/01/29 11:59:29 WET [2025/01/29 6:59:29 ET]
Table 'Bouzareah' 6-max Seat #5 is the button
Seat 3: valmble ($10 in chips) is sitting out
Seat 4: ptolejmus ($12.50 in chips) 
Seat 5: Aleqseuka ($100 in chips) 
Seat 6: Mr_Dick666 ($100 in chips) 
Mr_Dick666: posts small blind $0.50
valmble: is sitting out 
ptolejmus: posts big blind $1
*** HOLE CARDS ***
Aleqseuka: folds 
Mr_Dick666: raises $2 to $3
ptolejmus: folds 
Uncalled bet ($2) returned to Mr_Dick666
Mr_Dick666 collected $2 from pot
Mr_Dick666: doesn't show hand 
*** SUMMARY ***
Total pot $2 | Rake $0 
Seat 3: valmble
Seat 4: ptolejmus (big blind) folded before Flop
Seat 5: Aleqseuka (button) folded before Flop (didn't bet)
Seat 6: Mr_Dick666 (small blind) collected ($2)



PokerStars Hand #254605116140:  Hold'em No Limit ($0.50/$1.00 USD) - 2025/01/29 11:59:54 WET [2025/01/29 6:59:54 ET]
Table 'Bouzareah' 6-max Seat #6 is the button
Seat 3: valmble ($10 in chips) is sitting out
Seat 4: ptolejmus ($11.50 in chips) is sitting out
Seat 5: Aleqseuka ($100 in chips) 
Seat 6: Mr_Dick666 ($101 in chips) 
Mr_Dick666: posts small blind $0.50
Aleqseuka: posts big blind $1
*** HOLE CARDS ***
ptolejmus leaves the table
valmble leaves the table
Mr_Dick666: folds 
Uncalled bet ($0.50) returned to Aleqseuka
Aleqseuka collected $1 from pot
Aleqseuka: doesn't show hand 
*** SUMMARY ***
Total pot $1 | Rake $0 
Seat 3: valmble
Seat 4: ptolejmus
Seat 5: Aleqseuka (big blind) collected ($1)
Seat 6: Mr_Dick666 (button) (small blind) folded before Flop



