PokerStars Hand #254602538710:  Hold'em No Limit ($0.50/$1.00 USD) - 2025/01/29 4:14:26 WET [2025/01/28 23:14:26 ET]
Table 'Alya' 6-max Seat #2 is the button
Seat 1: nastja336 ($104.28 in chips) 
Seat 2: B1GBankroll ($100 in chips) 
Seat 3: b2k-Snick ($100 in chips) 
Seat 4: AlexEliseev7 ($153.63 in chips) 
Seat 5: XneferX ($115.80 in chips) 
Seat 6: Susupoki114 ($2.16 in chips) 
b2k-Snick: posts small blind $0.50
AlexEliseev7: posts big blind $1
*** HOLE CARDS ***
XneferX: folds 
Susupoki114: folds 
nastja336: folds 
B1GBankroll: raises $1.50 to $2.50
b2k-Snick: folds 
AlexEliseev7: raises $10.50 to $13
B1GBankroll: folds 
Uncalled bet ($10.50) returned to AlexEliseev7
AlexEliseev7 collected $5.50 from pot
AlexEliseev7: doesn't show hand 
*** SUMMARY ***
Total pot $5.50 | Rake $0 
Seat 1: nastja336 folded before Flop (didn't bet)
Seat 2: B1GBankroll (button) folded before Flop
Seat 3: b2k-Snick (small blind) folded before Flop
Seat 4: AlexEliseev7 (big blind) collected ($5.50)
Seat 5: XneferX folded before Flop (didn't bet)
Seat 6: Susupoki114 folded before Flop (didn't bet)



PokerStars Hand #254602543088:  Hold'em No Limit ($0.50/$1.00 USD) - 2025/01/29 4:15:08 WET [2025/01/28 23:15:08 ET]
Table 'Alya' 6-max Seat #3 is the button
Seat 1: nastja336 ($104.28 in chips) 
Seat 2: B1GBankroll ($100 in chips) 
Seat 3: b2k-Snick ($100 in chips) 
Seat 4: AlexEliseev7 ($156.63 in chips) 
Seat 5: XneferX ($115.80 in chips) 
Seat 6: Susupoki114 ($2.16 in chips) 
AlexEliseev7: posts small blind $0.50
XneferX: posts big blind $1
*** HOLE CARDS ***
Susupoki114: folds 
nastja336: folds 
B1GBankroll: raises $1.50 to $2.50
b2k-Snick: folds 
AlexEliseev7: folds 
XneferX: folds 
Uncalled bet ($1.50) returned to B1GBankroll
B1GBankroll collected $2.50 from pot
B1GBankroll: doesn't show hand 
*** SUMMARY ***
Total pot $2.50 | Rake $0 
Seat 1: nastja336 folded before Flop (didn't bet)
Seat 2: B1GBankroll collected ($2.50)
Seat 3: b2k-Snick (button) folded before Flop (didn't bet)
Seat 4: AlexEliseev7 (small blind) folded before Flop
Seat 5: XneferX (big blind) folded before Flop
Seat 6: Susupoki114 folded before Flop (didn't bet)



PokerStars Hand #254602545007:  Hold'em No Limit ($0.50/$1.00 USD) - 2025/01/29 4:15:27 WET [2025/01/28 23:15:27 ET]
Table 'Alya' 6-max Seat #4 is the button
Seat 1: nastja336 ($104.28 in chips) 
Seat 2: B1GBankroll ($101.50 in chips) 
Seat 3: b2k-Snick ($100 in chips) 
Seat 4: AlexEliseev7 ($156.13 in chips) 
Seat 5: XneferX ($114.80 in chips) 
Seat 6: Susupoki114 ($2.16 in chips) 
XneferX: posts small blind $0.50
Susupoki114: posts big blind $1
*** HOLE CARDS ***
nastja336: folds 
B1GBankroll: raises $1.50 to $2.50
b2k-Snick: folds 
AlexEliseev7: folds 
XneferX: folds 
Susupoki114: calls $1.16 and is all-in
Uncalled bet ($0.34) returned to B1GBankroll
*** FLOP *** [4s 3d 5h]
*** TURN *** [4s 3d 5h] [3c]
*** RIVER *** [4s 3d 5h 3c] [9c]
*** SHOW DOWN ***
Susupoki114: shows [8s Ks] (a pair of Threes)
B1GBankroll: shows [Js Ah] (a pair of Threes - Ace kicker)
B1GBankroll collected $4.58 from pot
*** SUMMARY ***
Total pot $4.82 | Rake $0.24 
Board [4s 3d 5h 3c 9c]
Seat 1: nastja336 folded before Flop (didn't bet)
Seat 2: B1GBankroll showed [Js Ah] and won ($4.58) with a pair of Threes
Seat 3: b2k-Snick folded before Flop (didn't bet)
Seat 4: AlexEliseev7 (button) folded before Flop (didn't bet)
Seat 5: XneferX (small blind) folded before Flop
Seat 6: Susupoki114 (big blind) showed [8s Ks] and lost with a pair of Threes



PokerStars Hand #254602548428:  Hold'em No Limit ($0.50/$1.00 USD) - 2025/01/29 4:16:01 WET [2025/01/28 23:16:01 ET]
Table 'Alya' 6-max Seat #5 is the button
Seat 6: Susupoki114 ($0 in chips) is sitting out
Seat 1: nastja336 ($104.28 in chips) 
Seat 2: B1GBankroll ($103.92 in chips) 
Seat 3: b2k-Snick ($100 in chips) 
Seat 4: AlexEliseev7 ($156.13 in chips) 
Seat 5: XneferX ($114.30 in chips) 
nastja336: posts small blind $0.50
B1GBankroll: posts big blind $1
*** HOLE CARDS ***
Susupoki114 leaves the table
b2k-Snick: folds 
AlexEliseev7: raises $1.50 to $2.50
b2k-Snick leaves the table
XneferX: folds 
nastja336: folds 
B1GBankroll: folds 
Uncalled bet ($1.50) returned to AlexEliseev7
AlexEliseev7 collected $2.50 from pot
AlexEliseev7: doesn't show hand 
*** SUMMARY ***
Total pot $2.50 | Rake $0 
Seat 6: Susupoki114
Seat 1: nastja336 (small blind) folded before Flop
Seat 2: B1GBankroll (big blind) folded before Flop
Seat 3: b2k-Snick folded before Flop (didn't bet)
Seat 4: AlexEliseev7 collected ($2.50)
Seat 5: XneferX (button) folded before Flop (didn't bet)



PokerStars Hand #254602454345:  Hold'em No Limit ($0.50/$1.00 USD) - 2025/01/29 4:01:01 WET [2025/01/28 23:01:01 ET]
Table 'Alya' 6-max Seat #3 is the button
Seat 1: nastja336 ($100 in chips) 
Seat 2: B1GBankroll ($106.50 in chips) 
Seat 3: reeqar ($102.50 in chips) 
Seat 4: AlexEliseev7 ($100 in chips) 
Seat 5: XneferX ($118.21 in chips) 
Seat 6: Susupoki114 ($38.05 in chips) 
AlexEliseev7: posts small blind $0.50
XneferX: posts big blind $1
*** HOLE CARDS ***
Susupoki114: folds 
nastja336: folds 
B1GBankroll: folds 
reeqar: folds 
AlexEliseev7: folds 
Uncalled bet ($0.50) returned to XneferX
XneferX collected $1 from pot
XneferX: doesn't show hand 
*** SUMMARY ***
Total pot $1 | Rake $0 
Seat 1: nastja336 folded before Flop (didn't bet)
Seat 2: B1GBankroll folded before Flop (didn't bet)
Seat 3: reeqar (button) folded before Flop (didn't bet)
Seat 4: AlexEliseev7 (small blind) folded before Flop
Seat 5: XneferX (big blind) collected ($1)
Seat 6: Susupoki114 folded before Flop (didn't bet)



PokerStars Hand #254602457460:  Hold'em No Limit ($0.50/$1.00 USD) - 2025/01/29 4:01:29 WET [2025/01/28 23:01:29 ET]
Table 'Alya' 6-max Seat #4 is the button
Seat 1: nastja336 ($100 in chips) 
Seat 2: B1GBankroll ($106.50 in chips) 
Seat 3: reeqar ($102.50 in chips) 
Seat 4: AlexEliseev7 ($100 in chips) 
Seat 5: XneferX ($118.71 in chips) 
Seat 6: Susupoki114 ($38.05 in chips) 
XneferX: posts small blind $0.50
Susupoki114: posts big blind $1
*** HOLE CARDS ***
nastja336: folds 
B1GBankroll: folds 
reeqar: folds 
AlexEliseev7: raises $1.50 to $2.50
XneferX: folds 
Susupoki114: calls $1.50
*** FLOP *** [9c 9s As]
Susupoki114: checks 
AlexEliseev7: checks 
*** TURN *** [9c 9s As] [2h]
Susupoki114: bets $3.61
AlexEliseev7: calls $3.61
*** RIVER *** [9c 9s As 2h] [3h]
Susupoki114: checks 
AlexEliseev7: checks 
*** SHOW DOWN ***
Susupoki114: shows [6s Kd] (a pair of Nines)
AlexEliseev7: shows [Ks Kc] (two pair, Kings and Nines)
AlexEliseev7 collected $12.08 from pot
*** SUMMARY ***
Total pot $12.72 | Rake $0.64 
Board [9c 9s As 2h 3h]
Seat 1: nastja336 folded before Flop (didn't bet)
Seat 2: B1GBankroll folded before Flop (didn't bet)
Seat 3: reeqar folded before Flop (didn't bet)
Seat 4: AlexEliseev7 (button) showed [Ks Kc] and won ($12.08) with two pair, Kings and Nines
Seat 5: XneferX (small blind) folded before Flop
Seat 6: Susupoki114 (big blind) showed [6s Kd] and lost with a pair of Nines



PokerStars Hand #254602464184:  Hold'em No Limit ($0.50/$1.00 USD) - 2025/01/29 4:02:34 WET [2025/01/28 23:02:34 ET]
Table 'Alya' 6-max Seat #5 is the button
Seat 1: nastja336 ($100 in chips) 
Seat 2: B1GBankroll ($106.50 in chips) 
Seat 3: reeqar ($102.50 in chips) 
Seat 4: AlexEliseev7 ($105.97 in chips) 
Seat 5: XneferX ($118.21 in chips) 
Seat 6: Susupoki114 ($31.94 in chips) 
Susupoki114: posts small blind $0.50
nastja336: posts big blind $1
*** HOLE CARDS ***
B1GBankroll: raises $1.50 to $2.50
reeqar: folds 
AlexEliseev7: folds 
XneferX: folds 
Susupoki114: calls $2
nastja336: folds 
*** FLOP *** [7s 4s Jd]
Susupoki114: checks 
B1GBankroll: checks 
*** TURN *** [7s 4s Jd] [6h]
Susupoki114: checks 
B1GBankroll: checks 
*** RIVER *** [7s 4s Jd 6h] [Td]
Susupoki114: checks 
B1GBankroll: checks 
*** SHOW DOWN ***
Susupoki114: shows [Kd 9s] (high card King)
B1GBankroll: shows [Ac 3c] (high card Ace)
B1GBankroll collected $5.70 from pot
*** SUMMARY ***
Total pot $6 | Rake $0.30 
Board [7s 4s Jd 6h Td]
Seat 1: nastja336 (big blind) folded before Flop
Seat 2: B1GBankroll showed [Ac 3c] and won ($5.70) with high card Ace
Seat 3: reeqar folded before Flop (didn't bet)
Seat 4: AlexEliseev7 folded before Flop (didn't bet)
Seat 5: XneferX (button) folded before Flop (didn't bet)
Seat 6: Susupoki114 (small blind) showed [Kd 9s] and lost with high card King



PokerStars Hand #254602468982:  Hold'em No Limit ($0.50/$1.00 USD) - 2025/01/29 4:03:20 WET [2025/01/28 23:03:20 ET]
Table 'Alya' 6-max Seat #6 is the button
Seat 1: nastja336 ($100 in chips) 
Seat 2: B1GBankroll ($109.70 in chips) 
Seat 3: reeqar ($102.50 in chips) 
Seat 4: AlexEliseev7 ($105.97 in chips) 
Seat 5: XneferX ($118.21 in chips) 
Seat 6: Susupoki114 ($29.44 in chips) 
nastja336: posts small blind $0.50
B1GBankroll: posts big blind $1
*** HOLE CARDS ***
reeqar: folds 
AlexEliseev7: folds 
XneferX: folds 
Susupoki114: raises $2 to $3
nastja336: raises $6 to $9
B1GBankroll: folds 
Susupoki114: calls $6
*** FLOP *** [9s 5d 9c]
nastja336: bets $24.01
Susupoki114: folds 
Uncalled bet ($24.01) returned to nastja336
nastja336 collected $18.05 from pot
nastja336: doesn't show hand 
*** SUMMARY ***
Total pot $19 | Rake $0.95 
Board [9s 5d 9c]
Seat 1: nastja336 (small blind) collected ($18.05)
Seat 2: B1GBankroll (big blind) folded before Flop
Seat 3: reeqar folded before Flop (didn't bet)
Seat 4: AlexEliseev7 folded before Flop (didn't bet)
Seat 5: XneferX folded before Flop (didn't bet)
Seat 6: Susupoki114 (button) folded on the Flop



PokerStars Hand #254602474829:  Hold'em No Limit ($0.50/$1.00 USD) - 2025/01/29 4:04:15 WET [2025/01/28 23:04:15 ET]
Table 'Alya' 6-max Seat #1 is the button
Seat 1: nastja336 ($109.05 in chips) 
Seat 2: B1GBankroll ($108.70 in chips) 
Seat 3: reeqar ($102.50 in chips) 
Seat 4: AlexEliseev7 ($105.97 in chips) 
Seat 5: XneferX ($118.21 in chips) 
Seat 6: Susupoki114 ($20.44 in chips) 
B1GBankroll: posts small blind $0.50
reeqar: posts big blind $1
*** HOLE CARDS ***
AlexEliseev7: folds 
XneferX: raises $1.10 to $2.10
Susupoki114: folds 
nastja336: folds 
B1GBankroll: folds 
reeqar: calls $1.10
*** FLOP *** [Ks 7h 5h]
reeqar: checks 
XneferX: checks 
*** TURN *** [Ks 7h 5h] [Qh]
reeqar: checks 
XneferX: bets $1.52
reeqar: calls $1.52
*** RIVER *** [Ks 7h 5h Qh] [Kd]
reeqar: checks 
XneferX: bets $5.66
reeqar: folds 
Uncalled bet ($5.66) returned to XneferX
XneferX collected $7.35 from pot
XneferX: doesn't show hand 
*** SUMMARY ***
Total pot $7.74 | Rake $0.39 
Board [Ks 7h 5h Qh Kd]
Seat 1: nastja336 (button) folded before Flop (didn't bet)
Seat 2: B1GBankroll (small blind) folded before Flop
Seat 3: reeqar (big blind) folded on the River
Seat 4: AlexEliseev7 folded before Flop (didn't bet)
Seat 5: XneferX collected ($7.35)
Seat 6: Susupoki114 folded before Flop (didn't bet)



PokerStars Hand #254602482569:  Hold'em No Limit ($0.50/$1.00 USD) - 2025/01/29 4:05:27 WET [2025/01/28 23:05:27 ET]
Table 'Alya' 6-max Seat #2 is the button
Seat 1: nastja336 ($109.05 in chips) 
Seat 2: B1GBankroll ($108.20 in chips) 
Seat 3: reeqar ($100 in chips) 
Seat 4: AlexEliseev7 ($105.97 in chips) 
Seat 5: XneferX ($121.94 in chips) 
Seat 6: Susupoki114 ($20.44 in chips) 
reeqar: posts small blind $0.50
AlexEliseev7: posts big blind $1
*** HOLE CARDS ***
XneferX: folds 
Susupoki114: raises $2 to $3
nastja336: folds 
B1GBankroll: folds 
reeqar: folds 
AlexEliseev7: folds 
Uncalled bet ($2) returned to Susupoki114
Susupoki114 collected $2.50 from pot
*** SUMMARY ***
Total pot $2.50 | Rake $0 
Seat 1: nastja336 folded before Flop (didn't bet)
Seat 2: B1GBankroll (button) folded before Flop (didn't bet)
Seat 3: reeqar (small blind) folded before Flop
Seat 4: AlexEliseev7 (big blind) folded before Flop
Seat 5: XneferX folded before Flop (didn't bet)
Seat 6: Susupoki114 collected ($2.50)



PokerStars Hand #254602484373:  Hold'em No Limit ($0.50/$1.00 USD) - 2025/01/29 4:05:44 WET [2025/01/28 23:05:44 ET]
Table 'Alya' 6-max Seat #3 is the button
Seat 1: nastja336 ($109.05 in chips) 
Seat 2: B1GBankroll ($108.20 in chips) 
Seat 3: reeqar ($100 in chips) 
Seat 4: AlexEliseev7 ($104.97 in chips) 
Seat 5: XneferX ($121.94 in chips) 
Seat 6: Susupoki114 ($21.94 in chips) 
AlexEliseev7: posts small blind $0.50
XneferX: posts big blind $1
*** HOLE CARDS ***
Susupoki114: folds 
nastja336: folds 
B1GBankroll: folds 
reeqar: raises $1.50 to $2.50
AlexEliseev7: folds 
XneferX: calls $1.50
*** FLOP *** [9d 3c 4c]
XneferX: checks 
reeqar: checks 
*** TURN *** [9d 3c 4c] [Jd]
XneferX: bets $6.11
reeqar: calls $6.11
*** RIVER *** [9d 3c 4c Jd] [Td]
XneferX: checks 
reeqar: bets $25.25
XneferX: folds 
Uncalled bet ($25.25) returned to reeqar
reeqar collected $16.83 from pot
reeqar: doesn't show hand 
*** SUMMARY ***
Total pot $17.72 | Rake $0.89 
Board [9d 3c 4c Jd Td]
Seat 1: nastja336 folded before Flop (didn't bet)
Seat 2: B1GBankroll folded before Flop (didn't bet)
Seat 3: reeqar (button) collected ($16.83)
Seat 4: AlexEliseev7 (small blind) folded before Flop
Seat 5: XneferX (big blind) folded on the River
Seat 6: Susupoki114 folded before Flop (didn't bet)



PokerStars Hand #254602492673:  Hold'em No Limit ($0.50/$1.00 USD) - 2025/01/29 4:07:02 WET [2025/01/28 23:07:02 ET]
Table 'Alya' 6-max Seat #4 is the button
Seat 1: nastja336 ($109.05 in chips) 
Seat 2: B1GBankroll ($108.20 in chips) 
Seat 3: reeqar ($108.22 in chips) 
Seat 4: AlexEliseev7 ($104.47 in chips) 
Seat 5: XneferX ($113.33 in chips) 
Seat 6: Susupoki114 ($21.94 in chips) 
XneferX: posts small blind $0.50
Susupoki114: posts big blind $1
*** HOLE CARDS ***
nastja336: folds 
B1GBankroll: folds 
reeqar: folds 
AlexEliseev7: raises $1.50 to $2.50
XneferX: folds 
Susupoki114: calls $1.50
*** FLOP *** [7c Th 9d]
Susupoki114: checks 
AlexEliseev7: checks 
*** TURN *** [7c Th 9d] [Qs]
Susupoki114: bets $3.80
AlexEliseev7: folds 
Uncalled bet ($3.80) returned to Susupoki114
Susupoki114 collected $5.22 from pot
*** SUMMARY ***
Total pot $5.50 | Rake $0.28 
Board [7c Th 9d Qs]
Seat 1: nastja336 folded before Flop (didn't bet)
Seat 2: B1GBankroll folded before Flop (didn't bet)
Seat 3: reeqar folded before Flop (didn't bet)
Seat 4: AlexEliseev7 (button) folded on the Turn
Seat 5: XneferX (small blind) folded before Flop
Seat 6: Susupoki114 (big blind) collected ($5.22)



PokerStars Hand #254602499302:  Hold'em No Limit ($0.50/$1.00 USD) - 2025/01/29 4:08:05 WET [2025/01/28 23:08:05 ET]
Table 'Alya' 6-max Seat #5 is the button
Seat 1: nastja336 ($109.05 in chips) 
Seat 2: B1GBankroll ($108.20 in chips) 
Seat 3: reeqar ($108.22 in chips) 
Seat 4: AlexEliseev7 ($101.97 in chips) 
Seat 5: XneferX ($112.83 in chips) 
Seat 6: Susupoki114 ($24.66 in chips) 
Susupoki114: posts small blind $0.50
nastja336: posts big blind $1
*** HOLE CARDS ***
B1GBankroll: folds 
reeqar: folds 
AlexEliseev7: folds 
XneferX: raises $1.77 to $2.77
Susupoki114: folds 
nastja336: calls $1.77
*** FLOP *** [2h 3c Td]
nastja336: checks 
XneferX: bets $2.93
nastja336: folds 
Uncalled bet ($2.93) returned to XneferX
XneferX collected $5.74 from pot
XneferX: doesn't show hand 
*** SUMMARY ***
Total pot $6.04 | Rake $0.30 
Board [2h 3c Td]
Seat 1: nastja336 (big blind) folded on the Flop
Seat 2: B1GBankroll folded before Flop (didn't bet)
Seat 3: reeqar folded before Flop (didn't bet)
Seat 4: AlexEliseev7 folded before Flop (didn't bet)
Seat 5: XneferX (button) collected ($5.74)
Seat 6: Susupoki114 (small blind) folded before Flop



PokerStars Hand #254602506538:  Hold'em No Limit ($0.50/$1.00 USD) - 2025/01/29 4:09:14 WET [2025/01/28 23:09:14 ET]
Table 'Alya' 6-max Seat #6 is the button
Seat 1: nastja336 ($106.28 in chips) 
Seat 2: B1GBankroll ($108.20 in chips) 
Seat 3: reeqar ($108.22 in chips) 
Seat 4: AlexEliseev7 ($101.97 in chips) 
Seat 5: XneferX ($115.80 in chips) 
Seat 6: Susupoki114 ($24.16 in chips) 
nastja336: posts small blind $0.50
B1GBankroll: posts big blind $1
*** HOLE CARDS ***
reeqar: raises $1.50 to $2.50
AlexEliseev7: folds 
XneferX: folds 
Susupoki114: folds 
nastja336: folds 
B1GBankroll: folds 
Uncalled bet ($1.50) returned to reeqar
reeqar collected $2.50 from pot
reeqar: doesn't show hand 
*** SUMMARY ***
Total pot $2.50 | Rake $0 
Seat 1: nastja336 (small blind) folded before Flop
Seat 2: B1GBankroll (big blind) folded before Flop
Seat 3: reeqar collected ($2.50)
Seat 4: AlexEliseev7 folded before Flop (didn't bet)
Seat 5: XneferX folded before Flop (didn't bet)
Seat 6: Susupoki114 (button) folded before Flop (didn't bet)



PokerStars Hand #254602508712:  Hold'em No Limit ($0.50/$1.00 USD) - 2025/01/29 4:09:35 WET [2025/01/28 23:09:35 ET]
Table 'Alya' 6-max Seat #1 is the button
Seat 3: reeqar ($109.72 in chips) is sitting out
Seat 1: nastja336 ($105.78 in chips) 
Seat 2: B1GBankroll ($107.20 in chips) 
Seat 4: AlexEliseev7 ($101.97 in chips) 
Seat 5: XneferX ($115.80 in chips) 
Seat 6: Susupoki114 ($24.16 in chips) 
B1GBankroll: posts small blind $0.50
reeqar: is sitting out 
AlexEliseev7: posts big blind $1
*** HOLE CARDS ***
XneferX: folds 
reeqar leaves the table
Susupoki114: folds 
nastja336: folds 
b2k-Snick joins the table at seat #3 
B1GBankroll: folds 
Uncalled bet ($0.50) returned to AlexEliseev7
AlexEliseev7 collected $1 from pot
AlexEliseev7: doesn't show hand 
*** SUMMARY ***
Total pot $1 | Rake $0 
Seat 3: reeqar
Seat 1: nastja336 (button) folded before Flop (didn't bet)
Seat 2: B1GBankroll (small blind) folded before Flop
Seat 4: AlexEliseev7 (big blind) collected ($1)
Seat 5: XneferX folded before Flop (didn't bet)
Seat 6: Susupoki114 folded before Flop (didn't bet)



PokerStars Hand #254602510044:  Hold'em No Limit ($0.50/$1.00 USD) - 2025/01/29 4:09:48 WET [2025/01/28 23:09:48 ET]
Table 'Alya' 6-max Seat #2 is the button
Seat 3: b2k-Snick ($100 in chips) is sitting out
Seat 1: nastja336 ($105.78 in chips) 
Seat 2: B1GBankroll ($106.70 in chips) 
Seat 4: AlexEliseev7 ($102.47 in chips) 
Seat 5: XneferX ($115.80 in chips) 
Seat 6: Susupoki114 ($24.16 in chips) 
AlexEliseev7: posts small blind $0.50
XneferX: posts big blind $1
*** HOLE CARDS ***
Susupoki114: folds 
nastja336: folds 
B1GBankroll: folds 
AlexEliseev7: raises $2 to $3
XneferX: folds 
Uncalled bet ($2) returned to AlexEliseev7
AlexEliseev7 collected $2 from pot
AlexEliseev7: doesn't show hand 
*** SUMMARY ***
Total pot $2 | Rake $0 
Seat 3: b2k-Snick
Seat 1: nastja336 folded before Flop (didn't bet)
Seat 2: B1GBankroll (button) folded before Flop (didn't bet)
Seat 4: AlexEliseev7 (small blind) collected ($2)
Seat 5: XneferX (big blind) folded before Flop
Seat 6: Susupoki114 folded before Flop (didn't bet)



PokerStars Hand #254602512388:  Hold'em No Limit ($0.50/$1.00 USD) - 2025/01/29 4:10:10 WET [2025/01/28 23:10:10 ET]
Table 'Alya' 6-max Seat #4 is the button
Seat 3: b2k-Snick ($100 in chips) is sitting out
Seat 1: nastja336 ($105.78 in chips) 
Seat 2: B1GBankroll ($106.70 in chips) 
Seat 4: AlexEliseev7 ($103.47 in chips) 
Seat 5: XneferX ($114.80 in chips) 
Seat 6: Susupoki114 ($24.16 in chips) 
XneferX: posts small blind $0.50
Susupoki114: posts big blind $1
b2k-Snick: sits out 
*** HOLE CARDS ***
nastja336: folds 
B1GBankroll: folds 
AlexEliseev7: raises $1.50 to $2.50
XneferX: folds 
Susupoki114: calls $1.50
*** FLOP *** [8h 7s 8s]
Susupoki114: checks 
AlexEliseev7: checks 
*** TURN *** [8h 7s 8s] [Kc]
Susupoki114: checks 
AlexEliseev7: bets $1.72
Susupoki114: folds 
Uncalled bet ($1.72) returned to AlexEliseev7
AlexEliseev7 collected $5.22 from pot
AlexEliseev7: doesn't show hand 
*** SUMMARY ***
Total pot $5.50 | Rake $0.28 
Board [8h 7s 8s Kc]
Seat 3: b2k-Snick
Seat 1: nastja336 folded before Flop (didn't bet)
Seat 2: B1GBankroll folded before Flop (didn't bet)
Seat 4: AlexEliseev7 (button) collected ($5.22)
Seat 5: XneferX (small blind) folded before Flop
Seat 6: Susupoki114 (big blind) folded on the Turn



PokerStars Hand #254602516497:  Hold'em No Limit ($0.50/$1.00 USD) - 2025/01/29 4:10:50 WET [2025/01/28 23:10:50 ET]
Table 'Alya' 6-max Seat #5 is the button
Seat 3: b2k-Snick ($100 in chips) is sitting out
Seat 1: nastja336 ($105.78 in chips) 
Seat 2: B1GBankroll ($106.70 in chips) 
Seat 4: AlexEliseev7 ($106.19 in chips) 
Seat 5: XneferX ($114.30 in chips) 
Seat 6: Susupoki114 ($21.66 in chips) 
Susupoki114: posts small blind $0.50
nastja336: posts big blind $1
b2k-Snick: sits out 
*** HOLE CARDS ***
B1GBankroll: raises $1.50 to $2.50
AlexEliseev7: raises $4.50 to $7
XneferX: folds 
Susupoki114: folds 
nastja336: folds 
B1GBankroll: calls $4.50
*** FLOP *** [Td 2s 2h]
B1GBankroll: bets $5
AlexEliseev7: calls $5
*** TURN *** [Td 2s 2h] [8c]
B1GBankroll: bets $17.92
AlexEliseev7: calls $17.92
*** RIVER *** [Td 2s 2h 8c] [8s]
B1GBankroll: checks 
AlexEliseev7: bets $76.27 and is all-in
B1GBankroll: folds 
Uncalled bet ($76.27) returned to AlexEliseev7
AlexEliseev7 collected $58.84 from pot
AlexEliseev7: doesn't show hand 
*** SUMMARY ***
Total pot $61.34 | Rake $2.50 
Board [Td 2s 2h 8c 8s]
Seat 3: b2k-Snick
Seat 1: nastja336 (big blind) folded before Flop
Seat 2: B1GBankroll folded on the River
Seat 4: AlexEliseev7 collected ($58.84)
Seat 5: XneferX (button) folded before Flop (didn't bet)
Seat 6: Susupoki114 (small blind) folded before Flop



PokerStars Hand #254602527662:  Hold'em No Limit ($0.50/$1.00 USD) - 2025/01/29 4:12:39 WET [2025/01/28 23:12:39 ET]
Table 'Alya' 6-max Seat #6 is the button
Seat 3: b2k-Snick ($100 in chips) is sitting out
Seat 1: nastja336 ($104.78 in chips) 
Seat 2: B1GBankroll ($100 in chips) 
Seat 4: AlexEliseev7 ($135.11 in chips) 
Seat 5: XneferX ($114.30 in chips) 
Seat 6: Susupoki114 ($21.16 in chips) 
nastja336: posts small blind $0.50
B1GBankroll: posts big blind $1
b2k-Snick: sits out 
*** HOLE CARDS ***
AlexEliseev7: folds 
XneferX: raises $1.30 to $2.30
Susupoki114: folds 
nastja336: folds 
B1GBankroll: folds 
Uncalled bet ($1.30) returned to XneferX
XneferX collected $2.50 from pot
XneferX: doesn't show hand 
*** SUMMARY ***
Total pot $2.50 | Rake $0 
Seat 3: b2k-Snick
Seat 1: nastja336 (small blind) folded before Flop
Seat 2: B1GBankroll (big blind) folded before Flop
Seat 4: AlexEliseev7 folded before Flop (didn't bet)
Seat 5: XneferX collected ($2.50)
Seat 6: Susupoki114 (button) folded before Flop (didn't bet)



PokerStars Hand #254602529798:  Hold'em No Limit ($0.50/$1.00 USD) - 2025/01/29 4:12:59 WET [2025/01/28 23:12:59 ET]
Table 'Alya' 6-max Seat #1 is the button
Seat 1: nastja336 ($104.28 in chips) 
Seat 2: B1GBankroll ($100 in chips) 
Seat 3: b2k-Snick ($100 in chips) 
Seat 4: AlexEliseev7 ($135.11 in chips) 
Seat 5: XneferX ($115.80 in chips) 
Seat 6: Susupoki114 ($21.16 in chips) 
B1GBankroll: posts small blind $0.50
b2k-Snick: posts big blind $1
*** HOLE CARDS ***
AlexEliseev7: raises $1.50 to $2.50
XneferX: folds 
Susupoki114: raises $2.50 to $5
nastja336: folds 
B1GBankroll: folds 
b2k-Snick: folds 
AlexEliseev7: calls $2.50
*** FLOP *** [Ah Ad Kh]
AlexEliseev7: checks 
Susupoki114: bets $6
AlexEliseev7: calls $6
*** TURN *** [Ah Ad Kh] [6h]
AlexEliseev7: checks 
Susupoki114: checks 
*** RIVER *** [Ah Ad Kh 6h] [Ks]
AlexEliseev7: checks 
Susupoki114: bets $8
AlexEliseev7: calls $8
*** SHOW DOWN ***
Susupoki114: shows [6c 7c] (two pair, Aces and Kings)
AlexEliseev7: shows [Jd Kd] (a full house, Kings full of Aces)
AlexEliseev7 collected $37.52 from pot
*** SUMMARY ***
Total pot $39.50 | Rake $1.98 
Board [Ah Ad Kh 6h Ks]
Seat 1: nastja336 (button) folded before Flop (didn't bet)
Seat 2: B1GBankroll (small blind) folded before Flop
Seat 3: b2k-Snick (big blind) folded before Flop
Seat 4: AlexEliseev7 showed [Jd Kd] and won ($37.52) with a full house, Kings full of Aces
Seat 5: XneferX folded before Flop (didn't bet)
Seat 6: Susupoki114 showed [6c 7c] and lost with two pair, Aces and Kings



