PokerStars Hand #254608641036:  Hold'em No Limit ($0.50/$1.00 USD) - 2025/01/29 17:18:08 WET [2025/01/29 12:18:08 ET]
Table 'Armisticia' 6-max Seat #1 is the button
Seat 1: DJNezz ($105.18 in chips) 
Seat 5: elcutez ($48.94 in chips) 
Seat 6: UnderC@t ($100 in chips) 
elcutez: posts small blind $0.50
UnderC@t: posts big blind $1
*** HOLE CARDS ***
DJNezz: folds 
elcutez: folds 
Uncalled bet ($0.50) returned to UnderC@t
UnderC@t collected $1 from pot
UnderC@t: doesn't show hand 
*** SUMMARY ***
Total pot $1 | Rake $0 
Seat 1: DJNezz (button) folded before Flop (didn't bet)
Seat 5: elcutez (small blind) folded before Flop
Seat 6: UnderC@t (big blind) collected ($1)



PokerStars Hand #254608642938:  Hold'em No Limit ($0.50/$1.00 USD) - 2025/01/29 17:18:16 WET [2025/01/29 12:18:16 ET]
Table 'Armisticia' 6-max Seat #5 is the button
Seat 1: DJNezz ($105.18 in chips) 
Seat 5: elcutez ($48.44 in chips) 
Seat 6: UnderC@t ($100.50 in chips) 
UnderC@t: posts small blind $0.50
DJNezz: posts big blind $1
*** HOLE CARDS ***
elcutez: folds 
UnderC@t: folds 
Uncalled bet ($0.50) returned to DJNezz
DJNezz collected $1 from pot
*** SUMMARY ***
Total pot $1 | Rake $0 
Seat 1: DJNezz (big blind) collected ($1)
Seat 5: elcutez (button) folded before Flop (didn't bet)
Seat 6: UnderC@t (small blind) folded before Flop



PokerStars Hand #254608645520:  Hold'em No Limit ($0.50/$1.00 USD) - 2025/01/29 17:18:26 WET [2025/01/29 12:18:26 ET]
Table 'Armisticia' 6-max Seat #6 is the button
Seat 1: DJNezz ($105.68 in chips) 
Seat 5: elcutez ($48.44 in chips) 
Seat 6: UnderC@t ($100 in chips) 
DJNezz: posts small blind $0.50
elcutez: posts big blind $1
*** HOLE CARDS ***
UnderC@t: raises $1.50 to $2.50
DJNezz: folds 
elcutez: folds 
Uncalled bet ($1.50) returned to UnderC@t
UnderC@t collected $2.50 from pot
UnderC@t: doesn't show hand 
*** SUMMARY ***
Total pot $2.50 | Rake $0 
Seat 1: DJNezz (small blind) folded before Flop
Seat 5: elcutez (big blind) folded before Flop
Seat 6: UnderC@t (button) collected ($2.50)



PokerStars Hand #254608647548:  Hold'em No Limit ($0.50/$1.00 USD) - 2025/01/29 17:18:34 WET [2025/01/29 12:18:34 ET]
Table 'Armisticia' 6-max Seat #1 is the button
Seat 1: DJNezz ($105.18 in chips) 
Seat 5: elcutez ($47.44 in chips) 
Seat 6: UnderC@t ($101.50 in chips) 
elcutez: posts small blind $0.50
UnderC@t: posts big blind $1
*** HOLE CARDS ***
DJNezz: folds 
elcutez: folds 
Uncalled bet ($0.50) returned to UnderC@t
UnderC@t collected $1 from pot
UnderC@t: doesn't show hand 
*** SUMMARY ***
Total pot $1 | Rake $0 
Seat 1: DJNezz (button) folded before Flop (didn't bet)
Seat 5: elcutez (small blind) folded before Flop
Seat 6: UnderC@t (big blind) collected ($1)



PokerStars Hand #254608649714:  Hold'em No Limit ($0.50/$1.00 USD) - 2025/01/29 17:18:42 WET [2025/01/29 12:18:42 ET]
Table 'Armisticia' 6-max Seat #5 is the button
Seat 1: DJNezz ($105.18 in chips) 
Seat 5: elcutez ($46.94 in chips) 
Seat 6: UnderC@t ($102 in chips) 
UnderC@t: posts small blind $0.50
DJNezz: posts big blind $1
*** HOLE CARDS ***
elcutez: raises $1.70 to $2.70
UnderC@t: raises $6.30 to $9
DJNezz: folds 
elcutez: folds 
Uncalled bet ($6.30) returned to UnderC@t
UnderC@t collected $6.40 from pot
UnderC@t: doesn't show hand 
*** SUMMARY ***
Total pot $6.40 | Rake $0 
Seat 1: DJNezz (big blind) folded before Flop
Seat 5: elcutez (button) folded before Flop
Seat 6: UnderC@t (small blind) collected ($6.40)



PokerStars Hand #254608653664:  Hold'em No Limit ($0.50/$1.00 USD) - 2025/01/29 17:18:57 WET [2025/01/29 12:18:57 ET]
Table 'Armisticia' 6-max Seat #6 is the button
Seat 1: DJNezz ($104.18 in chips) 
Seat 5: elcutez ($44.24 in chips) 
Seat 6: UnderC@t ($105.70 in chips) 
DJNezz: posts small blind $0.50
elcutez: posts big blind $1
*** HOLE CARDS ***
UnderC@t: raises $1.50 to $2.50
DJNezz: folds 
elcutez: folds 
Uncalled bet ($1.50) returned to UnderC@t
UnderC@t collected $2.50 from pot
UnderC@t: doesn't show hand 
*** SUMMARY ***
Total pot $2.50 | Rake $0 
Seat 1: DJNezz (small blind) folded before Flop
Seat 5: elcutez (big blind) folded before Flop
Seat 6: UnderC@t (button) collected ($2.50)



PokerStars Hand #254608655902:  Hold'em No Limit ($0.50/$1.00 USD) - 2025/01/29 17:19:06 WET [2025/01/29 12:19:06 ET]
Table 'Armisticia' 6-max Seat #1 is the button
Seat 1: DJNezz ($103.68 in chips) 
Seat 5: elcutez ($43.24 in chips) 
Seat 6: UnderC@t ($107.20 in chips) 
elcutez: posts small blind $0.50
UnderC@t: posts big blind $1
*** HOLE CARDS ***
MoRsCeReBruM joins the table at seat #3 
DJNezz: folds 
elcutez: folds 
Uncalled bet ($0.50) returned to UnderC@t
UnderC@t collected $1 from pot
UnderC@t: doesn't show hand 
*** SUMMARY ***
Total pot $1 | Rake $0 
Seat 1: DJNezz (button) folded before Flop (didn't bet)
Seat 5: elcutez (small blind) folded before Flop
Seat 6: UnderC@t (big blind) collected ($1)



PokerStars Hand #254608658635:  Hold'em No Limit ($0.50/$1.00 USD) - 2025/01/29 17:19:17 WET [2025/01/29 12:19:17 ET]
Table 'Armisticia' 6-max Seat #5 is the button
Seat 3: MoRsCeReBruM ($100 in chips) is sitting out
Seat 1: DJNezz ($103.68 in chips) 
Seat 5: elcutez ($42.74 in chips) 
Seat 6: UnderC@t ($107.70 in chips) 
UnderC@t: posts small blind $0.50
DJNezz: posts big blind $1
MoRsCeReBruM: sits out 
*** HOLE CARDS ***
elcutez: raises $2 to $3
Quahrino joins the table at seat #2 
UnderC@t: folds 
worker0k joins the table at seat #4 
DJNezz: calls $2
*** FLOP *** [2d 3h Js]
DJNezz: checks 
elcutez: checks 
*** TURN *** [2d 3h Js] [7h]
DJNezz is disconnected 
MoRsCeReBruM leaves the table
DJNezz is connected 
DJNezz has timed out
DJNezz: checks 
elcutez: bets $3.09
DJNezz: calls $3.09
*** RIVER *** [2d 3h Js 7h] [5c]
DJNezz: checks 
elcutez: bets $15
DJNezz: calls $15
*** SHOW DOWN ***
elcutez: shows [6h 9s] (high card Jack)
DJNezz: shows [Ad 7d] (a pair of Sevens)
DJNezz collected $41.68 from pot
*** SUMMARY ***
Total pot $42.68 | Rake $1 
Board [2d 3h Js 7h 5c]
Seat 3: MoRsCeReBruM
Seat 1: DJNezz (big blind) showed [Ad 7d] and won ($41.68) with a pair of Sevens
Seat 5: elcutez (button) showed [6h 9s] and lost with high card Jack
Seat 6: UnderC@t (small blind) folded before Flop



PokerStars Hand #254608689262:  Hold'em No Limit ($0.50/$1.00 USD) - 2025/01/29 17:21:17 WET [2025/01/29 12:21:17 ET]
Table 'Armisticia' 6-max Seat #6 is the button
Seat 4: worker0k ($100 in chips) is sitting out
Seat 1: DJNezz ($124.27 in chips) 
Seat 2: Quahrino ($100 in chips) 
Seat 5: elcutez ($21.65 in chips) 
Seat 6: UnderC@t ($107.20 in chips) 
DJNezz: posts small blind $0.50
Quahrino: posts big blind $1
worker0k: sits out 
*** HOLE CARDS ***
elcutez: folds 
UnderC@t: folds 
DJNezz: folds 
Uncalled bet ($0.50) returned to Quahrino
Quahrino collected $1 from pot
elcutez leaves the table
Quahrino: doesn't show hand 
*** SUMMARY ***
Total pot $1 | Rake $0 
Seat 4: worker0k
Seat 1: DJNezz (small blind) folded before Flop
Seat 2: Quahrino (big blind) collected ($1)
Seat 5: elcutez folded before Flop (didn't bet)
Seat 6: UnderC@t (button) folded before Flop (didn't bet)



PokerStars Hand #254608692028:  Hold'em No Limit ($0.50/$1.00 USD) - 2025/01/29 17:21:28 WET [2025/01/29 12:21:28 ET]
Table 'Armisticia' 6-max Seat #1 is the button
Seat 1: DJNezz ($123.77 in chips) 
Seat 2: Quahrino ($100.50 in chips) 
Seat 4: worker0k ($100 in chips) 
Seat 6: UnderC@t ($107.20 in chips) 
Quahrino: posts small blind $0.50
worker0k: posts big blind $1
*** HOLE CARDS ***
UnderC@t: folds 
DJNezz: folds 
Quahrino: raises $2 to $3
worker0k: calls $2
*** FLOP *** [Ad 8h 4d]
MaikonAll joins the table at seat #5 
Quahrino: checks 
worker0k: checks 
*** TURN *** [Ad 8h 4d] [Kd]
Quahrino: checks 
worker0k: checks 
*** RIVER *** [Ad 8h 4d Kd] [Ts]
Quahrino: checks 
worker0k: checks 
*** SHOW DOWN ***
Quahrino: shows [5c 5h] (a pair of Fives)
worker0k: mucks hand 
Quahrino collected $5.70 from pot
*** SUMMARY ***
Total pot $6 | Rake $0.30 
Board [Ad 8h 4d Kd Ts]
Seat 1: DJNezz (button) folded before Flop (didn't bet)
Seat 2: Quahrino (small blind) showed [5c 5h] and won ($5.70) with a pair of Fives
Seat 4: worker0k (big blind) mucked
Seat 6: UnderC@t folded before Flop (didn't bet)



PokerStars Hand #254608703191:  Hold'em No Limit ($0.50/$1.00 USD) - 2025/01/29 17:22:12 WET [2025/01/29 12:22:12 ET]
Table 'Armisticia' 6-max Seat #2 is the button
Seat 1: DJNezz ($123.77 in chips) 
Seat 2: Quahrino ($103.20 in chips) 
Seat 4: worker0k ($100 in chips) 
Seat 5: MaikonAll ($100 in chips) 
Seat 6: UnderC@t ($107.20 in chips) 
worker0k: posts small blind $0.50
MaikonAll: posts big blind $1
*** HOLE CARDS ***
UnderC@t: folds 
DJNezz: folds 
Quahrino: raises $1.50 to $2.50
worker0k: folds 
MaikonAll: calls $1.50
*** FLOP *** [5c 4s 4c]
MaikonAll: checks 
Quahrino: checks 
*** TURN *** [5c 4s 4c] [Ah]
MaikonAll: checks 
Quahrino: checks 
*** RIVER *** [5c 4s 4c Ah] [4h]
MaikonAll: bets $3.92
Quahrino: folds 
Uncalled bet ($3.92) returned to MaikonAll
MaikonAll collected $5.22 from pot
MaikonAll: doesn't show hand 
*** SUMMARY ***
Total pot $5.50 | Rake $0.28 
Board [5c 4s 4c Ah 4h]
Seat 1: DJNezz folded before Flop (didn't bet)
Seat 2: Quahrino (button) folded on the River
Seat 4: worker0k (small blind) folded before Flop
Seat 5: MaikonAll (big blind) collected ($5.22)
Seat 6: UnderC@t folded before Flop (didn't bet)



PokerStars Hand #254608719341:  Hold'em No Limit ($0.50/$1.00 USD) - 2025/01/29 17:23:16 WET [2025/01/29 12:23:16 ET]
Table 'Armisticia' 6-max Seat #4 is the button
Seat 1: DJNezz ($123.77 in chips) 
Seat 2: Quahrino ($100.70 in chips) 
Seat 4: worker0k ($100 in chips) 
Seat 5: MaikonAll ($102.72 in chips) 
Seat 6: UnderC@t ($107.20 in chips) 
MaikonAll: posts small blind $0.50
UnderC@t: posts big blind $1
*** HOLE CARDS ***
DJNezz: folds 
Quahrino: folds 
worker0k: folds 
MaikonAll: folds 
Uncalled bet ($0.50) returned to UnderC@t
UnderC@t collected $1 from pot
UnderC@t: doesn't show hand 
*** SUMMARY ***
Total pot $1 | Rake $0 
Seat 1: DJNezz folded before Flop (didn't bet)
Seat 2: Quahrino folded before Flop (didn't bet)
Seat 4: worker0k (button) folded before Flop (didn't bet)
Seat 5: MaikonAll (small blind) folded before Flop
Seat 6: UnderC@t (big blind) collected ($1)



PokerStars Hand #254608726036:  Hold'em No Limit ($0.50/$1.00 USD) - 2025/01/29 17:23:42 WET [2025/01/29 12:23:42 ET]
Table 'Armisticia' 6-max Seat #5 is the button
Seat 1: DJNezz ($123.77 in chips) 
Seat 2: Quahrino ($100.70 in chips) 
Seat 4: worker0k ($100 in chips) 
Seat 5: MaikonAll ($102.22 in chips) 
Seat 6: UnderC@t ($107.70 in chips) 
UnderC@t: posts small blind $0.50
DJNezz: posts big blind $1
*** HOLE CARDS ***
Quahrino: folds 
worker0k: folds 
MaikonAll: folds 
UnderC@t: folds 
Uncalled bet ($0.50) returned to DJNezz
DJNezz collected $1 from pot
*** SUMMARY ***
Total pot $1 | Rake $0 
Seat 1: DJNezz (big blind) collected ($1)
Seat 2: Quahrino folded before Flop (didn't bet)
Seat 4: worker0k folded before Flop (didn't bet)
Seat 5: MaikonAll (button) folded before Flop (didn't bet)
Seat 6: UnderC@t (small blind) folded before Flop



PokerStars Hand #254608728325:  Hold'em No Limit ($0.50/$1.00 USD) - 2025/01/29 17:23:51 WET [2025/01/29 12:23:51 ET]
Table 'Armisticia' 6-max Seat #6 is the button
Seat 1: DJNezz ($124.27 in chips) 
Seat 2: Quahrino ($100.70 in chips) 
Seat 4: worker0k ($100 in chips) 
Seat 5: MaikonAll ($102.22 in chips) 
Seat 6: UnderC@t ($107.20 in chips) 
DJNezz: posts small blind $0.50
Quahrino: posts big blind $1
*** HOLE CARDS ***
worker0k: folds 
worker0k leaves the table
MaikonAll: raises $1.30 to $2.30
UnderC@t: folds 
DJNezz: folds 
Quahrino: calls $1.30
*** FLOP *** [Kc 3d Ad]
Quahrino: checks 
MaikonAll: checks 
*** TURN *** [Kc 3d Ad] [Qh]
Quahrino: checks 
MaikonAll: bets $3.63
Quahrino: folds 
Uncalled bet ($3.63) returned to MaikonAll
MaikonAll collected $4.84 from pot
MaikonAll: doesn't show hand 
*** SUMMARY ***
Total pot $5.10 | Rake $0.26 
Board [Kc 3d Ad Qh]
Seat 1: DJNezz (small blind) folded before Flop
Seat 2: Quahrino (big blind) folded on the Turn
Seat 4: worker0k folded before Flop (didn't bet)
Seat 5: MaikonAll collected ($4.84)
Seat 6: UnderC@t (button) folded before Flop (didn't bet)



PokerStars Hand #254608738780:  Hold'em No Limit ($0.50/$1.00 USD) - 2025/01/29 17:24:32 WET [2025/01/29 12:24:32 ET]
Table 'Armisticia' 6-max Seat #1 is the button
Seat 1: DJNezz ($123.77 in chips) 
Seat 2: Quahrino ($100 in chips) 
Seat 5: MaikonAll ($104.76 in chips) 
Seat 6: UnderC@t ($107.20 in chips) 
Quahrino: posts small blind $0.50
MaikonAll: posts big blind $1
*** HOLE CARDS ***
UnderC@t: raises $1.50 to $2.50
DJNezz: folds 
Quahrino: folds 
MaikonAll: calls $1.50
*** FLOP *** [8h 3s 8d]
MaikonAll: checks 
UnderC@t: bets $1.57
MaikonAll: calls $1.57
*** TURN *** [8h 3s 8d] [9d]
MaikonAll: checks 
UnderC@t: checks 
*** RIVER *** [8h 3s 8d 9d] [Ks]
MaikonAll: checks 
UnderC@t: bets $4.11
MaikonAll: calls $4.11
*** SHOW DOWN ***
UnderC@t: shows [Kd Jd] (two pair, Kings and Eights)
MaikonAll: mucks hand 
UnderC@t collected $16.02 from pot
*** SUMMARY ***
Total pot $16.86 | Rake $0.84 
Board [8h 3s 8d 9d Ks]
Seat 1: DJNezz (button) folded before Flop (didn't bet)
Seat 2: Quahrino (small blind) folded before Flop
Seat 5: MaikonAll (big blind) mucked
Seat 6: UnderC@t showed [Kd Jd] and won ($16.02) with two pair, Kings and Eights



PokerStars Hand #254608765137:  Hold'em No Limit ($0.50/$1.00 USD) - 2025/01/29 17:26:15 WET [2025/01/29 12:26:15 ET]
Table 'Armisticia' 6-max Seat #2 is the button
Seat 1: DJNezz ($123.77 in chips) 
Seat 2: Quahrino ($100 in chips) 
Seat 5: MaikonAll ($100 in chips) 
Seat 6: UnderC@t ($115.04 in chips) 
MaikonAll: posts small blind $0.50
UnderC@t: posts big blind $1
*** HOLE CARDS ***
DJNezz: raises $1.20 to $2.20
Quahrino: folds 
MaikonAll: folds 
UnderC@t: folds 
Uncalled bet ($1.20) returned to DJNezz
DJNezz collected $2.50 from pot
*** SUMMARY ***
Total pot $2.50 | Rake $0 
Seat 1: DJNezz collected ($2.50)
Seat 2: Quahrino (button) folded before Flop (didn't bet)
Seat 5: MaikonAll (small blind) folded before Flop
Seat 6: UnderC@t (big blind) folded before Flop



PokerStars Hand #254608769440:  Hold'em No Limit ($0.50/$1.00 USD) - 2025/01/29 17:26:32 WET [2025/01/29 12:26:32 ET]
Table 'Armisticia' 6-max Seat #5 is the button
Seat 1: DJNezz ($125.27 in chips) 
Seat 2: Quahrino ($100 in chips) 
Seat 5: MaikonAll ($100 in chips) 
Seat 6: UnderC@t ($114.04 in chips) 
UnderC@t: posts small blind $0.50
DJNezz: posts big blind $1
*** HOLE CARDS ***
Quahrino: raises $1.30 to $2.30
MaikonAll: folds 
UnderC@t: folds 
DJNezz: calls $1.30
*** FLOP *** [7s Ks Jd]
DJNezz: checks 
Quahrino: bets $4.84
DJNezz: folds 
Uncalled bet ($4.84) returned to Quahrino
Quahrino collected $4.84 from pot
Quahrino: doesn't show hand 
*** SUMMARY ***
Total pot $5.10 | Rake $0.26 
Board [7s Ks Jd]
Seat 1: DJNezz (big blind) folded on the Flop
Seat 2: Quahrino collected ($4.84)
Seat 5: MaikonAll (button) folded before Flop (didn't bet)
Seat 6: UnderC@t (small blind) folded before Flop



PokerStars Hand #254608778423:  Hold'em No Limit ($0.50/$1.00 USD) - 2025/01/29 17:27:07 WET [2025/01/29 12:27:07 ET]
Table 'Armisticia' 6-max Seat #6 is the button
Seat 1: DJNezz ($122.97 in chips) 
Seat 2: Quahrino ($102.54 in chips) 
Seat 5: MaikonAll ($100 in chips) 
Seat 6: UnderC@t ($113.54 in chips) 
DJNezz: posts small blind $0.50
Quahrino: posts big blind $1
*** HOLE CARDS ***
MaikonAll: folds 
UnderC@t: folds 
DJNezz: raises $2 to $3
Quahrino: folds 
Uncalled bet ($2) returned to DJNezz
DJNezz collected $2 from pot
*** SUMMARY ***
Total pot $2 | Rake $0 
Seat 1: DJNezz (small blind) collected ($2)
Seat 2: Quahrino (big blind) folded before Flop
Seat 5: MaikonAll folded before Flop (didn't bet)
Seat 6: UnderC@t (button) folded before Flop (didn't bet)



PokerStars Hand #254608782976:  Hold'em No Limit ($0.50/$1.00 USD) - 2025/01/29 17:27:24 WET [2025/01/29 12:27:24 ET]
Table 'Armisticia' 6-max Seat #1 is the button
Seat 1: DJNezz ($123.97 in chips) 
Seat 2: Quahrino ($101.54 in chips) 
Seat 5: MaikonAll ($100 in chips) 
Seat 6: UnderC@t ($113.54 in chips) 
Quahrino: posts small blind $0.50
MaikonAll: posts big blind $1
*** HOLE CARDS ***
UnderC@t: raises $1.50 to $2.50
DJNezz: folds 
Quahrino: folds 
MaikonAll: folds 
Uncalled bet ($1.50) returned to UnderC@t
UnderC@t collected $2.50 from pot
UnderC@t: doesn't show hand 
*** SUMMARY ***
Total pot $2.50 | Rake $0 
Seat 1: DJNezz (button) folded before Flop (didn't bet)
Seat 2: Quahrino (small blind) folded before Flop
Seat 5: MaikonAll (big blind) folded before Flop
Seat 6: UnderC@t collected ($2.50)



PokerStars Hand #254608787023:  Hold'em No Limit ($0.50/$1.00 USD) - 2025/01/29 17:27:40 WET [2025/01/29 12:27:40 ET]
Table 'Armisticia' 6-max Seat #2 is the button
Seat 1: DJNezz ($123.97 in chips) 
Seat 2: Quahrino ($101.04 in chips) 
Seat 5: MaikonAll ($100 in chips) 
MaikonAll: posts small blind $0.50
DJNezz: posts big blind $1
*** HOLE CARDS ***
Quahrino: raises $1.50 to $2.50
MaikonAll: folds 
DJNezz: folds 
Uncalled bet ($1.50) returned to Quahrino
Quahrino collected $2.50 from pot
Quahrino: doesn't show hand 
*** SUMMARY ***
Total pot $2.50 | Rake $0 
Seat 1: DJNezz (big blind) folded before Flop
Seat 2: Quahrino (button) collected ($2.50)
Seat 5: MaikonAll (small blind) folded before Flop



PokerStars Hand #254608791974:  Hold'em No Limit ($0.50/$1.00 USD) - 2025/01/29 17:27:59 WET [2025/01/29 12:27:59 ET]
Table 'Armisticia' 6-max Seat #5 is the button
Seat 1: DJNezz ($122.97 in chips) 
Seat 2: Quahrino ($102.54 in chips) 
Seat 5: MaikonAll ($100 in chips) 
DJNezz: posts small blind $0.50
Quahrino: posts big blind $1
*** HOLE CARDS ***
MaikonAll: folds 
DJNezz: folds 
Uncalled bet ($0.50) returned to Quahrino
Quahrino collected $1 from pot
Quahrino: doesn't show hand 
*** SUMMARY ***
Total pot $1 | Rake $0 
Seat 1: DJNezz (small blind) folded before Flop
Seat 2: Quahrino (big blind) collected ($1)
Seat 5: MaikonAll (button) folded before Flop (didn't bet)



PokerStars Hand #254608639367:  Hold'em No Limit ($0.50/$1.00 USD) - 2025/01/29 17:18:02 WET [2025/01/29 12:18:02 ET]
Table 'Armisticia' 6-max Seat #6 is the button
Seat 1: DJNezz ($105.68 in chips) 
Seat 5: elcutez ($48.44 in chips) 
Seat 6: UnderC@t ($100 in chips) 
DJNezz: posts small blind $0.50
elcutez: posts big blind $1
*** HOLE CARDS ***
UnderC@t: folds 
DJNezz: folds 
Uncalled bet ($0.50) returned to elcutez
elcutez collected $1 from pot
*** SUMMARY ***
Total pot $1 | Rake $0 
Seat 1: DJNezz (small blind) folded before Flop
Seat 5: elcutez (big blind) collected ($1)
Seat 6: UnderC@t (button) folded before Flop (didn't bet)



PokerStars Hand #254608897965:  Hold'em No Limit ($0.50/$1.00 USD) - 2025/01/29 17:34:52 WET [2025/01/29 12:34:52 ET]
Table 'Armisticia' 6-max Seat #1 is the button
Seat 1: MoRsCeReBruM ($100 in chips) 
Seat 2: Quahrino ($103.04 in chips) 
Seat 4: Aescul@pius ($100 in chips) 
Quahrino: posts small blind $0.50
Aescul@pius: posts big blind $1
*** HOLE CARDS ***
hazz2960 joins the table at seat #5 
hazz2960 is disconnected 
MoRsCeReBruM: folds 
shootingGRID joins the table at seat #6 
worker0k joins the table at seat #3 
Quahrino: raises $2 to $3
Aescul@pius: folds 
Uncalled bet ($2) returned to Quahrino
Quahrino collected $2 from pot
Quahrino: doesn't show hand 
*** SUMMARY ***
Total pot $2 | Rake $0 
Seat 1: MoRsCeReBruM (button) folded before Flop (didn't bet)
Seat 2: Quahrino (small blind) collected ($2)
Seat 4: Aescul@pius (big blind) folded before Flop



PokerStars Hand #254608902541:  Hold'em No Limit ($0.50/$1.00 USD) - 2025/01/29 17:35:10 WET [2025/01/29 12:35:10 ET]
Table 'Armisticia' 6-max Seat #2 is the button
Seat 3: worker0k ($100 in chips) is sitting out
Seat 6: shootingGRID ($100 in chips) is sitting out
Seat 1: MoRsCeReBruM ($100 in chips) 
Seat 2: Quahrino ($104.04 in chips) 
Seat 4: Aescul@pius ($100 in chips) 
Seat 5: hazz2960 ($100 in chips) 
Aescul@pius: posts small blind $0.50
hazz2960: posts big blind $1
shootingGRID: sits out 
*** HOLE CARDS ***
MoRsCeReBruM: folds 
Quahrino: folds 
Aescul@pius: folds 
Uncalled bet ($0.50) returned to hazz2960
hazz2960 collected $1 from pot
*** SUMMARY ***
Total pot $1 | Rake $0 
Seat 3: worker0k
Seat 6: shootingGRID
Seat 1: MoRsCeReBruM folded before Flop (didn't bet)
Seat 2: Quahrino (button) folded before Flop (didn't bet)
Seat 4: Aescul@pius (small blind) folded before Flop
Seat 5: hazz2960 (big blind) collected ($1)



PokerStars Hand #254608904704:  Hold'em No Limit ($0.50/$1.00 USD) - 2025/01/29 17:35:19 WET [2025/01/29 12:35:19 ET]
Table 'Armisticia' 6-max Seat #4 is the button
Seat 3: worker0k ($100 in chips) is sitting out
Seat 1: MoRsCeReBruM ($100 in chips) 
Seat 2: Quahrino ($104.04 in chips) 
Seat 4: Aescul@pius ($100 in chips) 
Seat 5: hazz2960 ($100.50 in chips) 
Seat 6: shootingGRID ($100 in chips) 
hazz2960: posts small blind $0.50
shootingGRID: posts big blind $1
worker0k: sits out 
*** HOLE CARDS ***
MoRsCeReBruM: folds 
Quahrino: folds 
Aescul@pius: raises $1.50 to $2.50
hazz2960: folds 
shootingGRID: folds 
Uncalled bet ($1.50) returned to Aescul@pius
Aescul@pius collected $2.50 from pot
Aescul@pius: doesn't show hand 
*** SUMMARY ***
Total pot $2.50 | Rake $0 
Seat 3: worker0k
Seat 1: MoRsCeReBruM folded before Flop (didn't bet)
Seat 2: Quahrino folded before Flop (didn't bet)
Seat 4: Aescul@pius (button) collected ($2.50)
Seat 5: hazz2960 (small blind) folded before Flop
Seat 6: shootingGRID (big blind) folded before Flop



PokerStars Hand #254608908554:  Hold'em No Limit ($0.50/$1.00 USD) - 2025/01/29 17:35:34 WET [2025/01/29 12:35:34 ET]
Table 'Armisticia' 6-max Seat #5 is the button
Seat 3: worker0k ($100 in chips) is sitting out
Seat 1: MoRsCeReBruM ($100 in chips) 
Seat 2: Quahrino ($104.04 in chips) 
Seat 4: Aescul@pius ($101.50 in chips) 
Seat 5: hazz2960 ($100 in chips) 
Seat 6: shootingGRID ($100 in chips) 
shootingGRID: posts small blind $0.50
MoRsCeReBruM: posts big blind $1
worker0k: sits out 
*** HOLE CARDS ***
Quahrino: raises $1 to $2
Aescul@pius: folds 
hazz2960: folds 
shootingGRID: raises $10 to $12
MoRsCeReBruM: folds 
Quahrino: folds 
Uncalled bet ($10) returned to shootingGRID
shootingGRID collected $5 from pot
*** SUMMARY ***
Total pot $5 | Rake $0 
Seat 3: worker0k
Seat 1: MoRsCeReBruM (big blind) folded before Flop
Seat 2: Quahrino folded before Flop
Seat 4: Aescul@pius folded before Flop (didn't bet)
Seat 5: hazz2960 (button) folded before Flop (didn't bet)
Seat 6: shootingGRID (small blind) collected ($5)



PokerStars Hand #254608917098:  Hold'em No Limit ($0.50/$1.00 USD) - 2025/01/29 17:36:07 WET [2025/01/29 12:36:07 ET]
Table 'Armisticia' 6-max Seat #6 is the button
Seat 3: worker0k ($100 in chips) is sitting out
Seat 1: MoRsCeReBruM ($100 in chips) 
Seat 2: Quahrino ($102.04 in chips) 
Seat 4: Aescul@pius ($101.50 in chips) 
Seat 5: hazz2960 ($100 in chips) 
Seat 6: shootingGRID ($103 in chips) 
MoRsCeReBruM: posts small blind $0.50
Quahrino: posts big blind $1
worker0k: sits out 
*** HOLE CARDS ***
Aescul@pius: folds 
hazz2960: folds 
shootingGRID: raises $1.50 to $2.50
MoRsCeReBruM: folds 
Quahrino: folds 
Uncalled bet ($1.50) returned to shootingGRID
shootingGRID collected $2.50 from pot
*** SUMMARY ***
Total pot $2.50 | Rake $0 
Seat 3: worker0k
Seat 1: MoRsCeReBruM (small blind) folded before Flop
Seat 2: Quahrino (big blind) folded before Flop
Seat 4: Aescul@pius folded before Flop (didn't bet)
Seat 5: hazz2960 folded before Flop (didn't bet)
Seat 6: shootingGRID (button) collected ($2.50)



PokerStars Hand #254608921215:  Hold'em No Limit ($0.50/$1.00 USD) - 2025/01/29 17:36:23 WET [2025/01/29 12:36:23 ET]
Table 'Armisticia' 6-max Seat #1 is the button
Seat 1: MoRsCeReBruM ($100 in chips) 
Seat 2: Quahrino ($101.04 in chips) 
Seat 3: worker0k ($100 in chips) 
Seat 4: Aescul@pius ($101.50 in chips) 
Seat 5: hazz2960 ($100 in chips) 
Seat 6: shootingGRID ($104.50 in chips) 
Quahrino: posts small blind $0.50
worker0k: posts big blind $1
*** HOLE CARDS ***
Aescul@pius: folds 
hazz2960: folds 
shootingGRID: raises $1.25 to $2.25
MoRsCeReBruM: folds 
Quahrino: folds 
worker0k: raises $8.75 to $11
shootingGRID: folds 
Uncalled bet ($8.75) returned to worker0k
worker0k collected $5 from pot
*** SUMMARY ***
Total pot $5 | Rake $0 
Seat 1: MoRsCeReBruM (button) folded before Flop (didn't bet)
Seat 2: Quahrino (small blind) folded before Flop
Seat 3: worker0k (big blind) collected ($5)
Seat 4: Aescul@pius folded before Flop (didn't bet)
Seat 5: hazz2960 folded before Flop (didn't bet)
Seat 6: shootingGRID folded before Flop



PokerStars Hand #254608932003:  Hold'em No Limit ($0.50/$1.00 USD) - 2025/01/29 17:37:04 WET [2025/01/29 12:37:04 ET]
Table 'Armisticia' 6-max Seat #2 is the button
Seat 1: MoRsCeReBruM ($100 in chips) 
Seat 2: Quahrino ($100.54 in chips) 
Seat 3: worker0k ($102.75 in chips) 
Seat 4: Aescul@pius ($101.50 in chips) 
Seat 5: hazz2960 ($100 in chips) 
Seat 6: shootingGRID ($102.25 in chips) 
worker0k: posts small blind $0.50
Aescul@pius: posts big blind $1
*** HOLE CARDS ***
hazz2960: folds 
shootingGRID: folds 
MoRsCeReBruM: folds 
Quahrino: folds 
worker0k: folds 
Uncalled bet ($0.50) returned to Aescul@pius
Aescul@pius collected $1 from pot
Aescul@pius: doesn't show hand 
*** SUMMARY ***
Total pot $1 | Rake $0 
Seat 1: MoRsCeReBruM folded before Flop (didn't bet)
Seat 2: Quahrino (button) folded before Flop (didn't bet)
Seat 3: worker0k (small blind) folded before Flop
Seat 4: Aescul@pius (big blind) collected ($1)
Seat 5: hazz2960 folded before Flop (didn't bet)
Seat 6: shootingGRID folded before Flop (didn't bet)



PokerStars Hand #254608934725:  Hold'em No Limit ($0.50/$1.00 USD) - 2025/01/29 17:37:15 WET [2025/01/29 12:37:15 ET]
Table 'Armisticia' 6-max Seat #3 is the button
Seat 1: MoRsCeReBruM ($100 in chips) 
Seat 2: Quahrino ($100.54 in chips) 
Seat 3: worker0k ($102.25 in chips) 
Seat 4: Aescul@pius ($102 in chips) 
Seat 5: hazz2960 ($100 in chips) 
Seat 6: shootingGRID ($102.25 in chips) 
Aescul@pius: posts small blind $0.50
hazz2960: posts big blind $1
*** HOLE CARDS ***
shootingGRID: folds 
MoRsCeReBruM: folds 
Quahrino: folds 
worker0k: raises $1.30 to $2.30
Aescul@pius: folds 
hazz2960: calls $1.30
*** FLOP *** [7d 9s 6c]
hazz2960: checks 
worker0k: checks 
*** TURN *** [7d 9s 6c] [8h]
hazz2960: checks 
worker0k: checks 
*** RIVER *** [7d 9s 6c 8h] [3d]
hazz2960: bets $2.42
worker0k: folds 
Uncalled bet ($2.42) returned to hazz2960
hazz2960 collected $4.84 from pot
*** SUMMARY ***
Total pot $5.10 | Rake $0.26 
Board [7d 9s 6c 8h 3d]
Seat 1: MoRsCeReBruM folded before Flop (didn't bet)
Seat 2: Quahrino folded before Flop (didn't bet)
Seat 3: worker0k (button) folded on the River
Seat 4: Aescul@pius (small blind) folded before Flop
Seat 5: hazz2960 (big blind) collected ($4.84)
Seat 6: shootingGRID folded before Flop (didn't bet)



PokerStars Hand #254608943836:  Hold'em No Limit ($0.50/$1.00 USD) - 2025/01/29 17:37:50 WET [2025/01/29 12:37:50 ET]
Table 'Armisticia' 6-max Seat #4 is the button
Seat 1: MoRsCeReBruM ($100 in chips) 
Seat 2: Quahrino ($100.54 in chips) 
Seat 3: worker0k ($100 in chips) 
Seat 4: Aescul@pius ($101.50 in chips) 
Seat 5: hazz2960 ($102.54 in chips) 
Seat 6: shootingGRID ($102.25 in chips) 
hazz2960: posts small blind $0.50
shootingGRID: posts big blind $1
*** HOLE CARDS ***
MoRsCeReBruM: folds 
Quahrino: folds 
worker0k: folds 
Aescul@pius: raises $1.50 to $2.50
hazz2960: folds 
shootingGRID: folds 
Uncalled bet ($1.50) returned to Aescul@pius
Aescul@pius collected $2.50 from pot
Aescul@pius: doesn't show hand 
*** SUMMARY ***
Total pot $2.50 | Rake $0 
Seat 1: MoRsCeReBruM folded before Flop (didn't bet)
Seat 2: Quahrino folded before Flop (didn't bet)
Seat 3: worker0k folded before Flop (didn't bet)
Seat 4: Aescul@pius (button) collected ($2.50)
Seat 5: hazz2960 (small blind) folded before Flop
Seat 6: shootingGRID (big blind) folded before Flop



PokerStars Hand #254608948946:  Hold'em No Limit ($0.50/$1.00 USD) - 2025/01/29 17:38:10 WET [2025/01/29 12:38:10 ET]
Table 'Armisticia' 6-max Seat #5 is the button
Seat 1: MoRsCeReBruM ($100 in chips) is sitting out
Seat 2: Quahrino ($100.54 in chips) 
Seat 3: worker0k ($100 in chips) 
Seat 4: Aescul@pius ($103 in chips) 
Seat 5: hazz2960 ($102.04 in chips) 
Seat 6: shootingGRID ($101.25 in chips) 
shootingGRID: posts small blind $0.50
MoRsCeReBruM: is sitting out 
Quahrino: posts big blind $1
*** HOLE CARDS ***
worker0k: folds 
MoRsCeReBruM leaves the table
worker0k leaves the table
nicofellow joins the table at seat #1 
Aescul@pius: raises $1.20 to $2.20
hazz2960: folds 
shootingGRID: folds 
Quahrino: folds 
Uncalled bet ($1.20) returned to Aescul@pius
Aescul@pius collected $2.50 from pot
Aescul@pius: doesn't show hand 
*** SUMMARY ***
Total pot $2.50 | Rake $0 
Seat 1: MoRsCeReBruM
Seat 2: Quahrino (big blind) folded before Flop
Seat 3: worker0k folded before Flop (didn't bet)
Seat 4: Aescul@pius collected ($2.50)
Seat 5: hazz2960 (button) folded before Flop (didn't bet)
Seat 6: shootingGRID (small blind) folded before Flop



PokerStars Hand #254608953622:  Hold'em No Limit ($0.50/$1.00 USD) - 2025/01/29 17:38:28 WET [2025/01/29 12:38:28 ET]
Table 'Armisticia' 6-max Seat #6 is the button
Seat 1: nicofellow ($100 in chips) is sitting out
Seat 2: Quahrino ($100 in chips) 
Seat 4: Aescul@pius ($104.50 in chips) 
Seat 5: hazz2960 ($102.04 in chips) 
Seat 6: shootingGRID ($100.75 in chips) 
Quahrino: posts small blind $0.50
Aescul@pius: posts big blind $1
*** HOLE CARDS ***
S3MPR3IGUAL joins the table at seat #3 
hazz2960: raises $1 to $2
shootingGRID: folds 
Quahrino: folds 
Aescul@pius: folds 
Uncalled bet ($1) returned to hazz2960
hazz2960 collected $2.50 from pot
*** SUMMARY ***
Total pot $2.50 | Rake $0 
Seat 1: nicofellow
Seat 2: Quahrino (small blind) folded before Flop
Seat 4: Aescul@pius (big blind) folded before Flop
Seat 5: hazz2960 collected ($2.50)
Seat 6: shootingGRID (button) folded before Flop (didn't bet)



PokerStars Hand #254608956978:  Hold'em No Limit ($0.50/$1.00 USD) - 2025/01/29 17:38:41 WET [2025/01/29 12:38:41 ET]
Table 'Armisticia' 6-max Seat #2 is the button
Seat 1: nicofellow ($100 in chips) is sitting out
Seat 3: S3MPR3IGUAL ($100 in chips) is sitting out
Seat 2: Quahrino ($100 in chips) 
Seat 4: Aescul@pius ($103.50 in chips) 
Seat 5: hazz2960 ($103.54 in chips) 
Seat 6: shootingGRID ($100.75 in chips) 
Aescul@pius: posts small blind $0.50
hazz2960: posts big blind $1
nicofellow: sits out 
*** HOLE CARDS ***
shootingGRID: folds 
Quahrino: raises $1.50 to $2.50
Aescul@pius: raises $7.50 to $10
hazz2960: folds 
Quahrino: raises $13 to $23
Aescul@pius: folds 
Uncalled bet ($13) returned to Quahrino
Quahrino collected $21 from pot
Quahrino: doesn't show hand 
*** SUMMARY ***
Total pot $21 | Rake $0 
Seat 1: nicofellow
Seat 3: S3MPR3IGUAL
Seat 2: Quahrino (button) collected ($21)
Seat 4: Aescul@pius (small blind) folded before Flop
Seat 5: hazz2960 (big blind) folded before Flop
Seat 6: shootingGRID folded before Flop (didn't bet)



PokerStars Hand #254608968078:  Hold'em No Limit ($0.50/$1.00 USD) - 2025/01/29 17:39:24 WET [2025/01/29 12:39:24 ET]
Table 'Armisticia' 6-max Seat #4 is the button
Seat 1: nicofellow ($100 in chips) is sitting out
Seat 3: S3MPR3IGUAL ($100 in chips) is sitting out
Seat 2: Quahrino ($111 in chips) 
Seat 4: Aescul@pius ($100 in chips) 
Seat 5: hazz2960 ($102.54 in chips) 
Seat 6: shootingGRID ($100.75 in chips) 
hazz2960: posts small blind $0.50
shootingGRID: posts big blind $1
nicofellow: sits out 
S3MPR3IGUAL: sits out 
*** HOLE CARDS ***
Quahrino: folds 
Aescul@pius: folds 
hazz2960: folds 
Uncalled bet ($0.50) returned to shootingGRID
shootingGRID collected $1 from pot
*** SUMMARY ***
Total pot $1 | Rake $0 
Seat 1: nicofellow
Seat 3: S3MPR3IGUAL
Seat 2: Quahrino folded before Flop (didn't bet)
Seat 4: Aescul@pius (button) folded before Flop (didn't bet)
Seat 5: hazz2960 (small blind) folded before Flop
Seat 6: shootingGRID (big blind) collected ($1)



PokerStars Hand #254608970351:  Hold'em No Limit ($0.50/$1.00 USD) - 2025/01/29 17:39:33 WET [2025/01/29 12:39:33 ET]
Table 'Armisticia' 6-max Seat #5 is the button
Seat 3: S3MPR3IGUAL ($100 in chips) is sitting out
Seat 1: nicofellow ($100 in chips) 
Seat 2: Quahrino ($111 in chips) 
Seat 4: Aescul@pius ($100 in chips) 
Seat 5: hazz2960 ($102.04 in chips) 
Seat 6: shootingGRID ($101.25 in chips) 
shootingGRID: posts small blind $0.50
nicofellow: posts big blind $1
S3MPR3IGUAL: sits out 
*** HOLE CARDS ***
Quahrino: folds 
Aescul@pius: folds 
hazz2960: folds 
shootingGRID: raises $1.25 to $2.25
nicofellow: raises $5.75 to $8
shootingGRID: folds 
Uncalled bet ($5.75) returned to nicofellow
nicofellow collected $4.50 from pot
nicofellow: doesn't show hand 
*** SUMMARY ***
Total pot $4.50 | Rake $0 
Seat 3: S3MPR3IGUAL
Seat 1: nicofellow (big blind) collected ($4.50)
Seat 2: Quahrino folded before Flop (didn't bet)
Seat 4: Aescul@pius folded before Flop (didn't bet)
Seat 5: hazz2960 (button) folded before Flop (didn't bet)
Seat 6: shootingGRID (small blind) folded before Flop



PokerStars Hand #254608977670:  Hold'em No Limit ($0.50/$1.00 USD) - 2025/01/29 17:40:01 WET [2025/01/29 12:40:01 ET]
Table 'Armisticia' 6-max Seat #6 is the button
Seat 3: S3MPR3IGUAL ($100 in chips) is sitting out
Seat 1: nicofellow ($102.25 in chips) 
Seat 2: Quahrino ($111 in chips) 
Seat 4: Aescul@pius ($100 in chips) 
Seat 5: hazz2960 ($102.04 in chips) 
Seat 6: shootingGRID ($100 in chips) 
nicofellow: posts small blind $0.50
Quahrino: posts big blind $1
S3MPR3IGUAL: sits out 
*** HOLE CARDS ***
Aescul@pius: folds 
hazz2960: raises $1 to $2
shootingGRID: folds 
nicofellow: folds 
Quahrino: calls $1
*** FLOP *** [Td Qh Qc]
Quahrino: checks 
hazz2960: bets $2
Quahrino: folds 
Uncalled bet ($2) returned to hazz2960
hazz2960 collected $4.28 from pot
*** SUMMARY ***
Total pot $4.50 | Rake $0.22 
Board [Td Qh Qc]
Seat 3: S3MPR3IGUAL
Seat 1: nicofellow (small blind) folded before Flop
Seat 2: Quahrino (big blind) folded on the Flop
Seat 4: Aescul@pius folded before Flop (didn't bet)
Seat 5: hazz2960 collected ($4.28)
Seat 6: shootingGRID (button) folded before Flop (didn't bet)



PokerStars Hand #254608983488:  Hold'em No Limit ($0.50/$1.00 USD) - 2025/01/29 17:40:24 WET [2025/01/29 12:40:24 ET]
Table 'Armisticia' 6-max Seat #1 is the button
Seat 1: nicofellow ($101.75 in chips) 
Seat 2: Quahrino ($109 in chips) 
Seat 3: S3MPR3IGUAL ($100 in chips) 
Seat 4: Aescul@pius ($100 in chips) 
Seat 5: hazz2960 ($104.32 in chips) 
Seat 6: shootingGRID ($100 in chips) 
Quahrino: posts small blind $0.50
S3MPR3IGUAL: posts big blind $1
*** HOLE CARDS ***
Aescul@pius: folds 
hazz2960: raises $1 to $2
shootingGRID: folds 
nicofellow: folds 
Quahrino: folds 
S3MPR3IGUAL: raises $7 to $9
hazz2960: calls $7
*** FLOP *** [Qs Ts Kc]
S3MPR3IGUAL: bets $8.80
hazz2960: calls $8.80
*** TURN *** [Qs Ts Kc] [Kh]
S3MPR3IGUAL: bets $22.64
hazz2960: folds 
Uncalled bet ($22.64) returned to S3MPR3IGUAL
S3MPR3IGUAL collected $34.30 from pot
S3MPR3IGUAL: doesn't show hand 
*** SUMMARY ***
Total pot $36.10 | Rake $1.80 
Board [Qs Ts Kc Kh]
Seat 1: nicofellow (button) folded before Flop (didn't bet)
Seat 2: Quahrino (small blind) folded before Flop
Seat 3: S3MPR3IGUAL (big blind) collected ($34.30)
Seat 4: Aescul@pius folded before Flop (didn't bet)
Seat 5: hazz2960 folded on the Turn
Seat 6: shootingGRID folded before Flop (didn't bet)



PokerStars Hand #254608995601:  Hold'em No Limit ($0.50/$1.00 USD) - 2025/01/29 17:41:11 WET [2025/01/29 12:41:11 ET]
Table 'Armisticia' 6-max Seat #2 is the button
Seat 1: nicofellow ($101.75 in chips) 
Seat 2: Quahrino ($108.50 in chips) 
Seat 3: S3MPR3IGUAL ($116.50 in chips) 
Seat 4: Aescul@pius ($100 in chips) 
Seat 5: hazz2960 ($86.52 in chips) 
Seat 6: shootingGRID ($100 in chips) 
S3MPR3IGUAL: posts small blind $0.50
Aescul@pius: posts big blind $1
*** HOLE CARDS ***
hazz2960: folds 
shootingGRID: folds 
nicofellow: folds 
Quahrino: folds 
S3MPR3IGUAL: folds 
Uncalled bet ($0.50) returned to Aescul@pius
Aescul@pius collected $1 from pot
Aescul@pius: doesn't show hand 
*** SUMMARY ***
Total pot $1 | Rake $0 
Seat 1: nicofellow folded before Flop (didn't bet)
Seat 2: Quahrino (button) folded before Flop (didn't bet)
Seat 3: S3MPR3IGUAL (small blind) folded before Flop
Seat 4: Aescul@pius (big blind) collected ($1)
Seat 5: hazz2960 folded before Flop (didn't bet)
Seat 6: shootingGRID folded before Flop (didn't bet)



PokerStars Hand #254608999474:  Hold'em No Limit ($0.50/$1.00 USD) - 2025/01/29 17:41:26 WET [2025/01/29 12:41:26 ET]
Table 'Armisticia' 6-max Seat #3 is the button
Seat 1: nicofellow ($101.75 in chips) 
Seat 2: Quahrino ($108.50 in chips) 
Seat 3: S3MPR3IGUAL ($116 in chips) 
Seat 4: Aescul@pius ($100.50 in chips) 
Seat 5: hazz2960 ($86.52 in chips) 
Seat 6: shootingGRID ($100 in chips) 
Aescul@pius: posts small blind $0.50
hazz2960: posts big blind $1
*** HOLE CARDS ***
shootingGRID: folds 
nicofellow: folds 
Quahrino: raises $1.30 to $2.30
S3MPR3IGUAL: folds 
Aescul@pius: folds 
hazz2960: calls $1.30
*** FLOP *** [5s 2h Ts]
hazz2960: checks 
Quahrino: checks 
*** TURN *** [5s 2h Ts] [8d]
hazz2960: bets $3
Quahrino: calls $3
*** RIVER *** [5s 2h Ts 8d] [Ad]
hazz2960: bets $9.54
Quahrino: calls $9.54
*** SHOW DOWN ***
hazz2960: shows [Ac 7d] (a pair of Aces)
Quahrino: mucks hand 
hazz2960 collected $28.67 from pot
*** SUMMARY ***
Total pot $30.18 | Rake $1.51 
Board [5s 2h Ts 8d Ad]
Seat 1: nicofellow folded before Flop (didn't bet)
Seat 2: Quahrino mucked
Seat 3: S3MPR3IGUAL (button) folded before Flop (didn't bet)
Seat 4: Aescul@pius (small blind) folded before Flop
Seat 5: hazz2960 (big blind) showed [Ac 7d] and won ($28.67) with a pair of Aces
Seat 6: shootingGRID folded before Flop (didn't bet)



PokerStars Hand #254609009721:  Hold'em No Limit ($0.50/$1.00 USD) - 2025/01/29 17:42:05 WET [2025/01/29 12:42:05 ET]
Table 'Armisticia' 6-max Seat #4 is the button
Seat 1: nicofellow ($101.75 in chips) 
Seat 2: Quahrino ($100 in chips) 
Seat 3: S3MPR3IGUAL ($116 in chips) 
Seat 4: Aescul@pius ($100 in chips) 
Seat 5: hazz2960 ($100.35 in chips) 
Seat 6: shootingGRID ($100 in chips) 
hazz2960: posts small blind $0.50
shootingGRID: posts big blind $1
*** HOLE CARDS ***
nicofellow: raises $1 to $2
Quahrino: folds 
S3MPR3IGUAL: folds 
Aescul@pius: folds 
hazz2960: folds 
shootingGRID: calls $1
*** FLOP *** [Qs 4h 7d]
shootingGRID: checks 
nicofellow: checks 
*** TURN *** [Qs 4h 7d] [9s]
shootingGRID: bets $2.82
nicofellow: folds 
Uncalled bet ($2.82) returned to shootingGRID
shootingGRID collected $4.28 from pot
*** SUMMARY ***
Total pot $4.50 | Rake $0.22 
Board [Qs 4h 7d 9s]
Seat 1: nicofellow folded on the Turn
Seat 2: Quahrino folded before Flop (didn't bet)
Seat 3: S3MPR3IGUAL folded before Flop (didn't bet)
Seat 4: Aescul@pius (button) folded before Flop (didn't bet)
Seat 5: hazz2960 (small blind) folded before Flop
Seat 6: shootingGRID (big blind) collected ($4.28)



PokerStars Hand #254609021570:  Hold'em No Limit ($0.50/$1.00 USD) - 2025/01/29 17:42:52 WET [2025/01/29 12:42:52 ET]
Table 'Armisticia' 6-max Seat #5 is the button
Seat 1: nicofellow ($100 in chips) 
Seat 2: Quahrino ($100 in chips) 
Seat 3: S3MPR3IGUAL ($116 in chips) 
Seat 4: Aescul@pius ($100 in chips) 
Seat 5: hazz2960 ($99.85 in chips) 
Seat 6: shootingGRID ($102.28 in chips) 
shootingGRID: posts small blind $0.50
nicofellow: posts big blind $1
*** HOLE CARDS ***
Quahrino: raises $1 to $2
S3MPR3IGUAL: folds 
Aescul@pius: folds 
hazz2960: folds 
shootingGRID: folds 
nicofellow: calls $1
*** FLOP *** [9h Qd 8c]
nicofellow: checks 
Quahrino: bets $1.07
nicofellow: calls $1.07
*** TURN *** [9h Qd 8c] [4c]
nicofellow: checks 
Quahrino: checks 
*** RIVER *** [9h Qd 8c 4c] [Td]
nicofellow: bets $3.41
Quahrino: folds 
Uncalled bet ($3.41) returned to nicofellow
nicofellow collected $6.31 from pot
nicofellow: doesn't show hand 
*** SUMMARY ***
Total pot $6.64 | Rake $0.33 
Board [9h Qd 8c 4c Td]
Seat 1: nicofellow (big blind) collected ($6.31)
Seat 2: Quahrino folded on the River
Seat 3: S3MPR3IGUAL folded before Flop (didn't bet)
Seat 4: Aescul@pius folded before Flop (didn't bet)
Seat 5: hazz2960 (button) folded before Flop (didn't bet)
Seat 6: shootingGRID (small blind) folded before Flop



PokerStars Hand #254609038000:  Hold'em No Limit ($0.50/$1.00 USD) - 2025/01/29 17:43:55 WET [2025/01/29 12:43:55 ET]
Table 'Armisticia' 6-max Seat #6 is the button
Seat 1: nicofellow ($103.24 in chips) 
Seat 2: Quahrino ($100 in chips) 
Seat 3: S3MPR3IGUAL ($116 in chips) 
Seat 4: Aescul@pius ($100 in chips) 
Seat 5: hazz2960 ($99.85 in chips) 
Seat 6: shootingGRID ($101.78 in chips) 
nicofellow: posts small blind $0.50
Quahrino: posts big blind $1
*** HOLE CARDS ***
S3MPR3IGUAL: folds 
Aescul@pius: folds 
hazz2960: folds 
shootingGRID: raises $1.50 to $2.50
nicofellow: folds 
Quahrino: folds 
Uncalled bet ($1.50) returned to shootingGRID
shootingGRID collected $2.50 from pot
*** SUMMARY ***
Total pot $2.50 | Rake $0 
Seat 1: nicofellow (small blind) folded before Flop
Seat 2: Quahrino (big blind) folded before Flop
Seat 3: S3MPR3IGUAL folded before Flop (didn't bet)
Seat 4: Aescul@pius folded before Flop (didn't bet)
Seat 5: hazz2960 folded before Flop (didn't bet)
Seat 6: shootingGRID (button) collected ($2.50)



PokerStars Hand #254609043345:  Hold'em No Limit ($0.50/$1.00 USD) - 2025/01/29 17:44:16 WET [2025/01/29 12:44:16 ET]
Table 'Armisticia' 6-max Seat #1 is the button
Seat 1: nicofellow ($102.74 in chips) 
Seat 2: Quahrino ($100 in chips) 
Seat 3: S3MPR3IGUAL ($116 in chips) 
Seat 4: Aescul@pius ($100 in chips) 
Seat 5: hazz2960 ($99.85 in chips) 
Seat 6: shootingGRID ($103.28 in chips) 
Quahrino: posts small blind $0.50
S3MPR3IGUAL: posts big blind $1
*** HOLE CARDS ***
Aescul@pius: folds 
hazz2960: folds 
shootingGRID: raises $1.25 to $2.25
nicofellow: folds 
Quahrino: folds 
S3MPR3IGUAL: folds 
Uncalled bet ($1.25) returned to shootingGRID
shootingGRID collected $2.50 from pot
*** SUMMARY ***
Total pot $2.50 | Rake $0 
Seat 1: nicofellow (button) folded before Flop (didn't bet)
Seat 2: Quahrino (small blind) folded before Flop
Seat 3: S3MPR3IGUAL (big blind) folded before Flop
Seat 4: Aescul@pius folded before Flop (didn't bet)
Seat 5: hazz2960 folded before Flop (didn't bet)
Seat 6: shootingGRID collected ($2.50)



PokerStars Hand #254609048484:  Hold'em No Limit ($0.50/$1.00 USD) - 2025/01/29 17:44:36 WET [2025/01/29 12:44:36 ET]
Table 'Armisticia' 6-max Seat #2 is the button
Seat 1: nicofellow ($102.74 in chips) 
Seat 2: Quahrino ($100 in chips) 
Seat 3: S3MPR3IGUAL ($115 in chips) 
Seat 4: Aescul@pius ($100 in chips) 
Seat 5: hazz2960 ($99.85 in chips) 
Seat 6: shootingGRID ($104.78 in chips) 
S3MPR3IGUAL: posts small blind $0.50
Aescul@pius: posts big blind $1
*** HOLE CARDS ***
hazz2960: folds 
shootingGRID: raises $1.25 to $2.25
nicofellow: folds 
Quahrino: folds 
S3MPR3IGUAL: raises $8.75 to $11
Aescul@pius: folds 
shootingGRID: calls $8.75
*** FLOP *** [7h 5h 5s]
S3MPR3IGUAL: bets $16.43
shootingGRID: calls $16.43
*** TURN *** [7h 5h 5s] [As]
S3MPR3IGUAL: checks 
shootingGRID: checks 
*** RIVER *** [7h 5h 5s As] [Qc]
S3MPR3IGUAL: checks 
shootingGRID: checks 
*** SHOW DOWN ***
S3MPR3IGUAL: shows [Jd Jh] (two pair, Jacks and Fives)
shootingGRID: mucks hand 
S3MPR3IGUAL collected $53.36 from pot
*** SUMMARY ***
Total pot $55.86 | Rake $2.50 
Board [7h 5h 5s As Qc]
Seat 1: nicofellow folded before Flop (didn't bet)
Seat 2: Quahrino (button) folded before Flop (didn't bet)
Seat 3: S3MPR3IGUAL (small blind) showed [Jd Jh] and won ($53.36) with two pair, Jacks and Fives
Seat 4: Aescul@pius (big blind) folded before Flop
Seat 5: hazz2960 folded before Flop (didn't bet)
Seat 6: shootingGRID mucked



PokerStars Hand #254609074747:  Hold'em No Limit ($0.50/$1.00 USD) - 2025/01/29 17:46:18 WET [2025/01/29 12:46:18 ET]
Table 'Armisticia' 6-max Seat #3 is the button
Seat 1: nicofellow ($102.74 in chips) 
Seat 2: Quahrino ($100 in chips) 
Seat 3: S3MPR3IGUAL ($140.93 in chips) 
Seat 4: Aescul@pius ($100 in chips) 
Seat 5: hazz2960 ($99.85 in chips) 
Seat 6: shootingGRID ($100 in chips) 
Aescul@pius: posts small blind $0.50
hazz2960: posts big blind $1
*** HOLE CARDS ***
shootingGRID: folds 
nicofellow: raises $1 to $2
Quahrino: folds 
S3MPR3IGUAL: folds 
Aescul@pius: folds 
hazz2960: calls $1
*** FLOP *** [Qd Ac 2c]
hazz2960: checks 
nicofellow: checks 
*** TURN *** [Qd Ac 2c] [Ah]
hazz2960: checks 
nicofellow: checks 
*** RIVER *** [Qd Ac 2c Ah] [8h]
hazz2960: checks 
nicofellow: bets $2.31
hazz2960: calls $2.31
*** SHOW DOWN ***
nicofellow: shows [Jh Qs] (two pair, Aces and Queens)
hazz2960: mucks hand 
nicofellow collected $8.66 from pot
*** SUMMARY ***
Total pot $9.12 | Rake $0.46 
Board [Qd Ac 2c Ah 8h]
Seat 1: nicofellow showed [Jh Qs] and won ($8.66) with two pair, Aces and Queens
Seat 2: Quahrino folded before Flop (didn't bet)
Seat 3: S3MPR3IGUAL (button) folded before Flop (didn't bet)
Seat 4: Aescul@pius (small blind) folded before Flop
Seat 5: hazz2960 (big blind) mucked
Seat 6: shootingGRID folded before Flop (didn't bet)



PokerStars Hand #254609085456:  Hold'em No Limit ($0.50/$1.00 USD) - 2025/01/29 17:47:00 WET [2025/01/29 12:47:00 ET]
Table 'Armisticia' 6-max Seat #4 is the button
Seat 1: nicofellow ($107.09 in chips) 
Seat 2: Quahrino ($100 in chips) 
Seat 3: S3MPR3IGUAL ($140.93 in chips) 
Seat 4: Aescul@pius ($100 in chips) 
Seat 5: hazz2960 ($95.54 in chips) 
Seat 6: shootingGRID ($100 in chips) 
hazz2960: posts small blind $0.50
shootingGRID: posts big blind $1
*** HOLE CARDS ***
nicofellow: folds 
Quahrino: folds 
S3MPR3IGUAL: raises $1.20 to $2.20
Aescul@pius: folds 
hazz2960: calls $1.70
shootingGRID: folds 
*** FLOP *** [3d 7h Js]
hazz2960: checks 
S3MPR3IGUAL: checks 
*** TURN *** [3d 7h Js] [5s]
hazz2960: checks 
S3MPR3IGUAL: bets $3.39
hazz2960: calls $3.39
*** RIVER *** [3d 7h Js 5s] [Kh]
hazz2960: checks 
S3MPR3IGUAL: bets $17.40
hazz2960: folds 
Uncalled bet ($17.40) returned to S3MPR3IGUAL
S3MPR3IGUAL collected $11.57 from pot
S3MPR3IGUAL: doesn't show hand 
*** SUMMARY ***
Total pot $12.18 | Rake $0.61 
Board [3d 7h Js 5s Kh]
Seat 1: nicofellow folded before Flop (didn't bet)
Seat 2: Quahrino folded before Flop (didn't bet)
Seat 3: S3MPR3IGUAL collected ($11.57)
Seat 4: Aescul@pius (button) folded before Flop (didn't bet)
Seat 5: hazz2960 (small blind) folded on the River
Seat 6: shootingGRID (big blind) folded before Flop



PokerStars Hand #254609098307:  Hold'em No Limit ($0.50/$1.00 USD) - 2025/01/29 17:47:49 WET [2025/01/29 12:47:49 ET]
Table 'Armisticia' 6-max Seat #5 is the button
Seat 1: nicofellow ($107.09 in chips) 
Seat 2: Quahrino ($100 in chips) 
Seat 3: S3MPR3IGUAL ($146.91 in chips) 
Seat 4: Aescul@pius ($100 in chips) 
Seat 5: hazz2960 ($89.95 in chips) 
Seat 6: shootingGRID ($100 in chips) 
shootingGRID: posts small blind $0.50
nicofellow: posts big blind $1
*** HOLE CARDS ***
Quahrino: folds 
S3MPR3IGUAL: folds 
Aescul@pius: raises $1 to $2
hazz2960: folds 
shootingGRID: folds 
nicofellow: raises $9 to $11
Aescul@pius: raises $12 to $23
nicofellow: folds 
Uncalled bet ($12) returned to Aescul@pius
Aescul@pius collected $22.50 from pot
Aescul@pius: doesn't show hand 
*** SUMMARY ***
Total pot $22.50 | Rake $0 
Seat 1: nicofellow (big blind) folded before Flop
Seat 2: Quahrino folded before Flop (didn't bet)
Seat 3: S3MPR3IGUAL folded before Flop (didn't bet)
Seat 4: Aescul@pius collected ($22.50)
Seat 5: hazz2960 (button) folded before Flop (didn't bet)
Seat 6: shootingGRID (small blind) folded before Flop



PokerStars Hand #254609114072:  Hold'em No Limit ($0.50/$1.00 USD) - 2025/01/29 17:48:50 WET [2025/01/29 12:48:50 ET]
Table 'Armisticia' 6-max Seat #6 is the button
Seat 5: hazz2960 ($89.95 in chips) is sitting out
Seat 1: nicofellow ($100 in chips) 
Seat 2: Quahrino ($100 in chips) 
Seat 3: S3MPR3IGUAL ($146.91 in chips) 
Seat 4: Aescul@pius ($111.50 in chips) 
Seat 6: shootingGRID ($100 in chips) 
nicofellow: posts small blind $0.50
Quahrino: posts big blind $1
*** HOLE CARDS ***
S3MPR3IGUAL: folds 
Aescul@pius: folds 
shootingGRID: raises $1.50 to $2.50
nicofellow: folds 
Quahrino: folds 
Uncalled bet ($1.50) returned to shootingGRID
shootingGRID collected $2.50 from pot
*** SUMMARY ***
Total pot $2.50 | Rake $0 
Seat 5: hazz2960
Seat 1: nicofellow (small blind) folded before Flop
Seat 2: Quahrino (big blind) folded before Flop
Seat 3: S3MPR3IGUAL folded before Flop (didn't bet)
Seat 4: Aescul@pius folded before Flop (didn't bet)
Seat 6: shootingGRID (button) collected ($2.50)



PokerStars Hand #254609119090:  Hold'em No Limit ($0.50/$1.00 USD) - 2025/01/29 17:49:08 WET [2025/01/29 12:49:08 ET]
Table 'Armisticia' 6-max Seat #1 is the button
Seat 3: S3MPR3IGUAL ($146.91 in chips) is sitting out
Seat 5: hazz2960 ($89.95 in chips) is sitting out
Seat 1: nicofellow ($100 in chips) 
Seat 2: Quahrino ($100 in chips) 
Seat 4: Aescul@pius ($111.50 in chips) 
Seat 6: shootingGRID ($101.50 in chips) 
Quahrino: posts small blind $0.50
S3MPR3IGUAL: is sitting out 
Aescul@pius: posts big blind $1
*** HOLE CARDS ***
hazz2960 is disconnected 
shootingGRID: raises $1.25 to $2.25
nicofellow: folds 
Quahrino: folds 
Aescul@pius: folds 
Uncalled bet ($1.25) returned to shootingGRID
shootingGRID collected $2.50 from pot
*** SUMMARY ***
Total pot $2.50 | Rake $0 
Seat 3: S3MPR3IGUAL
Seat 5: hazz2960
Seat 1: nicofellow (button) folded before Flop (didn't bet)
Seat 2: Quahrino (small blind) folded before Flop
Seat 4: Aescul@pius (big blind) folded before Flop
Seat 6: shootingGRID collected ($2.50)



PokerStars Hand #254609125892:  Hold'em No Limit ($0.50/$1.00 USD) - 2025/01/29 17:49:35 WET [2025/01/29 12:49:35 ET]
Table 'Armisticia' 6-max Seat #2 is the button
Seat 3: S3MPR3IGUAL ($146.91 in chips) is sitting out
Seat 5: hazz2960 ($89.95 in chips) is sitting out
Seat 1: nicofellow ($100 in chips) 
Seat 2: Quahrino ($100 in chips) 
Seat 4: Aescul@pius ($110.50 in chips) 
Seat 6: shootingGRID ($103 in chips) 
Aescul@pius: posts small blind $0.50
shootingGRID: posts big blind $1
*** HOLE CARDS ***
nicofellow: raises $1.20 to $2.20
Quahrino: folds 
Aescul@pius: folds 
shootingGRID: calls $1.20
*** FLOP *** [7c 8h Ks]
shootingGRID: checks 
nicofellow: checks 
*** TURN *** [7c 8h Ks] [Jd]
shootingGRID: checks 
nicofellow: checks 
*** RIVER *** [7c 8h Ks Jd] [Js]
shootingGRID: checks 
nicofellow: checks 
*** SHOW DOWN ***
shootingGRID: shows [5c Ac] (a pair of Jacks)
nicofellow: mucks hand 
shootingGRID collected $4.66 from pot
*** SUMMARY ***
Total pot $4.90 | Rake $0.24 
Board [7c 8h Ks Jd Js]
Seat 3: S3MPR3IGUAL
Seat 5: hazz2960
Seat 1: nicofellow mucked
Seat 2: Quahrino (button) folded before Flop (didn't bet)
Seat 4: Aescul@pius (small blind) folded before Flop
Seat 6: shootingGRID (big blind) showed [5c Ac] and won ($4.66) with a pair of Jacks



PokerStars Hand #254609148528:  Hold'em No Limit ($0.50/$1.00 USD) - 2025/01/29 17:51:02 WET [2025/01/29 12:51:02 ET]
Table 'Armisticia' 6-max Seat #4 is the button
Seat 3: S3MPR3IGUAL ($146.91 in chips) is sitting out
Seat 5: hazz2960 ($89.95 in chips) is sitting out
Seat 1: nicofellow ($100 in chips) 
Seat 2: Quahrino ($100 in chips) 
Seat 4: Aescul@pius ($110 in chips) 
Seat 6: shootingGRID ($105.46 in chips) 
shootingGRID: posts small blind $0.50
nicofellow: posts big blind $1
*** HOLE CARDS ***
Quahrino: folds 
S3MPR3IGUAL leaves the table
Aescul@pius: raises $1.50 to $2.50
shootingGRID: folds 
nicofellow: folds 
Uncalled bet ($1.50) returned to Aescul@pius
Aescul@pius collected $2.50 from pot
Aescul@pius: doesn't show hand 
*** SUMMARY ***
Total pot $2.50 | Rake $0 
Seat 3: S3MPR3IGUAL
Seat 5: hazz2960
Seat 1: nicofellow (big blind) folded before Flop
Seat 2: Quahrino folded before Flop (didn't bet)
Seat 4: Aescul@pius (button) collected ($2.50)
Seat 6: shootingGRID (small blind) folded before Flop



PokerStars Hand #254609278019:  Hold'em No Limit ($0.50/$1.00 USD) - 2025/01/29 18:00:45 WET [2025/01/29 13:00:45 ET]
Table 'Armisticia' 6-max Seat #2 is the button
Seat 1: nicofellow ($100 in chips) 
Seat 2: Quahrino ($116.20 in chips) 
Seat 3: DJNezz ($117.97 in chips) 
Seat 4: Aescul@pius ($101.50 in chips) 
Seat 6: shootingGRID ($116.21 in chips) 
DJNezz: posts small blind $0.50
Aescul@pius: posts big blind $1
*** HOLE CARDS ***
shootingGRID: folds 
nicofellow: folds 
Quahrino: raises $1.50 to $2.50
DJNezz: folds 
Aescul@pius: calls $1.50
*** FLOP *** [7c Qs 6s]
Aescul@pius: checks 
Quahrino: bets $1.31
Aescul@pius: calls $1.31
*** TURN *** [7c Qs 6s] [6h]
Aescul@pius: bets $3.85
Quahrino: calls $3.85
*** RIVER *** [7c Qs 6s 6h] [4d]
Aescul@pius: checks 
Quahrino: bets $7.52
Aescul@pius: calls $7.52
*** SHOW DOWN ***
Quahrino: shows [Kh Qc] (two pair, Queens and Sixes)
Aescul@pius: mucks hand 
Quahrino collected $29.32 from pot
*** SUMMARY ***
Total pot $30.86 | Rake $1.54 
Board [7c Qs 6s 6h 4d]
Seat 1: nicofellow folded before Flop (didn't bet)
Seat 2: Quahrino (button) showed [Kh Qc] and won ($29.32) with two pair, Queens and Sixes
Seat 3: DJNezz (small blind) folded before Flop
Seat 4: Aescul@pius (big blind) mucked
Seat 6: shootingGRID folded before Flop (didn't bet)



PokerStars Hand #254609304636:  Hold'em No Limit ($0.50/$1.00 USD) - 2025/01/29 18:02:34 WET [2025/01/29 13:02:34 ET]
Table 'Armisticia' 6-max Seat #3 is the button
Seat 6: shootingGRID ($116.21 in chips) is sitting out
Seat 1: nicofellow ($100 in chips) 
Seat 2: Quahrino ($130.34 in chips) 
Seat 3: DJNezz ($117.47 in chips) 
Seat 4: Aescul@pius ($100 in chips) 
Aescul@pius: posts small blind $0.50
shootingGRID: is sitting out 
nicofellow: posts big blind $1
*** HOLE CARDS ***
Quahrino: raises $1.30 to $2.30
DJNezz: folds 
Aescul@pius: raises $8.70 to $11
nicofellow: folds 
Quahrino: folds 
Uncalled bet ($8.70) returned to Aescul@pius
Aescul@pius collected $5.60 from pot
Aescul@pius: doesn't show hand 
*** SUMMARY ***
Total pot $5.60 | Rake $0 
Seat 6: shootingGRID
Seat 1: nicofellow (big blind) folded before Flop
Seat 2: Quahrino folded before Flop
Seat 3: DJNezz (button) folded before Flop (didn't bet)
Seat 4: Aescul@pius (small blind) collected ($5.60)



PokerStars Hand #254609309784:  Hold'em No Limit ($0.50/$1.00 USD) - 2025/01/29 18:02:54 WET [2025/01/29 13:02:54 ET]
Table 'Armisticia' 6-max Seat #4 is the button
Seat 6: shootingGRID ($116.21 in chips) is sitting out
Seat 1: nicofellow ($100 in chips) 
Seat 2: Quahrino ($128.04 in chips) 
Seat 3: DJNezz ($117.47 in chips) 
Seat 4: Aescul@pius ($103.30 in chips) 
nicofellow: posts small blind $0.50
Quahrino: posts big blind $1
*** HOLE CARDS ***
DJNezz: folds 
Aescul@pius: folds 
nicofellow: raises $2 to $3
Quahrino: folds 
Uncalled bet ($2) returned to nicofellow
nicofellow collected $2 from pot
nicofellow: doesn't show hand 
*** SUMMARY ***
Total pot $2 | Rake $0 
Seat 6: shootingGRID
Seat 1: nicofellow (small blind) collected ($2)
Seat 2: Quahrino (big blind) folded before Flop
Seat 3: DJNezz folded before Flop (didn't bet)
Seat 4: Aescul@pius (button) folded before Flop (didn't bet)



PokerStars Hand #254609316139:  Hold'em No Limit ($0.50/$1.00 USD) - 2025/01/29 18:03:20 WET [2025/01/29 13:03:20 ET]
Table 'Armisticia' 6-max Seat #1 is the button
Seat 3: DJNezz ($117.47 in chips) is sitting out
Seat 6: shootingGRID ($116.21 in chips) is sitting out
Seat 1: nicofellow ($101 in chips) 
Seat 2: Quahrino ($127.04 in chips) 
Seat 4: Aescul@pius ($103.30 in chips) 
Quahrino: posts small blind $0.50
DJNezz: is sitting out 
Aescul@pius: posts big blind $1
*** HOLE CARDS ***
DJNezz leaves the table
nicofellow: raises $1.50 to $2.50
Quahrino: folds 
Aescul@pius: folds 
Uncalled bet ($1.50) returned to nicofellow
nicofellow collected $2.50 from pot
nicofellow: doesn't show hand 
*** SUMMARY ***
Total pot $2.50 | Rake $0 
Seat 3: DJNezz
Seat 6: shootingGRID
Seat 1: nicofellow (button) collected ($2.50)
Seat 2: Quahrino (small blind) folded before Flop
Seat 4: Aescul@pius (big blind) folded before Flop



PokerStars Hand #254609321913:  Hold'em No Limit ($0.50/$1.00 USD) - 2025/01/29 18:03:42 WET [2025/01/29 13:03:42 ET]
Table 'Armisticia' 6-max Seat #4 is the button
Seat 1: nicofellow ($102.50 in chips) is sitting out
Seat 6: shootingGRID ($116.21 in chips) is sitting out
Seat 2: Quahrino ($126.54 in chips) 
Seat 4: Aescul@pius ($102.30 in chips) 
Aescul@pius: posts small blind $0.50
nicofellow: is sitting out 
Quahrino: posts big blind $1
*** HOLE CARDS ***
nicofellow leaves the table
Aescul@pius: calls $0.50
Quahrino: checks 
*** FLOP *** [2h Ks 2c]
Quahrino: checks 
Aescul@pius: checks 
*** TURN *** [2h Ks 2c] [4d]
Quahrino: checks 
Aescul@pius: checks 
*** RIVER *** [2h Ks 2c 4d] [8c]
Quahrino: checks 
Aescul@pius: checks 
*** SHOW DOWN ***
Quahrino: shows [Jd 6d] (a pair of Deuces)
Aescul@pius: shows [5d Qd] (a pair of Deuces - King+Queen kicker)
Aescul@pius collected $1.90 from pot
*** SUMMARY ***
Total pot $2 | Rake $0.10 
Board [2h Ks 2c 4d 8c]
Seat 1: nicofellow
Seat 6: shootingGRID
Seat 2: Quahrino (big blind) showed [Jd 6d] and lost with a pair of Deuces
Seat 4: Aescul@pius (button) (small blind) showed [5d Qd] and won ($1.90) with a pair of Deuces



PokerStars Hand #254609337884:  Hold'em No Limit ($0.50/$1.00 USD) - 2025/01/29 18:04:44 WET [2025/01/29 13:04:44 ET]
Table 'Armisticia' 6-max Seat #2 is the button
Seat 2: Quahrino ($125.54 in chips) 
Seat 4: Aescul@pius ($103.20 in chips) 
Seat 6: shootingGRID ($116.21 in chips) 
Aescul@pius: posts small blind $0.50
shootingGRID: posts big blind $1
*** HOLE CARDS ***
Quahrino: raises $1.50 to $2.50
Aescul@pius: folds 
shootingGRID: calls $1.50
*** FLOP *** [Ks Td Ts]
shootingGRID: checks 
Quahrino: bets $1.31
shootingGRID: calls $1.31
*** TURN *** [Ks Td Ts] [4h]
shootingGRID: checks 
Quahrino: bets $11.57
shootingGRID: folds 
Uncalled bet ($11.57) returned to Quahrino
Quahrino collected $7.71 from pot
Quahrino: doesn't show hand 
*** SUMMARY ***
Total pot $8.12 | Rake $0.41 
Board [Ks Td Ts 4h]
Seat 2: Quahrino (button) collected ($7.71)
Seat 4: Aescul@pius (small blind) folded before Flop
Seat 6: shootingGRID (big blind) folded on the Turn



PokerStars Hand #254609356268:  Hold'em No Limit ($0.50/$1.00 USD) - 2025/01/29 18:05:53 WET [2025/01/29 13:05:53 ET]
Table 'Armisticia' 6-max Seat #4 is the button
Seat 2: Quahrino ($129.44 in chips) 
Seat 4: Aescul@pius ($102.70 in chips) 
Seat 6: shootingGRID ($112.40 in chips) 
shootingGRID: posts small blind $0.50
Quahrino: posts big blind $1
*** HOLE CARDS ***
Aescul@pius: raises $1.50 to $2.50
shootingGRID: folds 
Quahrino: folds 
Uncalled bet ($1.50) returned to Aescul@pius
Aescul@pius collected $2.50 from pot
Aescul@pius: doesn't show hand 
*** SUMMARY ***
Total pot $2.50 | Rake $0 
Seat 2: Quahrino (big blind) folded before Flop
Seat 4: Aescul@pius (button) collected ($2.50)
Seat 6: shootingGRID (small blind) folded before Flop



PokerStars Hand #254609360056:  Hold'em No Limit ($0.50/$1.00 USD) - 2025/01/29 18:06:08 WET [2025/01/29 13:06:08 ET]
Table 'Armisticia' 6-max Seat #2 is the button
Seat 4: Aescul@pius ($104.20 in chips) is sitting out
Seat 2: Quahrino ($128.44 in chips) 
Seat 6: shootingGRID ($111.90 in chips) 
Quahrino: posts small blind $0.50
Aescul@pius: is sitting out 
shootingGRID: posts big blind $1
*** HOLE CARDS ***
Quahrino: raises $1.50 to $2.50
Aescul@pius leaves the table
shootingGRID: folds 
Uncalled bet ($1.50) returned to Quahrino
Quahrino collected $2 from pot
Quahrino: doesn't show hand 
*** SUMMARY ***
Total pot $2 | Rake $0 
Seat 4: Aescul@pius
Seat 2: Quahrino (button) (small blind) collected ($2)
Seat 6: shootingGRID (big blind) folded before Flop



PokerStars Hand #254609362608:  Hold'em No Limit ($0.50/$1.00 USD) - 2025/01/29 18:06:17 WET [2025/01/29 13:06:17 ET]
Table 'Armisticia' 6-max Seat #6 is the button
Seat 2: Quahrino ($129.44 in chips) 
Seat 6: shootingGRID ($110.90 in chips) 
shootingGRID: posts small blind $0.50
Quahrino: posts big blind $1
*** HOLE CARDS ***
shootingGRID: raises $1.25 to $2.25
Quahrino: raises $8.75 to $11
shootingGRID: calls $8.75
*** FLOP *** [8h 4h 4d]
Quahrino: bets $10.50
shootingGRID: calls $10.50
*** TURN *** [8h 4h 4d] [2c]
Quahrino: bets $21
shootingGRID: calls $21
*** RIVER *** [8h 4h 4d 2c] [Ks]
Quahrino: bets $86.94 and is all-in
shootingGRID: calls $68.40 and is all-in
Uncalled bet ($18.54) returned to Quahrino
*** SHOW DOWN ***
Quahrino: shows [Th 9c] (a pair of Fours)
shootingGRID: shows [8s 9s] (two pair, Eights and Fours)
shootingGRID collected $220.80 from pot
*** SUMMARY ***
Total pot $221.80 | Rake $1 
Board [8h 4h 4d 2c Ks]
Seat 2: Quahrino (big blind) showed [Th 9c] and lost with a pair of Fours
Seat 6: shootingGRID (button) (small blind) showed [8s 9s] and won ($220.80) with two pair, Eights and Fours



PokerStars Hand #254609385928:  Hold'em No Limit ($0.50/$1.00 USD) - 2025/01/29 18:07:45 WET [2025/01/29 13:07:45 ET]
Table 'Armisticia' 6-max Seat #2 is the button
Seat 2: Quahrino ($100 in chips) 
Seat 6: shootingGRID ($220.80 in chips) 
Quahrino: posts small blind $0.50
shootingGRID: posts big blind $1
*** HOLE CARDS ***
Quahrino: raises $1.50 to $2.50
shootingGRID: folds 
Uncalled bet ($1.50) returned to Quahrino
Quahrino collected $2 from pot
Quahrino: doesn't show hand 
*** SUMMARY ***
Total pot $2 | Rake $0 
Seat 2: Quahrino (button) (small blind) collected ($2)
Seat 6: shootingGRID (big blind) folded before Flop



PokerStars Hand #254609392892:  Hold'em No Limit ($0.50/$1.00 USD) - 2025/01/29 18:08:12 WET [2025/01/29 13:08:12 ET]
Table 'Armisticia' 6-max Seat #6 is the button
Seat 2: Quahrino ($101 in chips) 
Seat 6: shootingGRID ($219.80 in chips) 
shootingGRID: posts small blind $0.50
Quahrino: posts big blind $1
*** HOLE CARDS ***
shootingGRID: raises $1.25 to $2.25
Quahrino: calls $1.25
*** FLOP *** [Qs 8c Js]
Quahrino: checks 
shootingGRID: checks 
*** TURN *** [Qs 8c Js] [Jc]
Quahrino: checks 
shootingGRID: checks 
*** RIVER *** [Qs 8c Js Jc] [Td]
Quahrino: checks 
shootingGRID: checks 
*** SHOW DOWN ***
Quahrino: shows [8h 6d] (two pair, Jacks and Eights)
shootingGRID: shows [2d Qd] (two pair, Queens and Jacks)
shootingGRID collected $4.28 from pot
*** SUMMARY ***
Total pot $4.50 | Rake $0.22 
Board [Qs 8c Js Jc Td]
Seat 2: Quahrino (big blind) showed [8h 6d] and lost with two pair, Jacks and Eights
Seat 6: shootingGRID (button) (small blind) showed [2d Qd] and won ($4.28) with two pair, Queens and Jacks



PokerStars Hand #254609404740:  Hold'em No Limit ($0.50/$1.00 USD) - 2025/01/29 18:08:57 WET [2025/01/29 13:08:57 ET]
Table 'Armisticia' 6-max Seat #2 is the button
Seat 2: Quahrino ($100 in chips) 
Seat 6: shootingGRID ($221.83 in chips) 
Quahrino: posts small blind $0.50
shootingGRID: posts big blind $1
*** HOLE CARDS ***
Quahrino: raises $1.50 to $2.50
shootingGRID: calls $1.50
*** FLOP *** [Ks 3h 7s]
shootingGRID: checks 
Quahrino: checks 
*** TURN *** [Ks 3h 7s] [5c]
shootingGRID: checks 
Quahrino: bets $2.38
shootingGRID: folds 
Uncalled bet ($2.38) returned to Quahrino
Quahrino collected $4.75 from pot
Quahrino: doesn't show hand 
*** SUMMARY ***
Total pot $5 | Rake $0.25 
Board [Ks 3h 7s 5c]
Seat 2: Quahrino (button) (small blind) collected ($4.75)
Seat 6: shootingGRID (big blind) folded on the Turn



PokerStars Hand #254609420387:  Hold'em No Limit ($0.50/$1.00 USD) - 2025/01/29 18:09:57 WET [2025/01/29 13:09:57 ET]
Table 'Armisticia' 6-max Seat #6 is the button
Seat 2: Quahrino ($102.25 in chips) 
Seat 6: shootingGRID ($219.33 in chips) 
shootingGRID: posts small blind $0.50
Quahrino: posts big blind $1
*** HOLE CARDS ***
shootingGRID: raises $1.25 to $2.25
Quahrino: calls $1.25
*** FLOP *** [9c 8c Kh]
Quahrino: checks 
shootingGRID: checks 
*** TURN *** [9c 8c Kh] [Ts]
Quahrino: checks 
shootingGRID: checks 
*** RIVER *** [9c 8c Kh Ts] [2h]
Quahrino: bets $8.56
shootingGRID: folds 
Uncalled bet ($8.56) returned to Quahrino
Quahrino collected $4.28 from pot
Quahrino: doesn't show hand 
*** SUMMARY ***
Total pot $4.50 | Rake $0.22 
Board [9c 8c Kh Ts 2h]
Seat 2: Quahrino (big blind) collected ($4.28)
Seat 6: shootingGRID (button) (small blind) folded on the River



PokerStars Hand #254609432866:  Hold'em No Limit ($0.50/$1.00 USD) - 2025/01/29 18:10:44 WET [2025/01/29 13:10:44 ET]
Table 'Armisticia' 6-max Seat #2 is the button
Seat 2: Quahrino ($104.28 in chips) 
Seat 6: shootingGRID ($217.08 in chips) 
Quahrino: posts small blind $0.50
shootingGRID: posts big blind $1
*** HOLE CARDS ***
Quahrino: folds 
Uncalled bet ($0.50) returned to shootingGRID
shootingGRID collected $1 from pot
*** SUMMARY ***
Total pot $1 | Rake $0 
Seat 2: Quahrino (button) (small blind) folded before Flop
Seat 6: shootingGRID (big blind) collected ($1)



PokerStars Hand #254609434180:  Hold'em No Limit ($0.50/$1.00 USD) - 2025/01/29 18:10:49 WET [2025/01/29 13:10:49 ET]
Table 'Armisticia' 6-max Seat #6 is the button
Seat 2: Quahrino ($103.78 in chips) 
Seat 6: shootingGRID ($217.58 in chips) 
shootingGRID: posts small blind $0.50
Quahrino: posts big blind $1
*** HOLE CARDS ***
shootingGRID: raises $1.25 to $2.25
Quahrino: raises $8.75 to $11
shootingGRID: folds 
Uncalled bet ($8.75) returned to Quahrino
shootingGRID leaves the table
Quahrino collected $4.50 from pot
Quahrino: doesn't show hand 
*** SUMMARY ***
Total pot $4.50 | Rake $0 
Seat 2: Quahrino (big blind) collected ($4.50)
Seat 6: shootingGRID (button) (small blind) folded before Flop



