PokerStars Hand #254611942314:  Hold'em No Limit ($0.50/$1.00 USD) - 2025/01/29 20:41:15 WET [2025/01/29 15:41:15 ET]
Table 'Chromios' 6-max Seat #2 is the button
Seat 1: AIien Hand ($100 in chips) 
Seat 2: TCK2 ($10 in chips) 
Seat 6: AigarsK ($10 in chips) 
AigarsK: posts small blind $0.50
AIien Hand: posts big blind $1
*** HOLE CARDS ***
TCK2: folds 
sta$igk joins the table at seat #4 
AigarsK: raises $9 to $10 and is all-in
AIien Hand: calls $9
Eredar5 joins the table at seat #3 
CichiChanMarian joins the table at seat #5 
*** FLOP *** [2h Ad Kh]
*** TURN *** [2h Ad Kh] [4s]
*** RIVER *** [2h Ad Kh 4s] [Ah]
*** SHOW DOWN ***
AigarsK: shows [9c As] (three of a kind, Aces)
AIien Hand: shows [Qh Ks] (two pair, Aces and Kings)
AigarsK collected $19 from pot
*** SUMMARY ***
Total pot $20 | Rake $1 
Board [2h Ad Kh 4s Ah]
Seat 1: AIien Hand (big blind) showed [Qh Ks] and lost with two pair, Aces and Kings
Seat 2: TCK2 (button) folded before Flop (didn't bet)
Seat 6: AigarsK (small blind) showed [9c As] and won ($19) with three of a kind, Aces



PokerStars Hand #254611947908:  Hold'em No Limit ($0.50/$1.00 USD) - 2025/01/29 20:41:34 WET [2025/01/29 15:41:34 ET]
Table 'Chromios' 6-max Seat #6 is the button
Seat 3: Eredar5 ($100 in chips) is sitting out
Seat 4: sta$igk ($100 in chips) is sitting out
Seat 5: CichiChanMarian ($100 in chips) is sitting out
Seat 1: AIien Hand ($100 in chips) 
Seat 2: TCK2 ($10 in chips) 
Seat 6: AigarsK ($19 in chips) 
AIien Hand: posts small blind $0.50
TCK2: posts big blind $1
Eredar5: sits out 
sta$igk: sits out 
CichiChanMarian: sits out 
*** HOLE CARDS ***
AigarsK: raises $2 to $3
AIien Hand: folds 
TCK2: raises $7 to $10 and is all-in
AigarsK: calls $7
*** FLOP *** [Jc 4h 3s]
*** TURN *** [Jc 4h 3s] [Qh]
*** RIVER *** [Jc 4h 3s Qh] [Ac]
*** SHOW DOWN ***
TCK2: shows [Jd Ad] (two pair, Aces and Jacks)
AigarsK: shows [Th 9c] (high card Ace)
TCK2 cashed out the hand for $12.50 | Cash Out Fee $0.26
*** SUMMARY ***
Total pot $20.50 | Rake $1 
Board [Jc 4h 3s Qh Ac]
Seat 3: Eredar5
Seat 4: sta$igk
Seat 5: CichiChanMarian
Seat 1: AIien Hand (small blind) folded before Flop
Seat 2: TCK2 (big blind) showed [Jd Ad] and won ($19.50) with two pair, Aces and Jacks (pot not awarded as player cashed out)
Seat 6: AigarsK (button) showed [Th 9c] and lost with high card Ace



PokerStars Hand #254611958289:  Hold'em No Limit ($0.50/$1.00 USD) - 2025/01/29 20:42:11 WET [2025/01/29 15:42:11 ET]
Table 'Chromios' 6-max Seat #1 is the button
Seat 4: sta$igk ($100 in chips) is sitting out
Seat 5: CichiChanMarian ($100 in chips) is sitting out
Seat 1: AIien Hand ($100 in chips) 
Seat 2: TCK2 ($12.50 in chips) 
Seat 3: Eredar5 ($100 in chips) 
Seat 6: AigarsK ($9 in chips) 
TCK2: posts small blind $0.50
Eredar5: posts big blind $1
sta$igk: sits out 
CichiChanMarian: sits out 
*** HOLE CARDS ***
AigarsK: folds 
AIien Hand: raises $1 to $2
AigarsK leaves the table
TCK2: folds 
Eredar5: calls $1
*** FLOP *** [9c 9s Kc]
kvcsszblcs joins the table at seat #6 
Eredar5: checks 
AIien Hand: bets $1
Eredar5: raises $4.50 to $5.50
AIien Hand: folds 
Uncalled bet ($4.50) returned to Eredar5
Eredar5 collected $6.18 from pot
Eredar5: doesn't show hand 
*** SUMMARY ***
Total pot $6.50 | Rake $0.32 
Board [9c 9s Kc]
Seat 4: sta$igk
Seat 5: CichiChanMarian
Seat 1: AIien Hand (button) folded on the Flop
Seat 2: TCK2 (small blind) folded before Flop
Seat 3: Eredar5 (big blind) collected ($6.18)
Seat 6: AigarsK folded before Flop (didn't bet)



PokerStars Hand #254611975396:  Hold'em No Limit ($0.50/$1.00 USD) - 2025/01/29 20:43:12 WET [2025/01/29 15:43:12 ET]
Table 'Chromios' 6-max Seat #2 is the button
Seat 5: CichiChanMarian ($100 in chips) is sitting out
Seat 6: kvcsszblcs ($100 in chips) is sitting out
Seat 1: AIien Hand ($100 in chips) 
Seat 2: TCK2 ($12 in chips) 
Seat 3: Eredar5 ($103.18 in chips) 
Seat 4: sta$igk ($100 in chips) 
Eredar5: posts small blind $0.50
sta$igk: posts big blind $1
CichiChanMarian: sits out 
kvcsszblcs: sits out 
*** HOLE CARDS ***
AIien Hand: raises $1 to $2
TCK2: folds 
Eredar5: folds 
sta$igk: raises $10 to $12
AIien Hand: folds 
Uncalled bet ($10) returned to sta$igk
sta$igk collected $4.50 from pot
sta$igk: doesn't show hand 
*** SUMMARY ***
Total pot $4.50 | Rake $0 
Seat 5: CichiChanMarian
Seat 6: kvcsszblcs
Seat 1: AIien Hand folded before Flop
Seat 2: TCK2 (button) folded before Flop (didn't bet)
Seat 3: Eredar5 (small blind) folded before Flop
Seat 4: sta$igk (big blind) collected ($4.50)



PokerStars Hand #254611981396:  Hold'em No Limit ($0.50/$1.00 USD) - 2025/01/29 20:43:33 WET [2025/01/29 15:43:33 ET]
Table 'Chromios' 6-max Seat #3 is the button
Seat 6: kvcsszblcs ($100 in chips) is sitting out
Seat 1: AIien Hand ($100 in chips) 
Seat 2: TCK2 ($12 in chips) 
Seat 3: Eredar5 ($102.68 in chips) 
Seat 4: sta$igk ($102.50 in chips) 
Seat 5: CichiChanMarian ($100 in chips) 
sta$igk: posts small blind $0.50
CichiChanMarian: posts big blind $1
kvcsszblcs: sits out 
*** HOLE CARDS ***
AIien Hand: folds 
TCK2: folds 
Eredar5: folds 
sta$igk: raises $2 to $3
CichiChanMarian: calls $2
*** FLOP *** [3h Qh 8h]
sta$igk: checks 
CichiChanMarian: bets $1.20
sta$igk: calls $1.20
*** TURN *** [3h Qh 8h] [6c]
sta$igk: checks 
CichiChanMarian: bets $3.99
sta$igk: calls $3.99
*** RIVER *** [3h Qh 8h 6c] [2c]
sta$igk: checks 
CichiChanMarian: bets $26.45
sta$igk: folds 
Uncalled bet ($26.45) returned to CichiChanMarian
CichiChanMarian collected $15.56 from pot
CichiChanMarian: doesn't show hand 
*** SUMMARY ***
Total pot $16.38 | Rake $0.82 
Board [3h Qh 8h 6c 2c]
Seat 6: kvcsszblcs
Seat 1: AIien Hand folded before Flop (didn't bet)
Seat 2: TCK2 folded before Flop (didn't bet)
Seat 3: Eredar5 (button) folded before Flop (didn't bet)
Seat 4: sta$igk (small blind) folded on the River
Seat 5: CichiChanMarian (big blind) collected ($15.56)



PokerStars Hand #254612009040:  Hold'em No Limit ($0.50/$1.00 USD) - 2025/01/29 20:45:10 WET [2025/01/29 15:45:10 ET]
Table 'Chromios' 6-max Seat #4 is the button
Seat 1: AIien Hand ($100 in chips) 
Seat 2: TCK2 ($12 in chips) 
Seat 3: Eredar5 ($102.68 in chips) 
Seat 4: sta$igk ($100 in chips) 
Seat 5: CichiChanMarian ($107.37 in chips) 
Seat 6: kvcsszblcs ($100 in chips) 
CichiChanMarian: posts small blind $0.50
kvcsszblcs: posts big blind $1
*** HOLE CARDS ***
AIien Hand: folds 
TCK2: folds 
Eredar5: folds 
sta$igk: raises $1.50 to $2.50
CichiChanMarian: folds 
kvcsszblcs: calls $1.50
*** FLOP *** [4d 3d Jd]
kvcsszblcs: checks 
sta$igk: bets $1.72
kvcsszblcs: calls $1.72
*** TURN *** [4d 3d Jd] [Kc]
kvcsszblcs: checks 
sta$igk: checks 
*** RIVER *** [4d 3d Jd Kc] [Ks]
kvcsszblcs: bets $2.80
sta$igk: calls $2.80
*** SHOW DOWN ***
kvcsszblcs: shows [Qh Kd] (three of a kind, Kings)
sta$igk: mucks hand 
kvcsszblcs collected $13.81 from pot
*** SUMMARY ***
Total pot $14.54 | Rake $0.73 
Board [4d 3d Jd Kc Ks]
Seat 1: AIien Hand folded before Flop (didn't bet)
Seat 2: TCK2 folded before Flop (didn't bet)
Seat 3: Eredar5 folded before Flop (didn't bet)
Seat 4: sta$igk (button) mucked
Seat 5: CichiChanMarian (small blind) folded before Flop
Seat 6: kvcsszblcs (big blind) showed [Qh Kd] and won ($13.81) with three of a kind, Kings



