PokerStars Hand #254607669842:  Hold'em No Limit ($0.50/$1.00 USD) - 2025/01/29 16:06:42 WET [2025/01/29 11:06:42 ET]
Table 'Leontina' 6-max Seat #2 is the button
Seat 5: LuckyShikari ($80 in chips) is sitting out
Seat 1: DJNezz ($100 in chips) 
Seat 2: MAO_DZEDYN_S ($100 in chips) 
Seat 3: Espada Fish ($100 in chips) 
Seat 4: AlexEliseev7 ($100 in chips) 
Seat 6: tannie11 ($45.12 in chips) 
Espada Fish: posts small blind $0.50
AlexEliseev7 is connected 
AlexEliseev7: posts big blind $1
*** HOLE CARDS ***
tannie11: folds 
DJNezz: raises $1.20 to $2.20
MAO_DZEDYN_S: folds 
Espada Fish: folds 
AlexEliseev7: folds 
Uncalled bet ($1.20) returned to DJNezz
DJNezz collected $2.50 from pot
*** SUMMARY ***
Total pot $2.50 | Rake $0 
Seat 5: LuckyShikari
Seat 1: DJNezz collected ($2.50)
Seat 2: MAO_DZEDYN_S (button) folded before Flop (didn't bet)
Seat 3: Espada Fish (small blind) folded before Flop
Seat 4: AlexEliseev7 (big blind) folded before Flop
Seat 6: tannie11 folded before Flop (didn't bet)



PokerStars Hand #254607674739:  Hold'em No Limit ($0.50/$1.00 USD) - 2025/01/29 16:07:05 WET [2025/01/29 11:07:05 ET]
Table 'Leontina' 6-max Seat #3 is the button
Seat 5: LuckyShikari ($100 in chips) is sitting out
Seat 1: DJNezz ($101.50 in chips) 
Seat 2: MAO_DZEDYN_S ($100 in chips) 
Seat 3: Espada Fish ($100 in chips) 
Seat 4: AlexEliseev7 ($100 in chips) 
Seat 6: tannie11 ($45.12 in chips) 
AlexEliseev7: posts small blind $0.50
tannie11: posts big blind $1
*** HOLE CARDS ***
DJNezz: folds 
MAO_DZEDYN_S: folds 
Espada Fish: raises $1.50 to $2.50
AlexEliseev7: folds 
tannie11: folds 
Uncalled bet ($1.50) returned to Espada Fish
Espada Fish collected $2.50 from pot
Espada Fish: doesn't show hand 
*** SUMMARY ***
Total pot $2.50 | Rake $0 
Seat 5: LuckyShikari
Seat 1: DJNezz folded before Flop (didn't bet)
Seat 2: MAO_DZEDYN_S folded before Flop (didn't bet)
Seat 3: Espada Fish (button) collected ($2.50)
Seat 4: AlexEliseev7 (small blind) folded before Flop
Seat 6: tannie11 (big blind) folded before Flop



PokerStars Hand #254607680757:  Hold'em No Limit ($0.50/$1.00 USD) - 2025/01/29 16:07:33 WET [2025/01/29 11:07:33 ET]
Table 'Leontina' 6-max Seat #4 is the button
Seat 5: LuckyShikari ($100 in chips) is sitting out
Seat 1: DJNezz ($101.50 in chips) 
Seat 2: MAO_DZEDYN_S ($100 in chips) 
Seat 3: Espada Fish ($101.50 in chips) 
Seat 4: AlexEliseev7 ($100 in chips) 
Seat 6: tannie11 ($44.12 in chips) 
tannie11: posts small blind $0.50
DJNezz: posts big blind $1
*** HOLE CARDS ***
MAO_DZEDYN_S: folds 
Espada Fish: folds 
AlexEliseev7: folds 
tannie11: raises $1 to $2
DJNezz: calls $1
*** FLOP *** [Ts 4c Qd]
tannie11: checks 
DJNezz: checks 
*** TURN *** [Ts 4c Qd] [8h]
tannie11: checks 
DJNezz: bets $2.85
tannie11: folds 
Uncalled bet ($2.85) returned to DJNezz
DJNezz collected $3.80 from pot
*** SUMMARY ***
Total pot $4 | Rake $0.20 
Board [Ts 4c Qd 8h]
Seat 5: LuckyShikari
Seat 1: DJNezz (big blind) collected ($3.80)
Seat 2: MAO_DZEDYN_S folded before Flop (didn't bet)
Seat 3: Espada Fish folded before Flop (didn't bet)
Seat 4: AlexEliseev7 (button) folded before Flop (didn't bet)
Seat 6: tannie11 (small blind) folded on the Turn



PokerStars Hand #254607690323:  Hold'em No Limit ($0.50/$1.00 USD) - 2025/01/29 16:08:17 WET [2025/01/29 11:08:17 ET]
Table 'Leontina' 6-max Seat #6 is the button
Seat 5: LuckyShikari ($100 in chips) is sitting out
Seat 1: DJNezz ($103.30 in chips) 
Seat 2: MAO_DZEDYN_S ($100 in chips) 
Seat 3: Espada Fish ($101.50 in chips) 
Seat 4: AlexEliseev7 ($100 in chips) 
Seat 6: tannie11 ($42.12 in chips) 
DJNezz: posts small blind $0.50
MAO_DZEDYN_S: posts big blind $1
LuckyShikari: sits out 
*** HOLE CARDS ***
Espada Fish: folds 
AlexEliseev7: folds 
tannie11: folds 
DJNezz: folds 
Uncalled bet ($0.50) returned to MAO_DZEDYN_S
MAO_DZEDYN_S collected $1 from pot
MAO_DZEDYN_S: doesn't show hand 
*** SUMMARY ***
Total pot $1 | Rake $0 
Seat 5: LuckyShikari
Seat 1: DJNezz (small blind) folded before Flop
Seat 2: MAO_DZEDYN_S (big blind) collected ($1)
Seat 3: Espada Fish folded before Flop (didn't bet)
Seat 4: AlexEliseev7 folded before Flop (didn't bet)
Seat 6: tannie11 (button) folded before Flop (didn't bet)



PokerStars Hand #254607693405:  Hold'em No Limit ($0.50/$1.00 USD) - 2025/01/29 16:08:30 WET [2025/01/29 11:08:30 ET]
Table 'Leontina' 6-max Seat #1 is the button
Seat 5: LuckyShikari ($100 in chips) is sitting out
Seat 1: DJNezz ($102.80 in chips) 
Seat 2: MAO_DZEDYN_S ($100.50 in chips) 
Seat 3: Espada Fish ($101.50 in chips) 
Seat 4: AlexEliseev7 ($100 in chips) 
Seat 6: tannie11 ($42.12 in chips) 
MAO_DZEDYN_S: posts small blind $0.50
Espada Fish: posts big blind $1
LuckyShikari: sits out 
*** HOLE CARDS ***
AlexEliseev7: folds 
tannie11: folds 
DJNezz: folds 
MAO_DZEDYN_S: folds 
Uncalled bet ($0.50) returned to Espada Fish
Espada Fish collected $1 from pot
Espada Fish: doesn't show hand 
*** SUMMARY ***
Total pot $1 | Rake $0 
Seat 5: LuckyShikari
Seat 1: DJNezz (button) folded before Flop (didn't bet)
Seat 2: MAO_DZEDYN_S (small blind) folded before Flop
Seat 3: Espada Fish (big blind) collected ($1)
Seat 4: AlexEliseev7 folded before Flop (didn't bet)
Seat 6: tannie11 folded before Flop (didn't bet)



PokerStars Hand #254607695364:  Hold'em No Limit ($0.50/$1.00 USD) - 2025/01/29 16:08:39 WET [2025/01/29 11:08:39 ET]
Table 'Leontina' 6-max Seat #2 is the button
Seat 5: LuckyShikari ($100 in chips) is sitting out
Seat 1: DJNezz ($102.80 in chips) 
Seat 2: MAO_DZEDYN_S ($100 in chips) 
Seat 3: Espada Fish ($102 in chips) 
Seat 4: AlexEliseev7 ($100 in chips) 
Seat 6: tannie11 ($42.12 in chips) 
Espada Fish: posts small blind $0.50
AlexEliseev7: posts big blind $1
LuckyShikari: sits out 
*** HOLE CARDS ***
tannie11: folds 
DJNezz: folds 
MAO_DZEDYN_S: folds 
Espada Fish: folds 
Uncalled bet ($0.50) returned to AlexEliseev7
AlexEliseev7 collected $1 from pot
AlexEliseev7: doesn't show hand 
*** SUMMARY ***
Total pot $1 | Rake $0 
Seat 5: LuckyShikari
Seat 1: DJNezz folded before Flop (didn't bet)
Seat 2: MAO_DZEDYN_S (button) folded before Flop (didn't bet)
Seat 3: Espada Fish (small blind) folded before Flop
Seat 4: AlexEliseev7 (big blind) collected ($1)
Seat 6: tannie11 folded before Flop (didn't bet)



PokerStars Hand #254607700351:  Hold'em No Limit ($0.50/$1.00 USD) - 2025/01/29 16:09:02 WET [2025/01/29 11:09:02 ET]
Table 'Leontina' 6-max Seat #3 is the button
Seat 1: DJNezz ($102.80 in chips) 
Seat 2: MAO_DZEDYN_S ($100 in chips) 
Seat 3: Espada Fish ($101.50 in chips) 
Seat 4: AlexEliseev7 ($100.50 in chips) 
Seat 5: LuckyShikari ($100 in chips) 
Seat 6: tannie11 ($42.12 in chips) 
AlexEliseev7: posts small blind $0.50
LuckyShikari: posts big blind $1
*** HOLE CARDS ***
tannie11: folds 
DJNezz: folds 
MAO_DZEDYN_S: folds 
Espada Fish: raises $1.50 to $2.50
AlexEliseev7: folds 
LuckyShikari: folds 
Uncalled bet ($1.50) returned to Espada Fish
Espada Fish collected $2.50 from pot
Espada Fish: doesn't show hand 
*** SUMMARY ***
Total pot $2.50 | Rake $0 
Seat 1: DJNezz folded before Flop (didn't bet)
Seat 2: MAO_DZEDYN_S folded before Flop (didn't bet)
Seat 3: Espada Fish (button) collected ($2.50)
Seat 4: AlexEliseev7 (small blind) folded before Flop
Seat 5: LuckyShikari (big blind) folded before Flop
Seat 6: tannie11 folded before Flop (didn't bet)



PokerStars Hand #254607706958:  Hold'em No Limit ($0.50/$1.00 USD) - 2025/01/29 16:09:33 WET [2025/01/29 11:09:33 ET]
Table 'Leontina' 6-max Seat #4 is the button
Seat 1: DJNezz ($102.80 in chips) 
Seat 2: MAO_DZEDYN_S ($100 in chips) 
Seat 3: Espada Fish ($103 in chips) 
Seat 4: AlexEliseev7 ($100 in chips) 
Seat 5: LuckyShikari ($100 in chips) 
Seat 6: tannie11 ($42.12 in chips) 
LuckyShikari: posts small blind $0.50
tannie11: posts big blind $1
*** HOLE CARDS ***
DJNezz: folds 
MAO_DZEDYN_S: folds 
Espada Fish: folds 
AlexEliseev7: folds 
LuckyShikari: raises $2 to $3
tannie11: calls $2
*** FLOP *** [5h 8s 2d]
LuckyShikari: bets $2
tannie11: calls $2
*** TURN *** [5h 8s 2d] [4c]
LuckyShikari: checks 
tannie11: bets $2
LuckyShikari: folds 
Uncalled bet ($2) returned to tannie11
tannie11 collected $9.50 from pot
*** SUMMARY ***
Total pot $10 | Rake $0.50 
Board [5h 8s 2d 4c]
Seat 1: DJNezz folded before Flop (didn't bet)
Seat 2: MAO_DZEDYN_S folded before Flop (didn't bet)
Seat 3: Espada Fish folded before Flop (didn't bet)
Seat 4: AlexEliseev7 (button) folded before Flop (didn't bet)
Seat 5: LuckyShikari (small blind) folded on the Turn
Seat 6: tannie11 (big blind) collected ($9.50)



PokerStars Hand #254607722663:  Hold'em No Limit ($0.50/$1.00 USD) - 2025/01/29 16:10:45 WET [2025/01/29 11:10:45 ET]
Table 'Leontina' 6-max Seat #5 is the button
Seat 1: DJNezz ($102.80 in chips) 
Seat 2: MAO_DZEDYN_S ($100 in chips) 
Seat 3: Espada Fish ($103 in chips) 
Seat 4: AlexEliseev7 ($100 in chips) 
Seat 5: LuckyShikari ($100 in chips) 
Seat 6: tannie11 ($46.62 in chips) 
tannie11: posts small blind $0.50
DJNezz: posts big blind $1
*** HOLE CARDS ***
MAO_DZEDYN_S: folds 
Espada Fish: folds 
AlexEliseev7: raises $1.50 to $2.50
LuckyShikari: folds 
tannie11: folds 
DJNezz: folds 
Uncalled bet ($1.50) returned to AlexEliseev7
AlexEliseev7 collected $2.50 from pot
AlexEliseev7: doesn't show hand 
*** SUMMARY ***
Total pot $2.50 | Rake $0 
Seat 1: DJNezz (big blind) folded before Flop
Seat 2: MAO_DZEDYN_S folded before Flop (didn't bet)
Seat 3: Espada Fish folded before Flop (didn't bet)
Seat 4: AlexEliseev7 collected ($2.50)
Seat 5: LuckyShikari (button) folded before Flop (didn't bet)
Seat 6: tannie11 (small blind) folded before Flop



PokerStars Hand #254607726511:  Hold'em No Limit ($0.50/$1.00 USD) - 2025/01/29 16:11:02 WET [2025/01/29 11:11:02 ET]
Table 'Leontina' 6-max Seat #6 is the button
Seat 1: DJNezz ($101.80 in chips) 
Seat 2: MAO_DZEDYN_S ($100 in chips) 
Seat 3: Espada Fish ($103 in chips) 
Seat 4: AlexEliseev7 ($101.50 in chips) 
Seat 5: LuckyShikari ($100 in chips) 
Seat 6: tannie11 ($46.12 in chips) 
DJNezz: posts small blind $0.50
MAO_DZEDYN_S: posts big blind $1
*** HOLE CARDS ***
Espada Fish: folds 
AlexEliseev7: raises $1.50 to $2.50
LuckyShikari: folds 
tannie11: folds 
DJNezz: folds 
Espada Fish leaves the table
MAO_DZEDYN_S: folds 
Uncalled bet ($1.50) returned to AlexEliseev7
AlexEliseev7 collected $2.50 from pot
AlexEliseev7: doesn't show hand 
*** SUMMARY ***
Total pot $2.50 | Rake $0 
Seat 1: DJNezz (small blind) folded before Flop
Seat 2: MAO_DZEDYN_S (big blind) folded before Flop
Seat 3: Espada Fish folded before Flop (didn't bet)
Seat 4: AlexEliseev7 collected ($2.50)
Seat 5: LuckyShikari folded before Flop (didn't bet)
Seat 6: tannie11 (button) folded before Flop (didn't bet)



PokerStars Hand #254607733113:  Hold'em No Limit ($0.50/$1.00 USD) - 2025/01/29 16:11:33 WET [2025/01/29 11:11:33 ET]
Table 'Leontina' 6-max Seat #1 is the button
Seat 1: DJNezz ($101.30 in chips) 
Seat 2: MAO_DZEDYN_S ($100 in chips) 
Seat 4: AlexEliseev7 ($103 in chips) 
Seat 5: LuckyShikari ($100 in chips) 
Seat 6: tannie11 ($46.12 in chips) 
MAO_DZEDYN_S: posts small blind $0.50
AlexEliseev7: posts big blind $1
*** HOLE CARDS ***
LuckyShikari: folds 
tannie11: folds 
DJNezz: folds 
MAO_DZEDYN_S: folds 
Uncalled bet ($0.50) returned to AlexEliseev7
AlexEliseev7 collected $1 from pot
AlexEliseev7: doesn't show hand 
*** SUMMARY ***
Total pot $1 | Rake $0 
Seat 1: DJNezz (button) folded before Flop (didn't bet)
Seat 2: MAO_DZEDYN_S (small blind) folded before Flop
Seat 4: AlexEliseev7 (big blind) collected ($1)
Seat 5: LuckyShikari folded before Flop (didn't bet)
Seat 6: tannie11 folded before Flop (didn't bet)



PokerStars Hand #254607737097:  Hold'em No Limit ($0.50/$1.00 USD) - 2025/01/29 16:11:51 WET [2025/01/29 11:11:51 ET]
Table 'Leontina' 6-max Seat #2 is the button
Seat 1: DJNezz ($101.30 in chips) 
Seat 2: MAO_DZEDYN_S ($100 in chips) 
Seat 4: AlexEliseev7 ($103.50 in chips) 
Seat 5: LuckyShikari ($100 in chips) 
Seat 6: tannie11 ($46.12 in chips) 
AlexEliseev7: posts small blind $0.50
LuckyShikari: posts big blind $1
*** HOLE CARDS ***
tannie11: folds 
S3MPR3IGUAL joins the table at seat #3 
DJNezz: folds 
MAO_DZEDYN_S: folds 
AlexEliseev7: calls $0.50
LuckyShikari: raises $3.50 to $4.50
AlexEliseev7: calls $3.50
*** FLOP *** [As 8s 6h]
AlexEliseev7: checks 
LuckyShikari: bets $4.50
AlexEliseev7: folds 
Uncalled bet ($4.50) returned to LuckyShikari
LuckyShikari collected $8.55 from pot
LuckyShikari: doesn't show hand 
*** SUMMARY ***
Total pot $9 | Rake $0.45 
Board [As 8s 6h]
Seat 1: DJNezz folded before Flop (didn't bet)
Seat 2: MAO_DZEDYN_S (button) folded before Flop (didn't bet)
Seat 4: AlexEliseev7 (small blind) folded on the Flop
Seat 5: LuckyShikari (big blind) collected ($8.55)
Seat 6: tannie11 folded before Flop (didn't bet)



PokerStars Hand #254607748350:  Hold'em No Limit ($0.50/$1.00 USD) - 2025/01/29 16:12:42 WET [2025/01/29 11:12:42 ET]
Table 'Leontina' 6-max Seat #4 is the button
Seat 3: S3MPR3IGUAL ($100 in chips) is sitting out
Seat 1: DJNezz ($101.30 in chips) 
Seat 2: MAO_DZEDYN_S ($100 in chips) 
Seat 4: AlexEliseev7 ($100 in chips) 
Seat 5: LuckyShikari ($104.05 in chips) 
Seat 6: tannie11 ($46.12 in chips) 
LuckyShikari: posts small blind $0.50
tannie11: posts big blind $1
S3MPR3IGUAL: sits out 
*** HOLE CARDS ***
DJNezz: folds 
MAO_DZEDYN_S: folds 
AlexEliseev7: folds 
LuckyShikari: raises $2 to $3
tannie11: calls $2
*** FLOP *** [4h 8s 2h]
LuckyShikari: checks 
tannie11: checks 
*** TURN *** [4h 8s 2h] [Jh]
LuckyShikari: checks 
tannie11: checks 
*** RIVER *** [4h 8s 2h Jh] [5s]
LuckyShikari: checks 
tannie11: checks 
*** SHOW DOWN ***
LuckyShikari: shows [Td Ad] (high card Ace)
tannie11: mucks hand 
LuckyShikari collected $5.70 from pot
*** SUMMARY ***
Total pot $6 | Rake $0.30 
Board [4h 8s 2h Jh 5s]
Seat 3: S3MPR3IGUAL
Seat 1: DJNezz folded before Flop (didn't bet)
Seat 2: MAO_DZEDYN_S folded before Flop (didn't bet)
Seat 4: AlexEliseev7 (button) folded before Flop (didn't bet)
Seat 5: LuckyShikari (small blind) showed [Td Ad] and won ($5.70) with high card Ace
Seat 6: tannie11 (big blind) mucked



PokerStars Hand #254607762182:  Hold'em No Limit ($0.50/$1.00 USD) - 2025/01/29 16:13:43 WET [2025/01/29 11:13:43 ET]
Table 'Leontina' 6-max Seat #5 is the button
Seat 3: S3MPR3IGUAL ($100 in chips) is sitting out
Seat 1: DJNezz ($101.30 in chips) 
Seat 2: MAO_DZEDYN_S ($100 in chips) 
Seat 4: AlexEliseev7 ($100 in chips) 
Seat 5: LuckyShikari ($106.75 in chips) 
Seat 6: tannie11 ($43.12 in chips) 
tannie11: posts small blind $0.50
DJNezz: posts big blind $1
S3MPR3IGUAL: sits out 
*** HOLE CARDS ***
MAO_DZEDYN_S: raises $1.25 to $2.25
AlexEliseev7: folds 
LuckyShikari: folds 
tannie11: folds 
DJNezz: folds 
Uncalled bet ($1.25) returned to MAO_DZEDYN_S
MAO_DZEDYN_S collected $2.50 from pot
MAO_DZEDYN_S: doesn't show hand 
*** SUMMARY ***
Total pot $2.50 | Rake $0 
Seat 3: S3MPR3IGUAL
Seat 1: DJNezz (big blind) folded before Flop
Seat 2: MAO_DZEDYN_S collected ($2.50)
Seat 4: AlexEliseev7 folded before Flop (didn't bet)
Seat 5: LuckyShikari (button) folded before Flop (didn't bet)
Seat 6: tannie11 (small blind) folded before Flop



PokerStars Hand #254607767181:  Hold'em No Limit ($0.50/$1.00 USD) - 2025/01/29 16:14:06 WET [2025/01/29 11:14:06 ET]
Table 'Leontina' 6-max Seat #6 is the button
Seat 2: MAO_DZEDYN_S ($101.50 in chips) is sitting out
Seat 1: DJNezz ($100.30 in chips) 
Seat 3: S3MPR3IGUAL ($100 in chips) 
Seat 4: AlexEliseev7 ($100 in chips) 
Seat 5: LuckyShikari ($106.75 in chips) 
Seat 6: tannie11 ($42.62 in chips) 
DJNezz: posts small blind $0.50
MAO_DZEDYN_S: is sitting out 
S3MPR3IGUAL: posts big blind $1
*** HOLE CARDS ***
AlexEliseev7: folds 
MAO_DZEDYN_S leaves the table
LuckyShikari: folds 
tannie11: raises $2 to $3
DJNezz: folds 
S3MPR3IGUAL: folds 
Uncalled bet ($2) returned to tannie11
tannie11 collected $2.50 from pot
*** SUMMARY ***
Total pot $2.50 | Rake $0 
Seat 2: MAO_DZEDYN_S
Seat 1: DJNezz (small blind) folded before Flop
Seat 3: S3MPR3IGUAL (big blind) folded before Flop
Seat 4: AlexEliseev7 folded before Flop (didn't bet)
Seat 5: LuckyShikari folded before Flop (didn't bet)
Seat 6: tannie11 (button) collected ($2.50)



PokerStars Hand #254607771020:  Hold'em No Limit ($0.50/$1.00 USD) - 2025/01/29 16:14:23 WET [2025/01/29 11:14:23 ET]
Table 'Leontina' 6-max Seat #1 is the button
Seat 4: AlexEliseev7 ($100 in chips) is sitting out
Seat 1: DJNezz ($100 in chips) 
Seat 3: S3MPR3IGUAL ($100 in chips) 
Seat 5: LuckyShikari ($106.75 in chips) 
Seat 6: tannie11 ($44.12 in chips) 
S3MPR3IGUAL: posts small blind $0.50
AlexEliseev7: is sitting out 
LuckyShikari: posts big blind $1
*** HOLE CARDS ***
AlexEliseev7 leaves the table
tannie11: raises $2 to $3
Aescul@pius joins the table at seat #2 
DJNezz: folds 
Espada Fish joins the table at seat #4 
S3MPR3IGUAL: folds 
LuckyShikari: folds 
Uncalled bet ($2) returned to tannie11
tannie11 collected $2.50 from pot
*** SUMMARY ***
Total pot $2.50 | Rake $0 
Seat 4: AlexEliseev7
Seat 1: DJNezz (button) folded before Flop (didn't bet)
Seat 3: S3MPR3IGUAL (small blind) folded before Flop
Seat 5: LuckyShikari (big blind) folded before Flop
Seat 6: tannie11 collected ($2.50)



PokerStars Hand #254607776137:  Hold'em No Limit ($0.50/$1.00 USD) - 2025/01/29 16:14:45 WET [2025/01/29 11:14:45 ET]
Table 'Leontina' 6-max Seat #3 is the button
Seat 2: Aescul@pius ($100 in chips) is sitting out
Seat 4: Espada Fish ($103 in chips) is sitting out
Seat 1: DJNezz ($100 in chips) 
Seat 3: S3MPR3IGUAL ($100 in chips) 
Seat 5: LuckyShikari ($105.75 in chips) 
Seat 6: tannie11 ($45.62 in chips) 
LuckyShikari: posts small blind $0.50
tannie11: posts big blind $1
Aescul@pius: sits out 
*** HOLE CARDS ***
DJNezz: folds 
S3MPR3IGUAL: folds 
LuckyShikari: raises $2 to $3
tannie11: calls $2
*** FLOP *** [7c Qh Qs]
LuckyShikari: checks 
tannie11: checks 
*** TURN *** [7c Qh Qs] [9h]
LuckyShikari: checks 
tannie11: bets $1
LuckyShikari: calls $1
*** RIVER *** [7c Qh Qs 9h] [Ts]
Aescul@pius leaves the table
LuckyShikari: checks 
tannie11: checks 
*** SHOW DOWN ***
LuckyShikari: shows [Ah Jh] (a pair of Queens)
tannie11: shows [Jd Td] (two pair, Queens and Tens)
tannie11 collected $7.60 from pot
*** SUMMARY ***
Total pot $8 | Rake $0.40 
Board [7c Qh Qs 9h Ts]
Seat 2: Aescul@pius
Seat 4: Espada Fish
Seat 1: DJNezz folded before Flop (didn't bet)
Seat 3: S3MPR3IGUAL (button) folded before Flop (didn't bet)
Seat 5: LuckyShikari (small blind) showed [Ah Jh] and lost with a pair of Queens
Seat 6: tannie11 (big blind) showed [Jd Td] and won ($7.60) with two pair, Queens and Tens



PokerStars Hand #254607788385:  Hold'em No Limit ($0.50/$1.00 USD) - 2025/01/29 16:15:40 WET [2025/01/29 11:15:40 ET]
Table 'Leontina' 6-max Seat #5 is the button
Seat 4: Espada Fish ($103 in chips) is sitting out
Seat 1: DJNezz ($100 in chips) 
Seat 3: S3MPR3IGUAL ($100 in chips) 
Seat 5: LuckyShikari ($101.75 in chips) 
Seat 6: tannie11 ($49.22 in chips) 
tannie11: posts small blind $0.50
DJNezz: posts big blind $1
Espada Fish: sits out 
*** HOLE CARDS ***
S3MPR3IGUAL: folds 
LuckyShikari: raises $1.25 to $2.25
tannie11: folds 
DJNezz: folds 
Uncalled bet ($1.25) returned to LuckyShikari
LuckyShikari collected $2.50 from pot
LuckyShikari: doesn't show hand 
*** SUMMARY ***
Total pot $2.50 | Rake $0 
Seat 4: Espada Fish
Seat 1: DJNezz (big blind) folded before Flop
Seat 3: S3MPR3IGUAL folded before Flop (didn't bet)
Seat 5: LuckyShikari (button) collected ($2.50)
Seat 6: tannie11 (small blind) folded before Flop



PokerStars Hand #254607791698:  Hold'em No Limit ($0.50/$1.00 USD) - 2025/01/29 16:15:54 WET [2025/01/29 11:15:54 ET]
Table 'Leontina' 6-max Seat #6 is the button
Seat 4: Espada Fish ($103 in chips) is sitting out
Seat 1: DJNezz ($100 in chips) 
Seat 3: S3MPR3IGUAL ($100 in chips) 
Seat 5: LuckyShikari ($103.25 in chips) 
Seat 6: tannie11 ($48.72 in chips) 
DJNezz: posts small blind $0.50
S3MPR3IGUAL: posts big blind $1
Espada Fish: sits out 
*** HOLE CARDS ***
LuckyShikari: folds 
socito joins the table at seat #2 
tannie11: folds 
DJNezz: raises $2 to $3
S3MPR3IGUAL: calls $2
*** FLOP *** [Jh Ts 3h]
socito leaves the table
jeffy27dt1 joins the table at seat #2 
DJNezz: bets $7.13
S3MPR3IGUAL: calls $7.13
*** TURN *** [Jh Ts 3h] [Qh]
DJNezz: checks 
S3MPR3IGUAL: checks 
*** RIVER *** [Jh Ts 3h Qh] [Ah]
DJNezz: checks 
S3MPR3IGUAL: bets $14.48
DJNezz: folds 
Uncalled bet ($14.48) returned to S3MPR3IGUAL
S3MPR3IGUAL collected $19.26 from pot
S3MPR3IGUAL: doesn't show hand 
*** SUMMARY ***
Total pot $20.26 | Rake $1 
Board [Jh Ts 3h Qh Ah]
Seat 4: Espada Fish
Seat 1: DJNezz (small blind) folded on the River
Seat 3: S3MPR3IGUAL (big blind) collected ($19.26)
Seat 5: LuckyShikari folded before Flop (didn't bet)
Seat 6: tannie11 (button) folded before Flop (didn't bet)



PokerStars Hand #254607813373:  Hold'em No Limit ($0.50/$1.00 USD) - 2025/01/29 16:17:30 WET [2025/01/29 11:17:30 ET]
Table 'Leontina' 6-max Seat #1 is the button
Seat 2: jeffy27dt1 ($100 in chips) is sitting out
Seat 1: DJNezz ($100 in chips) 
Seat 3: S3MPR3IGUAL ($109.13 in chips) 
Seat 4: Espada Fish ($103 in chips) 
Seat 5: LuckyShikari ($103.25 in chips) 
Seat 6: tannie11 ($48.72 in chips) 
S3MPR3IGUAL: posts small blind $0.50
Espada Fish: posts big blind $1
*** HOLE CARDS ***
LuckyShikari: folds 
tannie11: folds 
DJNezz: folds 
S3MPR3IGUAL: raises $2 to $3
Espada Fish: calls $2
*** FLOP *** [3s 7h Qh]
S3MPR3IGUAL: checks 
Espada Fish: checks 
*** TURN *** [3s 7h Qh] [2s]
S3MPR3IGUAL: checks 
Espada Fish: checks 
*** RIVER *** [3s 7h Qh 2s] [8s]
S3MPR3IGUAL: bets $1
Espada Fish: calls $1
*** SHOW DOWN ***
S3MPR3IGUAL: shows [5d 5s] (a pair of Fives)
Espada Fish: mucks hand 
S3MPR3IGUAL collected $7.60 from pot
*** SUMMARY ***
Total pot $8 | Rake $0.40 
Board [3s 7h Qh 2s 8s]
Seat 2: jeffy27dt1
Seat 1: DJNezz (button) folded before Flop (didn't bet)
Seat 3: S3MPR3IGUAL (small blind) showed [5d 5s] and won ($7.60) with a pair of Fives
Seat 4: Espada Fish (big blind) mucked
Seat 5: LuckyShikari folded before Flop (didn't bet)
Seat 6: tannie11 folded before Flop (didn't bet)



PokerStars Hand #254607824960:  Hold'em No Limit ($0.50/$1.00 USD) - 2025/01/29 16:18:22 WET [2025/01/29 11:18:22 ET]
Table 'Leontina' 6-max Seat #3 is the button
Seat 2: jeffy27dt1 ($100 in chips) is sitting out
Seat 1: DJNezz ($100 in chips) 
Seat 3: S3MPR3IGUAL ($112.73 in chips) 
Seat 4: Espada Fish ($100 in chips) 
Seat 5: LuckyShikari ($103.25 in chips) 
Seat 6: tannie11 ($48.72 in chips) 
Espada Fish: posts small blind $0.50
LuckyShikari: posts big blind $1
jeffy27dt1: sits out 
*** HOLE CARDS ***
tannie11: folds 
DJNezz: folds 
S3MPR3IGUAL: raises $1.20 to $2.20
Espada Fish: raises $8.80 to $11
LuckyShikari: folds 
S3MPR3IGUAL: raises $12 to $23
Espada Fish: calls $12
*** FLOP *** [Kc 6d Qs]
Espada Fish: checks 
S3MPR3IGUAL: bets $10
Espada Fish: calls $10
*** TURN *** [Kc 6d Qs] [9d]
Espada Fish: checks 
S3MPR3IGUAL: bets $22
Espada Fish: folds 
Uncalled bet ($22) returned to S3MPR3IGUAL
S3MPR3IGUAL collected $64.50 from pot
S3MPR3IGUAL: doesn't show hand 
*** SUMMARY ***
Total pot $67 | Rake $2.50 
Board [Kc 6d Qs 9d]
Seat 2: jeffy27dt1
Seat 1: DJNezz folded before Flop (didn't bet)
Seat 3: S3MPR3IGUAL (button) collected ($64.50)
Seat 4: Espada Fish (small blind) folded on the Turn
Seat 5: LuckyShikari (big blind) folded before Flop
Seat 6: tannie11 folded before Flop (didn't bet)



PokerStars Hand #254607848247:  Hold'em No Limit ($0.50/$1.00 USD) - 2025/01/29 16:20:05 WET [2025/01/29 11:20:05 ET]
Table 'Leontina' 6-max Seat #4 is the button
Seat 2: jeffy27dt1 ($100 in chips) is sitting out
Seat 1: DJNezz ($100 in chips) 
Seat 3: S3MPR3IGUAL ($144.23 in chips) 
Seat 4: Espada Fish ($100 in chips) 
Seat 5: LuckyShikari ($102.25 in chips) 
Seat 6: tannie11 ($48.72 in chips) 
LuckyShikari: posts small blind $0.50
tannie11: posts big blind $1
jeffy27dt1: sits out 
*** HOLE CARDS ***
DJNezz: folds 
S3MPR3IGUAL: folds 
Espada Fish: folds 
LuckyShikari: raises $2.50 to $3.50
tannie11: raises $8.50 to $12
LuckyShikari: folds 
Uncalled bet ($8.50) returned to tannie11
tannie11 collected $7 from pot
*** SUMMARY ***
Total pot $7 | Rake $0 
Seat 2: jeffy27dt1
Seat 1: DJNezz folded before Flop (didn't bet)
Seat 3: S3MPR3IGUAL folded before Flop (didn't bet)
Seat 4: Espada Fish (button) folded before Flop (didn't bet)
Seat 5: LuckyShikari (small blind) folded before Flop
Seat 6: tannie11 (big blind) collected ($7)



PokerStars Hand #254607858144:  Hold'em No Limit ($0.50/$1.00 USD) - 2025/01/29 16:20:49 WET [2025/01/29 11:20:49 ET]
Table 'Leontina' 6-max Seat #5 is the button
Seat 2: jeffy27dt1 ($100 in chips) is sitting out
Seat 1: DJNezz ($100 in chips) 
Seat 3: S3MPR3IGUAL ($144.23 in chips) 
Seat 4: Espada Fish ($100 in chips) 
Seat 5: LuckyShikari ($100 in chips) 
Seat 6: tannie11 ($52.22 in chips) 
tannie11: posts small blind $0.50
DJNezz: posts big blind $1
jeffy27dt1: sits out 
*** HOLE CARDS ***
S3MPR3IGUAL: folds 
Espada Fish: folds 
LuckyShikari: folds 
tannie11: calls $0.50
DJNezz: checks 
*** FLOP *** [Jc 4c Kh]
tannie11: checks 
DJNezz: bets $1.43
tannie11: folds 
Uncalled bet ($1.43) returned to DJNezz
DJNezz collected $1.90 from pot
*** SUMMARY ***
Total pot $2 | Rake $0.10 
Board [Jc 4c Kh]
Seat 2: jeffy27dt1
Seat 1: DJNezz (big blind) collected ($1.90)
Seat 3: S3MPR3IGUAL folded before Flop (didn't bet)
Seat 4: Espada Fish folded before Flop (didn't bet)
Seat 5: LuckyShikari (button) folded before Flop (didn't bet)
Seat 6: tannie11 (small blind) folded on the Flop



PokerStars Hand #254607867782:  Hold'em No Limit ($0.50/$1.00 USD) - 2025/01/29 16:21:31 WET [2025/01/29 11:21:31 ET]
Table 'Leontina' 6-max Seat #6 is the button
Seat 1: DJNezz ($100.90 in chips) 
Seat 2: jeffy27dt1 ($100 in chips) 
Seat 3: S3MPR3IGUAL ($144.23 in chips) 
Seat 4: Espada Fish ($100 in chips) 
Seat 5: LuckyShikari ($100 in chips) 
Seat 6: tannie11 ($51.22 in chips) 
DJNezz: posts small blind $0.50
jeffy27dt1: posts big blind $1
*** HOLE CARDS ***
S3MPR3IGUAL: raises $1.20 to $2.20
Espada Fish: folds 
LuckyShikari: folds 
tannie11: folds 
DJNezz: folds 
jeffy27dt1: folds 
Uncalled bet ($1.20) returned to S3MPR3IGUAL
S3MPR3IGUAL collected $2.50 from pot
S3MPR3IGUAL: doesn't show hand 
*** SUMMARY ***
Total pot $2.50 | Rake $0 
Seat 1: DJNezz (small blind) folded before Flop
Seat 2: jeffy27dt1 (big blind) folded before Flop
Seat 3: S3MPR3IGUAL collected ($2.50)
Seat 4: Espada Fish folded before Flop (didn't bet)
Seat 5: LuckyShikari folded before Flop (didn't bet)
Seat 6: tannie11 (button) folded before Flop (didn't bet)



PokerStars Hand #254607872334:  Hold'em No Limit ($0.50/$1.00 USD) - 2025/01/29 16:21:52 WET [2025/01/29 11:21:52 ET]
Table 'Leontina' 6-max Seat #1 is the button
Seat 3: S3MPR3IGUAL ($145.73 in chips) is sitting out
Seat 4: Espada Fish ($100 in chips) is sitting out
Seat 1: DJNezz ($100.40 in chips) 
Seat 2: jeffy27dt1 ($100 in chips) 
Seat 5: LuckyShikari ($100 in chips) 
Seat 6: tannie11 ($51.22 in chips) 
jeffy27dt1: posts small blind $0.50
S3MPR3IGUAL: is sitting out 
Espada Fish: is sitting out 
LuckyShikari: posts big blind $1
*** HOLE CARDS ***
S3MPR3IGUAL leaves the table
Espada Fish leaves the table
tannie11: folds 
DJNezz: raises $1.20 to $2.20
jeffy27dt1: raises $9.80 to $12
ruSSotron joins the table at seat #3 
LuckyShikari: folds 
DJNezz: folds 
Uncalled bet ($9.80) returned to jeffy27dt1
jeffy27dt1 collected $5.40 from pot
jeffy27dt1: doesn't show hand 
*** SUMMARY ***
Total pot $5.40 | Rake $0 
Seat 3: S3MPR3IGUAL
Seat 4: Espada Fish
Seat 1: DJNezz (button) folded before Flop
Seat 2: jeffy27dt1 (small blind) collected ($5.40)
Seat 5: LuckyShikari (big blind) folded before Flop
Seat 6: tannie11 folded before Flop (didn't bet)



PokerStars Hand #254607881636:  Hold'em No Limit ($0.50/$1.00 USD) - 2025/01/29 16:22:33 WET [2025/01/29 11:22:33 ET]
Table 'Leontina' 6-max Seat #2 is the button
Seat 3: ruSSotron ($100 in chips) is sitting out
Seat 1: DJNezz ($100 in chips) 
Seat 2: jeffy27dt1 ($103.20 in chips) 
Seat 5: LuckyShikari ($100 in chips) 
Seat 6: tannie11 ($51.22 in chips) 
LuckyShikari: posts small blind $0.50
tannie11: posts big blind $1
*** HOLE CARDS ***
DJNezz: raises $1.20 to $2.20
jeffy27dt1: folds 
LuckyShikari: folds 
tannie11: folds 
Uncalled bet ($1.20) returned to DJNezz
DJNezz collected $2.50 from pot
*** SUMMARY ***
Total pot $2.50 | Rake $0 
Seat 3: ruSSotron
Seat 1: DJNezz collected ($2.50)
Seat 2: jeffy27dt1 (button) folded before Flop (didn't bet)
Seat 5: LuckyShikari (small blind) folded before Flop
Seat 6: tannie11 (big blind) folded before Flop



PokerStars Hand #254607887597:  Hold'em No Limit ($0.50/$1.00 USD) - 2025/01/29 16:23:00 WET [2025/01/29 11:23:00 ET]
Table 'Leontina' 6-max Seat #5 is the button
Seat 3: ruSSotron ($100 in chips) is sitting out
Seat 1: DJNezz ($101.50 in chips) 
Seat 2: jeffy27dt1 ($103.20 in chips) 
Seat 5: LuckyShikari ($100 in chips) 
Seat 6: tannie11 ($50.22 in chips) 
tannie11: posts small blind $0.50
DJNezz: posts big blind $1
ruSSotron: sits out 
*** HOLE CARDS ***
jeffy27dt1: folds 
LuckyShikari: raises $1 to $2
tannie11: folds 
DJNezz: calls $1
*** FLOP *** [Js 4d Kh]
DJNezz: checks 
tzobeno1980 joins the table at seat #4 
tzobeno1980 is disconnected 
LuckyShikari: bets $1.20
DJNezz: folds 
Uncalled bet ($1.20) returned to LuckyShikari
LuckyShikari collected $4.28 from pot
LuckyShikari: doesn't show hand 
*** SUMMARY ***
Total pot $4.50 | Rake $0.22 
Board [Js 4d Kh]
Seat 3: ruSSotron
Seat 1: DJNezz (big blind) folded on the Flop
Seat 2: jeffy27dt1 folded before Flop (didn't bet)
Seat 5: LuckyShikari (button) collected ($4.28)
Seat 6: tannie11 (small blind) folded before Flop



PokerStars Hand #254607898581:  Hold'em No Limit ($0.50/$1.00 USD) - 2025/01/29 16:23:49 WET [2025/01/29 11:23:49 ET]
Table 'Leontina' 6-max Seat #6 is the button
Seat 3: ruSSotron ($100 in chips) is sitting out
Seat 1: DJNezz ($100 in chips) 
Seat 2: jeffy27dt1 ($103.20 in chips) 
Seat 4: tzobeno1980 ($100 in chips) 
Seat 5: LuckyShikari ($102.28 in chips) 
Seat 6: tannie11 ($49.72 in chips) 
DJNezz: posts small blind $0.50
jeffy27dt1: posts big blind $1
ruSSotron: sits out 
tzobeno1980: posts big blind $1
*** HOLE CARDS ***
tzobeno1980: raises $2 to $3
LuckyShikari: folds 
tannie11: folds 
DJNezz: folds 
jeffy27dt1: folds 
Uncalled bet ($2) returned to tzobeno1980
tzobeno1980 collected $2.50 from pot
*** SUMMARY ***
Total pot $2.50 | Rake $0 
Seat 3: ruSSotron
Seat 1: DJNezz (small blind) folded before Flop
Seat 2: jeffy27dt1 (big blind) folded before Flop
Seat 4: tzobeno1980 collected ($2.50)
Seat 5: LuckyShikari folded before Flop (didn't bet)
Seat 6: tannie11 (button) folded before Flop (didn't bet)



PokerStars Hand #254607904771:  Hold'em No Limit ($0.50/$1.00 USD) - 2025/01/29 16:24:17 WET [2025/01/29 11:24:17 ET]
Table 'Leontina' 6-max Seat #1 is the button
Seat 1: DJNezz ($100 in chips) 
Seat 2: jeffy27dt1 ($102.20 in chips) 
Seat 3: ruSSotron ($100 in chips) 
Seat 4: tzobeno1980 ($101.50 in chips) 
Seat 5: LuckyShikari ($102.28 in chips) 
Seat 6: tannie11 ($49.72 in chips) 
jeffy27dt1: posts small blind $0.50
ruSSotron: posts big blind $1
*** HOLE CARDS ***
tzobeno1980: folds 
LuckyShikari: folds 
tannie11: folds 
DJNezz: raises $1.20 to $2.20
jeffy27dt1: raises $9.80 to $12
ruSSotron: folds 
DJNezz: folds 
Uncalled bet ($9.80) returned to jeffy27dt1
jeffy27dt1 collected $5.40 from pot
jeffy27dt1: doesn't show hand 
*** SUMMARY ***
Total pot $5.40 | Rake $0 
Seat 1: DJNezz (button) folded before Flop
Seat 2: jeffy27dt1 (small blind) collected ($5.40)
Seat 3: ruSSotron (big blind) folded before Flop
Seat 4: tzobeno1980 folded before Flop (didn't bet)
Seat 5: LuckyShikari folded before Flop (didn't bet)
Seat 6: tannie11 folded before Flop (didn't bet)



PokerStars Hand #254607911112:  Hold'em No Limit ($0.50/$1.00 USD) - 2025/01/29 16:24:45 WET [2025/01/29 11:24:45 ET]
Table 'Leontina' 6-max Seat #2 is the button
Seat 1: DJNezz ($100 in chips) 
Seat 2: jeffy27dt1 ($105.40 in chips) 
Seat 3: ruSSotron ($100 in chips) 
Seat 4: tzobeno1980 ($101.50 in chips) 
Seat 5: LuckyShikari ($102.28 in chips) 
Seat 6: tannie11 ($49.72 in chips) 
ruSSotron: posts small blind $0.50
tzobeno1980: posts big blind $1
*** HOLE CARDS ***
LuckyShikari: folds 
tannie11: raises $2 to $3
DJNezz: folds 
jeffy27dt1: folds 
ruSSotron: folds 
tzobeno1980: folds 
Uncalled bet ($2) returned to tannie11
tannie11 collected $2.50 from pot
*** SUMMARY ***
Total pot $2.50 | Rake $0 
Seat 1: DJNezz folded before Flop (didn't bet)
Seat 2: jeffy27dt1 (button) folded before Flop (didn't bet)
Seat 3: ruSSotron (small blind) folded before Flop
Seat 4: tzobeno1980 (big blind) folded before Flop
Seat 5: LuckyShikari folded before Flop (didn't bet)
Seat 6: tannie11 collected ($2.50)



PokerStars Hand #254607920117:  Hold'em No Limit ($0.50/$1.00 USD) - 2025/01/29 16:25:25 WET [2025/01/29 11:25:25 ET]
Table 'Leontina' 6-max Seat #3 is the button
Seat 1: DJNezz ($100 in chips) 
Seat 2: jeffy27dt1 ($105.40 in chips) 
Seat 3: ruSSotron ($100 in chips) 
Seat 4: tzobeno1980 ($100.50 in chips) 
Seat 5: LuckyShikari ($102.28 in chips) 
Seat 6: tannie11 ($51.22 in chips) 
tzobeno1980: posts small blind $0.50
LuckyShikari: posts big blind $1
*** HOLE CARDS ***
tannie11: folds 
DJNezz: raises $1.20 to $2.20
jeffy27dt1: raises $5.30 to $7.50
ruSSotron: folds 
tzobeno1980: folds 
LuckyShikari: folds 
DJNezz: folds 
Uncalled bet ($5.30) returned to jeffy27dt1
jeffy27dt1 collected $5.90 from pot
jeffy27dt1: doesn't show hand 
*** SUMMARY ***
Total pot $5.90 | Rake $0 
Seat 1: DJNezz folded before Flop
Seat 2: jeffy27dt1 collected ($5.90)
Seat 3: ruSSotron (button) folded before Flop (didn't bet)
Seat 4: tzobeno1980 (small blind) folded before Flop
Seat 5: LuckyShikari (big blind) folded before Flop
Seat 6: tannie11 folded before Flop (didn't bet)



PokerStars Hand #254607924272:  Hold'em No Limit ($0.50/$1.00 USD) - 2025/01/29 16:25:44 WET [2025/01/29 11:25:44 ET]
Table 'Leontina' 6-max Seat #4 is the button
Seat 1: DJNezz ($100 in chips) 
Seat 2: jeffy27dt1 ($109.10 in chips) 
Seat 3: ruSSotron ($100 in chips) 
Seat 4: tzobeno1980 ($100 in chips) 
Seat 5: LuckyShikari ($101.28 in chips) 
Seat 6: tannie11 ($51.22 in chips) 
LuckyShikari: posts small blind $0.50
tannie11: posts big blind $1
*** HOLE CARDS ***
DJNezz: folds 
jeffy27dt1: folds 
ruSSotron: folds 
tzobeno1980: raises $1 to $2
LuckyShikari: folds 
tannie11: folds 
Uncalled bet ($1) returned to tzobeno1980
tzobeno1980 collected $2.50 from pot
*** SUMMARY ***
Total pot $2.50 | Rake $0 
Seat 1: DJNezz folded before Flop (didn't bet)
Seat 2: jeffy27dt1 folded before Flop (didn't bet)
Seat 3: ruSSotron folded before Flop (didn't bet)
Seat 4: tzobeno1980 (button) collected ($2.50)
Seat 5: LuckyShikari (small blind) folded before Flop
Seat 6: tannie11 (big blind) folded before Flop



PokerStars Hand #254607929370:  Hold'em No Limit ($0.50/$1.00 USD) - 2025/01/29 16:26:07 WET [2025/01/29 11:26:07 ET]
Table 'Leontina' 6-max Seat #5 is the button
Seat 1: DJNezz ($100 in chips) 
Seat 2: jeffy27dt1 ($109.10 in chips) 
Seat 3: ruSSotron ($100 in chips) 
Seat 4: tzobeno1980 ($101.50 in chips) 
Seat 5: LuckyShikari ($100.78 in chips) 
Seat 6: tannie11 ($50.22 in chips) 
tannie11: posts small blind $0.50
DJNezz: posts big blind $1
*** HOLE CARDS ***
jeffy27dt1: folds 
ruSSotron: folds 
tzobeno1980: folds 
LuckyShikari: folds 
tannie11: folds 
Uncalled bet ($0.50) returned to DJNezz
DJNezz collected $1 from pot
*** SUMMARY ***
Total pot $1 | Rake $0 
Seat 1: DJNezz (big blind) collected ($1)
Seat 2: jeffy27dt1 folded before Flop (didn't bet)
Seat 3: ruSSotron folded before Flop (didn't bet)
Seat 4: tzobeno1980 folded before Flop (didn't bet)
Seat 5: LuckyShikari (button) folded before Flop (didn't bet)
Seat 6: tannie11 (small blind) folded before Flop



PokerStars Hand #254607932718:  Hold'em No Limit ($0.50/$1.00 USD) - 2025/01/29 16:26:22 WET [2025/01/29 11:26:22 ET]
Table 'Leontina' 6-max Seat #6 is the button
Seat 4: tzobeno1980 ($101.50 in chips) is sitting out
Seat 1: DJNezz ($100.50 in chips) 
Seat 2: jeffy27dt1 ($109.10 in chips) 
Seat 3: ruSSotron ($100 in chips) 
Seat 5: LuckyShikari ($100.78 in chips) 
Seat 6: tannie11 ($49.72 in chips) 
DJNezz: posts small blind $0.50
jeffy27dt1: posts big blind $1
*** HOLE CARDS ***
tzobeno1980 leaves the table
ruSSotron: raises $1.20 to $2.20
LuckyShikari: folds 
tannie11: folds 
DJNezz: folds 
jeffy27dt1: raises $10.80 to $13
ruSSotron: folds 
Uncalled bet ($10.80) returned to jeffy27dt1
jeffy27dt1 collected $4.90 from pot
jeffy27dt1: doesn't show hand 
*** SUMMARY ***
Total pot $4.90 | Rake $0 
Seat 4: tzobeno1980
Seat 1: DJNezz (small blind) folded before Flop
Seat 2: jeffy27dt1 (big blind) collected ($4.90)
Seat 3: ruSSotron folded before Flop
Seat 5: LuckyShikari folded before Flop (didn't bet)
Seat 6: tannie11 (button) folded before Flop (didn't bet)



PokerStars Hand #254607941690:  Hold'em No Limit ($0.50/$1.00 USD) - 2025/01/29 16:27:02 WET [2025/01/29 11:27:02 ET]
Table 'Leontina' 6-max Seat #1 is the button
Seat 1: DJNezz ($100 in chips) 
Seat 2: jeffy27dt1 ($111.80 in chips) 
Seat 3: ruSSotron ($100 in chips) 
Seat 5: LuckyShikari ($100.78 in chips) 
Seat 6: tannie11 ($49.72 in chips) 
jeffy27dt1: posts small blind $0.50
ruSSotron: posts big blind $1
*** HOLE CARDS ***
LuckyShikari: folds 
tannie11: folds 
DJNezz: folds 
jeffy27dt1: raises $2 to $3
ruSSotron: folds 
Uncalled bet ($2) returned to jeffy27dt1
jeffy27dt1 collected $2 from pot
jeffy27dt1: doesn't show hand 
*** SUMMARY ***
Total pot $2 | Rake $0 
Seat 1: DJNezz (button) folded before Flop (didn't bet)
Seat 2: jeffy27dt1 (small blind) collected ($2)
Seat 3: ruSSotron (big blind) folded before Flop
Seat 5: LuckyShikari folded before Flop (didn't bet)
Seat 6: tannie11 folded before Flop (didn't bet)



PokerStars Hand #254607946752:  Hold'em No Limit ($0.50/$1.00 USD) - 2025/01/29 16:27:25 WET [2025/01/29 11:27:25 ET]
Table 'Leontina' 6-max Seat #2 is the button
Seat 1: DJNezz ($100 in chips) 
Seat 2: jeffy27dt1 ($112.80 in chips) 
Seat 3: ruSSotron ($100 in chips) 
Seat 5: LuckyShikari ($100.78 in chips) 
Seat 6: tannie11 ($49.72 in chips) 
ruSSotron: posts small blind $0.50
LuckyShikari: posts big blind $1
*** HOLE CARDS ***
tannie11: folds 
DJNezz: raises $1.20 to $2.20
jeffy27dt1: folds 
ruSSotron: folds 
LuckyShikari: folds 
Uncalled bet ($1.20) returned to DJNezz
DJNezz collected $2.50 from pot
*** SUMMARY ***
Total pot $2.50 | Rake $0 
Seat 1: DJNezz collected ($2.50)
Seat 2: jeffy27dt1 (button) folded before Flop (didn't bet)
Seat 3: ruSSotron (small blind) folded before Flop
Seat 5: LuckyShikari (big blind) folded before Flop
Seat 6: tannie11 folded before Flop (didn't bet)



PokerStars Hand #254607951153:  Hold'em No Limit ($0.50/$1.00 USD) - 2025/01/29 16:27:45 WET [2025/01/29 11:27:45 ET]
Table 'Leontina' 6-max Seat #3 is the button
Seat 1: DJNezz ($101.50 in chips) 
Seat 2: jeffy27dt1 ($112.80 in chips) 
Seat 3: ruSSotron ($100 in chips) 
Seat 5: LuckyShikari ($100 in chips) 
Seat 6: tannie11 ($49.72 in chips) 
LuckyShikari: posts small blind $0.50
tannie11: posts big blind $1
*** HOLE CARDS ***
DJNezz: folds 
jeffy27dt1: folds 
ruSSotron: folds 
LuckyShikari: folds 
Uncalled bet ($0.50) returned to tannie11
tannie11 collected $1 from pot
*** SUMMARY ***
Total pot $1 | Rake $0 
Seat 1: DJNezz folded before Flop (didn't bet)
Seat 2: jeffy27dt1 folded before Flop (didn't bet)
Seat 3: ruSSotron (button) folded before Flop (didn't bet)
Seat 5: LuckyShikari (small blind) folded before Flop
Seat 6: tannie11 (big blind) collected ($1)



PokerStars Hand #254607954693:  Hold'em No Limit ($0.50/$1.00 USD) - 2025/01/29 16:28:02 WET [2025/01/29 11:28:02 ET]
Table 'Leontina' 6-max Seat #5 is the button
Seat 1: DJNezz ($101.50 in chips) 
Seat 2: jeffy27dt1 ($112.80 in chips) 
Seat 3: ruSSotron ($100 in chips) 
Seat 5: LuckyShikari ($100 in chips) 
Seat 6: tannie11 ($50.22 in chips) 
tannie11: posts small blind $0.50
DJNezz: posts big blind $1
*** HOLE CARDS ***
jeffy27dt1: folds 
ruSSotron: raises $1.20 to $2.20
LuckyShikari: folds 
tannie11: folds 
DJNezz: folds 
Uncalled bet ($1.20) returned to ruSSotron
ruSSotron collected $2.50 from pot
*** SUMMARY ***
Total pot $2.50 | Rake $0 
Seat 1: DJNezz (big blind) folded before Flop
Seat 2: jeffy27dt1 folded before Flop (didn't bet)
Seat 3: ruSSotron collected ($2.50)
Seat 5: LuckyShikari (button) folded before Flop (didn't bet)
Seat 6: tannie11 (small blind) folded before Flop



PokerStars Hand #254607961623:  Hold'em No Limit ($0.50/$1.00 USD) - 2025/01/29 16:28:33 WET [2025/01/29 11:28:33 ET]
Table 'Leontina' 6-max Seat #6 is the button
Seat 1: DJNezz ($100.50 in chips) 
Seat 2: jeffy27dt1 ($112.80 in chips) 
Seat 3: ruSSotron ($101.50 in chips) 
Seat 5: LuckyShikari ($100 in chips) 
Seat 6: tannie11 ($49.72 in chips) 
DJNezz: posts small blind $0.50
jeffy27dt1: posts big blind $1
*** HOLE CARDS ***
ruSSotron: folds 
LuckyShikari: folds 
tannie11: raises $2 to $3
DJNezz: folds 
jeffy27dt1: folds 
Uncalled bet ($2) returned to tannie11
tannie11 collected $2.50 from pot
*** SUMMARY ***
Total pot $2.50 | Rake $0 
Seat 1: DJNezz (small blind) folded before Flop
Seat 2: jeffy27dt1 (big blind) folded before Flop
Seat 3: ruSSotron folded before Flop (didn't bet)
Seat 5: LuckyShikari folded before Flop (didn't bet)
Seat 6: tannie11 (button) collected ($2.50)



PokerStars Hand #254607966306:  Hold'em No Limit ($0.50/$1.00 USD) - 2025/01/29 16:28:55 WET [2025/01/29 11:28:55 ET]
Table 'Leontina' 6-max Seat #1 is the button
Seat 1: DJNezz ($100 in chips) 
Seat 2: jeffy27dt1 ($111.80 in chips) 
Seat 3: ruSSotron ($101.50 in chips) 
Seat 5: LuckyShikari ($100 in chips) 
Seat 6: tannie11 ($51.22 in chips) 
jeffy27dt1: posts small blind $0.50
ruSSotron: posts big blind $1
*** HOLE CARDS ***
LuckyShikari: folds 
tannie11: folds 
Trente666 joins the table at seat #4 
Trente666 is disconnected 
DJNezz: raises $1.20 to $2.20
jeffy27dt1: folds 
ruSSotron: raises $9.80 to $12
DJNezz: folds 
Uncalled bet ($9.80) returned to ruSSotron
ruSSotron collected $4.90 from pot
*** SUMMARY ***
Total pot $4.90 | Rake $0 
Seat 1: DJNezz (button) folded before Flop
Seat 2: jeffy27dt1 (small blind) folded before Flop
Seat 3: ruSSotron (big blind) collected ($4.90)
Seat 5: LuckyShikari folded before Flop (didn't bet)
Seat 6: tannie11 folded before Flop (didn't bet)



PokerStars Hand #254607971392:  Hold'em No Limit ($0.50/$1.00 USD) - 2025/01/29 16:29:18 WET [2025/01/29 11:29:18 ET]
Table 'Leontina' 6-max Seat #2 is the button
Seat 1: DJNezz ($100 in chips) 
Seat 2: jeffy27dt1 ($111.30 in chips) 
Seat 3: ruSSotron ($104.20 in chips) 
Seat 4: Trente666 ($41.06 in chips) 
Seat 5: LuckyShikari ($100 in chips) 
Seat 6: tannie11 ($51.22 in chips) 
ruSSotron: posts small blind $0.50
Trente666: posts big blind $1
*** HOLE CARDS ***
LuckyShikari: folds 
tannie11: raises $2 to $3
DJNezz: folds 
jeffy27dt1: folds 
ruSSotron: folds 
Trente666: folds 
Uncalled bet ($2) returned to tannie11
tannie11 collected $2.50 from pot
*** SUMMARY ***
Total pot $2.50 | Rake $0 
Seat 1: DJNezz folded before Flop (didn't bet)
Seat 2: jeffy27dt1 (button) folded before Flop (didn't bet)
Seat 3: ruSSotron (small blind) folded before Flop
Seat 4: Trente666 (big blind) folded before Flop
Seat 5: LuckyShikari folded before Flop (didn't bet)
Seat 6: tannie11 collected ($2.50)



PokerStars Hand #254607975849:  Hold'em No Limit ($0.50/$1.00 USD) - 2025/01/29 16:29:39 WET [2025/01/29 11:29:39 ET]
Table 'Leontina' 6-max Seat #3 is the button
Seat 1: DJNezz ($100 in chips) 
Seat 2: jeffy27dt1 ($111.30 in chips) 
Seat 3: ruSSotron ($103.70 in chips) 
Seat 4: Trente666 ($40.06 in chips) 
Seat 5: LuckyShikari ($100 in chips) 
Seat 6: tannie11 ($52.72 in chips) 
Trente666: posts small blind $0.50
LuckyShikari: posts big blind $1
*** HOLE CARDS ***
tannie11: folds 
DJNezz: folds 
jeffy27dt1: raises $1.50 to $2.50
ruSSotron: folds 
Trente666: calls $2
LuckyShikari: folds 
*** FLOP *** [Kd 5c 4h]
Trente666: bets $5.70
jeffy27dt1: folds 
Uncalled bet ($5.70) returned to Trente666
Trente666 collected $5.70 from pot
*** SUMMARY ***
Total pot $6 | Rake $0.30 
Board [Kd 5c 4h]
Seat 1: DJNezz folded before Flop (didn't bet)
Seat 2: jeffy27dt1 folded on the Flop
Seat 3: ruSSotron (button) folded before Flop (didn't bet)
Seat 4: Trente666 (small blind) collected ($5.70)
Seat 5: LuckyShikari (big blind) folded before Flop
Seat 6: tannie11 folded before Flop (didn't bet)



PokerStars Hand #254607986938:  Hold'em No Limit ($0.50/$1.00 USD) - 2025/01/29 16:30:28 WET [2025/01/29 11:30:28 ET]
Table 'Leontina' 6-max Seat #4 is the button
Seat 1: DJNezz ($100 in chips) 
Seat 2: jeffy27dt1 ($108.80 in chips) 
Seat 3: ruSSotron ($103.70 in chips) 
Seat 4: Trente666 ($43.26 in chips) 
Seat 5: LuckyShikari ($100 in chips) 
Seat 6: tannie11 ($52.72 in chips) 
LuckyShikari: posts small blind $0.50
tannie11: posts big blind $1
*** HOLE CARDS ***
DJNezz: folds 
jeffy27dt1: folds 
ruSSotron: folds 
Trente666: folds 
LuckyShikari: raises $2 to $3
tannie11: folds 
Uncalled bet ($2) returned to LuckyShikari
LuckyShikari collected $2 from pot
LuckyShikari: doesn't show hand 
*** SUMMARY ***
Total pot $2 | Rake $0 
Seat 1: DJNezz folded before Flop (didn't bet)
Seat 2: jeffy27dt1 folded before Flop (didn't bet)
Seat 3: ruSSotron folded before Flop (didn't bet)
Seat 4: Trente666 (button) folded before Flop (didn't bet)
Seat 5: LuckyShikari (small blind) collected ($2)
Seat 6: tannie11 (big blind) folded before Flop



PokerStars Hand #254607991355:  Hold'em No Limit ($0.50/$1.00 USD) - 2025/01/29 16:30:48 WET [2025/01/29 11:30:48 ET]
Table 'Leontina' 6-max Seat #5 is the button
Seat 1: DJNezz ($100 in chips) 
Seat 2: jeffy27dt1 ($108.80 in chips) 
Seat 3: ruSSotron ($103.70 in chips) 
Seat 4: Trente666 ($43.26 in chips) 
Seat 5: LuckyShikari ($101 in chips) 
Seat 6: tannie11 ($51.72 in chips) 
tannie11: posts small blind $0.50
DJNezz: posts big blind $1
*** HOLE CARDS ***
jeffy27dt1: raises $1.50 to $2.50
ruSSotron: raises $5 to $7.50
Trente666: folds 
LuckyShikari: folds 
tannie11: folds 
DJNezz: folds 
jeffy27dt1: folds 
Uncalled bet ($5) returned to ruSSotron
ruSSotron collected $6.50 from pot
*** SUMMARY ***
Total pot $6.50 | Rake $0 
Seat 1: DJNezz (big blind) folded before Flop
Seat 2: jeffy27dt1 folded before Flop
Seat 3: ruSSotron collected ($6.50)
Seat 4: Trente666 folded before Flop (didn't bet)
Seat 5: LuckyShikari (button) folded before Flop (didn't bet)
Seat 6: tannie11 (small blind) folded before Flop



PokerStars Hand #254607998132:  Hold'em No Limit ($0.50/$1.00 USD) - 2025/01/29 16:31:18 WET [2025/01/29 11:31:18 ET]
Table 'Leontina' 6-max Seat #6 is the button
Seat 1: DJNezz ($100 in chips) 
Seat 2: jeffy27dt1 ($106.30 in chips) 
Seat 3: ruSSotron ($107.70 in chips) 
Seat 4: Trente666 ($43.26 in chips) 
Seat 5: LuckyShikari ($101 in chips) 
Seat 6: tannie11 ($51.22 in chips) 
DJNezz: posts small blind $0.50
jeffy27dt1: posts big blind $1
*** HOLE CARDS ***
ruSSotron: folds 
Trente666: folds 
LuckyShikari: folds 
tannie11: raises $1 to $2
DJNezz: folds 
jeffy27dt1: folds 
Uncalled bet ($1) returned to tannie11
tannie11 collected $2.50 from pot
*** SUMMARY ***
Total pot $2.50 | Rake $0 
Seat 1: DJNezz (small blind) folded before Flop
Seat 2: jeffy27dt1 (big blind) folded before Flop
Seat 3: ruSSotron folded before Flop (didn't bet)
Seat 4: Trente666 folded before Flop (didn't bet)
Seat 5: LuckyShikari folded before Flop (didn't bet)
Seat 6: tannie11 (button) collected ($2.50)



PokerStars Hand #254608002251:  Hold'em No Limit ($0.50/$1.00 USD) - 2025/01/29 16:31:37 WET [2025/01/29 11:31:37 ET]
Table 'Leontina' 6-max Seat #1 is the button
Seat 1: DJNezz ($100 in chips) 
Seat 2: jeffy27dt1 ($105.30 in chips) 
Seat 3: ruSSotron ($107.70 in chips) 
Seat 4: Trente666 ($43.26 in chips) 
Seat 5: LuckyShikari ($101 in chips) 
Seat 6: tannie11 ($52.72 in chips) 
jeffy27dt1: posts small blind $0.50
ruSSotron: posts big blind $1
*** HOLE CARDS ***
Trente666: calls $1
LuckyShikari: folds 
tannie11: calls $1
DJNezz: folds 
jeffy27dt1: folds 
ruSSotron: checks 
*** FLOP *** [9s Jd 5c]
ruSSotron: checks 
Trente666: checks 
tannie11: checks 
*** TURN *** [9s Jd 5c] [Qh]
ruSSotron: checks 
Trente666: checks 
tannie11: checks 
*** RIVER *** [9s Jd 5c Qh] [Js]
ruSSotron: checks 
Trente666: checks 
tannie11: checks 
*** SHOW DOWN ***
ruSSotron: shows [Kc 4d] (a pair of Jacks)
Trente666: shows [Ac 8s] (a pair of Jacks - Ace kicker)
tannie11: shows [3s As] (a pair of Jacks)
Trente666 collected $1.66 from pot
tannie11 collected $1.66 from pot
*** SUMMARY ***
Total pot $3.50 | Rake $0.18 
Board [9s Jd 5c Qh Js]
Seat 1: DJNezz (button) folded before Flop (didn't bet)
Seat 2: jeffy27dt1 (small blind) folded before Flop
Seat 3: ruSSotron (big blind) showed [Kc 4d] and lost with a pair of Jacks
Seat 4: Trente666 showed [Ac 8s] and won ($1.66) with a pair of Jacks
Seat 5: LuckyShikari folded before Flop (didn't bet)
Seat 6: tannie11 showed [3s As] and won ($1.66) with a pair of Jacks



PokerStars Hand #254608013240:  Hold'em No Limit ($0.50/$1.00 USD) - 2025/01/29 16:32:26 WET [2025/01/29 11:32:26 ET]
Table 'Leontina' 6-max Seat #2 is the button
Seat 1: DJNezz ($100 in chips) 
Seat 2: jeffy27dt1 ($104.80 in chips) 
Seat 3: ruSSotron ($106.70 in chips) 
Seat 4: Trente666 ($43.92 in chips) 
Seat 5: LuckyShikari ($101 in chips) 
Seat 6: tannie11 ($53.38 in chips) 
ruSSotron: posts small blind $0.50
Trente666: posts big blind $1
*** HOLE CARDS ***
LuckyShikari: folds 
tannie11: folds 
DJNezz: folds 
jeffy27dt1: raises $1.50 to $2.50
ruSSotron: folds 
Trente666: folds 
Uncalled bet ($1.50) returned to jeffy27dt1
jeffy27dt1 collected $2.50 from pot
jeffy27dt1: doesn't show hand 
*** SUMMARY ***
Total pot $2.50 | Rake $0 
Seat 1: DJNezz folded before Flop (didn't bet)
Seat 2: jeffy27dt1 (button) collected ($2.50)
Seat 3: ruSSotron (small blind) folded before Flop
Seat 4: Trente666 (big blind) folded before Flop
Seat 5: LuckyShikari folded before Flop (didn't bet)
Seat 6: tannie11 folded before Flop (didn't bet)



PokerStars Hand #254608017992:  Hold'em No Limit ($0.50/$1.00 USD) - 2025/01/29 16:32:47 WET [2025/01/29 11:32:47 ET]
Table 'Leontina' 6-max Seat #3 is the button
Seat 1: DJNezz ($100 in chips) 
Seat 2: jeffy27dt1 ($106.30 in chips) 
Seat 3: ruSSotron ($106.20 in chips) 
Seat 4: Trente666 ($42.92 in chips) 
Seat 5: LuckyShikari ($101 in chips) 
Seat 6: tannie11 ($53.38 in chips) 
Trente666: posts small blind $0.50
LuckyShikari: posts big blind $1
*** HOLE CARDS ***
tannie11: folds 
DJNezz: folds 
jeffy27dt1: raises $1.50 to $2.50
ruSSotron: folds 
Trente666: folds 
LuckyShikari: folds 
Uncalled bet ($1.50) returned to jeffy27dt1
jeffy27dt1 collected $2.50 from pot
jeffy27dt1: doesn't show hand 
*** SUMMARY ***
Total pot $2.50 | Rake $0 
Seat 1: DJNezz folded before Flop (didn't bet)
Seat 2: jeffy27dt1 collected ($2.50)
Seat 3: ruSSotron (button) folded before Flop (didn't bet)
Seat 4: Trente666 (small blind) folded before Flop
Seat 5: LuckyShikari (big blind) folded before Flop
Seat 6: tannie11 folded before Flop (didn't bet)



PokerStars Hand #254608021627:  Hold'em No Limit ($0.50/$1.00 USD) - 2025/01/29 16:33:04 WET [2025/01/29 11:33:04 ET]
Table 'Leontina' 6-max Seat #4 is the button
Seat 6: tannie11 ($53.38 in chips) is sitting out
Seat 1: DJNezz ($100 in chips) 
Seat 2: jeffy27dt1 ($107.80 in chips) 
Seat 3: ruSSotron ($106.20 in chips) 
Seat 4: Trente666 ($42.42 in chips) 
Seat 5: LuckyShikari ($100 in chips) 
LuckyShikari: posts small blind $0.50
tannie11 has timed out
tannie11: is sitting out 
DJNezz: posts big blind $1
*** HOLE CARDS ***
jeffy27dt1: folds 
ruSSotron: folds 
Trente666: folds 
LuckyShikari: folds 
Uncalled bet ($0.50) returned to DJNezz
DJNezz collected $1 from pot
*** SUMMARY ***
Total pot $1 | Rake $0 
Seat 6: tannie11
Seat 1: DJNezz (big blind) collected ($1)
Seat 2: jeffy27dt1 folded before Flop (didn't bet)
Seat 3: ruSSotron folded before Flop (didn't bet)
Seat 4: Trente666 (button) folded before Flop (didn't bet)
Seat 5: LuckyShikari (small blind) folded before Flop



PokerStars Hand #254608025992:  Hold'em No Limit ($0.50/$1.00 USD) - 2025/01/29 16:33:25 WET [2025/01/29 11:33:25 ET]
Table 'Leontina' 6-max Seat #5 is the button
Seat 6: tannie11 ($53.38 in chips) is sitting out
Seat 1: DJNezz ($100.50 in chips) 
Seat 2: jeffy27dt1 ($107.80 in chips) 
Seat 3: ruSSotron ($106.20 in chips) 
Seat 4: Trente666 ($42.42 in chips) 
Seat 5: LuckyShikari ($100 in chips) 
DJNezz: posts small blind $0.50
jeffy27dt1: posts big blind $1
*** HOLE CARDS ***
ruSSotron: folds 
Trente666: folds 
LuckyShikari: raises $1 to $2
DJNezz: folds 
jeffy27dt1: folds 
Uncalled bet ($1) returned to LuckyShikari
LuckyShikari collected $2.50 from pot
LuckyShikari: doesn't show hand 
*** SUMMARY ***
Total pot $2.50 | Rake $0 
Seat 6: tannie11
Seat 1: DJNezz (small blind) folded before Flop
Seat 2: jeffy27dt1 (big blind) folded before Flop
Seat 3: ruSSotron folded before Flop (didn't bet)
Seat 4: Trente666 folded before Flop (didn't bet)
Seat 5: LuckyShikari (button) collected ($2.50)



PokerStars Hand #254608031928:  Hold'em No Limit ($0.50/$1.00 USD) - 2025/01/29 16:33:51 WET [2025/01/29 11:33:51 ET]
Table 'Leontina' 6-max Seat #1 is the button
Seat 1: DJNezz ($100 in chips) 
Seat 2: jeffy27dt1 ($106.80 in chips) 
Seat 3: ruSSotron ($106.20 in chips) 
Seat 4: Trente666 ($42.42 in chips) 
Seat 5: LuckyShikari ($101.50 in chips) 
Seat 6: tannie11 ($53.38 in chips) 
jeffy27dt1: posts small blind $0.50
ruSSotron: posts big blind $1
tannie11: posts small & big blinds $1.50
*** HOLE CARDS ***
Trente666: folds 
LuckyShikari: folds 
tannie11: checks 
DJNezz: raises $3 to $4
jeffy27dt1: folds 
ruSSotron: raises $8 to $12
tannie11: folds 
DJNezz: raises $14 to $26
ruSSotron: folds 
Uncalled bet ($14) returned to DJNezz
DJNezz collected $26 from pot
*** SUMMARY ***
Total pot $26 | Rake $0 
Seat 1: DJNezz (button) collected ($26)
Seat 2: jeffy27dt1 (small blind) folded before Flop
Seat 3: ruSSotron (big blind) folded before Flop
Seat 4: Trente666 folded before Flop (didn't bet)
Seat 5: LuckyShikari folded before Flop (didn't bet)
Seat 6: tannie11 folded before Flop (didn't bet)



PokerStars Hand #254608042863:  Hold'em No Limit ($0.50/$1.00 USD) - 2025/01/29 16:34:40 WET [2025/01/29 11:34:40 ET]
Table 'Leontina' 6-max Seat #2 is the button
Seat 1: DJNezz ($114 in chips) 
Seat 2: jeffy27dt1 ($106.30 in chips) 
Seat 3: ruSSotron ($100 in chips) 
Seat 4: Trente666 ($42.42 in chips) 
Seat 5: LuckyShikari ($101.50 in chips) 
Seat 6: tannie11 ($51.88 in chips) 
ruSSotron: posts small blind $0.50
Trente666: posts big blind $1
*** HOLE CARDS ***
LuckyShikari: folds 
tannie11: folds 
DJNezz: raises $1.20 to $2.20
jeffy27dt1: folds 
ruSSotron: folds 
Trente666: calls $1.20
*** FLOP *** [Kc Qs 7s]
Trente666: checks 
DJNezz: bets $2.33
Trente666: folds 
Uncalled bet ($2.33) returned to DJNezz
DJNezz collected $4.66 from pot
*** SUMMARY ***
Total pot $4.90 | Rake $0.24 
Board [Kc Qs 7s]
Seat 1: DJNezz collected ($4.66)
Seat 2: jeffy27dt1 (button) folded before Flop (didn't bet)
Seat 3: ruSSotron (small blind) folded before Flop
Seat 4: Trente666 (big blind) folded on the Flop
Seat 5: LuckyShikari folded before Flop (didn't bet)
Seat 6: tannie11 folded before Flop (didn't bet)



PokerStars Hand #254608050949:  Hold'em No Limit ($0.50/$1.00 USD) - 2025/01/29 16:35:18 WET [2025/01/29 11:35:18 ET]
Table 'Leontina' 6-max Seat #3 is the button
Seat 1: DJNezz ($116.46 in chips) 
Seat 2: jeffy27dt1 ($106.30 in chips) 
Seat 3: ruSSotron ($100 in chips) 
Seat 4: Trente666 ($40.22 in chips) 
Seat 5: LuckyShikari ($101.50 in chips) 
Seat 6: tannie11 ($51.88 in chips) 
Trente666: posts small blind $0.50
LuckyShikari: posts big blind $1
*** HOLE CARDS ***
tannie11: folds 
DJNezz: folds 
jeffy27dt1: folds 
ruSSotron: folds 
Trente666: folds 
Uncalled bet ($0.50) returned to LuckyShikari
LuckyShikari collected $1 from pot
LuckyShikari: doesn't show hand 
*** SUMMARY ***
Total pot $1 | Rake $0 
Seat 1: DJNezz folded before Flop (didn't bet)
Seat 2: jeffy27dt1 folded before Flop (didn't bet)
Seat 3: ruSSotron (button) folded before Flop (didn't bet)
Seat 4: Trente666 (small blind) folded before Flop
Seat 5: LuckyShikari (big blind) collected ($1)
Seat 6: tannie11 folded before Flop (didn't bet)



PokerStars Hand #254608056241:  Hold'em No Limit ($0.50/$1.00 USD) - 2025/01/29 16:35:41 WET [2025/01/29 11:35:41 ET]
Table 'Leontina' 6-max Seat #4 is the button
Seat 1: DJNezz ($116.46 in chips) 
Seat 2: jeffy27dt1 ($106.30 in chips) 
Seat 3: ruSSotron ($100 in chips) 
Seat 4: Trente666 ($39.72 in chips) 
Seat 5: LuckyShikari ($102 in chips) 
Seat 6: tannie11 ($51.88 in chips) 
LuckyShikari: posts small blind $0.50
tannie11: posts big blind $1
*** HOLE CARDS ***
DJNezz: folds 
jeffy27dt1: folds 
ruSSotron: folds 
Trente666: folds 
LuckyShikari: calls $0.50
tannie11: raises $3 to $4
LuckyShikari: folds 
Uncalled bet ($3) returned to tannie11
tannie11 collected $2 from pot
*** SUMMARY ***
Total pot $2 | Rake $0 
Seat 1: DJNezz folded before Flop (didn't bet)
Seat 2: jeffy27dt1 folded before Flop (didn't bet)
Seat 3: ruSSotron folded before Flop (didn't bet)
Seat 4: Trente666 (button) folded before Flop (didn't bet)
Seat 5: LuckyShikari (small blind) folded before Flop
Seat 6: tannie11 (big blind) collected ($2)



PokerStars Hand #254608063114:  Hold'em No Limit ($0.50/$1.00 USD) - 2025/01/29 16:36:11 WET [2025/01/29 11:36:11 ET]
Table 'Leontina' 6-max Seat #5 is the button
Seat 1: DJNezz ($116.46 in chips) 
Seat 2: jeffy27dt1 ($106.30 in chips) 
Seat 3: ruSSotron ($100 in chips) 
Seat 4: Trente666 ($39.72 in chips) 
Seat 5: LuckyShikari ($101 in chips) 
Seat 6: tannie11 ($52.88 in chips) 
tannie11: posts small blind $0.50
DJNezz: posts big blind $1
*** HOLE CARDS ***
jeffy27dt1: folds 
ruSSotron: raises $1.20 to $2.20
Trente666: calls $2.20
LuckyShikari: folds 
tannie11: folds 
DJNezz: folds 
*** FLOP *** [6c Jc 6h]
ruSSotron: checks 
Trente666: bets $5.60
ruSSotron: folds 
Uncalled bet ($5.60) returned to Trente666
Trente666 collected $5.60 from pot
*** SUMMARY ***
Total pot $5.90 | Rake $0.30 
Board [6c Jc 6h]
Seat 1: DJNezz (big blind) folded before Flop
Seat 2: jeffy27dt1 folded before Flop (didn't bet)
Seat 3: ruSSotron folded on the Flop
Seat 4: Trente666 collected ($5.60)
Seat 5: LuckyShikari (button) folded before Flop (didn't bet)
Seat 6: tannie11 (small blind) folded before Flop



PokerStars Hand #254608069907:  Hold'em No Limit ($0.50/$1.00 USD) - 2025/01/29 16:36:42 WET [2025/01/29 11:36:42 ET]
Table 'Leontina' 6-max Seat #6 is the button
Seat 1: DJNezz ($115.46 in chips) 
Seat 2: jeffy27dt1 ($106.30 in chips) 
Seat 3: ruSSotron ($100 in chips) 
Seat 4: Trente666 ($43.12 in chips) 
Seat 5: LuckyShikari ($101 in chips) 
Seat 6: tannie11 ($52.38 in chips) 
DJNezz: posts small blind $0.50
jeffy27dt1: posts big blind $1
*** HOLE CARDS ***
ruSSotron: raises $1.20 to $2.20
Trente666: folds 
LuckyShikari: folds 
tannie11: folds 
DJNezz: folds 
jeffy27dt1: folds 
Uncalled bet ($1.20) returned to ruSSotron
ruSSotron collected $2.50 from pot
*** SUMMARY ***
Total pot $2.50 | Rake $0 
Seat 1: DJNezz (small blind) folded before Flop
Seat 2: jeffy27dt1 (big blind) folded before Flop
Seat 3: ruSSotron collected ($2.50)
Seat 4: Trente666 folded before Flop (didn't bet)
Seat 5: LuckyShikari folded before Flop (didn't bet)
Seat 6: tannie11 (button) folded before Flop (didn't bet)



PokerStars Hand #254608076187:  Hold'em No Limit ($0.50/$1.00 USD) - 2025/01/29 16:37:09 WET [2025/01/29 11:37:09 ET]
Table 'Leontina' 6-max Seat #1 is the button
Seat 1: DJNezz ($114.96 in chips) 
Seat 2: jeffy27dt1 ($105.30 in chips) 
Seat 3: ruSSotron ($101.50 in chips) 
Seat 4: Trente666 ($43.12 in chips) 
Seat 5: LuckyShikari ($101 in chips) 
Seat 6: tannie11 ($52.38 in chips) 
jeffy27dt1: posts small blind $0.50
ruSSotron: posts big blind $1
*** HOLE CARDS ***
Trente666: folds 
LuckyShikari: folds 
tannie11: raises $1 to $2
DJNezz: raises $5 to $7
jeffy27dt1: folds 
ruSSotron: folds 
tannie11: calls $5
*** FLOP *** [2s 5c 7d]
tannie11: checks 
DJNezz: bets $7.36
tannie11: folds 
Uncalled bet ($7.36) returned to DJNezz
DJNezz collected $14.72 from pot
*** SUMMARY ***
Total pot $15.50 | Rake $0.78 
Board [2s 5c 7d]
Seat 1: DJNezz (button) collected ($14.72)
Seat 2: jeffy27dt1 (small blind) folded before Flop
Seat 3: ruSSotron (big blind) folded before Flop
Seat 4: Trente666 folded before Flop (didn't bet)
Seat 5: LuckyShikari folded before Flop (didn't bet)
Seat 6: tannie11 folded on the Flop



PokerStars Hand #254608089365:  Hold'em No Limit ($0.50/$1.00 USD) - 2025/01/29 16:38:07 WET [2025/01/29 11:38:07 ET]
Table 'Leontina' 6-max Seat #2 is the button
Seat 1: DJNezz ($122.68 in chips) 
Seat 2: jeffy27dt1 ($104.80 in chips) 
Seat 3: ruSSotron ($100.50 in chips) 
Seat 4: Trente666 ($43.12 in chips) 
Seat 5: LuckyShikari ($101 in chips) 
Seat 6: tannie11 ($45.38 in chips) 
ruSSotron: posts small blind $0.50
Trente666: posts big blind $1
*** HOLE CARDS ***
LuckyShikari: folds 
tannie11: folds 
DJNezz: folds 
jeffy27dt1: folds 
ruSSotron: raises $1.50 to $2.50
Trente666: folds 
Uncalled bet ($1.50) returned to ruSSotron
ruSSotron collected $2 from pot
*** SUMMARY ***
Total pot $2 | Rake $0 
Seat 1: DJNezz folded before Flop (didn't bet)
Seat 2: jeffy27dt1 (button) folded before Flop (didn't bet)
Seat 3: ruSSotron (small blind) collected ($2)
Seat 4: Trente666 (big blind) folded before Flop
Seat 5: LuckyShikari folded before Flop (didn't bet)
Seat 6: tannie11 folded before Flop (didn't bet)



