PokerStars Hand #254613810808:  Hold'em No Limit ($0.50/$1.00 USD) - 2025/01/29 22:32:31 WET [2025/01/29 17:32:31 ET]
Table 'Dolios' 6-max Seat #2 is the button
Seat 4: Nicedaymybro ($249.29 in chips) is sitting out
Seat 2: beshece11harf ($100 in chips) 
Seat 3: Nikarta34 ($101.50 in chips) 
Seat 5: J0SHB0SH ($103.50 in chips) 
Seat 6: dervesh ($100 in chips) 
Nikarta34: posts small blind $0.50
Nicedaymybro: is sitting out 
J0SHB0SH: posts big blind $1
*** HOLE CARDS ***
dervesh: folds 
Nicedaymybro leaves the table
beshece11harf: folds 
Nikarta34: folds 
Uncalled bet ($0.50) returned to J0SHB0SH
J0SHB0SH collected $1 from pot
J0SHB0SH: doesn't show hand 
*** SUMMARY ***
Total pot $1 | Rake $0 
Seat 4: Nicedaymybro
Seat 2: beshece11harf (button) folded before Flop (didn't bet)
Seat 3: Nikarta34 (small blind) folded before Flop
Seat 5: J0SHB0SH (big blind) collected ($1)
Seat 6: dervesh folded before Flop (didn't bet)



PokerStars Hand #254613813206:  Hold'em No Limit ($0.50/$1.00 USD) - 2025/01/29 22:32:40 WET [2025/01/29 17:32:40 ET]
Table 'Dolios' 6-max Seat #3 is the button
Seat 2: beshece11harf ($100 in chips) 
Seat 3: Nikarta34 ($101 in chips) 
Seat 5: J0SHB0SH ($104 in chips) 
Seat 6: dervesh ($100 in chips) 
J0SHB0SH: posts small blind $0.50
dervesh: posts big blind $1
*** HOLE CARDS ***
beshece11harf: folds 
Nikarta34: raises $1.25 to $2.25
J0SHB0SH: folds 
dervesh: calls $1.25
*** FLOP *** [Td 2d 2s]
dervesh: checks 
Nikarta34: bets $1.57
dervesh: folds 
Uncalled bet ($1.57) returned to Nikarta34
Nikarta34 collected $4.75 from pot
Nikarta34: doesn't show hand 
*** SUMMARY ***
Total pot $5 | Rake $0.25 
Board [Td 2d 2s]
Seat 2: beshece11harf folded before Flop (didn't bet)
Seat 3: Nikarta34 (button) collected ($4.75)
Seat 5: J0SHB0SH (small blind) folded before Flop
Seat 6: dervesh (big blind) folded on the Flop



PokerStars Hand #254613819587:  Hold'em No Limit ($0.50/$1.00 USD) - 2025/01/29 22:33:02 WET [2025/01/29 17:33:02 ET]
Table 'Dolios' 6-max Seat #5 is the button
Seat 2: beshece11harf ($100 in chips) 
Seat 3: Nikarta34 ($103.50 in chips) 
Seat 5: J0SHB0SH ($103.50 in chips) 
Seat 6: dervesh ($100 in chips) 
dervesh: posts small blind $0.50
beshece11harf: posts big blind $1
*** HOLE CARDS ***
Nikarta34: folds 
Nikarta34 leaves the table
J0SHB0SH: raises $1.50 to $2.50
dervesh: folds 
beshece11harf: folds 
Uncalled bet ($1.50) returned to J0SHB0SH
J0SHB0SH collected $2.50 from pot
J0SHB0SH: doesn't show hand 
*** SUMMARY ***
Total pot $2.50 | Rake $0 
Seat 2: beshece11harf (big blind) folded before Flop
Seat 3: Nikarta34 folded before Flop (didn't bet)
Seat 5: J0SHB0SH (button) collected ($2.50)
Seat 6: dervesh (small blind) folded before Flop



PokerStars Hand #254613823607:  Hold'em No Limit ($0.50/$1.00 USD) - 2025/01/29 22:33:16 WET [2025/01/29 17:33:16 ET]
Table 'Dolios' 6-max Seat #6 is the button
Seat 2: beshece11harf ($100 in chips) 
Seat 5: J0SHB0SH ($105 in chips) 
Seat 6: dervesh ($100 in chips) 
beshece11harf: posts small blind $0.50
J0SHB0SH: posts big blind $1
*** HOLE CARDS ***
dervesh: raises $1.50 to $2.50
beshece11harf: folds 
J0SHB0SH: folds 
Uncalled bet ($1.50) returned to dervesh
dervesh collected $2.50 from pot
dervesh: doesn't show hand 
*** SUMMARY ***
Total pot $2.50 | Rake $0 
Seat 2: beshece11harf (small blind) folded before Flop
Seat 5: J0SHB0SH (big blind) folded before Flop
Seat 6: dervesh (button) collected ($2.50)



PokerStars Hand #254613827031:  Hold'em No Limit ($0.50/$1.00 USD) - 2025/01/29 22:33:28 WET [2025/01/29 17:33:28 ET]
Table 'Dolios' 6-max Seat #2 is the button
Seat 2: beshece11harf ($100 in chips) 
Seat 5: J0SHB0SH ($104 in chips) 
Seat 6: dervesh ($101.50 in chips) 
J0SHB0SH: posts small blind $0.50
dervesh: posts big blind $1
*** HOLE CARDS ***
beshece11harf: folds 
J0SHB0SH: folds 
Uncalled bet ($0.50) returned to dervesh
dervesh collected $1 from pot
dervesh: doesn't show hand 
*** SUMMARY ***
Total pot $1 | Rake $0 
Seat 2: beshece11harf (button) folded before Flop (didn't bet)
Seat 5: J0SHB0SH (small blind) folded before Flop
Seat 6: dervesh (big blind) collected ($1)



PokerStars Hand #254613828969:  Hold'em No Limit ($0.50/$1.00 USD) - 2025/01/29 22:33:35 WET [2025/01/29 17:33:35 ET]
Table 'Dolios' 6-max Seat #5 is the button
Seat 2: beshece11harf ($100 in chips) 
Seat 5: J0SHB0SH ($103.50 in chips) 
Seat 6: dervesh ($102 in chips) 
dervesh: posts small blind $0.50
beshece11harf: posts big blind $1
*** HOLE CARDS ***
J0SHB0SH: folds 
dervesh: folds 
Uncalled bet ($0.50) returned to beshece11harf
beshece11harf collected $1 from pot
beshece11harf: doesn't show hand 
*** SUMMARY ***
Total pot $1 | Rake $0 
Seat 2: beshece11harf (big blind) collected ($1)
Seat 5: J0SHB0SH (button) folded before Flop (didn't bet)
Seat 6: dervesh (small blind) folded before Flop



PokerStars Hand #254613831218:  Hold'em No Limit ($0.50/$1.00 USD) - 2025/01/29 22:33:43 WET [2025/01/29 17:33:43 ET]
Table 'Dolios' 6-max Seat #2 is the button
Seat 5: J0SHB0SH ($103.50 in chips) is sitting out
Seat 2: beshece11harf ($100.50 in chips) 
Seat 6: dervesh ($101.50 in chips) 
beshece11harf: posts small blind $0.50
J0SHB0SH: is sitting out 
dervesh: posts big blind $1
*** HOLE CARDS ***
J0SHB0SH leaves the table
beshece11harf: raises $1.50 to $2.50
dervesh: folds 
Uncalled bet ($1.50) returned to beshece11harf
beshece11harf collected $2 from pot
beshece11harf: doesn't show hand 
*** SUMMARY ***
Total pot $2 | Rake $0 
Seat 5: J0SHB0SH
Seat 2: beshece11harf (button) (small blind) collected ($2)
Seat 6: dervesh (big blind) folded before Flop



PokerStars Hand #254613834113:  Hold'em No Limit ($0.50/$1.00 USD) - 2025/01/29 22:33:53 WET [2025/01/29 17:33:53 ET]
Table 'Dolios' 6-max Seat #6 is the button
Seat 2: beshece11harf ($101.50 in chips) 
Seat 6: dervesh ($100.50 in chips) 
dervesh: posts small blind $0.50
beshece11harf: posts big blind $1
*** HOLE CARDS ***
dervesh: raises $2 to $3
beshece11harf: folds 
Uncalled bet ($2) returned to dervesh
dervesh collected $2 from pot
dervesh: doesn't show hand 
*** SUMMARY ***
Total pot $2 | Rake $0 
Seat 2: beshece11harf (big blind) folded before Flop
Seat 6: dervesh (button) (small blind) collected ($2)



PokerStars Hand #254613837337:  Hold'em No Limit ($0.50/$1.00 USD) - 2025/01/29 22:34:04 WET [2025/01/29 17:34:04 ET]
Table 'Dolios' 6-max Seat #2 is the button
Seat 2: beshece11harf ($100.50 in chips) 
Seat 6: dervesh ($101.50 in chips) 
beshece11harf: posts small blind $0.50
dervesh: posts big blind $1
*** HOLE CARDS ***
beshece11harf: raises $1.50 to $2.50
dervesh: folds 
Uncalled bet ($1.50) returned to beshece11harf
beshece11harf collected $2 from pot
beshece11harf: doesn't show hand 
*** SUMMARY ***
Total pot $2 | Rake $0 
Seat 2: beshece11harf (button) (small blind) collected ($2)
Seat 6: dervesh (big blind) folded before Flop



PokerStars Hand #254613840086:  Hold'em No Limit ($0.50/$1.00 USD) - 2025/01/29 22:34:14 WET [2025/01/29 17:34:14 ET]
Table 'Dolios' 6-max Seat #6 is the button
Seat 2: beshece11harf ($101.50 in chips) 
Seat 6: dervesh ($100.50 in chips) 
dervesh: posts small blind $0.50
beshece11harf: posts big blind $1
*** HOLE CARDS ***
dervesh: raises $1.50 to $2.50
nikalas22 joins the table at seat #4 
beshece11harf: calls $1.50
*** FLOP *** [5d Jh 4c]
beshece11harf: checks 
dervesh: bets $1.90
beshece11harf: calls $1.90
*** TURN *** [5d Jh 4c] [8c]
beshece11harf: checks 
dervesh: checks 
*** RIVER *** [5d Jh 4c 8c] [4s]
beshece11harf: checks 
dervesh: checks 
*** SHOW DOWN ***
beshece11harf: shows [Ah 9h] (a pair of Fours)
dervesh: shows [Ad 8d] (two pair, Eights and Fours)
dervesh collected $8.36 from pot
*** SUMMARY ***
Total pot $8.80 | Rake $0.44 
Board [5d Jh 4c 8c 4s]
Seat 2: beshece11harf (big blind) showed [Ah 9h] and lost with a pair of Fours
Seat 6: dervesh (button) (small blind) showed [Ad 8d] and won ($8.36) with two pair, Eights and Fours



PokerStars Hand #254613855849:  Hold'em No Limit ($0.50/$1.00 USD) - 2025/01/29 22:35:08 WET [2025/01/29 17:35:08 ET]
Table 'Dolios' 6-max Seat #6 is the button
Seat 2: beshece11harf ($100 in chips) 
Seat 4: nikalas22 ($100 in chips) 
Seat 6: dervesh ($104.46 in chips) 
beshece11harf: posts small blind $0.50
nikalas22: posts big blind $1
*** HOLE CARDS ***
dervesh: raises $1.50 to $2.50
beshece11harf: folds 
nikalas22: calls $1.50
*** FLOP *** [Qh 6h 5d]
nikalas22: checks 
dervesh: bets $1.72
nikalas22: calls $1.72
*** TURN *** [Qh 6h 5d] [Ac]
nikalas22: checks 
dervesh: bets $5.60
nikalas22: calls $5.60
*** RIVER *** [Qh 6h 5d Ac] [Kc]
nikalas22: checks 
andutu34 joins the table at seat #1 
franbasualdo10 joins the table at seat #5 
franbasualdo10 is disconnected 
dervesh: bets $12.63
G.Andrei95 joins the table at seat #3 
nikalas22: folds 
Uncalled bet ($12.63) returned to dervesh
dervesh collected $19.14 from pot
dervesh: doesn't show hand 
*** SUMMARY ***
Total pot $20.14 | Rake $1 
Board [Qh 6h 5d Ac Kc]
Seat 2: beshece11harf (small blind) folded before Flop
Seat 4: nikalas22 (big blind) folded on the River
Seat 6: dervesh (button) collected ($19.14)



PokerStars Hand #254613869521:  Hold'em No Limit ($0.50/$1.00 USD) - 2025/01/29 22:35:57 WET [2025/01/29 17:35:57 ET]
Table 'Dolios' 6-max Seat #2 is the button
Seat 1: andutu34 ($100 in chips) is sitting out
Seat 3: G.Andrei95 ($100 in chips) is sitting out
Seat 2: beshece11harf ($100 in chips) 
Seat 4: nikalas22 ($100 in chips) 
Seat 5: franbasualdo10 ($40 in chips) 
Seat 6: dervesh ($113.78 in chips) 
nikalas22: posts small blind $0.50
franbasualdo10: posts big blind $1
andutu34: sits out 
*** HOLE CARDS ***
dervesh: folds 
beshece11harf: folds 
nikalas22: folds 
Uncalled bet ($0.50) returned to franbasualdo10
franbasualdo10 collected $1 from pot
*** SUMMARY ***
Total pot $1 | Rake $0 
Seat 1: andutu34
Seat 3: G.Andrei95
Seat 2: beshece11harf (button) folded before Flop (didn't bet)
Seat 4: nikalas22 (small blind) folded before Flop
Seat 5: franbasualdo10 (big blind) collected ($1)
Seat 6: dervesh folded before Flop (didn't bet)



PokerStars Hand #254613873144:  Hold'em No Limit ($0.50/$1.00 USD) - 2025/01/29 22:36:10 WET [2025/01/29 17:36:10 ET]
Table 'Dolios' 6-max Seat #4 is the button
Seat 1: andutu34 ($100 in chips) is sitting out
Seat 3: G.Andrei95 ($100 in chips) is sitting out
Seat 2: beshece11harf ($100 in chips) 
Seat 4: nikalas22 ($100 in chips) 
Seat 5: franbasualdo10 ($40.50 in chips) 
Seat 6: dervesh ($113.78 in chips) 
franbasualdo10: posts small blind $0.50
dervesh: posts big blind $1
andutu34: sits out 
G.Andrei95: sits out 
*** HOLE CARDS ***
beshece11harf: folds 
G.Andrei95 leaves the table
nikalas22: folds 
franbasualdo10: raises $1 to $2
dervesh: folds 
Uncalled bet ($1) returned to franbasualdo10
franbasualdo10 collected $2 from pot
*** SUMMARY ***
Total pot $2 | Rake $0 
Seat 1: andutu34
Seat 3: G.Andrei95
Seat 2: beshece11harf folded before Flop (didn't bet)
Seat 4: nikalas22 (button) folded before Flop (didn't bet)
Seat 5: franbasualdo10 (small blind) collected ($2)
Seat 6: dervesh (big blind) folded before Flop



PokerStars Hand #254613876897:  Hold'em No Limit ($0.50/$1.00 USD) - 2025/01/29 22:36:23 WET [2025/01/29 17:36:23 ET]
Table 'Dolios' 6-max Seat #5 is the button
Seat 1: andutu34 ($100 in chips) 
Seat 2: beshece11harf ($100 in chips) 
Seat 4: nikalas22 ($100 in chips) 
Seat 5: franbasualdo10 ($41.50 in chips) 
Seat 6: dervesh ($112.78 in chips) 
dervesh: posts small blind $0.50
andutu34: posts big blind $1
*** HOLE CARDS ***
beshece11harf: folds 
nikalas22: folds 
franbasualdo10: folds 
dervesh: raises $2 to $3
andutu34: calls $2
*** FLOP *** [9h Ks Kh]
dervesh: bets $2.85
andutu34: calls $2.85
*** TURN *** [9h Ks Kh] [5s]
nikalas22 leaves the table
dervesh: bets $7.34
Mu.Rothbard joins the table at seat #3 
andutu34: calls $7.34
*** RIVER *** [9h Ks Kh 5s] [6d]
dervesh: checks 
andutu34: bets $18.80
dervesh: calls $18.80
*** SHOW DOWN ***
andutu34: shows [8s Ts] (a pair of Kings)
dervesh: shows [Jc 9c] (two pair, Kings and Nines)
dervesh collected $61.48 from pot
*** SUMMARY ***
Total pot $63.98 | Rake $2.50 
Board [9h Ks Kh 5s 6d]
Seat 1: andutu34 (big blind) showed [8s Ts] and lost with a pair of Kings
Seat 2: beshece11harf folded before Flop (didn't bet)
Seat 4: nikalas22 folded before Flop (didn't bet)
Seat 5: franbasualdo10 (button) folded before Flop (didn't bet)
Seat 6: dervesh (small blind) showed [Jc 9c] and won ($61.48) with two pair, Kings and Nines



PokerStars Hand #254613896997:  Hold'em No Limit ($0.50/$1.00 USD) - 2025/01/29 22:37:33 WET [2025/01/29 17:37:33 ET]
Table 'Dolios' 6-max Seat #6 is the button
Seat 3: Mu.Rothbard ($100 in chips) is sitting out
Seat 1: andutu34 ($100 in chips) 
Seat 2: beshece11harf ($100 in chips) 
Seat 5: franbasualdo10 ($41.50 in chips) 
Seat 6: dervesh ($142.27 in chips) 
andutu34: posts small blind $0.50
beshece11harf: posts big blind $1
Mu.Rothbard: sits out 
*** HOLE CARDS ***
franbasualdo10: raises $1 to $2
dervesh: raises $4 to $6
andutu34: folds 
beshece11harf: folds 
franbasualdo10: calls $4
*** FLOP *** [Qh Kc 9c]
franbasualdo10: checks 
dervesh: bets $4.23
franbasualdo10: calls $4.23
*** TURN *** [Qh Kc 9c] [3d]
franbasualdo10: checks 
dervesh: checks 
*** RIVER *** [Qh Kc 9c 3d] [3c]
franbasualdo10: bets $3
BumHuntKing joins the table at seat #4 
dervesh: folds 
Uncalled bet ($3) returned to franbasualdo10
Mu.Rothbard leaves the table
franbasualdo10 collected $20.96 from pot
*** SUMMARY ***
Total pot $21.96 | Rake $1 
Board [Qh Kc 9c 3d 3c]
Seat 3: Mu.Rothbard
Seat 1: andutu34 (small blind) folded before Flop
Seat 2: beshece11harf (big blind) folded before Flop
Seat 5: franbasualdo10 collected ($20.96)
Seat 6: dervesh (button) folded on the River



PokerStars Hand #254613909201:  Hold'em No Limit ($0.50/$1.00 USD) - 2025/01/29 22:38:17 WET [2025/01/29 17:38:17 ET]
Table 'Dolios' 6-max Seat #1 is the button
Seat 1: andutu34 ($100 in chips) 
Seat 2: beshece11harf ($100 in chips) 
Seat 4: BumHuntKing ($100 in chips) 
Seat 5: franbasualdo10 ($52.23 in chips) 
Seat 6: dervesh ($132.04 in chips) 
beshece11harf: posts small blind $0.50
BumHuntKing: posts big blind $1
*** HOLE CARDS ***
franbasualdo10: folds 
dervesh: folds 
andutu34: folds 
beshece11harf: folds 
Uncalled bet ($0.50) returned to BumHuntKing
BumHuntKing collected $1 from pot
BumHuntKing: doesn't show hand 
*** SUMMARY ***
Total pot $1 | Rake $0 
Seat 1: andutu34 (button) folded before Flop (didn't bet)
Seat 2: beshece11harf (small blind) folded before Flop
Seat 4: BumHuntKing (big blind) collected ($1)
Seat 5: franbasualdo10 folded before Flop (didn't bet)
Seat 6: dervesh folded before Flop (didn't bet)



PokerStars Hand #254613911962:  Hold'em No Limit ($0.50/$1.00 USD) - 2025/01/29 22:38:26 WET [2025/01/29 17:38:26 ET]
Table 'Dolios' 6-max Seat #2 is the button
Seat 1: andutu34 ($100 in chips) 
Seat 2: beshece11harf ($100 in chips) 
Seat 4: BumHuntKing ($100.50 in chips) 
Seat 5: franbasualdo10 ($52.23 in chips) 
Seat 6: dervesh ($132.04 in chips) 
BumHuntKing: posts small blind $0.50
franbasualdo10: posts big blind $1
*** HOLE CARDS ***
dervesh: folds 
andutu34: raises $1.30 to $2.30
beshece11harf: folds 
BumHuntKing: folds 
franbasualdo10: calls $1.30
*** FLOP *** [5c Qh 8d]
franbasualdo10: checks 
andutu34: bets $1.21
franbasualdo10: calls $1.21
*** TURN *** [5c Qh 8d] [9d]
franbasualdo10: checks 
andutu34: bets $7.21
franbasualdo10: folds 
Uncalled bet ($7.21) returned to andutu34
andutu34 collected $7.14 from pot
andutu34: doesn't show hand 
*** SUMMARY ***
Total pot $7.52 | Rake $0.38 
Board [5c Qh 8d 9d]
Seat 1: andutu34 collected ($7.14)
Seat 2: beshece11harf (button) folded before Flop (didn't bet)
Seat 4: BumHuntKing (small blind) folded before Flop
Seat 5: franbasualdo10 (big blind) folded on the Turn
Seat 6: dervesh folded before Flop (didn't bet)



PokerStars Hand #254613923518:  Hold'em No Limit ($0.50/$1.00 USD) - 2025/01/29 22:39:07 WET [2025/01/29 17:39:07 ET]
Table 'Dolios' 6-max Seat #4 is the button
Seat 1: andutu34 ($103.63 in chips) 
Seat 2: beshece11harf ($100 in chips) 
Seat 4: BumHuntKing ($100 in chips) 
Seat 5: franbasualdo10 ($48.72 in chips) 
Seat 6: dervesh ($132.04 in chips) 
franbasualdo10: posts small blind $0.50
dervesh: posts big blind $1
*** HOLE CARDS ***
andutu34: folds 
beshece11harf: folds 
BumHuntKing: folds 
franbasualdo10: raises $2 to $3
andutu34 leaves the table
dervesh: calls $2
*** FLOP *** [5h 3h 6s]
kimberizi joins the table at seat #3 
franbasualdo10: bets $3
dervesh: raises $7.72 to $10.72
numapu_33 joins the table at seat #1 
franbasualdo10: folds 
Uncalled bet ($7.72) returned to dervesh
dervesh collected $11.40 from pot
dervesh: doesn't show hand 
*** SUMMARY ***
Total pot $12 | Rake $0.60 
Board [5h 3h 6s]
Seat 1: andutu34 folded before Flop (didn't bet)
Seat 2: beshece11harf folded before Flop (didn't bet)
Seat 4: BumHuntKing (button) folded before Flop (didn't bet)
Seat 5: franbasualdo10 (small blind) folded on the Flop
Seat 6: dervesh (big blind) collected ($11.40)



PokerStars Hand #254613934191:  Hold'em No Limit ($0.50/$1.00 USD) - 2025/01/29 22:39:46 WET [2025/01/29 17:39:46 ET]
Table 'Dolios' 6-max Seat #5 is the button
Seat 3: kimberizi ($67.12 in chips) is sitting out
Seat 1: numapu_33 ($100 in chips) 
Seat 2: beshece11harf ($100 in chips) 
Seat 4: BumHuntKing ($100 in chips) 
Seat 5: franbasualdo10 ($42.72 in chips) 
Seat 6: dervesh ($137.44 in chips) 
dervesh: posts small blind $0.50
numapu_33: posts big blind $1
kimberizi: sits out 
*** HOLE CARDS ***
beshece11harf: folds 
BumHuntKing: raises $1.20 to $2.20
franbasualdo10: calls $2.20
dervesh: folds 
numapu_33: folds 
*** FLOP *** [2d Js Qd]
BumHuntKing: checks 
franbasualdo10: bets $1
BumHuntKing: raises $3.50 to $4.50
franbasualdo10: calls $3.50
*** TURN *** [2d Js Qd] [Jd]
BumHuntKing: checks 
franbasualdo10: bets $5
BumHuntKing: folds 
Uncalled bet ($5) returned to franbasualdo10
franbasualdo10 collected $14.16 from pot
franbasualdo10: doesn't show hand 
*** SUMMARY ***
Total pot $14.90 | Rake $0.74 
Board [2d Js Qd Jd]
Seat 3: kimberizi
Seat 1: numapu_33 (big blind) folded before Flop
Seat 2: beshece11harf folded before Flop (didn't bet)
Seat 4: BumHuntKing folded on the Turn
Seat 5: franbasualdo10 (button) collected ($14.16)
Seat 6: dervesh (small blind) folded before Flop



PokerStars Hand #254613948451:  Hold'em No Limit ($0.50/$1.00 USD) - 2025/01/29 22:40:37 WET [2025/01/29 17:40:37 ET]
Table 'Dolios' 6-max Seat #6 is the button
Seat 3: kimberizi ($67.12 in chips) is sitting out
Seat 1: numapu_33 ($100 in chips) 
Seat 2: beshece11harf ($100 in chips) 
Seat 4: BumHuntKing ($100 in chips) 
Seat 5: franbasualdo10 ($50.18 in chips) 
Seat 6: dervesh ($136.94 in chips) 
numapu_33: posts small blind $0.50
beshece11harf: posts big blind $1
kimberizi: sits out 
*** HOLE CARDS ***
BumHuntKing: folds 
franbasualdo10: folds 
dervesh: raises $1.50 to $2.50
numapu_33: folds 
beshece11harf: folds 
Uncalled bet ($1.50) returned to dervesh
dervesh collected $2.50 from pot
dervesh: doesn't show hand 
*** SUMMARY ***
Total pot $2.50 | Rake $0 
Seat 3: kimberizi
Seat 1: numapu_33 (small blind) folded before Flop
Seat 2: beshece11harf (big blind) folded before Flop
Seat 4: BumHuntKing folded before Flop (didn't bet)
Seat 5: franbasualdo10 folded before Flop (didn't bet)
Seat 6: dervesh (button) collected ($2.50)



PokerStars Hand #254613954024:  Hold'em No Limit ($0.50/$1.00 USD) - 2025/01/29 22:40:57 WET [2025/01/29 17:40:57 ET]
Table 'Dolios' 6-max Seat #1 is the button
Seat 1: numapu_33 ($100 in chips) 
Seat 2: beshece11harf ($100 in chips) 
Seat 3: kimberizi ($67.12 in chips) 
Seat 4: BumHuntKing ($100 in chips) 
Seat 5: franbasualdo10 ($50.18 in chips) 
Seat 6: dervesh ($138.44 in chips) 
beshece11harf: posts small blind $0.50
kimberizi: posts big blind $1
*** HOLE CARDS ***
BumHuntKing: raises $1.20 to $2.20
franbasualdo10: folds 
dervesh: folds 
numapu_33: folds 
beshece11harf: folds 
kimberizi: calls $1.20
*** FLOP *** [4h Jh 3c]
kimberizi: checks 
BumHuntKing: bets $1.54
kimberizi: folds 
Uncalled bet ($1.54) returned to BumHuntKing
BumHuntKing collected $4.66 from pot
BumHuntKing: doesn't show hand 
*** SUMMARY ***
Total pot $4.90 | Rake $0.24 
Board [4h Jh 3c]
Seat 1: numapu_33 (button) folded before Flop (didn't bet)
Seat 2: beshece11harf (small blind) folded before Flop
Seat 3: kimberizi (big blind) folded on the Flop
Seat 4: BumHuntKing collected ($4.66)
Seat 5: franbasualdo10 folded before Flop (didn't bet)
Seat 6: dervesh folded before Flop (didn't bet)



PokerStars Hand #254613964668:  Hold'em No Limit ($0.50/$1.00 USD) - 2025/01/29 22:41:35 WET [2025/01/29 17:41:35 ET]
Table 'Dolios' 6-max Seat #2 is the button
Seat 1: numapu_33 ($100 in chips) 
Seat 2: beshece11harf ($100 in chips) 
Seat 3: kimberizi ($64.92 in chips) 
Seat 4: BumHuntKing ($102.46 in chips) 
Seat 5: franbasualdo10 ($50.18 in chips) 
Seat 6: dervesh ($138.44 in chips) 
kimberizi: posts small blind $0.50
BumHuntKing: posts big blind $1
*** HOLE CARDS ***
franbasualdo10: calls $1
dervesh: folds 
numapu_33: folds 
beshece11harf: folds 
kimberizi: folds 
BumHuntKing: checks 
*** FLOP *** [Jh Qc 5c]
BumHuntKing: checks 
franbasualdo10: bets $2
BumHuntKing: folds 
Uncalled bet ($2) returned to franbasualdo10
franbasualdo10 collected $2.38 from pot
*** SUMMARY ***
Total pot $2.50 | Rake $0.12 
Board [Jh Qc 5c]
Seat 1: numapu_33 folded before Flop (didn't bet)
Seat 2: beshece11harf (button) folded before Flop (didn't bet)
Seat 3: kimberizi (small blind) folded before Flop
Seat 4: BumHuntKing (big blind) folded on the Flop
Seat 5: franbasualdo10 collected ($2.38)
Seat 6: dervesh folded before Flop (didn't bet)



PokerStars Hand #254613976649:  Hold'em No Limit ($0.50/$1.00 USD) - 2025/01/29 22:42:17 WET [2025/01/29 17:42:17 ET]
Table 'Dolios' 6-max Seat #3 is the button
Seat 1: numapu_33 ($100 in chips) 
Seat 2: beshece11harf ($100 in chips) 
Seat 3: kimberizi ($64.42 in chips) 
Seat 4: BumHuntKing ($101.46 in chips) 
Seat 5: franbasualdo10 ($51.56 in chips) 
Seat 6: dervesh ($138.44 in chips) 
BumHuntKing: posts small blind $0.50
franbasualdo10: posts big blind $1
*** HOLE CARDS ***
dervesh: folds 
numapu_33: folds 
beshece11harf: folds 
kimberizi: folds 
BumHuntKing: folds 
Uncalled bet ($0.50) returned to franbasualdo10
franbasualdo10 collected $1 from pot
*** SUMMARY ***
Total pot $1 | Rake $0 
Seat 1: numapu_33 folded before Flop (didn't bet)
Seat 2: beshece11harf folded before Flop (didn't bet)
Seat 3: kimberizi (button) folded before Flop (didn't bet)
Seat 4: BumHuntKing (small blind) folded before Flop
Seat 5: franbasualdo10 (big blind) collected ($1)
Seat 6: dervesh folded before Flop (didn't bet)



PokerStars Hand #254613980657:  Hold'em No Limit ($0.50/$1.00 USD) - 2025/01/29 22:42:32 WET [2025/01/29 17:42:32 ET]
Table 'Dolios' 6-max Seat #4 is the button
Seat 1: numapu_33 ($100 in chips) 
Seat 2: beshece11harf ($100 in chips) 
Seat 3: kimberizi ($64.42 in chips) 
Seat 4: BumHuntKing ($100.96 in chips) 
Seat 5: franbasualdo10 ($52.06 in chips) 
Seat 6: dervesh ($138.44 in chips) 
franbasualdo10: posts small blind $0.50
dervesh: posts big blind $1
*** HOLE CARDS ***
numapu_33: folds 
beshece11harf: folds 
kimberizi: folds 
BumHuntKing: raises $1.50 to $2.50
franbasualdo10: folds 
dervesh: folds 
Uncalled bet ($1.50) returned to BumHuntKing
BumHuntKing collected $2.50 from pot
BumHuntKing: doesn't show hand 
*** SUMMARY ***
Total pot $2.50 | Rake $0 
Seat 1: numapu_33 folded before Flop (didn't bet)
Seat 2: beshece11harf folded before Flop (didn't bet)
Seat 3: kimberizi folded before Flop (didn't bet)
Seat 4: BumHuntKing (button) collected ($2.50)
Seat 5: franbasualdo10 (small blind) folded before Flop
Seat 6: dervesh (big blind) folded before Flop



PokerStars Hand #254613985330:  Hold'em No Limit ($0.50/$1.00 USD) - 2025/01/29 22:42:49 WET [2025/01/29 17:42:49 ET]
Table 'Dolios' 6-max Seat #5 is the button
Seat 1: numapu_33 ($100 in chips) 
Seat 2: beshece11harf ($100 in chips) 
Seat 3: kimberizi ($64.42 in chips) 
Seat 4: BumHuntKing ($102.46 in chips) 
Seat 5: franbasualdo10 ($51.56 in chips) 
Seat 6: dervesh ($137.44 in chips) 
dervesh: posts small blind $0.50
numapu_33: posts big blind $1
*** HOLE CARDS ***
beshece11harf: folds 
kimberizi: folds 
BumHuntKing: raises $1.20 to $2.20
franbasualdo10: folds 
dervesh: folds 
numapu_33: folds 
Uncalled bet ($1.20) returned to BumHuntKing
BumHuntKing collected $2.50 from pot
BumHuntKing: doesn't show hand 
*** SUMMARY ***
Total pot $2.50 | Rake $0 
Seat 1: numapu_33 (big blind) folded before Flop
Seat 2: beshece11harf folded before Flop (didn't bet)
Seat 3: kimberizi folded before Flop (didn't bet)
Seat 4: BumHuntKing collected ($2.50)
Seat 5: franbasualdo10 (button) folded before Flop (didn't bet)
Seat 6: dervesh (small blind) folded before Flop



PokerStars Hand #254613988796:  Hold'em No Limit ($0.50/$1.00 USD) - 2025/01/29 22:43:01 WET [2025/01/29 17:43:01 ET]
Table 'Dolios' 6-max Seat #6 is the button
Seat 1: numapu_33 ($100 in chips) 
Seat 2: beshece11harf ($100 in chips) 
Seat 3: kimberizi ($64.42 in chips) 
Seat 4: BumHuntKing ($103.96 in chips) 
Seat 5: franbasualdo10 ($51.56 in chips) 
Seat 6: dervesh ($136.94 in chips) 
numapu_33: posts small blind $0.50
beshece11harf: posts big blind $1
*** HOLE CARDS ***
kimberizi: folds 
BumHuntKing: folds 
franbasualdo10: folds 
dervesh: folds 
numapu_33: folds 
Uncalled bet ($0.50) returned to beshece11harf
beshece11harf collected $1 from pot
beshece11harf: doesn't show hand 
*** SUMMARY ***
Total pot $1 | Rake $0 
Seat 1: numapu_33 (small blind) folded before Flop
Seat 2: beshece11harf (big blind) collected ($1)
Seat 3: kimberizi folded before Flop (didn't bet)
Seat 4: BumHuntKing folded before Flop (didn't bet)
Seat 5: franbasualdo10 folded before Flop (didn't bet)
Seat 6: dervesh (button) folded before Flop (didn't bet)



PokerStars Hand #254613993293:  Hold'em No Limit ($0.50/$1.00 USD) - 2025/01/29 22:43:17 WET [2025/01/29 17:43:17 ET]
Table 'Dolios' 6-max Seat #1 is the button
Seat 1: numapu_33 ($100 in chips) 
Seat 2: beshece11harf ($100.50 in chips) 
Seat 3: kimberizi ($64.42 in chips) 
Seat 4: BumHuntKing ($103.96 in chips) 
Seat 5: franbasualdo10 ($51.56 in chips) 
Seat 6: dervesh ($136.94 in chips) 
beshece11harf: posts small blind $0.50
kimberizi: posts big blind $1
*** HOLE CARDS ***
BumHuntKing: folds 
franbasualdo10: folds 
dervesh: folds 
numapu_33: folds 
beshece11harf: folds 
Uncalled bet ($0.50) returned to kimberizi
kimberizi collected $1 from pot
kimberizi: doesn't show hand 
*** SUMMARY ***
Total pot $1 | Rake $0 
Seat 1: numapu_33 (button) folded before Flop (didn't bet)
Seat 2: beshece11harf (small blind) folded before Flop
Seat 3: kimberizi (big blind) collected ($1)
Seat 4: BumHuntKing folded before Flop (didn't bet)
Seat 5: franbasualdo10 folded before Flop (didn't bet)
Seat 6: dervesh folded before Flop (didn't bet)



PokerStars Hand #254613996400:  Hold'em No Limit ($0.50/$1.00 USD) - 2025/01/29 22:43:28 WET [2025/01/29 17:43:28 ET]
Table 'Dolios' 6-max Seat #2 is the button
Seat 1: numapu_33 ($100 in chips) 
Seat 2: beshece11harf ($100 in chips) 
Seat 3: kimberizi ($64.92 in chips) 
Seat 4: BumHuntKing ($103.96 in chips) 
Seat 5: franbasualdo10 ($51.56 in chips) 
Seat 6: dervesh ($136.94 in chips) 
kimberizi: posts small blind $0.50
BumHuntKing: posts big blind $1
*** HOLE CARDS ***
franbasualdo10: folds 
dervesh: raises $1.50 to $2.50
numapu_33: folds 
beshece11harf: folds 
kimberizi: folds 
BumHuntKing: folds 
Uncalled bet ($1.50) returned to dervesh
dervesh collected $2.50 from pot
dervesh: doesn't show hand 
*** SUMMARY ***
Total pot $2.50 | Rake $0 
Seat 1: numapu_33 folded before Flop (didn't bet)
Seat 2: beshece11harf (button) folded before Flop (didn't bet)
Seat 3: kimberizi (small blind) folded before Flop
Seat 4: BumHuntKing (big blind) folded before Flop
Seat 5: franbasualdo10 folded before Flop (didn't bet)
Seat 6: dervesh collected ($2.50)



PokerStars Hand #254614002348:  Hold'em No Limit ($0.50/$1.00 USD) - 2025/01/29 22:43:50 WET [2025/01/29 17:43:50 ET]
Table 'Dolios' 6-max Seat #3 is the button
Seat 5: franbasualdo10 ($51.56 in chips) is sitting out
Seat 1: numapu_33 ($100 in chips) 
Seat 2: beshece11harf ($100 in chips) 
Seat 3: kimberizi ($64.42 in chips) 
Seat 4: BumHuntKing ($102.96 in chips) 
Seat 6: dervesh ($138.44 in chips) 
BumHuntKing: posts small blind $0.50
franbasualdo10 has timed out
franbasualdo10: is sitting out 
dervesh: posts big blind $1
*** HOLE CARDS ***
franbasualdo10 leaves the table
wojts joins the table at seat #5 
numapu_33: folds 
beshece11harf: folds 
kimberizi: folds 
BumHuntKing: raises $2 to $3
dervesh: folds 
Uncalled bet ($2) returned to BumHuntKing
BumHuntKing collected $2 from pot
BumHuntKing: doesn't show hand 
*** SUMMARY ***
Total pot $2 | Rake $0 
Seat 5: franbasualdo10
Seat 1: numapu_33 folded before Flop (didn't bet)
Seat 2: beshece11harf folded before Flop (didn't bet)
Seat 3: kimberizi (button) folded before Flop (didn't bet)
Seat 4: BumHuntKing (small blind) collected ($2)
Seat 6: dervesh (big blind) folded before Flop



PokerStars Hand #254614010839:  Hold'em No Limit ($0.50/$1.00 USD) - 2025/01/29 22:44:21 WET [2025/01/29 17:44:21 ET]
Table 'Dolios' 6-max Seat #4 is the button
Seat 5: wojts ($80 in chips) is sitting out
Seat 1: numapu_33 ($100 in chips) 
Seat 2: beshece11harf ($100 in chips) 
Seat 3: kimberizi ($64.42 in chips) 
Seat 4: BumHuntKing ($103.96 in chips) 
Seat 6: dervesh ($137.44 in chips) 
dervesh: posts small blind $0.50
numapu_33: posts big blind $1
*** HOLE CARDS ***
beshece11harf: folds 
kimberizi: folds 
BumHuntKing: raises $1.50 to $2.50
dervesh: folds 
numapu_33: folds 
Uncalled bet ($1.50) returned to BumHuntKing
BumHuntKing collected $2.50 from pot
BumHuntKing: doesn't show hand 
*** SUMMARY ***
Total pot $2.50 | Rake $0 
Seat 5: wojts
Seat 1: numapu_33 (big blind) folded before Flop
Seat 2: beshece11harf folded before Flop (didn't bet)
Seat 3: kimberizi folded before Flop (didn't bet)
Seat 4: BumHuntKing (button) collected ($2.50)
Seat 6: dervesh (small blind) folded before Flop



PokerStars Hand #254614016103:  Hold'em No Limit ($0.50/$1.00 USD) - 2025/01/29 22:44:40 WET [2025/01/29 17:44:40 ET]
Table 'Dolios' 6-max Seat #6 is the button
Seat 5: wojts ($80 in chips) is sitting out
Seat 1: numapu_33 ($100 in chips) 
Seat 2: beshece11harf ($100 in chips) 
Seat 3: kimberizi ($64.42 in chips) 
Seat 4: BumHuntKing ($105.46 in chips) 
Seat 6: dervesh ($136.94 in chips) 
numapu_33: posts small blind $0.50
beshece11harf: posts big blind $1
wojts: sits out 
*** HOLE CARDS ***
kimberizi: calls $1
BumHuntKing: folds 
dervesh: folds 
numapu_33: folds 
beshece11harf: checks 
*** FLOP *** [4d Qs Jd]
beshece11harf: checks 
kimberizi: bets $2
beshece11harf: calls $2
*** TURN *** [4d Qs Jd] [2d]
beshece11harf: checks 
kimberizi: checks 
*** RIVER *** [4d Qs Jd 2d] [Td]
beshece11harf: bets $1.55
kimberizi: calls $1.55
*** SHOW DOWN ***
beshece11harf: shows [5d Qh] (a flush, Jack high)
kimberizi: mucks hand 
beshece11harf collected $9.12 from pot
*** SUMMARY ***
Total pot $9.60 | Rake $0.48 
Board [4d Qs Jd 2d Td]
Seat 5: wojts
Seat 1: numapu_33 (small blind) folded before Flop
Seat 2: beshece11harf (big blind) showed [5d Qh] and won ($9.12) with a flush, Jack high
Seat 3: kimberizi mucked
Seat 4: BumHuntKing folded before Flop (didn't bet)
Seat 6: dervesh (button) folded before Flop (didn't bet)



PokerStars Hand #254614034535:  Hold'em No Limit ($0.50/$1.00 USD) - 2025/01/29 22:45:46 WET [2025/01/29 17:45:46 ET]
Table 'Dolios' 6-max Seat #1 is the button
Seat 5: wojts ($80 in chips) is sitting out
Seat 1: numapu_33 ($100 in chips) 
Seat 2: beshece11harf ($104.57 in chips) 
Seat 3: kimberizi ($59.87 in chips) 
Seat 4: BumHuntKing ($105.46 in chips) 
Seat 6: dervesh ($136.94 in chips) 
beshece11harf: posts small blind $0.50
kimberizi: posts big blind $1
wojts: sits out 
*** HOLE CARDS ***
BumHuntKing: folds 
dervesh: raises $1.50 to $2.50
numapu_33: folds 
beshece11harf: raises $7.50 to $10
kimberizi: folds 
dervesh: calls $7.50
*** FLOP *** [4c 8h 4h]
beshece11harf: bets $9.98
dervesh: folds 
Uncalled bet ($9.98) returned to beshece11harf
beshece11harf collected $19.95 from pot
beshece11harf: doesn't show hand 
*** SUMMARY ***
Total pot $21 | Rake $1.05 
Board [4c 8h 4h]
Seat 5: wojts
Seat 1: numapu_33 (button) folded before Flop (didn't bet)
Seat 2: beshece11harf (small blind) collected ($19.95)
Seat 3: kimberizi (big blind) folded before Flop
Seat 4: BumHuntKing folded before Flop (didn't bet)
Seat 6: dervesh folded on the Flop



PokerStars Hand #254614044825:  Hold'em No Limit ($0.50/$1.00 USD) - 2025/01/29 22:46:22 WET [2025/01/29 17:46:22 ET]
Table 'Dolios' 6-max Seat #2 is the button
Seat 5: wojts ($80 in chips) is sitting out
Seat 1: numapu_33 ($100 in chips) 
Seat 2: beshece11harf ($114.52 in chips) 
Seat 3: kimberizi ($58.87 in chips) 
Seat 4: BumHuntKing ($105.46 in chips) 
Seat 6: dervesh ($126.94 in chips) 
kimberizi: posts small blind $0.50
BumHuntKing: posts big blind $1
wojts: sits out 
*** HOLE CARDS ***
dervesh: folds 
numapu_33: folds 
beshece11harf: raises $1.50 to $2.50
kimberizi: folds 
BumHuntKing: folds 
Uncalled bet ($1.50) returned to beshece11harf
beshece11harf collected $2.50 from pot
beshece11harf: doesn't show hand 
*** SUMMARY ***
Total pot $2.50 | Rake $0 
Seat 5: wojts
Seat 1: numapu_33 folded before Flop (didn't bet)
Seat 2: beshece11harf (button) collected ($2.50)
Seat 3: kimberizi (small blind) folded before Flop
Seat 4: BumHuntKing (big blind) folded before Flop
Seat 6: dervesh folded before Flop (didn't bet)



PokerStars Hand #254614051032:  Hold'em No Limit ($0.50/$1.00 USD) - 2025/01/29 22:46:45 WET [2025/01/29 17:46:45 ET]
Table 'Dolios' 6-max Seat #3 is the button
Seat 1: numapu_33 ($100 in chips) 
Seat 2: beshece11harf ($116.02 in chips) 
Seat 3: kimberizi ($58.37 in chips) 
Seat 4: BumHuntKing ($104.46 in chips) 
Seat 5: wojts ($80 in chips) 
Seat 6: dervesh ($126.94 in chips) 
BumHuntKing: posts small blind $0.50
wojts: posts big blind $1
*** HOLE CARDS ***
dervesh: folds 
numapu_33: folds 
beshece11harf: folds 
kimberizi: calls $1
BumHuntKing: folds 
wojts: checks 
*** FLOP *** [2s 4s 3h]
wojts: bets $1.19
kimberizi: folds 
Uncalled bet ($1.19) returned to wojts
wojts collected $2.38 from pot
wojts: doesn't show hand 
*** SUMMARY ***
Total pot $2.50 | Rake $0.12 
Board [2s 4s 3h]
Seat 1: numapu_33 folded before Flop (didn't bet)
Seat 2: beshece11harf folded before Flop (didn't bet)
Seat 3: kimberizi (button) folded on the Flop
Seat 4: BumHuntKing (small blind) folded before Flop
Seat 5: wojts (big blind) collected ($2.38)
Seat 6: dervesh folded before Flop (didn't bet)



PokerStars Hand #254614061697:  Hold'em No Limit ($0.50/$1.00 USD) - 2025/01/29 22:47:22 WET [2025/01/29 17:47:22 ET]
Table 'Dolios' 6-max Seat #4 is the button
Seat 1: numapu_33 ($100 in chips) 
Seat 2: beshece11harf ($116.02 in chips) 
Seat 3: kimberizi ($57.37 in chips) 
Seat 4: BumHuntKing ($103.96 in chips) 
Seat 5: wojts ($81.38 in chips) 
Seat 6: dervesh ($126.94 in chips) 
wojts: posts small blind $0.50
dervesh: posts big blind $1
*** HOLE CARDS ***
numapu_33: folds 
beshece11harf: folds 
kimberizi: folds 
BumHuntKing: folds 
wojts: folds 
Uncalled bet ($0.50) returned to dervesh
dervesh collected $1 from pot
dervesh: doesn't show hand 
*** SUMMARY ***
Total pot $1 | Rake $0 
Seat 1: numapu_33 folded before Flop (didn't bet)
Seat 2: beshece11harf folded before Flop (didn't bet)
Seat 3: kimberizi folded before Flop (didn't bet)
Seat 4: BumHuntKing (button) folded before Flop (didn't bet)
Seat 5: wojts (small blind) folded before Flop
Seat 6: dervesh (big blind) collected ($1)



PokerStars Hand #254614066169:  Hold'em No Limit ($0.50/$1.00 USD) - 2025/01/29 22:47:38 WET [2025/01/29 17:47:38 ET]
Table 'Dolios' 6-max Seat #5 is the button
Seat 1: numapu_33 ($100 in chips) 
Seat 2: beshece11harf ($116.02 in chips) 
Seat 3: kimberizi ($57.37 in chips) 
Seat 4: BumHuntKing ($103.96 in chips) 
Seat 5: wojts ($80.88 in chips) 
Seat 6: dervesh ($127.44 in chips) 
dervesh: posts small blind $0.50
numapu_33: posts big blind $1
*** HOLE CARDS ***
beshece11harf: folds 
kimberizi: folds 
BumHuntKing: folds 
wojts: raises $2 to $3
dervesh: folds 
numapu_33: folds 
Uncalled bet ($2) returned to wojts
wojts collected $2.50 from pot
wojts: doesn't show hand 
*** SUMMARY ***
Total pot $2.50 | Rake $0 
Seat 1: numapu_33 (big blind) folded before Flop
Seat 2: beshece11harf folded before Flop (didn't bet)
Seat 3: kimberizi folded before Flop (didn't bet)
Seat 4: BumHuntKing folded before Flop (didn't bet)
Seat 5: wojts (button) collected ($2.50)
Seat 6: dervesh (small blind) folded before Flop



PokerStars Hand #254614073066:  Hold'em No Limit ($0.50/$1.00 USD) - 2025/01/29 22:48:02 WET [2025/01/29 17:48:02 ET]
Table 'Dolios' 6-max Seat #6 is the button
Seat 1: numapu_33 ($100 in chips) 
Seat 2: beshece11harf ($116.02 in chips) 
Seat 3: kimberizi ($57.37 in chips) 
Seat 4: BumHuntKing ($103.96 in chips) 
Seat 5: wojts ($82.38 in chips) 
Seat 6: dervesh ($126.94 in chips) 
numapu_33: posts small blind $0.50
beshece11harf: posts big blind $1
*** HOLE CARDS ***
kimberizi: folds 
BumHuntKing: folds 
wojts: folds 
dervesh: folds 
numapu_33: raises $2 to $3
beshece11harf: calls $2
*** FLOP *** [7c 8s 6d]
numapu_33: checks 
beshece11harf: bets $2.85
numapu_33: calls $2.85
*** TURN *** [7c 8s 6d] [2c]
numapu_33: checks 
beshece11harf: bets $8.34
numapu_33: calls $8.34
*** RIVER *** [7c 8s 6d 2c] [Qd]
numapu_33: checks 
beshece11harf: bets $101.83 and is all-in
numapu_33: folds 
Uncalled bet ($101.83) returned to beshece11harf
beshece11harf collected $26.96 from pot
beshece11harf: doesn't show hand 
*** SUMMARY ***
Total pot $28.38 | Rake $1.42 
Board [7c 8s 6d 2c Qd]
Seat 1: numapu_33 (small blind) folded on the River
Seat 2: beshece11harf (big blind) collected ($26.96)
Seat 3: kimberizi folded before Flop (didn't bet)
Seat 4: BumHuntKing folded before Flop (didn't bet)
Seat 5: wojts folded before Flop (didn't bet)
Seat 6: dervesh (button) folded before Flop (didn't bet)



PokerStars Hand #254614100291:  Hold'em No Limit ($0.50/$1.00 USD) - 2025/01/29 22:49:40 WET [2025/01/29 17:49:40 ET]
Table 'Dolios' 6-max Seat #1 is the button
Seat 1: numapu_33 ($100 in chips) 
Seat 2: beshece11harf ($128.79 in chips) 
Seat 3: kimberizi ($57.37 in chips) 
Seat 4: BumHuntKing ($103.96 in chips) 
Seat 5: wojts ($82.38 in chips) 
Seat 6: dervesh ($126.94 in chips) 
beshece11harf: posts small blind $0.50
kimberizi: posts big blind $1
*** HOLE CARDS ***
BumHuntKing: folds 
wojts: folds 
dervesh: folds 
numapu_33: folds 
beshece11harf: folds 
Uncalled bet ($0.50) returned to kimberizi
kimberizi collected $1 from pot
kimberizi: doesn't show hand 
*** SUMMARY ***
Total pot $1 | Rake $0 
Seat 1: numapu_33 (button) folded before Flop (didn't bet)
Seat 2: beshece11harf (small blind) folded before Flop
Seat 3: kimberizi (big blind) collected ($1)
Seat 4: BumHuntKing folded before Flop (didn't bet)
Seat 5: wojts folded before Flop (didn't bet)
Seat 6: dervesh folded before Flop (didn't bet)



PokerStars Hand #254614103089:  Hold'em No Limit ($0.50/$1.00 USD) - 2025/01/29 22:49:50 WET [2025/01/29 17:49:50 ET]
Table 'Dolios' 6-max Seat #2 is the button
Seat 1: numapu_33 ($100 in chips) 
Seat 2: beshece11harf ($128.29 in chips) 
Seat 3: kimberizi ($57.87 in chips) 
Seat 4: BumHuntKing ($103.96 in chips) 
Seat 5: wojts ($82.38 in chips) 
Seat 6: dervesh ($126.94 in chips) 
kimberizi: posts small blind $0.50
BumHuntKing: posts big blind $1
*** HOLE CARDS ***
wojts: folds 
dervesh: folds 
numapu_33: raises $1.50 to $2.50
beshece11harf: folds 
kimberizi: folds 
BumHuntKing: calls $1.50
*** FLOP *** [5c Tc 6h]
BumHuntKing: checks 
numapu_33: checks 
*** TURN *** [5c Tc 6h] [9s]
BumHuntKing: checks 
numapu_33: checks 
*** RIVER *** [5c Tc 6h 9s] [3h]
BumHuntKing: checks 
numapu_33: bets $1.57
BumHuntKing: folds 
Uncalled bet ($1.57) returned to numapu_33
numapu_33 collected $5.22 from pot
numapu_33: doesn't show hand 
*** SUMMARY ***
Total pot $5.50 | Rake $0.28 
Board [5c Tc 6h 9s 3h]
Seat 1: numapu_33 collected ($5.22)
Seat 2: beshece11harf (button) folded before Flop (didn't bet)
Seat 3: kimberizi (small blind) folded before Flop
Seat 4: BumHuntKing (big blind) folded on the River
Seat 5: wojts folded before Flop (didn't bet)
Seat 6: dervesh folded before Flop (didn't bet)



PokerStars Hand #254614125761:  Hold'em No Limit ($0.50/$1.00 USD) - 2025/01/29 22:51:13 WET [2025/01/29 17:51:13 ET]
Table 'Dolios' 6-max Seat #3 is the button
Seat 1: numapu_33 ($102.72 in chips) 
Seat 2: beshece11harf ($128.29 in chips) 
Seat 3: kimberizi ($57.37 in chips) 
Seat 4: BumHuntKing ($101.46 in chips) 
Seat 5: wojts ($82.38 in chips) 
Seat 6: dervesh ($126.94 in chips) 
BumHuntKing: posts small blind $0.50
wojts: posts big blind $1
*** HOLE CARDS ***
dervesh: raises $1.50 to $2.50
numapu_33: raises $5 to $7.50
beshece11harf: folds 
kimberizi: folds 
BumHuntKing: folds 
wojts: folds 
dervesh: calls $5
*** FLOP *** [9h 8h As]
dervesh: checks 
numapu_33: checks 
*** TURN *** [9h 8h As] [Td]
dervesh: bets $7.84
numapu_33: calls $7.84
*** RIVER *** [9h 8h As Td] [Qc]
dervesh: bets $25
numapu_33: raises $62.38 to $87.38 and is all-in
dervesh: calls $62.38
*** SHOW DOWN ***
numapu_33: shows [Ad Jd] (a straight, Eight to Queen)
dervesh: shows [Kh Jh] (a straight, Ten to Ace)
dervesh collected $204.44 from pot
*** SUMMARY ***
Total pot $206.94 | Rake $2.50 
Board [9h 8h As Td Qc]
Seat 1: numapu_33 showed [Ad Jd] and lost with a straight, Eight to Queen
Seat 2: beshece11harf folded before Flop (didn't bet)
Seat 3: kimberizi (button) folded before Flop (didn't bet)
Seat 4: BumHuntKing (small blind) folded before Flop
Seat 5: wojts (big blind) folded before Flop
Seat 6: dervesh showed [Kh Jh] and won ($204.44) with a straight, Ten to Ace



PokerStars Hand #254614150090:  Hold'em No Limit ($0.50/$1.00 USD) - 2025/01/29 22:52:42 WET [2025/01/29 17:52:42 ET]
Table 'Dolios' 6-max Seat #4 is the button
Seat 1: numapu_33 ($100 in chips) 
Seat 2: beshece11harf ($128.29 in chips) 
Seat 3: kimberizi ($57.37 in chips) 
Seat 4: BumHuntKing ($100.96 in chips) 
Seat 5: wojts ($81.38 in chips) 
Seat 6: dervesh ($228.66 in chips) 
wojts: posts small blind $0.50
dervesh: posts big blind $1
*** HOLE CARDS ***
numapu_33: folds 
beshece11harf: raises $1 to $2
kimberizi: folds 
BumHuntKing: folds 
wojts: folds 
dervesh: folds 
Uncalled bet ($1) returned to beshece11harf
beshece11harf collected $2.50 from pot
beshece11harf: doesn't show hand 
*** SUMMARY ***
Total pot $2.50 | Rake $0 
Seat 1: numapu_33 folded before Flop (didn't bet)
Seat 2: beshece11harf collected ($2.50)
Seat 3: kimberizi folded before Flop (didn't bet)
Seat 4: BumHuntKing (button) folded before Flop (didn't bet)
Seat 5: wojts (small blind) folded before Flop
Seat 6: dervesh (big blind) folded before Flop



PokerStars Hand #254614156389:  Hold'em No Limit ($0.50/$1.00 USD) - 2025/01/29 22:53:05 WET [2025/01/29 17:53:05 ET]
Table 'Dolios' 6-max Seat #5 is the button
Seat 1: numapu_33 ($100 in chips) 
Seat 2: beshece11harf ($129.79 in chips) 
Seat 3: kimberizi ($57.37 in chips) 
Seat 4: BumHuntKing ($100.96 in chips) 
Seat 5: wojts ($80.88 in chips) 
Seat 6: dervesh ($227.66 in chips) 
dervesh: posts small blind $0.50
numapu_33: posts big blind $1
*** HOLE CARDS ***
beshece11harf: raises $1 to $2
kimberizi: folds 
BumHuntKing: folds 
wojts: folds 
dervesh: folds 
numapu_33: folds 
Uncalled bet ($1) returned to beshece11harf
beshece11harf collected $2.50 from pot
beshece11harf: doesn't show hand 
*** SUMMARY ***
Total pot $2.50 | Rake $0 
Seat 1: numapu_33 (big blind) folded before Flop
Seat 2: beshece11harf collected ($2.50)
Seat 3: kimberizi folded before Flop (didn't bet)
Seat 4: BumHuntKing folded before Flop (didn't bet)
Seat 5: wojts (button) folded before Flop (didn't bet)
Seat 6: dervesh (small blind) folded before Flop



PokerStars Hand #254614161834:  Hold'em No Limit ($0.50/$1.00 USD) - 2025/01/29 22:53:25 WET [2025/01/29 17:53:25 ET]
Table 'Dolios' 6-max Seat #6 is the button
Seat 1: numapu_33 ($100 in chips) 
Seat 2: beshece11harf ($131.29 in chips) 
Seat 3: kimberizi ($57.37 in chips) 
Seat 4: BumHuntKing ($100.96 in chips) 
Seat 5: wojts ($80.88 in chips) 
Seat 6: dervesh ($227.16 in chips) 
numapu_33: posts small blind $0.50
beshece11harf: posts big blind $1
*** HOLE CARDS ***
kimberizi: calls $1
BumHuntKing: folds 
wojts: folds 
dervesh: folds 
numapu_33: folds 
beshece11harf: checks 
*** FLOP *** [Jd 7d Ac]
beshece11harf: checks 
kimberizi: bets $2
beshece11harf: calls $2
*** TURN *** [Jd 7d Ac] [Tc]
beshece11harf: checks 
kimberizi: checks 
*** RIVER *** [Jd 7d Ac Tc] [6c]
beshece11harf: checks 
kimberizi: checks 
*** SHOW DOWN ***
beshece11harf: shows [Th 9s] (a pair of Tens)
kimberizi: mucks hand 
beshece11harf collected $6.18 from pot
*** SUMMARY ***
Total pot $6.50 | Rake $0.32 
Board [Jd 7d Ac Tc 6c]
Seat 1: numapu_33 (small blind) folded before Flop
Seat 2: beshece11harf (big blind) showed [Th 9s] and won ($6.18) with a pair of Tens
Seat 3: kimberizi mucked
Seat 4: BumHuntKing folded before Flop (didn't bet)
Seat 5: wojts folded before Flop (didn't bet)
Seat 6: dervesh (button) folded before Flop (didn't bet)



PokerStars Hand #254614179815:  Hold'em No Limit ($0.50/$1.00 USD) - 2025/01/29 22:54:31 WET [2025/01/29 17:54:31 ET]
Table 'Dolios' 6-max Seat #1 is the button
Seat 1: numapu_33 ($100 in chips) 
Seat 2: beshece11harf ($134.47 in chips) 
Seat 3: kimberizi ($54.37 in chips) 
Seat 4: BumHuntKing ($100.96 in chips) 
Seat 5: wojts ($80.88 in chips) 
Seat 6: dervesh ($227.16 in chips) 
beshece11harf: posts small blind $0.50
kimberizi: posts big blind $1
*** HOLE CARDS ***
BumHuntKing: folds 
wojts: folds 
dervesh: folds 
numapu_33: folds 
beshece11harf: folds 
Uncalled bet ($0.50) returned to kimberizi
kimberizi collected $1 from pot
kimberizi: doesn't show hand 
*** SUMMARY ***
Total pot $1 | Rake $0 
Seat 1: numapu_33 (button) folded before Flop (didn't bet)
Seat 2: beshece11harf (small blind) folded before Flop
Seat 3: kimberizi (big blind) collected ($1)
Seat 4: BumHuntKing folded before Flop (didn't bet)
Seat 5: wojts folded before Flop (didn't bet)
Seat 6: dervesh folded before Flop (didn't bet)



PokerStars Hand #254614183474:  Hold'em No Limit ($0.50/$1.00 USD) - 2025/01/29 22:54:45 WET [2025/01/29 17:54:45 ET]
Table 'Dolios' 6-max Seat #2 is the button
Seat 1: numapu_33 ($100 in chips) 
Seat 2: beshece11harf ($133.97 in chips) 
Seat 3: kimberizi ($54.87 in chips) 
Seat 4: BumHuntKing ($100.96 in chips) 
Seat 5: wojts ($80.88 in chips) 
Seat 6: dervesh ($227.16 in chips) 
kimberizi: posts small blind $0.50
BumHuntKing: posts big blind $1
*** HOLE CARDS ***
wojts: folds 
dervesh: folds 
numapu_33: folds 
beshece11harf: folds 
kimberizi: raises $2 to $3
BumHuntKing: calls $2
*** FLOP *** [Ts 8s Kd]
kimberizi: bets $5
BumHuntKing: folds 
Uncalled bet ($5) returned to kimberizi
kimberizi collected $5.70 from pot
kimberizi: doesn't show hand 
*** SUMMARY ***
Total pot $6 | Rake $0.30 
Board [Ts 8s Kd]
Seat 1: numapu_33 folded before Flop (didn't bet)
Seat 2: beshece11harf (button) folded before Flop (didn't bet)
Seat 3: kimberizi (small blind) collected ($5.70)
Seat 4: BumHuntKing (big blind) folded on the Flop
Seat 5: wojts folded before Flop (didn't bet)
Seat 6: dervesh folded before Flop (didn't bet)



PokerStars Hand #254614190107:  Hold'em No Limit ($0.50/$1.00 USD) - 2025/01/29 22:55:12 WET [2025/01/29 17:55:12 ET]
Table 'Dolios' 6-max Seat #3 is the button
Seat 5: wojts ($80.88 in chips) is sitting out
Seat 1: numapu_33 ($100 in chips) 
Seat 2: beshece11harf ($133.97 in chips) 
Seat 3: kimberizi ($57.57 in chips) 
Seat 4: BumHuntKing ($100 in chips) 
Seat 6: dervesh ($227.16 in chips) 
BumHuntKing: posts small blind $0.50
wojts: is sitting out 
dervesh: posts big blind $1
*** HOLE CARDS ***
numapu_33: folds 
beshece11harf: folds 
kimberizi: folds 
BumHuntKing: folds 
Uncalled bet ($0.50) returned to dervesh
dervesh collected $1 from pot
dervesh: doesn't show hand 
*** SUMMARY ***
Total pot $1 | Rake $0 
Seat 5: wojts
Seat 1: numapu_33 folded before Flop (didn't bet)
Seat 2: beshece11harf folded before Flop (didn't bet)
Seat 3: kimberizi (button) folded before Flop (didn't bet)
Seat 4: BumHuntKing (small blind) folded before Flop
Seat 6: dervesh (big blind) collected ($1)



PokerStars Hand #254614194325:  Hold'em No Limit ($0.50/$1.00 USD) - 2025/01/29 22:55:33 WET [2025/01/29 17:55:33 ET]
Table 'Dolios' 6-max Seat #4 is the button
Seat 5: wojts ($80.88 in chips) is sitting out
Seat 1: numapu_33 ($100 in chips) 
Seat 2: beshece11harf ($133.97 in chips) 
Seat 3: kimberizi ($57.57 in chips) 
Seat 4: BumHuntKing ($100 in chips) 
Seat 6: dervesh ($227.66 in chips) 
dervesh: posts small blind $0.50
numapu_33: posts big blind $1
*** HOLE CARDS ***
beshece11harf: raises $1 to $2
kimberizi: folds 
BumHuntKing: folds 
wojts leaves the table
dervesh: folds 
numapu_33: folds 
Uncalled bet ($1) returned to beshece11harf
beshece11harf collected $2.50 from pot
beshece11harf: doesn't show hand 
*** SUMMARY ***
Total pot $2.50 | Rake $0 
Seat 5: wojts
Seat 1: numapu_33 (big blind) folded before Flop
Seat 2: beshece11harf collected ($2.50)
Seat 3: kimberizi folded before Flop (didn't bet)
Seat 4: BumHuntKing (button) folded before Flop (didn't bet)
Seat 6: dervesh (small blind) folded before Flop



PokerStars Hand #254614197407:  Hold'em No Limit ($0.50/$1.00 USD) - 2025/01/29 22:55:49 WET [2025/01/29 17:55:49 ET]
Table 'Dolios' 6-max Seat #6 is the button
Seat 1: numapu_33 ($100 in chips) 
Seat 2: beshece11harf ($135.47 in chips) 
Seat 3: kimberizi ($57.57 in chips) 
Seat 4: BumHuntKing ($100 in chips) 
Seat 6: dervesh ($227.16 in chips) 
numapu_33: posts small blind $0.50
beshece11harf: posts big blind $1
*** HOLE CARDS ***
kimberizi: folds 
BumHuntKing: raises $1.20 to $2.20
tintin641 joins the table at seat #5 
dervesh: folds 
numapu_33: folds 
beshece11harf: folds 
Uncalled bet ($1.20) returned to BumHuntKing
BumHuntKing collected $2.50 from pot
BumHuntKing: doesn't show hand 
*** SUMMARY ***
Total pot $2.50 | Rake $0 
Seat 1: numapu_33 (small blind) folded before Flop
Seat 2: beshece11harf (big blind) folded before Flop
Seat 3: kimberizi folded before Flop (didn't bet)
Seat 4: BumHuntKing collected ($2.50)
Seat 6: dervesh (button) folded before Flop (didn't bet)



PokerStars Hand #254614200915:  Hold'em No Limit ($0.50/$1.00 USD) - 2025/01/29 22:56:07 WET [2025/01/29 17:56:07 ET]
Table 'Dolios' 6-max Seat #1 is the button
Seat 5: tintin641 ($100 in chips) is sitting out
Seat 1: numapu_33 ($100 in chips) 
Seat 2: beshece11harf ($134.47 in chips) 
Seat 3: kimberizi ($57.57 in chips) 
Seat 4: BumHuntKing ($101.50 in chips) 
Seat 6: dervesh ($227.16 in chips) 
beshece11harf: posts small blind $0.50
kimberizi: posts big blind $1
tintin641: sits out 
*** HOLE CARDS ***
BumHuntKing: folds 
dervesh: folds 
numapu_33: folds 
beshece11harf: folds 
Uncalled bet ($0.50) returned to kimberizi
kimberizi collected $1 from pot
kimberizi: doesn't show hand 
*** SUMMARY ***
Total pot $1 | Rake $0 
Seat 5: tintin641
Seat 1: numapu_33 (button) folded before Flop (didn't bet)
Seat 2: beshece11harf (small blind) folded before Flop
Seat 3: kimberizi (big blind) collected ($1)
Seat 4: BumHuntKing folded before Flop (didn't bet)
Seat 6: dervesh folded before Flop (didn't bet)



PokerStars Hand #254614203752:  Hold'em No Limit ($0.50/$1.00 USD) - 2025/01/29 22:56:21 WET [2025/01/29 17:56:21 ET]
Table 'Dolios' 6-max Seat #2 is the button
Seat 5: tintin641 ($100 in chips) is sitting out
Seat 1: numapu_33 ($100 in chips) 
Seat 2: beshece11harf ($133.97 in chips) 
Seat 3: kimberizi ($58.07 in chips) 
Seat 4: BumHuntKing ($101.50 in chips) 
Seat 6: dervesh ($227.16 in chips) 
kimberizi: posts small blind $0.50
BumHuntKing: posts big blind $1
tintin641: sits out 
*** HOLE CARDS ***
dervesh: raises $1.50 to $2.50
numapu_33: folds 
beshece11harf: folds 
kimberizi: folds 
BumHuntKing: calls $1.50
*** FLOP *** [5h 9h 7c]
BumHuntKing: checks 
dervesh: bets $3.45
BumHuntKing: calls $3.45
*** TURN *** [5h 9h 7c] [Jd]
BumHuntKing: checks 
dervesh: bets $7.77
BumHuntKing: raises $27.20 to $34.97
dervesh: folds 
Uncalled bet ($27.20) returned to BumHuntKing
BumHuntKing collected $26.54 from pot
BumHuntKing: doesn't show hand 
*** SUMMARY ***
Total pot $27.94 | Rake $1.40 
Board [5h 9h 7c Jd]
Seat 5: tintin641
Seat 1: numapu_33 folded before Flop (didn't bet)
Seat 2: beshece11harf (button) folded before Flop (didn't bet)
Seat 3: kimberizi (small blind) folded before Flop
Seat 4: BumHuntKing (big blind) collected ($26.54)
Seat 6: dervesh folded on the Turn



PokerStars Hand #254614214151:  Hold'em No Limit ($0.50/$1.00 USD) - 2025/01/29 22:57:14 WET [2025/01/29 17:57:14 ET]
Table 'Dolios' 6-max Seat #3 is the button
Seat 1: numapu_33 ($100 in chips) 
Seat 2: beshece11harf ($133.97 in chips) 
Seat 3: kimberizi ($57.57 in chips) 
Seat 4: BumHuntKing ($114.32 in chips) 
Seat 5: tintin641 ($100 in chips) 
Seat 6: dervesh ($213.44 in chips) 
BumHuntKing: posts small blind $0.50
tintin641: posts big blind $1
*** HOLE CARDS ***
dervesh: folds 
numapu_33: folds 
beshece11harf: folds 
kimberizi: folds 
BumHuntKing: raises $2 to $3
tintin641: raises $7 to $10
BumHuntKing: calls $7
*** FLOP *** [Jd 5d Kh]
BumHuntKing: checks 
tintin641: bets $6.27
BumHuntKing: folds 
Uncalled bet ($6.27) returned to tintin641
tintin641 collected $19 from pot
tintin641: doesn't show hand 
*** SUMMARY ***
Total pot $20 | Rake $1 
Board [Jd 5d Kh]
Seat 1: numapu_33 folded before Flop (didn't bet)
Seat 2: beshece11harf folded before Flop (didn't bet)
Seat 3: kimberizi (button) folded before Flop (didn't bet)
Seat 4: BumHuntKing (small blind) folded on the Flop
Seat 5: tintin641 (big blind) collected ($19)
Seat 6: dervesh folded before Flop (didn't bet)



PokerStars Hand #254614227062:  Hold'em No Limit ($0.50/$1.00 USD) - 2025/01/29 22:58:20 WET [2025/01/29 17:58:20 ET]
Table 'Dolios' 6-max Seat #4 is the button
Seat 1: numapu_33 ($100 in chips) 
Seat 2: beshece11harf ($133.97 in chips) 
Seat 3: kimberizi ($57.57 in chips) 
Seat 4: BumHuntKing ($104.32 in chips) 
Seat 5: tintin641 ($109 in chips) 
Seat 6: dervesh ($213.44 in chips) 
tintin641: posts small blind $0.50
dervesh: posts big blind $1
*** HOLE CARDS ***
numapu_33: folds 
beshece11harf: folds 
kimberizi: raises $1 to $2
BumHuntKing: raises $5.50 to $7.50
tintin641: folds 
dervesh: folds 
kimberizi: folds 
Uncalled bet ($5.50) returned to BumHuntKing
BumHuntKing collected $5.50 from pot
BumHuntKing: doesn't show hand 
*** SUMMARY ***
Total pot $5.50 | Rake $0 
Seat 1: numapu_33 folded before Flop (didn't bet)
Seat 2: beshece11harf folded before Flop (didn't bet)
Seat 3: kimberizi folded before Flop
Seat 4: BumHuntKing (button) collected ($5.50)
Seat 5: tintin641 (small blind) folded before Flop
Seat 6: dervesh (big blind) folded before Flop



PokerStars Hand #254614231516:  Hold'em No Limit ($0.50/$1.00 USD) - 2025/01/29 22:58:43 WET [2025/01/29 17:58:43 ET]
Table 'Dolios' 6-max Seat #5 is the button
Seat 1: numapu_33 ($100 in chips) 
Seat 2: beshece11harf ($133.97 in chips) 
Seat 3: kimberizi ($55.57 in chips) 
Seat 4: BumHuntKing ($107.82 in chips) 
Seat 5: tintin641 ($108.50 in chips) 
Seat 6: dervesh ($212.44 in chips) 
dervesh: posts small blind $0.50
numapu_33: posts big blind $1
*** HOLE CARDS ***
beshece11harf: raises $1 to $2
kimberizi: folds 
BumHuntKing: folds 
tintin641: folds 
dervesh: folds 
numapu_33: folds 
Uncalled bet ($1) returned to beshece11harf
beshece11harf collected $2.50 from pot
beshece11harf: doesn't show hand 
*** SUMMARY ***
Total pot $2.50 | Rake $0 
Seat 1: numapu_33 (big blind) folded before Flop
Seat 2: beshece11harf collected ($2.50)
Seat 3: kimberizi folded before Flop (didn't bet)
Seat 4: BumHuntKing folded before Flop (didn't bet)
Seat 5: tintin641 (button) folded before Flop (didn't bet)
Seat 6: dervesh (small blind) folded before Flop



PokerStars Hand #254614234794:  Hold'em No Limit ($0.50/$1.00 USD) - 2025/01/29 22:59:00 WET [2025/01/29 17:59:00 ET]
Table 'Dolios' 6-max Seat #6 is the button
Seat 1: numapu_33 ($100 in chips) 
Seat 2: beshece11harf ($135.47 in chips) 
Seat 3: kimberizi ($55.57 in chips) 
Seat 4: BumHuntKing ($107.82 in chips) 
Seat 5: tintin641 ($108.50 in chips) 
Seat 6: dervesh ($211.94 in chips) 
numapu_33: posts small blind $0.50
beshece11harf: posts big blind $1
*** HOLE CARDS ***
kimberizi: calls $1
BumHuntKing: raises $4 to $5
tintin641: folds 
dervesh: folds 
numapu_33: folds 
beshece11harf: folds 
kimberizi: raises $11.50 to $16.50
BumHuntKing: raises $91.32 to $107.82 and is all-in
kimberizi: calls $39.07 and is all-in
Uncalled bet ($52.25) returned to BumHuntKing
*** FLOP *** [9h 2h 2s]
*** TURN *** [9h 2h 2s] [9d]
*** RIVER *** [9h 2h 2s 9d] [5h]
*** SHOW DOWN ***
kimberizi: shows [Jc Js] (two pair, Jacks and Nines)
BumHuntKing: shows [Qc Qd] (two pair, Queens and Nines)
BumHuntKing collected $110.14 from pot
kimberizi cashed out the hand for $19.47 | Cash Out Fee $0.40
*** SUMMARY ***
Total pot $112.64 | Rake $2.50 
Board [9h 2h 2s 9d 5h]
Seat 1: numapu_33 (small blind) folded before Flop
Seat 2: beshece11harf (big blind) folded before Flop
Seat 3: kimberizi showed [Jc Js] and lost with two pair, Jacks and Nines (cashed out).
Seat 4: BumHuntKing showed [Qc Qd] and won ($110.14) with two pair, Queens and Nines
Seat 5: tintin641 folded before Flop (didn't bet)
Seat 6: dervesh (button) folded before Flop (didn't bet)



PokerStars Hand #254614244460:  Hold'em No Limit ($0.50/$1.00 USD) - 2025/01/29 22:59:49 WET [2025/01/29 17:59:49 ET]
Table 'Dolios' 6-max Seat #1 is the button
Seat 1: numapu_33 ($100 in chips) 
Seat 2: beshece11harf ($134.47 in chips) 
Seat 3: kimberizi ($19.47 in chips) 
Seat 4: BumHuntKing ($162.39 in chips) 
Seat 5: tintin641 ($108.50 in chips) 
Seat 6: dervesh ($211.94 in chips) 
beshece11harf: posts small blind $0.50
kimberizi: posts big blind $1
*** HOLE CARDS ***
BumHuntKing: folds 
tintin641: raises $1.50 to $2.50
dervesh: folds 
numapu_33: folds 
beshece11harf: folds 
kimberizi: folds 
Uncalled bet ($1.50) returned to tintin641
tintin641 collected $2.50 from pot
tintin641: doesn't show hand 
*** SUMMARY ***
Total pot $2.50 | Rake $0 
Seat 1: numapu_33 (button) folded before Flop (didn't bet)
Seat 2: beshece11harf (small blind) folded before Flop
Seat 3: kimberizi (big blind) folded before Flop
Seat 4: BumHuntKing folded before Flop (didn't bet)
Seat 5: tintin641 collected ($2.50)
Seat 6: dervesh folded before Flop (didn't bet)



PokerStars Hand #254614247331:  Hold'em No Limit ($0.50/$1.00 USD) - 2025/01/29 23:00:04 WET [2025/01/29 18:00:04 ET]
Table 'Dolios' 6-max Seat #2 is the button
Seat 1: numapu_33 ($100 in chips) 
Seat 2: beshece11harf ($133.97 in chips) 
Seat 3: kimberizi ($18.47 in chips) 
Seat 4: BumHuntKing ($162.39 in chips) 
Seat 5: tintin641 ($110 in chips) 
Seat 6: dervesh ($211.94 in chips) 
kimberizi: posts small blind $0.50
BumHuntKing: posts big blind $1
*** HOLE CARDS ***
tintin641: raises $1.50 to $2.50
dervesh: folds 
numapu_33: folds 
beshece11harf: folds 
kimberizi: folds 
BumHuntKing: folds 
Uncalled bet ($1.50) returned to tintin641
tintin641 collected $2.50 from pot
tintin641: doesn't show hand 
*** SUMMARY ***
Total pot $2.50 | Rake $0 
Seat 1: numapu_33 folded before Flop (didn't bet)
Seat 2: beshece11harf (button) folded before Flop (didn't bet)
Seat 3: kimberizi (small blind) folded before Flop
Seat 4: BumHuntKing (big blind) folded before Flop
Seat 5: tintin641 collected ($2.50)
Seat 6: dervesh folded before Flop (didn't bet)



PokerStars Hand #254614252103:  Hold'em No Limit ($0.50/$1.00 USD) - 2025/01/29 23:00:27 WET [2025/01/29 18:00:27 ET]
Table 'Dolios' 6-max Seat #3 is the button
Seat 5: tintin641 ($111.50 in chips) is sitting out
Seat 1: numapu_33 ($100 in chips) 
Seat 2: beshece11harf ($133.97 in chips) 
Seat 3: kimberizi ($17.97 in chips) 
Seat 4: BumHuntKing ($161.39 in chips) 
Seat 6: dervesh ($211.94 in chips) 
BumHuntKing: posts small blind $0.50
tintin641: is sitting out 
dervesh: posts big blind $1
*** HOLE CARDS ***
tintin641 leaves the table
numapu_33: folds 
beshece11harf: folds 
kimberizi: folds 
BumHuntKing: raises $2 to $3
dervesh: folds 
Uncalled bet ($2) returned to BumHuntKing
BumHuntKing collected $2 from pot
BumHuntKing: doesn't show hand 
*** SUMMARY ***
Total pot $2 | Rake $0 
Seat 5: tintin641
Seat 1: numapu_33 folded before Flop (didn't bet)
Seat 2: beshece11harf folded before Flop (didn't bet)
Seat 3: kimberizi (button) folded before Flop (didn't bet)
Seat 4: BumHuntKing (small blind) collected ($2)
Seat 6: dervesh (big blind) folded before Flop



PokerStars Hand #254614255033:  Hold'em No Limit ($0.50/$1.00 USD) - 2025/01/29 23:00:41 WET [2025/01/29 18:00:41 ET]
Table 'Dolios' 6-max Seat #4 is the button
Seat 1: numapu_33 ($100 in chips) 
Seat 2: beshece11harf ($133.97 in chips) 
Seat 3: kimberizi ($17.97 in chips) 
Seat 4: BumHuntKing ($162.39 in chips) 
Seat 6: dervesh ($210.94 in chips) 
dervesh: posts small blind $0.50
numapu_33: posts big blind $1
*** HOLE CARDS ***
beshece11harf: folds 
kimberizi: folds 
BumHuntKing: raises $1.50 to $2.50
dervesh: raises $9.50 to $12
numapu_33: folds 
BumHuntKing: calls $9.50
*** FLOP *** [5s 9d Kh]
J0SHB0SH joins the table at seat #5 
dervesh: bets $9.50
BumHuntKing: calls $9.50
*** TURN *** [5s 9d Kh] [3d]
dervesh: checks 
BumHuntKing: bets $31.35
dervesh: calls $31.35
*** RIVER *** [5s 9d Kh 3d] [4d]
dervesh: checks 
BumHuntKing: bets $109.54 and is all-in
dervesh: folds 
Uncalled bet ($109.54) returned to BumHuntKing
BumHuntKing collected $104.20 from pot
BumHuntKing: doesn't show hand 
*** SUMMARY ***
Total pot $106.70 | Rake $2.50 
Board [5s 9d Kh 3d 4d]
Seat 1: numapu_33 (big blind) folded before Flop
Seat 2: beshece11harf folded before Flop (didn't bet)
Seat 3: kimberizi folded before Flop (didn't bet)
Seat 4: BumHuntKing (button) collected ($104.20)
Seat 6: dervesh (small blind) folded on the River



PokerStars Hand #254614280084:  Hold'em No Limit ($0.50/$1.00 USD) - 2025/01/29 23:02:22 WET [2025/01/29 18:02:22 ET]
Table 'Dolios' 6-max Seat #6 is the button
Seat 5: J0SHB0SH ($103.50 in chips) is sitting out
Seat 1: numapu_33 ($100 in chips) 
Seat 2: beshece11harf ($133.97 in chips) 
Seat 3: kimberizi ($17.97 in chips) 
Seat 4: BumHuntKing ($213.74 in chips) 
Seat 6: dervesh ($158.09 in chips) 
numapu_33: posts small blind $0.50
beshece11harf: posts big blind $1
J0SHB0SH: sits out 
*** HOLE CARDS ***
kimberizi: calls $1
BumHuntKing: folds 
dervesh: folds 
numapu_33: folds 
beshece11harf: checks 
*** FLOP *** [7d 3h 4c]
beshece11harf: checks 
kimberizi: bets $2.38
beshece11harf: calls $2.38
*** TURN *** [7d 3h 4c] [9s]
beshece11harf: checks 
kimberizi: bets $14.59 and is all-in
beshece11harf: folds 
Uncalled bet ($14.59) returned to kimberizi
kimberizi collected $6.90 from pot
kimberizi: doesn't show hand 
*** SUMMARY ***
Total pot $7.26 | Rake $0.36 
Board [7d 3h 4c 9s]
Seat 5: J0SHB0SH
Seat 1: numapu_33 (small blind) folded before Flop
Seat 2: beshece11harf (big blind) folded on the Turn
Seat 3: kimberizi collected ($6.90)
Seat 4: BumHuntKing folded before Flop (didn't bet)
Seat 6: dervesh (button) folded before Flop (didn't bet)



PokerStars Hand #254614290277:  Hold'em No Limit ($0.50/$1.00 USD) - 2025/01/29 23:03:01 WET [2025/01/29 18:03:01 ET]
Table 'Dolios' 6-max Seat #1 is the button
Seat 5: J0SHB0SH ($103.50 in chips) is sitting out
Seat 1: numapu_33 ($100 in chips) 
Seat 2: beshece11harf ($130.59 in chips) 
Seat 3: kimberizi ($21.49 in chips) 
Seat 4: BumHuntKing ($213.74 in chips) 
Seat 6: dervesh ($158.09 in chips) 
beshece11harf: posts small blind $0.50
kimberizi: posts big blind $1
J0SHB0SH: sits out 
*** HOLE CARDS ***
BumHuntKing: raises $1.20 to $2.20
dervesh: folds 
numapu_33: folds 
beshece11harf: folds 
kimberizi: raises $4.90 to $7.10
BumHuntKing: folds 
Uncalled bet ($4.90) returned to kimberizi
kimberizi collected $4.90 from pot
kimberizi: doesn't show hand 
*** SUMMARY ***
Total pot $4.90 | Rake $0 
Seat 5: J0SHB0SH
Seat 1: numapu_33 (button) folded before Flop (didn't bet)
Seat 2: beshece11harf (small blind) folded before Flop
Seat 3: kimberizi (big blind) collected ($4.90)
Seat 4: BumHuntKing folded before Flop
Seat 6: dervesh folded before Flop (didn't bet)



PokerStars Hand #254614295983:  Hold'em No Limit ($0.50/$1.00 USD) - 2025/01/29 23:03:23 WET [2025/01/29 18:03:23 ET]
Table 'Dolios' 6-max Seat #2 is the button
Seat 4: BumHuntKing ($211.54 in chips) is sitting out
Seat 1: numapu_33 ($100 in chips) 
Seat 2: beshece11harf ($130.09 in chips) 
Seat 3: kimberizi ($24.19 in chips) 
Seat 5: J0SHB0SH ($103.50 in chips) 
Seat 6: dervesh ($158.09 in chips) 
kimberizi: posts small blind $0.50
BumHuntKing: is sitting out 
J0SHB0SH: posts big blind $1
*** HOLE CARDS ***
dervesh: raises $1.50 to $2.50
numapu_33: folds 
BumHuntKing leaves the table
beshece11harf: raises $5.50 to $8
kimberizi: folds 
J0SHB0SH: folds 
dervesh: calls $5.50
*** FLOP *** [6d 5d 6s]
Silence1925 joins the table at seat #4 
Silence1925 is disconnected 
dervesh: checks 
beshece11harf: checks 
*** TURN *** [6d 5d 6s] [7d]
dervesh: bets $6.65
beshece11harf: calls $6.65
*** RIVER *** [6d 5d 6s 7d] [Ad]
dervesh: checks 
beshece11harf: bets $115.44 and is all-in
dervesh: folds 
Uncalled bet ($115.44) returned to beshece11harf
beshece11harf collected $29.26 from pot
beshece11harf: doesn't show hand 
*** SUMMARY ***
Total pot $30.80 | Rake $1.54 
Board [6d 5d 6s 7d Ad]
Seat 4: BumHuntKing
Seat 1: numapu_33 folded before Flop (didn't bet)
Seat 2: beshece11harf (button) collected ($29.26)
Seat 3: kimberizi (small blind) folded before Flop
Seat 5: J0SHB0SH (big blind) folded before Flop
Seat 6: dervesh folded on the River



PokerStars Hand #254614318224:  Hold'em No Limit ($0.50/$1.00 USD) - 2025/01/29 23:04:48 WET [2025/01/29 18:04:48 ET]
Table 'Dolios' 6-max Seat #3 is the button
Seat 4: Silence1925 ($51.15 in chips) is sitting out
Seat 1: numapu_33 ($100 in chips) 
Seat 2: beshece11harf ($144.70 in chips) 
Seat 3: kimberizi ($23.69 in chips) 
Seat 5: J0SHB0SH ($102.50 in chips) 
Seat 6: dervesh ($143.44 in chips) 
J0SHB0SH: posts small blind $0.50
dervesh: posts big blind $1
*** HOLE CARDS ***
numapu_33: folds 
beshece11harf: folds 
kimberizi: folds 
J0SHB0SH: folds 
Uncalled bet ($0.50) returned to dervesh
dervesh collected $1 from pot
dervesh: doesn't show hand 
*** SUMMARY ***
Total pot $1 | Rake $0 
Seat 4: Silence1925
Seat 1: numapu_33 folded before Flop (didn't bet)
Seat 2: beshece11harf folded before Flop (didn't bet)
Seat 3: kimberizi (button) folded before Flop (didn't bet)
Seat 5: J0SHB0SH (small blind) folded before Flop
Seat 6: dervesh (big blind) collected ($1)



PokerStars Hand #254614321713:  Hold'em No Limit ($0.50/$1.00 USD) - 2025/01/29 23:05:01 WET [2025/01/29 18:05:01 ET]
Table 'Dolios' 6-max Seat #5 is the button
Seat 1: numapu_33 ($100 in chips) 
Seat 2: beshece11harf ($144.70 in chips) 
Seat 3: kimberizi ($23.69 in chips) 
Seat 4: Silence1925 ($51.15 in chips) 
Seat 5: J0SHB0SH ($102 in chips) 
Seat 6: dervesh ($143.94 in chips) 
dervesh: posts small blind $0.50
numapu_33: posts big blind $1
Silence1925: posts big blind $1
*** HOLE CARDS ***
beshece11harf: raises $1 to $2
kimberizi: folds 
Silence1925: folds 
J0SHB0SH: folds 
dervesh: calls $1.50
numapu_33: folds 
*** FLOP *** [9d 2h 6s]
dervesh: checks 
beshece11harf: bets $4.28
dervesh: calls $4.28
*** TURN *** [9d 2h 6s] [7s]
dervesh: checks 
beshece11harf: bets $10.37
dervesh: calls $10.37
*** RIVER *** [9d 2h 6s 7s] [8s]
dervesh: checks 
beshece11harf: checks 
*** SHOW DOWN ***
dervesh: shows [3h 3d] (a pair of Threes)
beshece11harf: shows [Js Jh] (a pair of Jacks)
beshece11harf collected $33.54 from pot
*** SUMMARY ***
Total pot $35.30 | Rake $1.76 
Board [9d 2h 6s 7s 8s]
Seat 1: numapu_33 (big blind) folded before Flop
Seat 2: beshece11harf showed [Js Jh] and won ($33.54) with a pair of Jacks
Seat 3: kimberizi folded before Flop (didn't bet)
Seat 4: Silence1925 folded before Flop (didn't bet)
Seat 5: J0SHB0SH (button) folded before Flop (didn't bet)
Seat 6: dervesh (small blind) showed [3h 3d] and lost with a pair of Threes



PokerStars Hand #254614340127:  Hold'em No Limit ($0.50/$1.00 USD) - 2025/01/29 23:06:11 WET [2025/01/29 18:06:11 ET]
Table 'Dolios' 6-max Seat #6 is the button
Seat 1: numapu_33 ($100 in chips) 
Seat 2: beshece11harf ($161.59 in chips) 
Seat 3: kimberizi ($23.69 in chips) 
Seat 4: Silence1925 ($50.15 in chips) 
Seat 5: J0SHB0SH ($102 in chips) 
Seat 6: dervesh ($127.29 in chips) 
numapu_33: posts small blind $0.50
beshece11harf: posts big blind $1
*** HOLE CARDS ***
kimberizi: folds 
Silence1925: raises $2 to $3
J0SHB0SH: folds 
dervesh: folds 
numapu_33: raises $7 to $10
beshece11harf: folds 
Silence1925: calls $7
*** FLOP *** [Qd Td 4h]
numapu_33: checks 
Silence1925: bets $9.98
numapu_33: calls $9.98
*** TURN *** [Qd Td 4h] [Jc]
numapu_33: checks 
Silence1925: bets $30.17 and is all-in
numapu_33: folds 
Uncalled bet ($30.17) returned to Silence1925
Silence1925 collected $38.91 from pot
Silence1925: doesn't show hand 
*** SUMMARY ***
Total pot $40.96 | Rake $2.05 
Board [Qd Td 4h Jc]
Seat 1: numapu_33 (small blind) folded on the Turn
Seat 2: beshece11harf (big blind) folded before Flop
Seat 3: kimberizi folded before Flop (didn't bet)
Seat 4: Silence1925 collected ($38.91)
Seat 5: J0SHB0SH folded before Flop (didn't bet)
Seat 6: dervesh (button) folded before Flop (didn't bet)



PokerStars Hand #254614357192:  Hold'em No Limit ($0.50/$1.00 USD) - 2025/01/29 23:07:15 WET [2025/01/29 18:07:15 ET]
Table 'Dolios' 6-max Seat #1 is the button
Seat 1: numapu_33 ($100 in chips) 
Seat 2: beshece11harf ($160.59 in chips) 
Seat 3: kimberizi ($23.69 in chips) 
Seat 4: Silence1925 ($69.08 in chips) 
Seat 5: J0SHB0SH ($102 in chips) 
Seat 6: dervesh ($127.29 in chips) 
beshece11harf: posts small blind $0.50
kimberizi: posts big blind $1
*** HOLE CARDS ***
Silence1925: calls $1
J0SHB0SH: folds 
dervesh: folds 
numapu_33: folds 
beshece11harf: folds 
kimberizi: checks 
*** FLOP *** [Ac Kc Qc]
kimberizi: checks 
Silence1925: checks 
*** TURN *** [Ac Kc Qc] [6d]
kimberizi: checks 
Silence1925: checks 
*** RIVER *** [Ac Kc Qc 6d] [Kh]
kimberizi: checks 
Silence1925: bets $2.38
kimberizi: folds 
Uncalled bet ($2.38) returned to Silence1925
Silence1925 collected $2.38 from pot
Silence1925: doesn't show hand 
*** SUMMARY ***
Total pot $2.50 | Rake $0.12 
Board [Ac Kc Qc 6d Kh]
Seat 1: numapu_33 (button) folded before Flop (didn't bet)
Seat 2: beshece11harf (small blind) folded before Flop
Seat 3: kimberizi (big blind) folded on the River
Seat 4: Silence1925 collected ($2.38)
Seat 5: J0SHB0SH folded before Flop (didn't bet)
Seat 6: dervesh folded before Flop (didn't bet)



