PokerStars Hand #254616830867:  Hold'em No Limit ($0.50/$1.00 USD) - 2025/01/29 2:48:46 WET [2025/01/29 21:48:46 ET]
Table 'Ingeborg' 6-max Seat #1 is the button
Seat 1: joaquin612 ($100 in chips) 
Seat 3: Melenya ($100 in chips) 
Seat 5: BumHuntKing ($100 in chips) 
Melenya: posts small blind $0.50
BumHuntKing: posts big blind $1
*** HOLE CARDS ***
joaquin612: folds 
Melenya: raises $2 to $3
BumHuntKing: calls $2
*** FLOP *** [Ac 6h 5c]
Melenya: bets $1.90
BumHuntKing: calls $1.90
*** TURN *** [Ac 6h 5c] [6s]
EasyGamerrr joins the table at seat #2 
Melenya: checks 
BumHuntKing: checks 
*** RIVER *** [Ac 6h 5c 6s] [9h]
Melenya: checks 
BumHuntKing: checks 
Manifestorr joins the table at seat #4 
*** SHOW DOWN ***
Melenya: shows [8h 9s] (two pair, Nines and Sixes)
BumHuntKing: mucks hand 
Melenya collected $9.31 from pot
Markor12 joins the table at seat #6 
*** SUMMARY ***
Total pot $9.80 | Rake $0.49 
Board [Ac 6h 5c 6s 9h]
Seat 1: joaquin612 (button) folded before Flop (didn't bet)
Seat 3: Melenya (small blind) showed [8h 9s] and won ($9.31) with two pair, Nines and Sixes
Seat 5: BumHuntKing (big blind) mucked



PokerStars Hand #254616836184:  Hold'em No Limit ($0.50/$1.00 USD) - 2025/01/29 2:49:25 WET [2025/01/29 21:49:25 ET]
Table 'Ingeborg' 6-max Seat #3 is the button
Seat 2: EasyGamerrr ($100 in chips) is sitting out
Seat 4: Manifestorr ($100 in chips) is sitting out
Seat 1: joaquin612 ($100 in chips) 
Seat 3: Melenya ($104.41 in chips) 
Seat 5: BumHuntKing ($100 in chips) 
Seat 6: Markor12 ($53 in chips) 
BumHuntKing: posts small blind $0.50
Markor12 is connected 
Markor12: posts big blind $1
EasyGamerrr: sits out 
*** HOLE CARDS ***
joaquin612: folds 
Melenya: raises $1.50 to $2.50
BumHuntKing: folds 
Markor12: calls $1.50
*** FLOP *** [Jh Kc 7h]
Markor12: bets $3
Melenya: calls $3
*** TURN *** [Jh Kc 7h] [4s]
Markor12: bets $6
Melenya: calls $6
*** RIVER *** [Jh Kc 7h 4s] [9d]
Markor12: bets $12
Melenya: raises $39.75 to $51.75
Markor12: calls $29.50 and is all-in
Uncalled bet ($10.25) returned to Melenya
*** SHOW DOWN ***
Melenya: shows [8d Td] (a straight, Seven to Jack)
Markor12: shows [9s Ks] (two pair, Kings and Nines)
Melenya collected $105.50 from pot
*** SUMMARY ***
Total pot $106.50 | Rake $1 
Board [Jh Kc 7h 4s 9d]
Seat 2: EasyGamerrr
Seat 4: Manifestorr
Seat 1: joaquin612 folded before Flop (didn't bet)
Seat 3: Melenya (button) showed [8d Td] and won ($105.50) with a straight, Seven to Jack
Seat 5: BumHuntKing (small blind) folded before Flop
Seat 6: Markor12 (big blind) showed [9s Ks] and lost with two pair, Kings and Nines



PokerStars Hand #254616847243:  Hold'em No Limit ($0.50/$1.00 USD) - 2025/01/29 2:50:46 WET [2025/01/29 21:50:46 ET]
Table 'Ingeborg' 6-max Seat #5 is the button
Seat 4: Manifestorr ($100 in chips) is sitting out
Seat 6: Markor12 ($0 in chips) is sitting out
Seat 1: joaquin612 ($100 in chips) 
Seat 2: EasyGamerrr ($100 in chips) 
Seat 3: Melenya ($156.91 in chips) 
Seat 5: BumHuntKing ($100 in chips) 
joaquin612: posts small blind $0.50
EasyGamerrr: posts big blind $1
Manifestorr: sits out 
*** HOLE CARDS ***
Melenya: raises $1.30 to $2.30
BumHuntKing: folds 
joaquin612: folds 
EasyGamerrr: calls $1.30
*** FLOP *** [8d 8c Qc]
EasyGamerrr: checks 
Melenya: checks 
*** TURN *** [8d 8c Qc] [4s]
EasyGamerrr: bets $6.53
Melenya: calls $6.53
*** RIVER *** [8d 8c Qc 4s] [7s]
EasyGamerrr: checks 
Melenya: checks 
*** SHOW DOWN ***
EasyGamerrr: shows [Jh 9h] (a pair of Eights)
Melenya: shows [Qs Th] (two pair, Queens and Eights)
Melenya collected $17.25 from pot
*** SUMMARY ***
Total pot $18.16 | Rake $0.91 
Board [8d 8c Qc 4s 7s]
Seat 4: Manifestorr
Seat 6: Markor12
Seat 1: joaquin612 (small blind) folded before Flop
Seat 2: EasyGamerrr (big blind) showed [Jh 9h] and lost with a pair of Eights
Seat 3: Melenya showed [Qs Th] and won ($17.25) with two pair, Queens and Eights
Seat 5: BumHuntKing (button) folded before Flop (didn't bet)



PokerStars Hand #254616857279:  Hold'em No Limit ($0.50/$1.00 USD) - 2025/01/29 2:51:59 WET [2025/01/29 21:51:59 ET]
Table 'Ingeborg' 6-max Seat #1 is the button
Seat 4: Manifestorr ($100 in chips) is sitting out
Seat 1: joaquin612 ($100 in chips) 
Seat 2: EasyGamerrr ($100 in chips) 
Seat 3: Melenya ($165.33 in chips) 
Seat 5: BumHuntKing ($100 in chips) 
Seat 6: Markor12 ($60 in chips) 
EasyGamerrr: posts small blind $0.50
Melenya: posts big blind $1
Manifestorr: sits out 
Markor12: posts small blind $0.50
*** HOLE CARDS ***
BumHuntKing: raises $1 to $2
Markor12: folds 
joaquin612: folds 
EasyGamerrr: folds 
Melenya: folds 
Uncalled bet ($1) returned to BumHuntKing
BumHuntKing collected $3 from pot
BumHuntKing: doesn't show hand 
*** SUMMARY ***
Total pot $3 | Rake $0 
Seat 4: Manifestorr
Seat 1: joaquin612 (button) folded before Flop (didn't bet)
Seat 2: EasyGamerrr (small blind) folded before Flop
Seat 3: Melenya (big blind) folded before Flop
Seat 5: BumHuntKing collected ($3)
Seat 6: Markor12 folded before Flop (didn't bet)



PokerStars Hand #254616860160:  Hold'em No Limit ($0.50/$1.00 USD) - 2025/01/29 2:52:21 WET [2025/01/29 21:52:21 ET]
Table 'Ingeborg' 6-max Seat #2 is the button
Seat 1: joaquin612 ($100 in chips) 
Seat 2: EasyGamerrr ($100 in chips) 
Seat 3: Melenya ($164.33 in chips) 
Seat 4: Manifestorr ($100 in chips) 
Seat 5: BumHuntKing ($102 in chips) 
Seat 6: Markor12 ($59.50 in chips) 
Melenya: posts small blind $0.50
Manifestorr: posts big blind $1
*** HOLE CARDS ***
BumHuntKing: raises $1.20 to $2.20
Markor12: folds 
joaquin612: folds 
EasyGamerrr: folds 
Melenya: folds 
Manifestorr: folds 
Uncalled bet ($1.20) returned to BumHuntKing
BumHuntKing collected $2.50 from pot
BumHuntKing: doesn't show hand 
*** SUMMARY ***
Total pot $2.50 | Rake $0 
Seat 1: joaquin612 folded before Flop (didn't bet)
Seat 2: EasyGamerrr (button) folded before Flop (didn't bet)
Seat 3: Melenya (small blind) folded before Flop
Seat 4: Manifestorr (big blind) folded before Flop
Seat 5: BumHuntKing collected ($2.50)
Seat 6: Markor12 folded before Flop (didn't bet)



PokerStars Hand #254616862148:  Hold'em No Limit ($0.50/$1.00 USD) - 2025/01/29 2:52:36 WET [2025/01/29 21:52:36 ET]
Table 'Ingeborg' 6-max Seat #3 is the button
Seat 1: joaquin612 ($100 in chips) 
Seat 2: EasyGamerrr ($100 in chips) 
Seat 3: Melenya ($163.83 in chips) 
Seat 4: Manifestorr ($100 in chips) 
Seat 5: BumHuntKing ($103.50 in chips) 
Seat 6: Markor12 ($59.50 in chips) 
Manifestorr: posts small blind $0.50
BumHuntKing: posts big blind $1
*** HOLE CARDS ***
Markor12: folds 
joaquin612: folds 
EasyGamerrr: folds 
Melenya: raises $1.50 to $2.50
Manifestorr: folds 
BumHuntKing: folds 
Uncalled bet ($1.50) returned to Melenya
Melenya collected $2.50 from pot
Melenya: doesn't show hand 
*** SUMMARY ***
Total pot $2.50 | Rake $0 
Seat 1: joaquin612 folded before Flop (didn't bet)
Seat 2: EasyGamerrr folded before Flop (didn't bet)
Seat 3: Melenya (button) collected ($2.50)
Seat 4: Manifestorr (small blind) folded before Flop
Seat 5: BumHuntKing (big blind) folded before Flop
Seat 6: Markor12 folded before Flop (didn't bet)



PokerStars Hand #254616864730:  Hold'em No Limit ($0.50/$1.00 USD) - 2025/01/29 2:52:55 WET [2025/01/29 21:52:55 ET]
Table 'Ingeborg' 6-max Seat #4 is the button
Seat 1: joaquin612 ($100 in chips) 
Seat 2: EasyGamerrr ($100 in chips) 
Seat 3: Melenya ($165.33 in chips) 
Seat 4: Manifestorr ($100 in chips) 
Seat 5: BumHuntKing ($102.50 in chips) 
Seat 6: Markor12 ($59.50 in chips) 
BumHuntKing: posts small blind $0.50
Markor12: posts big blind $1
*** HOLE CARDS ***
joaquin612: folds 
EasyGamerrr: folds 
Melenya: folds 
Manifestorr: raises $1.20 to $2.20
BumHuntKing: folds 
Markor12: raises $1.20 to $3.40
Manifestorr: calls $1.20
*** FLOP *** [7d 2c 5d]
Markor12: bets $2
Manifestorr: raises $4 to $6
Markor12: calls $4
*** TURN *** [7d 2c 5d] [4d]
Markor12: checks 
Manifestorr: bets $14.25
Markor12: folds 
Uncalled bet ($14.25) returned to Manifestorr
Manifestorr collected $18.34 from pot
*** SUMMARY ***
Total pot $19.30 | Rake $0.96 
Board [7d 2c 5d 4d]
Seat 1: joaquin612 folded before Flop (didn't bet)
Seat 2: EasyGamerrr folded before Flop (didn't bet)
Seat 3: Melenya folded before Flop (didn't bet)
Seat 4: Manifestorr (button) collected ($18.34)
Seat 5: BumHuntKing (small blind) folded before Flop
Seat 6: Markor12 (big blind) folded on the Turn



PokerStars Hand #254616875517:  Hold'em No Limit ($0.50/$1.00 USD) - 2025/01/29 2:54:16 WET [2025/01/29 21:54:16 ET]
Table 'Ingeborg' 6-max Seat #5 is the button
Seat 1: joaquin612 ($100 in chips) 
Seat 2: EasyGamerrr ($100 in chips) 
Seat 3: Melenya ($165.33 in chips) 
Seat 4: Manifestorr ($108.94 in chips) 
Seat 5: BumHuntKing ($102 in chips) 
Seat 6: Markor12 ($50.10 in chips) 
Markor12: posts small blind $0.50
joaquin612: posts big blind $1
*** HOLE CARDS ***
EasyGamerrr: folds 
Melenya: folds 
Manifestorr: folds 
BumHuntKing: raises $1.50 to $2.50
Markor12: calls $2
joaquin612: calls $1.50
*** FLOP *** [9c 2d 7d]
Markor12: bets $3
joaquin612: calls $3
BumHuntKing: folds 
*** TURN *** [9c 2d 7d] [6s]
Markor12: bets $9
joaquin612: folds 
Uncalled bet ($9) returned to Markor12
Markor12 collected $12.82 from pot
Markor12: doesn't show hand 
*** SUMMARY ***
Total pot $13.50 | Rake $0.68 
Board [9c 2d 7d 6s]
Seat 1: joaquin612 (big blind) folded on the Turn
Seat 2: EasyGamerrr folded before Flop (didn't bet)
Seat 3: Melenya folded before Flop (didn't bet)
Seat 4: Manifestorr folded before Flop (didn't bet)
Seat 5: BumHuntKing (button) folded on the Flop
Seat 6: Markor12 (small blind) collected ($12.82)



PokerStars Hand #254616881768:  Hold'em No Limit ($0.50/$1.00 USD) - 2025/01/29 2:55:04 WET [2025/01/29 21:55:04 ET]
Table 'Ingeborg' 6-max Seat #6 is the button
Seat 1: joaquin612 ($100 in chips) 
Seat 2: EasyGamerrr ($100 in chips) 
Seat 3: Melenya ($165.33 in chips) 
Seat 4: Manifestorr ($108.94 in chips) 
Seat 5: BumHuntKing ($100 in chips) 
Seat 6: Markor12 ($57.42 in chips) 
joaquin612: posts small blind $0.50
EasyGamerrr: posts big blind $1
*** HOLE CARDS ***
Melenya: folds 
Manifestorr: raises $1.20 to $2.20
BumHuntKing: folds 
Markor12: calls $2.20
joaquin612: folds 
EasyGamerrr: folds 
*** FLOP *** [8s Qs Ac]
Manifestorr: checks 
Markor12: checks 
*** TURN *** [8s Qs Ac] [Kd]
Manifestorr: checks 
Markor12: bets $3
Manifestorr: calls $3
*** RIVER *** [8s Qs Ac Kd] [Qd]
Manifestorr: checks 
Markor12: checks 
*** SHOW DOWN ***
Manifestorr: shows [Ad 3d] (two pair, Aces and Queens)
Markor12: mucks hand 
Manifestorr collected $11.30 from pot
*** SUMMARY ***
Total pot $11.90 | Rake $0.60 
Board [8s Qs Ac Kd Qd]
Seat 1: joaquin612 (small blind) folded before Flop
Seat 2: EasyGamerrr (big blind) folded before Flop
Seat 3: Melenya folded before Flop (didn't bet)
Seat 4: Manifestorr showed [Ad 3d] and won ($11.30) with two pair, Aces and Queens
Seat 5: BumHuntKing folded before Flop (didn't bet)
Seat 6: Markor12 (button) mucked



PokerStars Hand #254616888179:  Hold'em No Limit ($0.50/$1.00 USD) - 2025/01/29 2:56:06 WET [2025/01/29 21:56:06 ET]
Table 'Ingeborg' 6-max Seat #1 is the button
Seat 1: joaquin612 ($100 in chips) 
Seat 2: EasyGamerrr ($100 in chips) 
Seat 3: Melenya ($165.33 in chips) 
Seat 4: Manifestorr ($115.04 in chips) 
Seat 5: BumHuntKing ($100 in chips) 
Seat 6: Markor12 ($52.22 in chips) 
EasyGamerrr: posts small blind $0.50
Melenya: posts big blind $1
*** HOLE CARDS ***
Manifestorr: folds 
BumHuntKing: raises $1.20 to $2.20
Markor12: folds 
joaquin612: folds 
EasyGamerrr: folds 
Melenya: folds 
Uncalled bet ($1.20) returned to BumHuntKing
BumHuntKing collected $2.50 from pot
BumHuntKing: doesn't show hand 
*** SUMMARY ***
Total pot $2.50 | Rake $0 
Seat 1: joaquin612 (button) folded before Flop (didn't bet)
Seat 2: EasyGamerrr (small blind) folded before Flop
Seat 3: Melenya (big blind) folded before Flop
Seat 4: Manifestorr folded before Flop (didn't bet)
Seat 5: BumHuntKing collected ($2.50)
Seat 6: Markor12 folded before Flop (didn't bet)



PokerStars Hand #254616889769:  Hold'em No Limit ($0.50/$1.00 USD) - 2025/01/29 2:56:22 WET [2025/01/29 21:56:22 ET]
Table 'Ingeborg' 6-max Seat #2 is the button
Seat 1: joaquin612 ($100 in chips) 
Seat 2: EasyGamerrr ($100 in chips) 
Seat 3: Melenya ($164.33 in chips) 
Seat 4: Manifestorr ($115.04 in chips) 
Seat 5: BumHuntKing ($101.50 in chips) 
Seat 6: Markor12 ($52.22 in chips) 
Melenya: posts small blind $0.50
Manifestorr: posts big blind $1
*** HOLE CARDS ***
BumHuntKing: raises $1.20 to $2.20
Markor12: raises $1.80 to $4
joaquin612: folds 
EasyGamerrr: folds 
Melenya: folds 
Manifestorr: folds 
BumHuntKing: calls $1.80
*** FLOP *** [4s 5h Td]
BumHuntKing: checks 
Markor12: bets $2
BumHuntKing: calls $2
*** TURN *** [4s 5h Td] [9s]
BumHuntKing: checks 
Markor12: bets $4
BumHuntKing: calls $4
*** RIVER *** [4s 5h Td 9s] [Ac]
BumHuntKing: checks 
Markor12: bets $11
BumHuntKing: calls $11
*** SHOW DOWN ***
Markor12: shows [Kd Qh] (high card Ace)
BumHuntKing: shows [Ah 2h] (a pair of Aces)
BumHuntKing collected $41.32 from pot
*** SUMMARY ***
Total pot $43.50 | Rake $2.18 
Board [4s 5h Td 9s Ac]
Seat 1: joaquin612 folded before Flop (didn't bet)
Seat 2: EasyGamerrr (button) folded before Flop (didn't bet)
Seat 3: Melenya (small blind) folded before Flop
Seat 4: Manifestorr (big blind) folded before Flop
Seat 5: BumHuntKing showed [Ah 2h] and won ($41.32) with a pair of Aces
Seat 6: Markor12 showed [Kd Qh] and lost with high card Ace



PokerStars Hand #254616895250:  Hold'em No Limit ($0.50/$1.00 USD) - 2025/01/29 2:57:14 WET [2025/01/29 21:57:14 ET]
Table 'Ingeborg' 6-max Seat #3 is the button
Seat 1: joaquin612 ($100 in chips) 
Seat 2: EasyGamerrr ($100 in chips) 
Seat 3: Melenya ($163.83 in chips) 
Seat 4: Manifestorr ($114.04 in chips) 
Seat 5: BumHuntKing ($121.82 in chips) 
Seat 6: Markor12 ($31.22 in chips) 
Manifestorr: posts small blind $0.50
BumHuntKing: posts big blind $1
*** HOLE CARDS ***
Markor12: folds 
joaquin612: folds 
EasyGamerrr: raises $1.50 to $2.50
Melenya: folds 
Manifestorr: folds 
BumHuntKing: folds 
Uncalled bet ($1.50) returned to EasyGamerrr
EasyGamerrr collected $2.50 from pot
EasyGamerrr: doesn't show hand 
*** SUMMARY ***
Total pot $2.50 | Rake $0 
Seat 1: joaquin612 folded before Flop (didn't bet)
Seat 2: EasyGamerrr collected ($2.50)
Seat 3: Melenya (button) folded before Flop (didn't bet)
Seat 4: Manifestorr (small blind) folded before Flop
Seat 5: BumHuntKing (big blind) folded before Flop
Seat 6: Markor12 folded before Flop (didn't bet)



PokerStars Hand #254616896669:  Hold'em No Limit ($0.50/$1.00 USD) - 2025/01/29 2:57:27 WET [2025/01/29 21:57:27 ET]
Table 'Ingeborg' 6-max Seat #4 is the button
Seat 1: joaquin612 ($100 in chips) 
Seat 2: EasyGamerrr ($101.50 in chips) 
Seat 3: Melenya ($163.83 in chips) 
Seat 4: Manifestorr ($113.54 in chips) 
Seat 5: BumHuntKing ($120.82 in chips) 
Seat 6: Markor12 ($31.22 in chips) 
BumHuntKing: posts small blind $0.50
Markor12: posts big blind $1
*** HOLE CARDS ***
joaquin612: folds 
EasyGamerrr: folds 
Melenya: folds 
Manifestorr: folds 
BumHuntKing: raises $1.50 to $2.50
Markor12: calls $1.50
*** FLOP *** [2h 8s 4c]
BumHuntKing: checks 
Markor12: checks 
*** TURN *** [2h 8s 4c] [Td]
BumHuntKing: bets $1.57
Markor12: calls $1.57
*** RIVER *** [2h 8s 4c Td] [3d]
BumHuntKing: bets $5.80
Markor12: folds 
Uncalled bet ($5.80) returned to BumHuntKing
BumHuntKing collected $7.73 from pot
BumHuntKing: doesn't show hand 
*** SUMMARY ***
Total pot $8.14 | Rake $0.41 
Board [2h 8s 4c Td 3d]
Seat 1: joaquin612 folded before Flop (didn't bet)
Seat 2: EasyGamerrr folded before Flop (didn't bet)
Seat 3: Melenya folded before Flop (didn't bet)
Seat 4: Manifestorr (button) folded before Flop (didn't bet)
Seat 5: BumHuntKing (small blind) collected ($7.73)
Seat 6: Markor12 (big blind) folded on the River



PokerStars Hand #254616900725:  Hold'em No Limit ($0.50/$1.00 USD) - 2025/01/29 2:58:06 WET [2025/01/29 21:58:06 ET]
Table 'Ingeborg' 6-max Seat #5 is the button
Seat 1: joaquin612 ($100 in chips) 
Seat 2: EasyGamerrr ($101.50 in chips) 
Seat 3: Melenya ($163.83 in chips) 
Seat 4: Manifestorr ($113.54 in chips) 
Seat 5: BumHuntKing ($124.48 in chips) 
Seat 6: Markor12 ($27.15 in chips) 
Markor12: posts small blind $0.50
joaquin612: posts big blind $1
*** HOLE CARDS ***
EasyGamerrr: folds 
Melenya has timed out
Melenya: folds 
Manifestorr: raises $1.20 to $2.20
BumHuntKing: folds 
Markor12: raises $2.20 to $4.40
joaquin612: folds 
Manifestorr: calls $2.20
*** FLOP *** [9s 3d 2s]
Markor12: bets $3
Manifestorr: folds 
Uncalled bet ($3) returned to Markor12
Markor12 collected $9.31 from pot
Markor12: doesn't show hand 
*** SUMMARY ***
Total pot $9.80 | Rake $0.49 
Board [9s 3d 2s]
Seat 1: joaquin612 (big blind) folded before Flop
Seat 2: EasyGamerrr folded before Flop (didn't bet)
Seat 3: Melenya folded before Flop (didn't bet)
Seat 4: Manifestorr folded on the Flop
Seat 5: BumHuntKing (button) folded before Flop (didn't bet)
Seat 6: Markor12 (small blind) collected ($9.31)



PokerStars Hand #254616905542:  Hold'em No Limit ($0.50/$1.00 USD) - 2025/01/29 2:58:52 WET [2025/01/29 21:58:52 ET]
Table 'Ingeborg' 6-max Seat #6 is the button
Seat 1: joaquin612 ($100 in chips) 
Seat 2: EasyGamerrr ($101.50 in chips) 
Seat 3: Melenya ($163.83 in chips) 
Seat 4: Manifestorr ($109.14 in chips) 
Seat 5: BumHuntKing ($124.48 in chips) 
Seat 6: Markor12 ($32.06 in chips) 
joaquin612: posts small blind $0.50
EasyGamerrr: posts big blind $1
*** HOLE CARDS ***
Melenya: folds 
Manifestorr: folds 
BumHuntKing: raises $1.20 to $2.20
Markor12: calls $2.20
joaquin612: calls $1.70
EasyGamerrr: calls $1.20
*** FLOP *** [9s 8d 8s]
joaquin612: checks 
EasyGamerrr: checks 
BumHuntKing: bets $1.50
Markor12: folds 
joaquin612: folds 
EasyGamerrr: folds 
Uncalled bet ($1.50) returned to BumHuntKing
BumHuntKing collected $8.36 from pot
BumHuntKing: doesn't show hand 
*** SUMMARY ***
Total pot $8.80 | Rake $0.44 
Board [9s 8d 8s]
Seat 1: joaquin612 (small blind) folded on the Flop
Seat 2: EasyGamerrr (big blind) folded on the Flop
Seat 3: Melenya folded before Flop (didn't bet)
Seat 4: Manifestorr folded before Flop (didn't bet)
Seat 5: BumHuntKing collected ($8.36)
Seat 6: Markor12 (button) folded on the Flop



PokerStars Hand #254616911500:  Hold'em No Limit ($0.50/$1.00 USD) - 2025/01/29 2:59:50 WET [2025/01/29 21:59:50 ET]
Table 'Ingeborg' 6-max Seat #1 is the button
Seat 1: joaquin612 ($100 in chips) 
Seat 2: EasyGamerrr ($100 in chips) 
Seat 3: Melenya ($163.83 in chips) 
Seat 4: Manifestorr ($109.14 in chips) 
Seat 5: BumHuntKing ($130.64 in chips) 
Seat 6: Markor12 ($29.86 in chips) 
EasyGamerrr: posts small blind $0.50
Melenya: posts big blind $1
*** HOLE CARDS ***
Manifestorr: folds 
BumHuntKing: folds 
Markor12: calls $1
joaquin612: folds 
EasyGamerrr: folds 
Melenya: checks 
*** FLOP *** [Ks 6c Js]
Melenya: bets $1
Markor12: folds 
Uncalled bet ($1) returned to Melenya
Melenya collected $2.38 from pot
Melenya: doesn't show hand 
*** SUMMARY ***
Total pot $2.50 | Rake $0.12 
Board [Ks 6c Js]
Seat 1: joaquin612 (button) folded before Flop (didn't bet)
Seat 2: EasyGamerrr (small blind) folded before Flop
Seat 3: Melenya (big blind) collected ($2.38)
Seat 4: Manifestorr folded before Flop (didn't bet)
Seat 5: BumHuntKing folded before Flop (didn't bet)
Seat 6: Markor12 folded on the Flop



PokerStars Hand #254616914404:  Hold'em No Limit ($0.50/$1.00 USD) - 2025/01/29 3:00:16 WET [2025/01/29 22:00:16 ET]
Table 'Ingeborg' 6-max Seat #2 is the button
Seat 1: joaquin612 ($100 in chips) 
Seat 2: EasyGamerrr ($100 in chips) 
Seat 3: Melenya ($165.21 in chips) 
Seat 4: Manifestorr ($109.14 in chips) 
Seat 5: BumHuntKing ($130.64 in chips) 
Seat 6: Markor12 ($28.86 in chips) 
Melenya: posts small blind $0.50
Manifestorr: posts big blind $1
*** HOLE CARDS ***
BumHuntKing: folds 
Markor12: calls $1
joaquin612: folds 
EasyGamerrr: folds 
Melenya: folds 
Manifestorr: raises $4 to $5
Markor12: calls $4
*** FLOP *** [4h 2h 8c]
Manifestorr: bets $4.99
Markor12: folds 
Uncalled bet ($4.99) returned to Manifestorr
Manifestorr collected $9.98 from pot
*** SUMMARY ***
Total pot $10.50 | Rake $0.52 
Board [4h 2h 8c]
Seat 1: joaquin612 folded before Flop (didn't bet)
Seat 2: EasyGamerrr (button) folded before Flop (didn't bet)
Seat 3: Melenya (small blind) folded before Flop
Seat 4: Manifestorr (big blind) collected ($9.98)
Seat 5: BumHuntKing folded before Flop (didn't bet)
Seat 6: Markor12 folded on the Flop



PokerStars Hand #254616917281:  Hold'em No Limit ($0.50/$1.00 USD) - 2025/01/29 3:00:40 WET [2025/01/29 22:00:40 ET]
Table 'Ingeborg' 6-max Seat #3 is the button
Seat 1: joaquin612 ($100 in chips) 
Seat 2: EasyGamerrr ($100 in chips) 
Seat 3: Melenya ($164.71 in chips) 
Seat 4: Manifestorr ($114.12 in chips) 
Seat 5: BumHuntKing ($130.64 in chips) 
Seat 6: Markor12 ($23.86 in chips) 
Manifestorr: posts small blind $0.50
BumHuntKing: posts big blind $1
*** HOLE CARDS ***
Markor12: folds 
joaquin612: folds 
EasyGamerrr: folds 
Melenya: folds 
Manifestorr: folds 
Uncalled bet ($0.50) returned to BumHuntKing
BumHuntKing collected $1 from pot
BumHuntKing: doesn't show hand 
*** SUMMARY ***
Total pot $1 | Rake $0 
Seat 1: joaquin612 folded before Flop (didn't bet)
Seat 2: EasyGamerrr folded before Flop (didn't bet)
Seat 3: Melenya (button) folded before Flop (didn't bet)
Seat 4: Manifestorr (small blind) folded before Flop
Seat 5: BumHuntKing (big blind) collected ($1)
Seat 6: Markor12 folded before Flop (didn't bet)



PokerStars Hand #254616919105:  Hold'em No Limit ($0.50/$1.00 USD) - 2025/01/29 3:00:55 WET [2025/01/29 22:00:55 ET]
Table 'Ingeborg' 6-max Seat #4 is the button
Seat 1: joaquin612 ($100 in chips) 
Seat 2: EasyGamerrr ($100 in chips) 
Seat 3: Melenya ($164.71 in chips) 
Seat 4: Manifestorr ($113.62 in chips) 
Seat 5: BumHuntKing ($131.14 in chips) 
Seat 6: Markor12 ($23.86 in chips) 
BumHuntKing: posts small blind $0.50
Markor12: posts big blind $1
*** HOLE CARDS ***
joaquin612: raises $3 to $4
EasyGamerrr: folds 
Melenya: folds 
Manifestorr: folds 
BumHuntKing: folds 
Markor12: folds 
Uncalled bet ($3) returned to joaquin612
joaquin612 collected $2.50 from pot
joaquin612: doesn't show hand 
*** SUMMARY ***
Total pot $2.50 | Rake $0 
Seat 1: joaquin612 collected ($2.50)
Seat 2: EasyGamerrr folded before Flop (didn't bet)
Seat 3: Melenya folded before Flop (didn't bet)
Seat 4: Manifestorr (button) folded before Flop (didn't bet)
Seat 5: BumHuntKing (small blind) folded before Flop
Seat 6: Markor12 (big blind) folded before Flop



PokerStars Hand #254616922256:  Hold'em No Limit ($0.50/$1.00 USD) - 2025/01/29 3:01:18 WET [2025/01/29 22:01:18 ET]
Table 'Ingeborg' 6-max Seat #5 is the button
Seat 1: joaquin612 ($101.50 in chips) 
Seat 2: EasyGamerrr ($100 in chips) 
Seat 3: Melenya ($164.71 in chips) 
Seat 4: Manifestorr ($113.62 in chips) 
Seat 5: BumHuntKing ($130.64 in chips) 
Seat 6: Markor12 ($22.86 in chips) 
Markor12: posts small blind $0.50
joaquin612: posts big blind $1
*** HOLE CARDS ***
EasyGamerrr: folds 
Melenya: folds 
Manifestorr: folds 
BumHuntKing: raises $1.50 to $2.50
Markor12: folds 
joaquin612: folds 
Uncalled bet ($1.50) returned to BumHuntKing
BumHuntKing collected $2.50 from pot
BumHuntKing: doesn't show hand 
*** SUMMARY ***
Total pot $2.50 | Rake $0 
Seat 1: joaquin612 (big blind) folded before Flop
Seat 2: EasyGamerrr folded before Flop (didn't bet)
Seat 3: Melenya folded before Flop (didn't bet)
Seat 4: Manifestorr folded before Flop (didn't bet)
Seat 5: BumHuntKing (button) collected ($2.50)
Seat 6: Markor12 (small blind) folded before Flop



PokerStars Hand #254616924713:  Hold'em No Limit ($0.50/$1.00 USD) - 2025/01/29 3:01:37 WET [2025/01/29 22:01:37 ET]
Table 'Ingeborg' 6-max Seat #6 is the button
Seat 1: joaquin612 ($100.50 in chips) 
Seat 2: EasyGamerrr ($100 in chips) 
Seat 3: Melenya ($164.71 in chips) 
Seat 4: Manifestorr ($113.62 in chips) 
Seat 5: BumHuntKing ($132.14 in chips) 
Seat 6: Markor12 ($22.36 in chips) 
joaquin612: posts small blind $0.50
EasyGamerrr: posts big blind $1
*** HOLE CARDS ***
Melenya: raises $1 to $2
Manifestorr: folds 
BumHuntKing: folds 
Markor12: folds 
joaquin612: folds 
EasyGamerrr: folds 
Uncalled bet ($1) returned to Melenya
Melenya collected $2.50 from pot
Melenya: doesn't show hand 
*** SUMMARY ***
Total pot $2.50 | Rake $0 
Seat 1: joaquin612 (small blind) folded before Flop
Seat 2: EasyGamerrr (big blind) folded before Flop
Seat 3: Melenya collected ($2.50)
Seat 4: Manifestorr folded before Flop (didn't bet)
Seat 5: BumHuntKing folded before Flop (didn't bet)
Seat 6: Markor12 (button) folded before Flop (didn't bet)



PokerStars Hand #254616926719:  Hold'em No Limit ($0.50/$1.00 USD) - 2025/01/29 3:01:53 WET [2025/01/29 22:01:53 ET]
Table 'Ingeborg' 6-max Seat #1 is the button
Seat 1: joaquin612 ($100 in chips) 
Seat 2: EasyGamerrr ($100 in chips) 
Seat 3: Melenya ($166.21 in chips) 
Seat 4: Manifestorr ($113.62 in chips) 
Seat 5: BumHuntKing ($132.14 in chips) 
Seat 6: Markor12 ($22.36 in chips) 
EasyGamerrr: posts small blind $0.50
Melenya: posts big blind $1
*** HOLE CARDS ***
Manifestorr: folds 
BumHuntKing: folds 
Markor12: folds 
joaquin612: folds 
EasyGamerrr: folds 
Uncalled bet ($0.50) returned to Melenya
Melenya collected $1 from pot
Melenya: doesn't show hand 
*** SUMMARY ***
Total pot $1 | Rake $0 
Seat 1: joaquin612 (button) folded before Flop (didn't bet)
Seat 2: EasyGamerrr (small blind) folded before Flop
Seat 3: Melenya (big blind) collected ($1)
Seat 4: Manifestorr folded before Flop (didn't bet)
Seat 5: BumHuntKing folded before Flop (didn't bet)
Seat 6: Markor12 folded before Flop (didn't bet)



PokerStars Hand #254616927956:  Hold'em No Limit ($0.50/$1.00 USD) - 2025/01/29 3:02:02 WET [2025/01/29 22:02:02 ET]
Table 'Ingeborg' 6-max Seat #2 is the button
Seat 1: joaquin612 ($100 in chips) 
Seat 2: EasyGamerrr ($100 in chips) 
Seat 3: Melenya ($166.71 in chips) 
Seat 4: Manifestorr ($113.62 in chips) 
Seat 5: BumHuntKing ($132.14 in chips) 
Seat 6: Markor12 ($22.36 in chips) 
Melenya: posts small blind $0.50
Manifestorr: posts big blind $1
*** HOLE CARDS ***
BumHuntKing: folds 
Markor12: raises $1 to $2
joaquin612: folds 
EasyGamerrr: folds 
Melenya: folds 
Manifestorr: folds 
Uncalled bet ($1) returned to Markor12
Markor12 collected $2.50 from pot
Markor12: doesn't show hand 
*** SUMMARY ***
Total pot $2.50 | Rake $0 
Seat 1: joaquin612 folded before Flop (didn't bet)
Seat 2: EasyGamerrr (button) folded before Flop (didn't bet)
Seat 3: Melenya (small blind) folded before Flop
Seat 4: Manifestorr (big blind) folded before Flop
Seat 5: BumHuntKing folded before Flop (didn't bet)
Seat 6: Markor12 collected ($2.50)



PokerStars Hand #254616930164:  Hold'em No Limit ($0.50/$1.00 USD) - 2025/01/29 3:02:19 WET [2025/01/29 22:02:19 ET]
Table 'Ingeborg' 6-max Seat #3 is the button
Seat 1: joaquin612 ($100 in chips) 
Seat 2: EasyGamerrr ($100 in chips) 
Seat 3: Melenya ($166.21 in chips) 
Seat 4: Manifestorr ($112.62 in chips) 
Seat 5: BumHuntKing ($132.14 in chips) 
Seat 6: Markor12 ($23.86 in chips) 
Manifestorr: posts small blind $0.50
BumHuntKing: posts big blind $1
*** HOLE CARDS ***
Markor12: raises $1 to $2
joaquin612: folds 
EasyGamerrr: folds 
Melenya: folds 
Manifestorr: raises $10 to $12
BumHuntKing: folds 
Markor12: raises $11.86 to $23.86 and is all-in
Manifestorr: calls $11.86
*** FLOP *** [6d 9d 3h]
*** TURN *** [6d 9d 3h] [3d]
*** RIVER *** [6d 9d 3h 3d] [8d]
*** SHOW DOWN ***
Manifestorr: shows [2d Ad] (a flush, Ace high)
Markor12: shows [Qh Td] (a flush, Ten high)
Manifestorr collected $46.28 from pot
*** SUMMARY ***
Total pot $48.72 | Rake $2.44 
Board [6d 9d 3h 3d 8d]
Seat 1: joaquin612 folded before Flop (didn't bet)
Seat 2: EasyGamerrr folded before Flop (didn't bet)
Seat 3: Melenya (button) folded before Flop (didn't bet)
Seat 4: Manifestorr (small blind) showed [2d Ad] and won ($46.28) with a flush, Ace high
Seat 5: BumHuntKing (big blind) folded before Flop
Seat 6: Markor12 showed [Qh Td] and lost with a flush, Ten high



PokerStars Hand #254616935808:  Hold'em No Limit ($0.50/$1.00 USD) - 2025/01/29 3:03:02 WET [2025/01/29 22:03:02 ET]
Table 'Ingeborg' 6-max Seat #4 is the button
Seat 6: Markor12 ($0 in chips) is sitting out
Seat 1: joaquin612 ($100 in chips) 
Seat 2: EasyGamerrr ($100 in chips) 
Seat 3: Melenya ($166.21 in chips) 
Seat 4: Manifestorr ($135.04 in chips) 
Seat 5: BumHuntKing ($131.14 in chips) 
BumHuntKing: posts small blind $0.50
joaquin612: posts big blind $1
*** HOLE CARDS ***
Markor12 leaves the table
EasyGamerrr: folds 
Melenya: folds 
Manifestorr: raises $1.20 to $2.20
BumHuntKing: folds 
joaquin612: raises $8.80 to $11
Manifestorr: calls $8.80
*** FLOP *** [6h Qh Qc]
joaquin612: bets $7.06
Manifestorr: calls $7.06
*** TURN *** [6h Qh Qc] [9h]
joaquin612: checks 
Manifestorr: checks 
*** RIVER *** [6h Qh Qc 9h] [5s]
joaquin612: checks 
Manifestorr: checks 
*** SHOW DOWN ***
joaquin612: shows [8d 8h] (two pair, Queens and Eights)
Manifestorr: mucks hand 
joaquin612 collected $34.79 from pot
*** SUMMARY ***
Total pot $36.62 | Rake $1.83 
Board [6h Qh Qc 9h 5s]
Seat 6: Markor12
Seat 1: joaquin612 (big blind) showed [8d 8h] and won ($34.79) with two pair, Queens and Eights
Seat 2: EasyGamerrr folded before Flop (didn't bet)
Seat 3: Melenya folded before Flop (didn't bet)
Seat 4: Manifestorr (button) mucked
Seat 5: BumHuntKing (small blind) folded before Flop



