PokerStars Hand #254614804180:  Hold'em No Limit ($0.50/$1.00 USD) - 2025/01/29 23:36:51 WET [2025/01/29 18:36:51 ET]
Table 'Jupiter' 6-max Seat #1 is the button
Seat 1: XneferX ($100 in chips) 
Seat 4: sutata ($100 in chips) 
XneferX: posts small blind $0.50
sutata: posts big blind $1
*** HOLE CARDS ***
XneferX: raises $2 to $3
sutata: folds 
Uncalled bet ($2) returned to XneferX
XneferX collected $2 from pot
XneferX: doesn't show hand 
*** SUMMARY ***
Total pot $2 | Rake $0 
Seat 1: XneferX (button) (small blind) collected ($2)
Seat 4: sutata (big blind) folded before Flop



PokerStars Hand #254614806483:  Hold'em No Limit ($0.50/$1.00 USD) - 2025/01/29 23:37:01 WET [2025/01/29 18:37:01 ET]
Table 'Jupiter' 6-max Seat #4 is the button
Seat 1: XneferX ($101 in chips) 
Seat 4: sutata ($100 in chips) 
sutata: posts small blind $0.50
XneferX: posts big blind $1
*** HOLE CARDS ***
sutata: raises $2 to $3
XneferX: folds 
Uncalled bet ($2) returned to sutata
sutata collected $2 from pot
sutata: doesn't show hand 
*** SUMMARY ***
Total pot $2 | Rake $0 
Seat 1: XneferX (big blind) folded before Flop
Seat 4: sutata (button) (small blind) collected ($2)



