PokerStars Hand #254602537260:  Hold'em No Limit ($0.50/$1.00 USD) - 2025/01/29 4:14:11 WET [2025/01/28 23:14:11 ET]
Table 'Aquarius' 6-max Seat #4 is the button
Seat 1: HunterMacLeod26 ($42.64 in chips) 
Seat 2: Calabazaking ($109.97 in chips) 
Seat 3: nicofellow ($109.28 in chips) 
Seat 4: AlexEliseev7 ($102.94 in chips) 
Seat 5: ars9 ($47.92 in chips) 
Seat 6: 50CandyJoe ($218.84 in chips) 
ars9: posts small blind $0.50
50CandyJoe: posts big blind $1
*** HOLE CARDS ***
HunterMacLeod26: calls $1
Calabazaking: folds 
nicofellow: folds 
AlexEliseev7: folds 
ars9: calls $0.50
50CandyJoe: checks 
*** FLOP *** [Kd 7s 9h]
ars9: checks 
50CandyJoe: checks 
HunterMacLeod26: bets $3
ars9: folds 
50CandyJoe: folds 
Uncalled bet ($3) returned to HunterMacLeod26
HunterMacLeod26 collected $2.85 from pot
*** SUMMARY ***
Total pot $3 | Rake $0.15 
Board [Kd 7s 9h]
Seat 1: HunterMacLeod26 collected ($2.85)
Seat 2: Calabazaking folded before Flop (didn't bet)
Seat 3: nicofellow folded before Flop (didn't bet)
Seat 4: AlexEliseev7 (button) folded before Flop (didn't bet)
Seat 5: ars9 (small blind) folded on the Flop
Seat 6: 50CandyJoe (big blind) folded on the Flop



PokerStars Hand #254602541124:  Hold'em No Limit ($0.50/$1.00 USD) - 2025/01/29 4:14:49 WET [2025/01/28 23:14:49 ET]
Table 'Aquarius' 6-max Seat #5 is the button
Seat 1: HunterMacLeod26 ($44.49 in chips) 
Seat 2: Calabazaking ($109.97 in chips) 
Seat 3: nicofellow ($109.28 in chips) 
Seat 4: AlexEliseev7 ($102.94 in chips) 
Seat 5: ars9 ($46.92 in chips) 
Seat 6: 50CandyJoe ($217.84 in chips) 
50CandyJoe: posts small blind $0.50
HunterMacLeod26: posts big blind $1
*** HOLE CARDS ***
Calabazaking: folds 
nicofellow: folds 
AlexEliseev7: folds 
ars9: folds 
50CandyJoe: raises $2 to $3
HunterMacLeod26: calls $2
*** FLOP *** [Kh 2d 6d]
50CandyJoe: bets $1.88
HunterMacLeod26: raises $3.88 to $5.76
50CandyJoe: folds 
Uncalled bet ($3.88) returned to HunterMacLeod26
HunterMacLeod26 collected $9.27 from pot
*** SUMMARY ***
Total pot $9.76 | Rake $0.49 
Board [Kh 2d 6d]
Seat 1: HunterMacLeod26 (big blind) collected ($9.27)
Seat 2: Calabazaking folded before Flop (didn't bet)
Seat 3: nicofellow folded before Flop (didn't bet)
Seat 4: AlexEliseev7 folded before Flop (didn't bet)
Seat 5: ars9 (button) folded before Flop (didn't bet)
Seat 6: 50CandyJoe (small blind) folded on the Flop



PokerStars Hand #254602545181:  Hold'em No Limit ($0.50/$1.00 USD) - 2025/01/29 4:15:29 WET [2025/01/28 23:15:29 ET]
Table 'Aquarius' 6-max Seat #6 is the button
Seat 1: HunterMacLeod26 ($48.88 in chips) 
Seat 2: Calabazaking ($109.97 in chips) 
Seat 3: nicofellow ($109.28 in chips) 
Seat 4: AlexEliseev7 ($102.94 in chips) 
Seat 5: ars9 ($46.92 in chips) 
Seat 6: 50CandyJoe ($212.96 in chips) 
HunterMacLeod26: posts small blind $0.50
Calabazaking: posts big blind $1
*** HOLE CARDS ***
nicofellow: raises $1 to $2
AlexEliseev7: folds 
ars9: folds 
50CandyJoe: folds 
HunterMacLeod26: calls $1.50
Calabazaking: calls $1
*** FLOP *** [6h 8d 9s]
HunterMacLeod26: checks 
Calabazaking: checks 
nicofellow: checks 
*** TURN *** [6h 8d 9s] [5c]
HunterMacLeod26: bets $6
Calabazaking: folds 
nicofellow: calls $6
*** RIVER *** [6h 8d 9s 5c] [Ah]
HunterMacLeod26: bets $40.88 and is all-in
nicofellow: calls $40.88
*** SHOW DOWN ***
HunterMacLeod26: shows [3s 5s] (a pair of Fives)
nicofellow: shows [6s 7s] (a straight, Five to Nine)
nicofellow collected $97.26 from pot
*** SUMMARY ***
Total pot $99.76 | Rake $2.50 
Board [6h 8d 9s 5c Ah]
Seat 1: HunterMacLeod26 (small blind) showed [3s 5s] and lost with a pair of Fives
Seat 2: Calabazaking (big blind) folded on the Turn
Seat 3: nicofellow showed [6s 7s] and won ($97.26) with a straight, Five to Nine
Seat 4: AlexEliseev7 folded before Flop (didn't bet)
Seat 5: ars9 folded before Flop (didn't bet)
Seat 6: 50CandyJoe (button) folded before Flop (didn't bet)



PokerStars Hand #254602553259:  Hold'em No Limit ($0.50/$1.00 USD) - 2025/01/29 4:16:48 WET [2025/01/28 23:16:48 ET]
Table 'Aquarius' 6-max Seat #2 is the button
Seat 1: HunterMacLeod26 ($0 in chips) is sitting out
Seat 5: ars9 ($46.92 in chips) is sitting out
Seat 2: Calabazaking ($107.97 in chips) 
Seat 3: nicofellow ($157.66 in chips) 
Seat 4: AlexEliseev7 ($102.94 in chips) 
Seat 6: 50CandyJoe ($212.96 in chips) 
nicofellow: posts small blind $0.50
AlexEliseev7: posts big blind $1
*** HOLE CARDS ***
50CandyJoe: folds 
Calabazaking: folds 
nicofellow: folds 
Uncalled bet ($0.50) returned to AlexEliseev7
AlexEliseev7 collected $1 from pot
AlexEliseev7: doesn't show hand 
*** SUMMARY ***
Total pot $1 | Rake $0 
Seat 1: HunterMacLeod26
Seat 5: ars9
Seat 2: Calabazaking (button) folded before Flop (didn't bet)
Seat 3: nicofellow (small blind) folded before Flop
Seat 4: AlexEliseev7 (big blind) collected ($1)
Seat 6: 50CandyJoe folded before Flop (didn't bet)



PokerStars Hand #254602554303:  Hold'em No Limit ($0.50/$1.00 USD) - 2025/01/29 4:16:59 WET [2025/01/28 23:16:59 ET]
Table 'Aquarius' 6-max Seat #3 is the button
Seat 1: HunterMacLeod26 ($0 in chips) is sitting out
Seat 5: ars9 ($46.92 in chips) is sitting out
Seat 2: Calabazaking ($107.97 in chips) 
Seat 3: nicofellow ($157.16 in chips) 
Seat 4: AlexEliseev7 ($103.44 in chips) 
Seat 6: 50CandyJoe ($212.96 in chips) 
HunterMacLeod26 is disconnected 
AlexEliseev7: posts small blind $0.50
50CandyJoe: posts big blind $1
*** HOLE CARDS ***
Calabazaking: folds 
nicofellow: raises $1.50 to $2.50
AlexEliseev7: raises $9.50 to $12
50CandyJoe: folds 
nicofellow: raises $13 to $25
ars9 is disconnected 
AlexEliseev7: folds 
Uncalled bet ($13) returned to nicofellow
nicofellow collected $25 from pot
nicofellow: doesn't show hand 
*** SUMMARY ***
Total pot $25 | Rake $0 
Seat 1: HunterMacLeod26
Seat 5: ars9
Seat 2: Calabazaking folded before Flop (didn't bet)
Seat 3: nicofellow (button) collected ($25)
Seat 4: AlexEliseev7 (small blind) folded before Flop
Seat 6: 50CandyJoe (big blind) folded before Flop



PokerStars Hand #254602558130:  Hold'em No Limit ($0.50/$1.00 USD) - 2025/01/29 4:17:37 WET [2025/01/28 23:17:37 ET]
Table 'Aquarius' 6-max Seat #4 is the button
Seat 1: HunterMacLeod26 ($0 in chips) is sitting out
Seat 5: ars9 ($46.92 in chips) is sitting out
Seat 2: Calabazaking ($107.97 in chips) 
Seat 3: nicofellow ($170.16 in chips) 
Seat 4: AlexEliseev7 ($100 in chips) 
Seat 6: 50CandyJoe ($211.96 in chips) 
50CandyJoe: posts small blind $0.50
Calabazaking: posts big blind $1
*** HOLE CARDS ***
nicofellow: raises $1.20 to $2.20
AlexEliseev7: folds 
50CandyJoe: folds 
Calabazaking: folds 
Uncalled bet ($1.20) returned to nicofellow
nicofellow collected $2.50 from pot
nicofellow: doesn't show hand 
*** SUMMARY ***
Total pot $2.50 | Rake $0 
Seat 1: HunterMacLeod26
Seat 5: ars9
Seat 2: Calabazaking (big blind) folded before Flop
Seat 3: nicofellow collected ($2.50)
Seat 4: AlexEliseev7 (button) folded before Flop (didn't bet)
Seat 6: 50CandyJoe (small blind) folded before Flop



PokerStars Hand #254602559510:  Hold'em No Limit ($0.50/$1.00 USD) - 2025/01/29 4:17:51 WET [2025/01/28 23:17:51 ET]
Table 'Aquarius' 6-max Seat #6 is the button
Seat 1: HunterMacLeod26 ($0 in chips) is sitting out
Seat 5: ars9 ($46.92 in chips) is sitting out
Seat 2: Calabazaking ($106.97 in chips) 
Seat 3: nicofellow ($171.66 in chips) 
Seat 4: AlexEliseev7 ($100 in chips) 
Seat 6: 50CandyJoe ($211.46 in chips) 
Calabazaking: posts small blind $0.50
nicofellow: posts big blind $1
*** HOLE CARDS ***
AlexEliseev7: raises $1.50 to $2.50
50CandyJoe: folds 
Calabazaking: calls $2
nicofellow: folds 
*** FLOP *** [5d 3s 8d]
Calabazaking: checks 
AlexEliseev7: checks 
*** TURN *** [5d 3s 8d] [Ad]
Calabazaking: checks 
AlexEliseev7: checks 
*** RIVER *** [5d 3s 8d Ad] [5c]
Calabazaking: checks 
AlexEliseev7: bets $4.45
Calabazaking: folds 
Uncalled bet ($4.45) returned to AlexEliseev7
AlexEliseev7 collected $5.70 from pot
AlexEliseev7: doesn't show hand 
*** SUMMARY ***
Total pot $6 | Rake $0.30 
Board [5d 3s 8d Ad 5c]
Seat 1: HunterMacLeod26
Seat 5: ars9
Seat 2: Calabazaking (small blind) folded on the River
Seat 3: nicofellow (big blind) folded before Flop
Seat 4: AlexEliseev7 collected ($5.70)
Seat 6: 50CandyJoe (button) folded before Flop (didn't bet)



PokerStars Hand #254602566016:  Hold'em No Limit ($0.50/$1.00 USD) - 2025/01/29 4:18:55 WET [2025/01/28 23:18:55 ET]
Table 'Aquarius' 6-max Seat #2 is the button
Seat 1: HunterMacLeod26 ($0 in chips) is sitting out
Seat 4: AlexEliseev7 ($103.20 in chips) is sitting out
Seat 5: ars9 ($46.92 in chips) is sitting out
Seat 2: Calabazaking ($104.47 in chips) 
Seat 3: nicofellow ($170.66 in chips) 
Seat 6: 50CandyJoe ($211.46 in chips) 
nicofellow: posts small blind $0.50
AlexEliseev7: is sitting out 
50CandyJoe: posts big blind $1
*** HOLE CARDS ***
Calabazaking: folds 
AlexEliseev7 leaves the table
CashfishT joins the table at seat #4 
nicofellow: raises $2 to $3
50CandyJoe: calls $2
*** FLOP *** [Qs Ad Qh]
nicofellow: checks 
50CandyJoe: checks 
*** TURN *** [Qs Ad Qh] [3h]
nicofellow: checks 
50CandyJoe: checks 
*** RIVER *** [Qs Ad Qh 3h] [7h]
nicofellow: checks 
50CandyJoe: checks 
*** SHOW DOWN ***
nicofellow: shows [8c Js] (a pair of Queens)
50CandyJoe: shows [7s 5s] (two pair, Queens and Sevens)
50CandyJoe collected $5.70 from pot
*** SUMMARY ***
Total pot $6 | Rake $0.30 
Board [Qs Ad Qh 3h 7h]
Seat 1: HunterMacLeod26
Seat 4: AlexEliseev7
Seat 5: ars9
Seat 2: Calabazaking (button) folded before Flop (didn't bet)
Seat 3: nicofellow (small blind) showed [8c Js] and lost with a pair of Queens
Seat 6: 50CandyJoe (big blind) showed [7s 5s] and won ($5.70) with two pair, Queens and Sevens



PokerStars Hand #254602571735:  Hold'em No Limit ($0.50/$1.00 USD) - 2025/01/29 4:19:52 WET [2025/01/28 23:19:52 ET]
Table 'Aquarius' 6-max Seat #3 is the button
Seat 1: HunterMacLeod26 ($0 in chips) is sitting out
Seat 4: CashfishT ($100 in chips) is sitting out
Seat 5: ars9 ($46.92 in chips) is sitting out
Seat 2: Calabazaking ($104.47 in chips) 
Seat 3: nicofellow ($167.66 in chips) 
Seat 6: 50CandyJoe ($214.16 in chips) 
50CandyJoe: posts small blind $0.50
Calabazaking: posts big blind $1
*** HOLE CARDS ***
nicofellow: folds 
50CandyJoe: folds 
Uncalled bet ($0.50) returned to Calabazaking
Calabazaking collected $1 from pot
*** SUMMARY ***
Total pot $1 | Rake $0 
Seat 1: HunterMacLeod26
Seat 4: CashfishT
Seat 5: ars9
Seat 2: Calabazaking (big blind) collected ($1)
Seat 3: nicofellow (button) folded before Flop (didn't bet)
Seat 6: 50CandyJoe (small blind) folded before Flop



PokerStars Hand #254602573208:  Hold'em No Limit ($0.50/$1.00 USD) - 2025/01/29 4:20:06 WET [2025/01/28 23:20:06 ET]
Table 'Aquarius' 6-max Seat #6 is the button
Seat 1: HunterMacLeod26 ($0 in chips) is sitting out
Seat 4: CashfishT ($100 in chips) is sitting out
Seat 5: ars9 ($46.92 in chips) is sitting out
Seat 2: Calabazaking ($104.97 in chips) 
Seat 3: nicofellow ($167.66 in chips) 
Seat 6: 50CandyJoe ($213.66 in chips) 
Calabazaking: posts small blind $0.50
nicofellow: posts big blind $1
CashfishT: sits out 
*** HOLE CARDS ***
50CandyJoe: folds 
Calabazaking: folds 
Uncalled bet ($0.50) returned to nicofellow
nicofellow collected $1 from pot
nicofellow: doesn't show hand 
*** SUMMARY ***
Total pot $1 | Rake $0 
Seat 1: HunterMacLeod26
Seat 4: CashfishT
Seat 5: ars9
Seat 2: Calabazaking (small blind) folded before Flop
Seat 3: nicofellow (big blind) collected ($1)
Seat 6: 50CandyJoe (button) folded before Flop (didn't bet)



PokerStars Hand #254602574434:  Hold'em No Limit ($0.50/$1.00 USD) - 2025/01/29 4:20:18 WET [2025/01/28 23:20:18 ET]
Table 'Aquarius' 6-max Seat #2 is the button
Seat 1: HunterMacLeod26 ($0 in chips) is sitting out
Seat 5: ars9 ($46.92 in chips) is sitting out
Seat 2: Calabazaking ($104.47 in chips) 
Seat 3: nicofellow ($168.16 in chips) 
Seat 4: CashfishT ($100 in chips) 
Seat 6: 50CandyJoe ($213.66 in chips) 
nicofellow: posts small blind $0.50
CashfishT: posts big blind $1
*** HOLE CARDS ***
50CandyJoe: raises $1.20 to $2.20
Calabazaking: raises $4.70 to $6.90
nicofellow: folds 
CashfishT: folds 
50CandyJoe: calls $4.70
*** FLOP *** [3s 4c 9d]
50CandyJoe: checks 
Calabazaking: bets $4.80
50CandyJoe: folds 
Uncalled bet ($4.80) returned to Calabazaking
Calabazaking collected $14.54 from pot
*** SUMMARY ***
Total pot $15.30 | Rake $0.76 
Board [3s 4c 9d]
Seat 1: HunterMacLeod26
Seat 5: ars9
Seat 2: Calabazaking (button) collected ($14.54)
Seat 3: nicofellow (small blind) folded before Flop
Seat 4: CashfishT (big blind) folded before Flop
Seat 6: 50CandyJoe folded on the Flop



PokerStars Hand #254602578473:  Hold'em No Limit ($0.50/$1.00 USD) - 2025/01/29 4:20:56 WET [2025/01/28 23:20:56 ET]
Table 'Aquarius' 6-max Seat #3 is the button
Seat 1: HunterMacLeod26 ($0 in chips) is sitting out
Seat 5: ars9 ($46.92 in chips) is sitting out
Seat 2: Calabazaking ($112.11 in chips) 
Seat 3: nicofellow ($167.66 in chips) 
Seat 4: CashfishT ($100 in chips) 
Seat 6: 50CandyJoe ($206.76 in chips) 
CashfishT: posts small blind $0.50
50CandyJoe: posts big blind $1
*** HOLE CARDS ***
Calabazaking: raises $1.50 to $2.50
nicofellow: folds 
CashfishT: folds 
50CandyJoe: folds 
Uncalled bet ($1.50) returned to Calabazaking
Calabazaking collected $2.50 from pot
*** SUMMARY ***
Total pot $2.50 | Rake $0 
Seat 1: HunterMacLeod26
Seat 5: ars9
Seat 2: Calabazaking collected ($2.50)
Seat 3: nicofellow (button) folded before Flop (didn't bet)
Seat 4: CashfishT (small blind) folded before Flop
Seat 6: 50CandyJoe (big blind) folded before Flop



PokerStars Hand #254602580036:  Hold'em No Limit ($0.50/$1.00 USD) - 2025/01/29 4:21:12 WET [2025/01/28 23:21:12 ET]
Table 'Aquarius' 6-max Seat #4 is the button
Seat 1: HunterMacLeod26 ($0 in chips) is sitting out
Seat 5: ars9 ($46.92 in chips) is sitting out
Seat 2: Calabazaking ($113.61 in chips) 
Seat 3: nicofellow ($167.66 in chips) 
Seat 4: CashfishT ($100 in chips) 
Seat 6: 50CandyJoe ($205.76 in chips) 
50CandyJoe: posts small blind $0.50
Calabazaking: posts big blind $1
*** HOLE CARDS ***
nicofellow: folds 
CashfishT: folds 
50CandyJoe: folds 
Uncalled bet ($0.50) returned to Calabazaking
Calabazaking collected $1 from pot
*** SUMMARY ***
Total pot $1 | Rake $0 
Seat 1: HunterMacLeod26
Seat 5: ars9
Seat 2: Calabazaking (big blind) collected ($1)
Seat 3: nicofellow folded before Flop (didn't bet)
Seat 4: CashfishT (button) folded before Flop (didn't bet)
Seat 6: 50CandyJoe (small blind) folded before Flop



PokerStars Hand #254602582207:  Hold'em No Limit ($0.50/$1.00 USD) - 2025/01/29 4:21:32 WET [2025/01/28 23:21:32 ET]
Table 'Aquarius' 6-max Seat #6 is the button
Seat 1: HunterMacLeod26 ($0 in chips) is sitting out
Seat 5: ars9 ($46.92 in chips) is sitting out
Seat 2: Calabazaking ($114.11 in chips) 
Seat 3: nicofellow ($167.66 in chips) 
Seat 4: CashfishT ($100 in chips) 
Seat 6: 50CandyJoe ($205.26 in chips) 
Calabazaking: posts small blind $0.50
nicofellow: posts big blind $1
*** HOLE CARDS ***
CashfishT: raises $1.20 to $2.20
50CandyJoe: folds 
Calabazaking: folds 
nicofellow: calls $1.20
*** FLOP *** [Td Qc 9s]
nicofellow: checks 
CashfishT: bets $1.54
nicofellow: calls $1.54
*** TURN *** [Td Qc 9s] [7h]
nicofellow: checks 
CashfishT: checks 
*** RIVER *** [Td Qc 9s 7h] [Ks]
nicofellow: checks 
CashfishT: checks 
*** SHOW DOWN ***
nicofellow: shows [8s Ts] (a pair of Tens)
CashfishT: shows [Kd 9d] (two pair, Kings and Nines)
CashfishT collected $7.58 from pot
*** SUMMARY ***
Total pot $7.98 | Rake $0.40 
Board [Td Qc 9s 7h Ks]
Seat 1: HunterMacLeod26
Seat 5: ars9
Seat 2: Calabazaking (small blind) folded before Flop
Seat 3: nicofellow (big blind) showed [8s Ts] and lost with a pair of Tens
Seat 4: CashfishT showed [Kd 9d] and won ($7.58) with two pair, Kings and Nines
Seat 6: 50CandyJoe (button) folded before Flop (didn't bet)



PokerStars Hand #254602586994:  Hold'em No Limit ($0.50/$1.00 USD) - 2025/01/29 4:22:19 WET [2025/01/28 23:22:19 ET]
Table 'Aquarius' 6-max Seat #2 is the button
Seat 1: HunterMacLeod26 ($0 in chips) is sitting out
Seat 5: ars9 ($46.92 in chips) is sitting out
Seat 2: Calabazaking ($113.61 in chips) 
Seat 3: nicofellow ($163.92 in chips) 
Seat 4: CashfishT ($103.84 in chips) 
Seat 6: 50CandyJoe ($205.26 in chips) 
nicofellow: posts small blind $0.50
CashfishT: posts big blind $1
*** HOLE CARDS ***
50CandyJoe: folds 
Calabazaking: raises $1.50 to $2.50
nicofellow: folds 
CashfishT: folds 
Uncalled bet ($1.50) returned to Calabazaking
Calabazaking collected $2.50 from pot
*** SUMMARY ***
Total pot $2.50 | Rake $0 
Seat 1: HunterMacLeod26
Seat 5: ars9
Seat 2: Calabazaking (button) collected ($2.50)
Seat 3: nicofellow (small blind) folded before Flop
Seat 4: CashfishT (big blind) folded before Flop
Seat 6: 50CandyJoe folded before Flop (didn't bet)



PokerStars Hand #254602588338:  Hold'em No Limit ($0.50/$1.00 USD) - 2025/01/29 4:22:31 WET [2025/01/28 23:22:31 ET]
Table 'Aquarius' 6-max Seat #3 is the button
Seat 1: HunterMacLeod26 ($0 in chips) is sitting out
Seat 5: ars9 ($46.92 in chips) is sitting out
Seat 2: Calabazaking ($115.11 in chips) 
Seat 3: nicofellow ($163.42 in chips) 
Seat 4: CashfishT ($102.84 in chips) 
Seat 6: 50CandyJoe ($205.26 in chips) 
CashfishT: posts small blind $0.50
50CandyJoe: posts big blind $1
*** HOLE CARDS ***
Calabazaking: folds 
nicofellow: raises $1.50 to $2.50
CashfishT: folds 
50CandyJoe: folds 
Uncalled bet ($1.50) returned to nicofellow
nicofellow collected $2.50 from pot
ars9 leaves the table
nicofellow: doesn't show hand 
*** SUMMARY ***
Total pot $2.50 | Rake $0 
Seat 1: HunterMacLeod26
Seat 5: ars9
Seat 2: Calabazaking folded before Flop (didn't bet)
Seat 3: nicofellow (button) collected ($2.50)
Seat 4: CashfishT (small blind) folded before Flop
Seat 6: 50CandyJoe (big blind) folded before Flop



PokerStars Hand #254602590633:  Hold'em No Limit ($0.50/$1.00 USD) - 2025/01/29 4:22:53 WET [2025/01/28 23:22:53 ET]
Table 'Aquarius' 6-max Seat #4 is the button
Seat 1: HunterMacLeod26 ($0 in chips) is sitting out
Seat 2: Calabazaking ($115.11 in chips) 
Seat 3: nicofellow ($164.92 in chips) 
Seat 4: CashfishT ($102.34 in chips) 
Seat 6: 50CandyJoe ($204.26 in chips) 
50CandyJoe: posts small blind $0.50
Calabazaking: posts big blind $1
*** HOLE CARDS ***
nicofellow: folds 
CashfishT: raises $1.20 to $2.20
50CandyJoe: folds 
Calabazaking: folds 
Uncalled bet ($1.20) returned to CashfishT
CashfishT collected $2.50 from pot
HunterMacLeod26 leaves the table
CashfishT: doesn't show hand 
*** SUMMARY ***
Total pot $2.50 | Rake $0 
Seat 1: HunterMacLeod26
Seat 2: Calabazaking (big blind) folded before Flop
Seat 3: nicofellow folded before Flop (didn't bet)
Seat 4: CashfishT (button) collected ($2.50)
Seat 6: 50CandyJoe (small blind) folded before Flop



PokerStars Hand #254602592286:  Hold'em No Limit ($0.50/$1.00 USD) - 2025/01/29 4:23:09 WET [2025/01/28 23:23:09 ET]
Table 'Aquarius' 6-max Seat #6 is the button
Seat 2: Calabazaking ($114.11 in chips) 
Seat 3: nicofellow ($164.92 in chips) 
Seat 4: CashfishT ($103.84 in chips) 
Seat 6: 50CandyJoe ($203.76 in chips) 
Calabazaking: posts small blind $0.50
nicofellow: posts big blind $1
*** HOLE CARDS ***
CashfishT: folds 
50CandyJoe: folds 
Calabazaking: raises $2 to $3
nicofellow: calls $2
*** FLOP *** [Jd 6h 3s]
Calabazaking: bets $1.38
nicofellow: folds 
Uncalled bet ($1.38) returned to Calabazaking
Calabazaking collected $5.70 from pot
*** SUMMARY ***
Total pot $6 | Rake $0.30 
Board [Jd 6h 3s]
Seat 2: Calabazaking (small blind) collected ($5.70)
Seat 3: nicofellow (big blind) folded on the Flop
Seat 4: CashfishT folded before Flop (didn't bet)
Seat 6: 50CandyJoe (button) folded before Flop (didn't bet)



PokerStars Hand #254602595066:  Hold'em No Limit ($0.50/$1.00 USD) - 2025/01/29 4:23:36 WET [2025/01/28 23:23:36 ET]
Table 'Aquarius' 6-max Seat #2 is the button
Seat 4: CashfishT ($103.84 in chips) is sitting out
Seat 2: Calabazaking ($116.81 in chips) 
Seat 3: nicofellow ($161.92 in chips) 
Seat 6: 50CandyJoe ($203.76 in chips) 
nicofellow: posts small blind $0.50
CashfishT: is sitting out 
50CandyJoe: posts big blind $1
*** HOLE CARDS ***
Calabazaking: folds 
nicofellow: folds 
Uncalled bet ($0.50) returned to 50CandyJoe
50CandyJoe collected $1 from pot
50CandyJoe: doesn't show hand 
*** SUMMARY ***
Total pot $1 | Rake $0 
Seat 4: CashfishT
Seat 2: Calabazaking (button) folded before Flop (didn't bet)
Seat 3: nicofellow (small blind) folded before Flop
Seat 6: 50CandyJoe (big blind) collected ($1)



PokerStars Hand #254602595994:  Hold'em No Limit ($0.50/$1.00 USD) - 2025/01/29 4:23:45 WET [2025/01/28 23:23:45 ET]
Table 'Aquarius' 6-max Seat #3 is the button
Seat 4: CashfishT ($103.84 in chips) is sitting out
Seat 2: Calabazaking ($116.81 in chips) 
Seat 3: nicofellow ($161.42 in chips) 
Seat 6: 50CandyJoe ($204.26 in chips) 
50CandyJoe: posts small blind $0.50
Calabazaking: posts big blind $1
*** HOLE CARDS ***
nicofellow: folds 
50CandyJoe: folds 
Uncalled bet ($0.50) returned to Calabazaking
Calabazaking collected $1 from pot
*** SUMMARY ***
Total pot $1 | Rake $0 
Seat 4: CashfishT
Seat 2: Calabazaking (big blind) collected ($1)
Seat 3: nicofellow (button) folded before Flop (didn't bet)
Seat 6: 50CandyJoe (small blind) folded before Flop



PokerStars Hand #254602597464:  Hold'em No Limit ($0.50/$1.00 USD) - 2025/01/29 4:23:59 WET [2025/01/28 23:23:59 ET]
Table 'Aquarius' 6-max Seat #6 is the button
Seat 4: CashfishT ($103.84 in chips) is sitting out
Seat 2: Calabazaking ($117.31 in chips) 
Seat 3: nicofellow ($161.42 in chips) 
Seat 6: 50CandyJoe ($203.76 in chips) 
Calabazaking: posts small blind $0.50
nicofellow: posts big blind $1
*** HOLE CARDS ***
50CandyJoe: folds 
Calabazaking: folds 
Uncalled bet ($0.50) returned to nicofellow
nicofellow collected $1 from pot
nicofellow: doesn't show hand 
*** SUMMARY ***
Total pot $1 | Rake $0 
Seat 4: CashfishT
Seat 2: Calabazaking (small blind) folded before Flop
Seat 3: nicofellow (big blind) collected ($1)
Seat 6: 50CandyJoe (button) folded before Flop (didn't bet)



PokerStars Hand #254602598134:  Hold'em No Limit ($0.50/$1.00 USD) - 2025/01/29 4:24:06 WET [2025/01/28 23:24:06 ET]
Table 'Aquarius' 6-max Seat #2 is the button
Seat 4: CashfishT ($103.84 in chips) is sitting out
Seat 2: Calabazaking ($116.81 in chips) 
Seat 3: nicofellow ($161.92 in chips) 
Seat 6: 50CandyJoe ($203.76 in chips) 
nicofellow: posts small blind $0.50
50CandyJoe: posts big blind $1
*** HOLE CARDS ***
CashfishT leaves the table
Calabazaking: folds 
nicofellow: folds 
Uncalled bet ($0.50) returned to 50CandyJoe
50CandyJoe collected $1 from pot
50CandyJoe: doesn't show hand 
*** SUMMARY ***
Total pot $1 | Rake $0 
Seat 4: CashfishT
Seat 2: Calabazaking (button) folded before Flop (didn't bet)
Seat 3: nicofellow (small blind) folded before Flop
Seat 6: 50CandyJoe (big blind) collected ($1)



PokerStars Hand #254602599231:  Hold'em No Limit ($0.50/$1.00 USD) - 2025/01/29 4:24:17 WET [2025/01/28 23:24:17 ET]
Table 'Aquarius' 6-max Seat #3 is the button
Seat 2: Calabazaking ($116.81 in chips) 
Seat 3: nicofellow ($161.42 in chips) 
Seat 6: 50CandyJoe ($204.26 in chips) 
50CandyJoe: posts small blind $0.50
Calabazaking: posts big blind $1
*** HOLE CARDS ***
nicofellow: raises $1.50 to $2.50
50CandyJoe: raises $10 to $12.50
Calabazaking: folds 
nicofellow: calls $10
*** FLOP *** [Kd Ac 5s]
50CandyJoe: bets $8.25
nicofellow: folds 
Uncalled bet ($8.25) returned to 50CandyJoe
50CandyJoe collected $25 from pot
50CandyJoe: doesn't show hand 
*** SUMMARY ***
Total pot $26 | Rake $1 
Board [Kd Ac 5s]
Seat 2: Calabazaking (big blind) folded before Flop
Seat 3: nicofellow (button) folded on the Flop
Seat 6: 50CandyJoe (small blind) collected ($25)



PokerStars Hand #254602602335:  Hold'em No Limit ($0.50/$1.00 USD) - 2025/01/29 4:24:47 WET [2025/01/28 23:24:47 ET]
Table 'Aquarius' 6-max Seat #2 is the button
Seat 3: nicofellow ($148.92 in chips) is sitting out
Seat 2: Calabazaking ($115.81 in chips) 
Seat 6: 50CandyJoe ($216.76 in chips) 
Calabazaking: posts small blind $0.50
nicofellow: is sitting out 
50CandyJoe: posts big blind $1
*** HOLE CARDS ***
nicofellow leaves the table
Calabazaking: folds 
Uncalled bet ($0.50) returned to 50CandyJoe
50CandyJoe collected $1 from pot
50CandyJoe: doesn't show hand 
Calabazaking leaves the table
*** SUMMARY ***
Total pot $1 | Rake $0 
Seat 3: nicofellow
Seat 2: Calabazaking (button) (small blind) folded before Flop
Seat 6: 50CandyJoe (big blind) collected ($1)



PokerStars Hand #254602435223:  Hold'em No Limit ($0.50/$1.00 USD) - 2025/01/29 3:57:37 WET [2025/01/28 22:57:37 ET]
Table 'Aquarius' 6-max Seat #2 is the button
Seat 1: BumHuntKing ($103.34 in chips) 
Seat 2: Calabazaking ($100 in chips) 
Seat 3: nicofellow ($102.72 in chips) 
Seat 4: tagDaddy1 ($121.50 in chips) 
Seat 5: ars9 ($40.64 in chips) 
Seat 6: 50CandyJoe ($240.44 in chips) 
nicofellow: posts small blind $0.50
tagDaddy1: posts big blind $1
*** HOLE CARDS ***
ars9: folds 
50CandyJoe: folds 
BumHuntKing: folds 
Calabazaking: raises $1.50 to $2.50
nicofellow: folds 
tagDaddy1: calls $1.50
*** FLOP *** [Jc 4c Kc]
tagDaddy1: checks 
Calabazaking: checks 
*** TURN *** [Jc 4c Kc] [6c]
tagDaddy1: bets $1.72
Calabazaking: calls $1.72
*** RIVER *** [Jc 4c Kc 6c] [Js]
tagDaddy1: checks 
Calabazaking: checks 
*** SHOW DOWN ***
tagDaddy1: shows [Qs 8s] (a pair of Jacks)
Calabazaking: shows [Jh 9d] (three of a kind, Jacks)
Calabazaking collected $8.49 from pot
*** SUMMARY ***
Total pot $8.94 | Rake $0.45 
Board [Jc 4c Kc 6c Js]
Seat 1: BumHuntKing folded before Flop (didn't bet)
Seat 2: Calabazaking (button) showed [Jh 9d] and won ($8.49) with three of a kind, Jacks
Seat 3: nicofellow (small blind) folded before Flop
Seat 4: tagDaddy1 (big blind) showed [Qs 8s] and lost with a pair of Jacks
Seat 5: ars9 folded before Flop (didn't bet)
Seat 6: 50CandyJoe folded before Flop (didn't bet)



PokerStars Hand #254602439669:  Hold'em No Limit ($0.50/$1.00 USD) - 2025/01/29 3:58:25 WET [2025/01/28 22:58:25 ET]
Table 'Aquarius' 6-max Seat #3 is the button
Seat 1: BumHuntKing ($103.34 in chips) 
Seat 2: Calabazaking ($104.27 in chips) 
Seat 3: nicofellow ($102.22 in chips) 
Seat 4: tagDaddy1 ($117.28 in chips) 
Seat 5: ars9 ($40.64 in chips) 
Seat 6: 50CandyJoe ($240.44 in chips) 
tagDaddy1: posts small blind $0.50
ars9: posts big blind $1
*** HOLE CARDS ***
50CandyJoe: folds 
BumHuntKing: raises $1.20 to $2.20
Calabazaking: folds 
nicofellow: raises $5.30 to $7.50
tagDaddy1: folds 
ars9: folds 
BumHuntKing: calls $5.30
*** FLOP *** [Ad 2c 7c]
BumHuntKing: checks 
nicofellow: bets $3.92
BumHuntKing: raises $11.76 to $15.68
nicofellow: folds 
Uncalled bet ($11.76) returned to BumHuntKing
BumHuntKing collected $23.12 from pot
BumHuntKing: doesn't show hand 
*** SUMMARY ***
Total pot $24.34 | Rake $1.22 
Board [Ad 2c 7c]
Seat 1: BumHuntKing collected ($23.12)
Seat 2: Calabazaking folded before Flop (didn't bet)
Seat 3: nicofellow (button) folded on the Flop
Seat 4: tagDaddy1 (small blind) folded before Flop
Seat 5: ars9 (big blind) folded before Flop
Seat 6: 50CandyJoe folded before Flop (didn't bet)



PokerStars Hand #254602445193:  Hold'em No Limit ($0.50/$1.00 USD) - 2025/01/29 3:59:26 WET [2025/01/28 22:59:26 ET]
Table 'Aquarius' 6-max Seat #4 is the button
Seat 1: BumHuntKing ($115.04 in chips) 
Seat 2: Calabazaking ($104.27 in chips) 
Seat 3: nicofellow ($100 in chips) 
Seat 4: tagDaddy1 ($116.78 in chips) 
Seat 5: ars9 ($39.64 in chips) 
Seat 6: 50CandyJoe ($240.44 in chips) 
ars9: posts small blind $0.50
50CandyJoe: posts big blind $1
*** HOLE CARDS ***
BumHuntKing: folds 
Calabazaking: folds 
nicofellow: folds 
tagDaddy1: raises $1.50 to $2.50
ars9: calls $2
50CandyJoe: folds 
*** FLOP *** [As 2s Ac]
ars9: checks 
tagDaddy1: bets $1.88
ars9: folds 
Uncalled bet ($1.88) returned to tagDaddy1
tagDaddy1 collected $5.70 from pot
tagDaddy1: doesn't show hand 
*** SUMMARY ***
Total pot $6 | Rake $0.30 
Board [As 2s Ac]
Seat 1: BumHuntKing folded before Flop (didn't bet)
Seat 2: Calabazaking folded before Flop (didn't bet)
Seat 3: nicofellow folded before Flop (didn't bet)
Seat 4: tagDaddy1 (button) collected ($5.70)
Seat 5: ars9 (small blind) folded on the Flop
Seat 6: 50CandyJoe (big blind) folded before Flop



PokerStars Hand #254602450657:  Hold'em No Limit ($0.50/$1.00 USD) - 2025/01/29 4:00:25 WET [2025/01/28 23:00:25 ET]
Table 'Aquarius' 6-max Seat #5 is the button
Seat 1: BumHuntKing ($115.04 in chips) is sitting out
Seat 2: Calabazaking ($104.27 in chips) 
Seat 3: nicofellow ($100 in chips) 
Seat 4: tagDaddy1 ($119.98 in chips) 
Seat 5: ars9 ($37.14 in chips) 
Seat 6: 50CandyJoe ($239.44 in chips) 
50CandyJoe: posts small blind $0.50
BumHuntKing: is sitting out 
Calabazaking: posts big blind $1
*** HOLE CARDS ***
BumHuntKing leaves the table
nicofellow: folds 
tagDaddy1: folds 
ars9: raises $1 to $2
50CandyJoe: raises $5 to $7
Calabazaking: folds 
ars9: calls $5
*** FLOP *** [8c Js 7h]
50CandyJoe: checks 
ars9: bets $14.25
50CandyJoe: folds 
Uncalled bet ($14.25) returned to ars9
ars9 collected $14.25 from pot
*** SUMMARY ***
Total pot $15 | Rake $0.75 
Board [8c Js 7h]
Seat 1: BumHuntKing
Seat 2: Calabazaking (big blind) folded before Flop
Seat 3: nicofellow folded before Flop (didn't bet)
Seat 4: tagDaddy1 folded before Flop (didn't bet)
Seat 5: ars9 (button) collected ($14.25)
Seat 6: 50CandyJoe (small blind) folded on the Flop



PokerStars Hand #254602456810:  Hold'em No Limit ($0.50/$1.00 USD) - 2025/01/29 4:01:23 WET [2025/01/28 23:01:23 ET]
Table 'Aquarius' 6-max Seat #6 is the button
Seat 2: Calabazaking ($103.27 in chips) 
Seat 3: nicofellow ($100 in chips) 
Seat 4: tagDaddy1 ($119.98 in chips) 
Seat 5: ars9 ($44.39 in chips) 
Seat 6: 50CandyJoe ($232.44 in chips) 
Calabazaking: posts small blind $0.50
nicofellow: posts big blind $1
*** HOLE CARDS ***
tagDaddy1: folds 
tagDaddy1 leaves the table
ars9: folds 
50CandyJoe: raises $1.50 to $2.50
Calabazaking: folds 
nicofellow: folds 
Uncalled bet ($1.50) returned to 50CandyJoe
50CandyJoe collected $2.50 from pot
50CandyJoe: doesn't show hand 
*** SUMMARY ***
Total pot $2.50 | Rake $0 
Seat 2: Calabazaking (small blind) folded before Flop
Seat 3: nicofellow (big blind) folded before Flop
Seat 4: tagDaddy1 folded before Flop (didn't bet)
Seat 5: ars9 folded before Flop (didn't bet)
Seat 6: 50CandyJoe (button) collected ($2.50)



PokerStars Hand #254602458750:  Hold'em No Limit ($0.50/$1.00 USD) - 2025/01/29 4:01:42 WET [2025/01/28 23:01:42 ET]
Table 'Aquarius' 6-max Seat #2 is the button
Seat 2: Calabazaking ($102.77 in chips) 
Seat 3: nicofellow ($100 in chips) 
Seat 5: ars9 ($44.39 in chips) 
Seat 6: 50CandyJoe ($233.94 in chips) 
nicofellow: posts small blind $0.50
ars9: posts big blind $1
*** HOLE CARDS ***
50CandyJoe: raises $1.20 to $2.20
Calabazaking: folds 
nicofellow: folds 
ars9: folds 
Uncalled bet ($1.20) returned to 50CandyJoe
50CandyJoe collected $2.50 from pot
50CandyJoe: doesn't show hand 
*** SUMMARY ***
Total pot $2.50 | Rake $0 
Seat 2: Calabazaking (button) folded before Flop (didn't bet)
Seat 3: nicofellow (small blind) folded before Flop
Seat 5: ars9 (big blind) folded before Flop
Seat 6: 50CandyJoe collected ($2.50)



PokerStars Hand #254602460292:  Hold'em No Limit ($0.50/$1.00 USD) - 2025/01/29 4:01:57 WET [2025/01/28 23:01:57 ET]
Table 'Aquarius' 6-max Seat #3 is the button
Seat 2: Calabazaking ($102.77 in chips) 
Seat 3: nicofellow ($100 in chips) 
Seat 5: ars9 ($43.39 in chips) 
Seat 6: 50CandyJoe ($235.44 in chips) 
ars9: posts small blind $0.50
50CandyJoe: posts big blind $1
*** HOLE CARDS ***
Calabazaking: raises $1.50 to $2.50
nicofellow: folds 
HunterMacLeod26 joins the table at seat #1 
HunterMacLeod26 is disconnected 
ars9: folds 
50CandyJoe: folds 
Uncalled bet ($1.50) returned to Calabazaking
Calabazaking collected $2.50 from pot
AlexEliseev7 joins the table at seat #4 
*** SUMMARY ***
Total pot $2.50 | Rake $0 
Seat 2: Calabazaking collected ($2.50)
Seat 3: nicofellow (button) folded before Flop (didn't bet)
Seat 5: ars9 (small blind) folded before Flop
Seat 6: 50CandyJoe (big blind) folded before Flop



PokerStars Hand #254602462296:  Hold'em No Limit ($0.50/$1.00 USD) - 2025/01/29 4:02:16 WET [2025/01/28 23:02:16 ET]
Table 'Aquarius' 6-max Seat #5 is the button
Seat 4: AlexEliseev7 ($100 in chips) is sitting out
Seat 1: HunterMacLeod26 ($54.81 in chips) 
Seat 2: Calabazaking ($104.27 in chips) 
Seat 3: nicofellow ($100 in chips) 
Seat 5: ars9 ($42.89 in chips) 
Seat 6: 50CandyJoe ($234.44 in chips) 
50CandyJoe: posts small blind $0.50
HunterMacLeod26: posts big blind $1
AlexEliseev7: sits out 
*** HOLE CARDS ***
Calabazaking: folds 
nicofellow: folds 
ars9: raises $2 to $3
50CandyJoe: folds 
HunterMacLeod26: calls $2
*** FLOP *** [6s 9h 4h]
HunterMacLeod26: checks 
ars9: checks 
*** TURN *** [6s 9h 4h] [9s]
HunterMacLeod26: bets $3
ars9: calls $3
*** RIVER *** [6s 9h 4h 9s] [7d]
HunterMacLeod26: bets $15
ars9: calls $15
*** SHOW DOWN ***
HunterMacLeod26: shows [8s Ts] (a straight, Six to Ten)
ars9: mucks hand 
HunterMacLeod26 collected $40.38 from pot
*** SUMMARY ***
Total pot $42.50 | Rake $2.12 
Board [6s 9h 4h 9s 7d]
Seat 4: AlexEliseev7
Seat 1: HunterMacLeod26 (big blind) showed [8s Ts] and won ($40.38) with a straight, Six to Ten
Seat 2: Calabazaking folded before Flop (didn't bet)
Seat 3: nicofellow folded before Flop (didn't bet)
Seat 5: ars9 (button) mucked
Seat 6: 50CandyJoe (small blind) folded before Flop



PokerStars Hand #254602469078:  Hold'em No Limit ($0.50/$1.00 USD) - 2025/01/29 4:03:21 WET [2025/01/28 23:03:21 ET]
Table 'Aquarius' 6-max Seat #6 is the button
Seat 4: AlexEliseev7 ($100 in chips) is sitting out
Seat 1: HunterMacLeod26 ($74.19 in chips) 
Seat 2: Calabazaking ($104.27 in chips) 
Seat 3: nicofellow ($100 in chips) 
Seat 5: ars9 ($21.89 in chips) 
Seat 6: 50CandyJoe ($233.94 in chips) 
HunterMacLeod26: posts small blind $0.50
Calabazaking: posts big blind $1
AlexEliseev7: sits out 
*** HOLE CARDS ***
nicofellow: folds 
ars9: folds 
50CandyJoe: folds 
HunterMacLeod26: folds 
Uncalled bet ($0.50) returned to Calabazaking
Calabazaking collected $1 from pot
*** SUMMARY ***
Total pot $1 | Rake $0 
Seat 4: AlexEliseev7
Seat 1: HunterMacLeod26 (small blind) folded before Flop
Seat 2: Calabazaking (big blind) collected ($1)
Seat 3: nicofellow folded before Flop (didn't bet)
Seat 5: ars9 folded before Flop (didn't bet)
Seat 6: 50CandyJoe (button) folded before Flop (didn't bet)



PokerStars Hand #254602471240:  Hold'em No Limit ($0.50/$1.00 USD) - 2025/01/29 4:03:41 WET [2025/01/28 23:03:41 ET]
Table 'Aquarius' 6-max Seat #1 is the button
Seat 4: AlexEliseev7 ($100 in chips) is sitting out
Seat 1: HunterMacLeod26 ($73.69 in chips) 
Seat 2: Calabazaking ($104.77 in chips) 
Seat 3: nicofellow ($100 in chips) 
Seat 5: ars9 ($21.89 in chips) 
Seat 6: 50CandyJoe ($233.94 in chips) 
Calabazaking: posts small blind $0.50
nicofellow: posts big blind $1
AlexEliseev7: sits out 
*** HOLE CARDS ***
ars9: raises $1 to $2
50CandyJoe: folds 
HunterMacLeod26: calls $2
Calabazaking: folds 
nicofellow: folds 
*** FLOP *** [3s Jd Th]
ars9: checks 
HunterMacLeod26: checks 
*** TURN *** [3s Jd Th] [4s]
ars9: bets $2.61
HunterMacLeod26: calls $2.61
*** RIVER *** [3s Jd Th 4s] [Tc]
ars9: checks 
HunterMacLeod26: checks 
*** SHOW DOWN ***
ars9: shows [Td As] (three of a kind, Tens)
HunterMacLeod26: mucks hand 
ars9 collected $10.18 from pot
*** SUMMARY ***
Total pot $10.72 | Rake $0.54 
Board [3s Jd Th 4s Tc]
Seat 4: AlexEliseev7
Seat 1: HunterMacLeod26 (button) mucked
Seat 2: Calabazaking (small blind) folded before Flop
Seat 3: nicofellow (big blind) folded before Flop
Seat 5: ars9 showed [Td As] and won ($10.18) with three of a kind, Tens
Seat 6: 50CandyJoe folded before Flop (didn't bet)



PokerStars Hand #254602477122:  Hold'em No Limit ($0.50/$1.00 USD) - 2025/01/29 4:04:36 WET [2025/01/28 23:04:36 ET]
Table 'Aquarius' 6-max Seat #2 is the button
Seat 4: AlexEliseev7 ($100 in chips) is sitting out
Seat 1: HunterMacLeod26 ($69.08 in chips) 
Seat 2: Calabazaking ($104.27 in chips) 
Seat 3: nicofellow ($100 in chips) 
Seat 5: ars9 ($27.46 in chips) 
Seat 6: 50CandyJoe ($233.94 in chips) 
nicofellow: posts small blind $0.50
AlexEliseev7 has timed out
AlexEliseev7: is sitting out 
ars9: posts big blind $1
*** HOLE CARDS ***
50CandyJoe: raises $1.20 to $2.20
HunterMacLeod26: folds 
Calabazaking: raises $4.20 to $6.40
nicofellow: folds 
ars9: folds 
50CandyJoe: raises $4.20 to $10.60
Calabazaking: calls $4.20
*** FLOP *** [4s 4d 8c]
50CandyJoe: checks 
Calabazaking: checks 
*** TURN *** [4s 4d 8c] [4c]
50CandyJoe: checks 
Calabazaking: bets $11.86
50CandyJoe: folds 
Uncalled bet ($11.86) returned to Calabazaking
Calabazaking collected $21.56 from pot
*** SUMMARY ***
Total pot $22.70 | Rake $1.14 
Board [4s 4d 8c 4c]
Seat 4: AlexEliseev7
Seat 1: HunterMacLeod26 folded before Flop (didn't bet)
Seat 2: Calabazaking (button) collected ($21.56)
Seat 3: nicofellow (small blind) folded before Flop
Seat 5: ars9 (big blind) folded before Flop
Seat 6: 50CandyJoe folded on the Turn



PokerStars Hand #254602486448:  Hold'em No Limit ($0.50/$1.00 USD) - 2025/01/29 4:06:03 WET [2025/01/28 23:06:03 ET]
Table 'Aquarius' 6-max Seat #3 is the button
Seat 4: AlexEliseev7 ($100 in chips) is sitting out
Seat 1: HunterMacLeod26 ($69.08 in chips) 
Seat 2: Calabazaking ($115.23 in chips) 
Seat 3: nicofellow ($100 in chips) 
Seat 5: ars9 ($26.46 in chips) 
Seat 6: 50CandyJoe ($223.34 in chips) 
ars9: posts small blind $0.50
50CandyJoe: posts big blind $1
*** HOLE CARDS ***
HunterMacLeod26: calls $1
Calabazaking: folds 
nicofellow: folds 
ars9: raises $4 to $5
50CandyJoe: folds 
HunterMacLeod26: folds 
Uncalled bet ($4) returned to ars9
ars9 collected $3 from pot
*** SUMMARY ***
Total pot $3 | Rake $0 
Seat 4: AlexEliseev7
Seat 1: HunterMacLeod26 folded before Flop
Seat 2: Calabazaking folded before Flop (didn't bet)
Seat 3: nicofellow (button) folded before Flop (didn't bet)
Seat 5: ars9 (small blind) collected ($3)
Seat 6: 50CandyJoe (big blind) folded before Flop



PokerStars Hand #254602488857:  Hold'em No Limit ($0.50/$1.00 USD) - 2025/01/29 4:06:26 WET [2025/01/28 23:06:26 ET]
Table 'Aquarius' 6-max Seat #5 is the button
Seat 1: HunterMacLeod26 ($68.08 in chips) 
Seat 2: Calabazaking ($115.23 in chips) 
Seat 3: nicofellow ($100 in chips) 
Seat 4: AlexEliseev7 ($100 in chips) 
Seat 5: ars9 ($28.46 in chips) 
Seat 6: 50CandyJoe ($222.34 in chips) 
50CandyJoe: posts small blind $0.50
HunterMacLeod26: posts big blind $1
AlexEliseev7: posts big blind $1
*** HOLE CARDS ***
Calabazaking: folds 
nicofellow: folds 
AlexEliseev7: raises $1.50 to $2.50
ars9: folds 
50CandyJoe: folds 
HunterMacLeod26: calls $1.50
*** FLOP *** [Ac 2s Kd]
HunterMacLeod26: checks 
AlexEliseev7: bets $1.72
HunterMacLeod26: folds 
Uncalled bet ($1.72) returned to AlexEliseev7
AlexEliseev7 collected $5.22 from pot
AlexEliseev7: doesn't show hand 
*** SUMMARY ***
Total pot $5.50 | Rake $0.28 
Board [Ac 2s Kd]
Seat 1: HunterMacLeod26 (big blind) folded on the Flop
Seat 2: Calabazaking folded before Flop (didn't bet)
Seat 3: nicofellow folded before Flop (didn't bet)
Seat 4: AlexEliseev7 collected ($5.22)
Seat 5: ars9 (button) folded before Flop (didn't bet)
Seat 6: 50CandyJoe (small blind) folded before Flop



PokerStars Hand #254602492807:  Hold'em No Limit ($0.50/$1.00 USD) - 2025/01/29 4:07:03 WET [2025/01/28 23:07:03 ET]
Table 'Aquarius' 6-max Seat #6 is the button
Seat 1: HunterMacLeod26 ($65.58 in chips) 
Seat 2: Calabazaking ($115.23 in chips) 
Seat 3: nicofellow ($100 in chips) 
Seat 4: AlexEliseev7 ($102.72 in chips) 
Seat 5: ars9 ($28.46 in chips) 
Seat 6: 50CandyJoe ($221.84 in chips) 
HunterMacLeod26: posts small blind $0.50
Calabazaking: posts big blind $1
*** HOLE CARDS ***
nicofellow: folds 
AlexEliseev7: raises $1.50 to $2.50
ars9: folds 
50CandyJoe: folds 
HunterMacLeod26: calls $2
Calabazaking: calls $1.50
*** FLOP *** [5c Qs 6h]
HunterMacLeod26: checks 
Calabazaking is connected 
Calabazaking: checks 
AlexEliseev7: checks 
*** TURN *** [5c Qs 6h] [3h]
HunterMacLeod26: bets $3
Calabazaking: folds 
AlexEliseev7: folds 
Uncalled bet ($3) returned to HunterMacLeod26
HunterMacLeod26 collected $7.12 from pot
*** SUMMARY ***
Total pot $7.50 | Rake $0.38 
Board [5c Qs 6h 3h]
Seat 1: HunterMacLeod26 (small blind) collected ($7.12)
Seat 2: Calabazaking (big blind) folded on the Turn
Seat 3: nicofellow folded before Flop (didn't bet)
Seat 4: AlexEliseev7 folded on the Turn
Seat 5: ars9 folded before Flop (didn't bet)
Seat 6: 50CandyJoe (button) folded before Flop (didn't bet)



PokerStars Hand #254602502244:  Hold'em No Limit ($0.50/$1.00 USD) - 2025/01/29 4:08:33 WET [2025/01/28 23:08:33 ET]
Table 'Aquarius' 6-max Seat #1 is the button
Seat 1: HunterMacLeod26 ($70.20 in chips) 
Seat 2: Calabazaking ($112.73 in chips) 
Seat 3: nicofellow ($100 in chips) 
Seat 4: AlexEliseev7 ($100.22 in chips) 
Seat 5: ars9 ($28.46 in chips) 
Seat 6: 50CandyJoe ($221.84 in chips) 
Calabazaking: posts small blind $0.50
nicofellow: posts big blind $1
*** HOLE CARDS ***
AlexEliseev7: folds 
ars9: folds 
50CandyJoe: folds 
HunterMacLeod26: raises $4 to $5
Calabazaking: folds 
nicofellow: folds 
Uncalled bet ($4) returned to HunterMacLeod26
HunterMacLeod26 collected $2.50 from pot
*** SUMMARY ***
Total pot $2.50 | Rake $0 
Seat 1: HunterMacLeod26 (button) collected ($2.50)
Seat 2: Calabazaking (small blind) folded before Flop
Seat 3: nicofellow (big blind) folded before Flop
Seat 4: AlexEliseev7 folded before Flop (didn't bet)
Seat 5: ars9 folded before Flop (didn't bet)
Seat 6: 50CandyJoe folded before Flop (didn't bet)



PokerStars Hand #254602504734:  Hold'em No Limit ($0.50/$1.00 USD) - 2025/01/29 4:08:56 WET [2025/01/28 23:08:56 ET]
Table 'Aquarius' 6-max Seat #2 is the button
Seat 1: HunterMacLeod26 ($71.70 in chips) 
Seat 2: Calabazaking ($112.23 in chips) 
Seat 3: nicofellow ($100 in chips) 
Seat 4: AlexEliseev7 ($100.22 in chips) 
Seat 5: ars9 ($28.46 in chips) 
Seat 6: 50CandyJoe ($221.84 in chips) 
nicofellow: posts small blind $0.50
AlexEliseev7: posts big blind $1
*** HOLE CARDS ***
ars9: folds 
50CandyJoe: folds 
HunterMacLeod26: folds 
Calabazaking: folds 
nicofellow: folds 
Uncalled bet ($0.50) returned to AlexEliseev7
AlexEliseev7 collected $1 from pot
AlexEliseev7: doesn't show hand 
*** SUMMARY ***
Total pot $1 | Rake $0 
Seat 1: HunterMacLeod26 folded before Flop (didn't bet)
Seat 2: Calabazaking (button) folded before Flop (didn't bet)
Seat 3: nicofellow (small blind) folded before Flop
Seat 4: AlexEliseev7 (big blind) collected ($1)
Seat 5: ars9 folded before Flop (didn't bet)
Seat 6: 50CandyJoe folded before Flop (didn't bet)



PokerStars Hand #254602506451:  Hold'em No Limit ($0.50/$1.00 USD) - 2025/01/29 4:09:13 WET [2025/01/28 23:09:13 ET]
Table 'Aquarius' 6-max Seat #3 is the button
Seat 1: HunterMacLeod26 ($71.70 in chips) 
Seat 2: Calabazaking ($112.23 in chips) 
Seat 3: nicofellow ($100 in chips) 
Seat 4: AlexEliseev7 ($100.72 in chips) 
Seat 5: ars9 ($28.46 in chips) 
Seat 6: 50CandyJoe ($221.84 in chips) 
AlexEliseev7: posts small blind $0.50
ars9: posts big blind $1
*** HOLE CARDS ***
50CandyJoe: folds 
HunterMacLeod26: folds 
Calabazaking: raises $1.50 to $2.50
nicofellow: folds 
AlexEliseev7: folds 
ars9: calls $1.50
*** FLOP *** [Td Qh Th]
ars9: checks 
Calabazaking: bets $1.22
ars9: folds 
Uncalled bet ($1.22) returned to Calabazaking
Calabazaking collected $5.22 from pot
*** SUMMARY ***
Total pot $5.50 | Rake $0.28 
Board [Td Qh Th]
Seat 1: HunterMacLeod26 folded before Flop (didn't bet)
Seat 2: Calabazaking collected ($5.22)
Seat 3: nicofellow (button) folded before Flop (didn't bet)
Seat 4: AlexEliseev7 (small blind) folded before Flop
Seat 5: ars9 (big blind) folded on the Flop
Seat 6: 50CandyJoe folded before Flop (didn't bet)



PokerStars Hand #254602510915:  Hold'em No Limit ($0.50/$1.00 USD) - 2025/01/29 4:09:56 WET [2025/01/28 23:09:56 ET]
Table 'Aquarius' 6-max Seat #4 is the button
Seat 1: HunterMacLeod26 ($71.70 in chips) 
Seat 2: Calabazaking ($114.95 in chips) 
Seat 3: nicofellow ($100 in chips) 
Seat 4: AlexEliseev7 ($100.22 in chips) 
Seat 5: ars9 ($25.96 in chips) 
Seat 6: 50CandyJoe ($221.84 in chips) 
ars9: posts small blind $0.50
50CandyJoe: posts big blind $1
*** HOLE CARDS ***
HunterMacLeod26: folds 
Calabazaking: folds 
nicofellow: folds 
AlexEliseev7: raises $1.50 to $2.50
ars9: folds 
50CandyJoe: calls $1.50
*** FLOP *** [Ah 7h 3c]
50CandyJoe: checks 
AlexEliseev7: bets $1.72
50CandyJoe: folds 
Uncalled bet ($1.72) returned to AlexEliseev7
AlexEliseev7 collected $5.22 from pot
AlexEliseev7: doesn't show hand 
*** SUMMARY ***
Total pot $5.50 | Rake $0.28 
Board [Ah 7h 3c]
Seat 1: HunterMacLeod26 folded before Flop (didn't bet)
Seat 2: Calabazaking folded before Flop (didn't bet)
Seat 3: nicofellow folded before Flop (didn't bet)
Seat 4: AlexEliseev7 (button) collected ($5.22)
Seat 5: ars9 (small blind) folded before Flop
Seat 6: 50CandyJoe (big blind) folded on the Flop



PokerStars Hand #254602514637:  Hold'em No Limit ($0.50/$1.00 USD) - 2025/01/29 4:10:32 WET [2025/01/28 23:10:32 ET]
Table 'Aquarius' 6-max Seat #5 is the button
Seat 1: HunterMacLeod26 ($71.70 in chips) 
Seat 2: Calabazaking ($114.95 in chips) 
Seat 3: nicofellow ($100 in chips) 
Seat 4: AlexEliseev7 ($102.94 in chips) 
Seat 5: ars9 ($25.46 in chips) 
Seat 6: 50CandyJoe ($219.34 in chips) 
50CandyJoe: posts small blind $0.50
HunterMacLeod26: posts big blind $1
*** HOLE CARDS ***
Calabazaking: raises $1.50 to $2.50
nicofellow: folds 
AlexEliseev7: folds 
ars9: raises $5.50 to $8
50CandyJoe: folds 
HunterMacLeod26: calls $7
Calabazaking: calls $5.50
*** FLOP *** [7s 6c Th]
HunterMacLeod26: checks 
Calabazaking: checks 
ars9: bets $17.46 and is all-in
HunterMacLeod26: calls $17.46
Calabazaking: folds 
*** TURN *** [7s 6c Th] [Td]
*** RIVER *** [7s 6c Th Td] [2d]
*** SHOW DOWN ***
HunterMacLeod26: shows [As Kd] (a pair of Tens)
ars9: shows [8h 8s] (two pair, Tens and Eights)
ars9 collected $56.92 from pot
*** SUMMARY ***
Total pot $59.42 | Rake $2.50 
Board [7s 6c Th Td 2d]
Seat 1: HunterMacLeod26 (big blind) showed [As Kd] and lost with a pair of Tens
Seat 2: Calabazaking folded on the Flop
Seat 3: nicofellow folded before Flop (didn't bet)
Seat 4: AlexEliseev7 folded before Flop (didn't bet)
Seat 5: ars9 (button) showed [8h 8s] and won ($56.92) with two pair, Tens and Eights
Seat 6: 50CandyJoe (small blind) folded before Flop



PokerStars Hand #254602521364:  Hold'em No Limit ($0.50/$1.00 USD) - 2025/01/29 4:11:38 WET [2025/01/28 23:11:38 ET]
Table 'Aquarius' 6-max Seat #6 is the button
Seat 1: HunterMacLeod26 ($46.24 in chips) 
Seat 2: Calabazaking ($106.95 in chips) 
Seat 3: nicofellow ($100 in chips) 
Seat 4: AlexEliseev7 ($102.94 in chips) 
Seat 5: ars9 ($56.92 in chips) 
Seat 6: 50CandyJoe ($218.84 in chips) 
HunterMacLeod26: posts small blind $0.50
Calabazaking: posts big blind $1
*** HOLE CARDS ***
nicofellow: folds 
AlexEliseev7: folds 
ars9: folds 
50CandyJoe: folds 
HunterMacLeod26: calls $0.50
Calabazaking: checks 
*** FLOP *** [7c Ts Qh]
HunterMacLeod26: checks 
Calabazaking: checks 
*** TURN *** [7c Ts Qh] [9h]
HunterMacLeod26: bets $3
Calabazaking: folds 
Uncalled bet ($3) returned to HunterMacLeod26
HunterMacLeod26 collected $1.90 from pot
*** SUMMARY ***
Total pot $2 | Rake $0.10 
Board [7c Ts Qh 9h]
Seat 1: HunterMacLeod26 (small blind) collected ($1.90)
Seat 2: Calabazaking (big blind) folded on the Turn
Seat 3: nicofellow folded before Flop (didn't bet)
Seat 4: AlexEliseev7 folded before Flop (didn't bet)
Seat 5: ars9 folded before Flop (didn't bet)
Seat 6: 50CandyJoe (button) folded before Flop (didn't bet)



PokerStars Hand #254602525687:  Hold'em No Limit ($0.50/$1.00 USD) - 2025/01/29 4:12:20 WET [2025/01/28 23:12:20 ET]
Table 'Aquarius' 6-max Seat #1 is the button
Seat 1: HunterMacLeod26 ($47.14 in chips) 
Seat 2: Calabazaking ($105.95 in chips) 
Seat 3: nicofellow ($100 in chips) 
Seat 4: AlexEliseev7 ($102.94 in chips) 
Seat 5: ars9 ($56.92 in chips) 
Seat 6: 50CandyJoe ($218.84 in chips) 
Calabazaking: posts small blind $0.50
nicofellow: posts big blind $1
*** HOLE CARDS ***
AlexEliseev7: raises $1.50 to $2.50
ars9: folds 
50CandyJoe: folds 
HunterMacLeod26: folds 
Calabazaking: folds 
nicofellow: folds 
Uncalled bet ($1.50) returned to AlexEliseev7
AlexEliseev7 collected $2.50 from pot
AlexEliseev7: doesn't show hand 
*** SUMMARY ***
Total pot $2.50 | Rake $0 
Seat 1: HunterMacLeod26 (button) folded before Flop (didn't bet)
Seat 2: Calabazaking (small blind) folded before Flop
Seat 3: nicofellow (big blind) folded before Flop
Seat 4: AlexEliseev7 collected ($2.50)
Seat 5: ars9 folded before Flop (didn't bet)
Seat 6: 50CandyJoe folded before Flop (didn't bet)



PokerStars Hand #254602528779:  Hold'em No Limit ($0.50/$1.00 USD) - 2025/01/29 4:12:50 WET [2025/01/28 23:12:50 ET]
Table 'Aquarius' 6-max Seat #2 is the button
Seat 1: HunterMacLeod26 ($47.14 in chips) 
Seat 2: Calabazaking ($105.45 in chips) 
Seat 3: nicofellow ($100 in chips) 
Seat 4: AlexEliseev7 ($104.44 in chips) 
Seat 5: ars9 ($56.92 in chips) 
Seat 6: 50CandyJoe ($218.84 in chips) 
nicofellow: posts small blind $0.50
AlexEliseev7: posts big blind $1
*** HOLE CARDS ***
ars9: calls $1
50CandyJoe: folds 
HunterMacLeod26: calls $1
Calabazaking: folds 
nicofellow: raises $3.50 to $4.50
AlexEliseev7: folds 
ars9: calls $3.50
HunterMacLeod26: calls $3.50
*** FLOP *** [Jh Kc As]
nicofellow: bets $3.45
ars9: folds 
HunterMacLeod26: folds 
Uncalled bet ($3.45) returned to nicofellow
nicofellow collected $13.78 from pot
nicofellow: doesn't show hand 
*** SUMMARY ***
Total pot $14.50 | Rake $0.72 
Board [Jh Kc As]
Seat 1: HunterMacLeod26 folded on the Flop
Seat 2: Calabazaking (button) folded before Flop (didn't bet)
Seat 3: nicofellow (small blind) collected ($13.78)
Seat 4: AlexEliseev7 (big blind) folded before Flop
Seat 5: ars9 folded on the Flop
Seat 6: 50CandyJoe folded before Flop (didn't bet)



PokerStars Hand #254602532814:  Hold'em No Limit ($0.50/$1.00 USD) - 2025/01/29 4:13:29 WET [2025/01/28 23:13:29 ET]
Table 'Aquarius' 6-max Seat #3 is the button
Seat 1: HunterMacLeod26 ($42.64 in chips) 
Seat 2: Calabazaking ($105.45 in chips) 
Seat 3: nicofellow ($109.28 in chips) 
Seat 4: AlexEliseev7 ($103.44 in chips) 
Seat 5: ars9 ($52.42 in chips) 
Seat 6: 50CandyJoe ($218.84 in chips) 
AlexEliseev7: posts small blind $0.50
ars9: posts big blind $1
*** HOLE CARDS ***
50CandyJoe: folds 
HunterMacLeod26: folds 
Calabazaking: raises $1.50 to $2.50
nicofellow: folds 
AlexEliseev7: folds 
ars9: calls $1.50
*** FLOP *** [7h 9c 8c]
ars9: bets $1
Calabazaking: calls $1
*** TURN *** [7h 9c 8c] [Ks]
ars9: bets $1
Calabazaking: calls $1
*** RIVER *** [7h 9c 8c Ks] [4c]
ars9: checks 
Calabazaking: bets $13.53
ars9: folds 
Uncalled bet ($13.53) returned to Calabazaking
Calabazaking collected $9.02 from pot
*** SUMMARY ***
Total pot $9.50 | Rake $0.48 
Board [7h 9c 8c Ks 4c]
Seat 1: HunterMacLeod26 folded before Flop (didn't bet)
Seat 2: Calabazaking collected ($9.02)
Seat 3: nicofellow (button) folded before Flop (didn't bet)
Seat 4: AlexEliseev7 (small blind) folded before Flop
Seat 5: ars9 (big blind) folded on the River
Seat 6: 50CandyJoe folded before Flop (didn't bet)



