PokerStars Hand #254616150295:  Hold'em No Limit ($0.50/$1.00 USD) - 2025/01/29 1:33:38 WET [2025/01/29 20:33:38 ET]
Table 'Simona' 6-max Seat #6 is the button
Seat 5: ffac ($100 in chips) is sitting out
Seat 1: Manifestorr ($100 in chips) 
Seat 2: KeR888 ($100 in chips) 
Seat 3: Calvmcd85 ($81.77 in chips) 
Seat 4: shootingGRID ($100.77 in chips) 
Seat 6: nikalas22 ($100 in chips) 
Manifestorr: posts small blind $0.50
KeR888: posts big blind $1
ffac: sits out 
*** HOLE CARDS ***
Calvmcd85: calls $1
shootingGRID: folds 
nikalas22: folds 
Manifestorr: folds 
KeR888: checks 
*** FLOP *** [9d Kd Qc]
KeR888: checks 
Calvmcd85: checks 
*** TURN *** [9d Kd Qc] [4d]
KeR888: checks 
Calvmcd85: bets $3
KeR888: folds 
Uncalled bet ($3) returned to Calvmcd85
Calvmcd85 collected $2.38 from pot
Calvmcd85: doesn't show hand 
*** SUMMARY ***
Total pot $2.50 | Rake $0.12 
Board [9d Kd Qc 4d]
Seat 5: ffac
Seat 1: Manifestorr (small blind) folded before Flop
Seat 2: KeR888 (big blind) folded on the Turn
Seat 3: Calvmcd85 collected ($2.38)
Seat 4: shootingGRID folded before Flop (didn't bet)
Seat 6: nikalas22 (button) folded before Flop (didn't bet)



PokerStars Hand #254616156461:  Hold'em No Limit ($0.50/$1.00 USD) - 2025/01/29 1:34:14 WET [2025/01/29 20:34:14 ET]
Table 'Simona' 6-max Seat #1 is the button
Seat 5: ffac ($100 in chips) is sitting out
Seat 1: Manifestorr ($100 in chips) 
Seat 2: KeR888 ($100 in chips) 
Seat 3: Calvmcd85 ($83.15 in chips) 
Seat 4: shootingGRID ($100.77 in chips) 
Seat 6: nikalas22 ($100 in chips) 
KeR888: posts small blind $0.50
Calvmcd85: posts big blind $1
ffac: sits out 
*** HOLE CARDS ***
shootingGRID: raises $1.25 to $2.25
nikalas22: folds 
Manifestorr: folds 
KeR888: folds 
Calvmcd85: calls $1.25
*** FLOP *** [3d Ks Tc]
Calvmcd85: bets $3
shootingGRID: calls $3
*** TURN *** [3d Ks Tc] [8h]
Calvmcd85: checks 
shootingGRID: checks 
*** RIVER *** [3d Ks Tc 8h] [As]
Calvmcd85: checks 
shootingGRID: checks 
*** SHOW DOWN ***
Calvmcd85: shows [Qh Kd] (a pair of Kings)
shootingGRID: mucks hand 
Calvmcd85 collected $10.45 from pot
*** SUMMARY ***
Total pot $11 | Rake $0.55 
Board [3d Ks Tc 8h As]
Seat 5: ffac
Seat 1: Manifestorr (button) folded before Flop (didn't bet)
Seat 2: KeR888 (small blind) folded before Flop
Seat 3: Calvmcd85 (big blind) showed [Qh Kd] and won ($10.45) with a pair of Kings
Seat 4: shootingGRID mucked
Seat 6: nikalas22 folded before Flop (didn't bet)



PokerStars Hand #254616165170:  Hold'em No Limit ($0.50/$1.00 USD) - 2025/01/29 1:35:06 WET [2025/01/29 20:35:06 ET]
Table 'Simona' 6-max Seat #2 is the button
Seat 5: ffac ($100 in chips) is sitting out
Seat 1: Manifestorr ($100 in chips) 
Seat 2: KeR888 ($100 in chips) 
Seat 3: Calvmcd85 ($88.35 in chips) 
Seat 4: shootingGRID ($100 in chips) 
Seat 6: nikalas22 ($100 in chips) 
Calvmcd85: posts small blind $0.50
shootingGRID: posts big blind $1
ffac: sits out 
*** HOLE CARDS ***
nikalas22: folds 
Manifestorr: folds 
KeR888: folds 
Calvmcd85: calls $0.50
shootingGRID: raises $3.50 to $4.50
Calvmcd85: calls $3.50
*** FLOP *** [As 9s Js]
Calvmcd85: checks 
shootingGRID: checks 
*** TURN *** [As 9s Js] [Qs]
Calvmcd85: checks 
shootingGRID: checks 
*** RIVER *** [As 9s Js Qs] [Td]
Calvmcd85: bets $3
shootingGRID: calls $3
*** SHOW DOWN ***
Calvmcd85: shows [7c 8c] (a straight, Eight to Queen)
shootingGRID: shows [5s Ad] (a flush, Ace high)
shootingGRID collected $14.25 from pot
*** SUMMARY ***
Total pot $15 | Rake $0.75 
Board [As 9s Js Qs Td]
Seat 5: ffac
Seat 1: Manifestorr folded before Flop (didn't bet)
Seat 2: KeR888 (button) folded before Flop (didn't bet)
Seat 3: Calvmcd85 (small blind) showed [7c 8c] and lost with a straight, Eight to Queen
Seat 4: shootingGRID (big blind) showed [5s Ad] and won ($14.25) with a flush, Ace high
Seat 6: nikalas22 folded before Flop (didn't bet)



PokerStars Hand #254616172157:  Hold'em No Limit ($0.50/$1.00 USD) - 2025/01/29 1:35:47 WET [2025/01/29 20:35:47 ET]
Table 'Simona' 6-max Seat #3 is the button
Seat 1: Manifestorr ($100 in chips) 
Seat 2: KeR888 ($100 in chips) 
Seat 3: Calvmcd85 ($80.85 in chips) 
Seat 4: shootingGRID ($106.75 in chips) 
Seat 5: ffac ($100 in chips) 
Seat 6: nikalas22 ($100 in chips) 
shootingGRID: posts small blind $0.50
ffac: posts big blind $1
*** HOLE CARDS ***
nikalas22: folds 
Manifestorr: folds 
KeR888: folds 
Calvmcd85: raises $2 to $3
shootingGRID: folds 
ffac: folds 
Uncalled bet ($2) returned to Calvmcd85
Calvmcd85 collected $2.50 from pot
Calvmcd85: doesn't show hand 
*** SUMMARY ***
Total pot $2.50 | Rake $0 
Seat 1: Manifestorr folded before Flop (didn't bet)
Seat 2: KeR888 folded before Flop (didn't bet)
Seat 3: Calvmcd85 (button) collected ($2.50)
Seat 4: shootingGRID (small blind) folded before Flop
Seat 5: ffac (big blind) folded before Flop
Seat 6: nikalas22 folded before Flop (didn't bet)



PokerStars Hand #254616175366:  Hold'em No Limit ($0.50/$1.00 USD) - 2025/01/29 1:36:06 WET [2025/01/29 20:36:06 ET]
Table 'Simona' 6-max Seat #4 is the button
Seat 1: Manifestorr ($100 in chips) 
Seat 2: KeR888 ($100 in chips) 
Seat 3: Calvmcd85 ($82.35 in chips) 
Seat 4: shootingGRID ($106.25 in chips) 
Seat 5: ffac ($100 in chips) 
Seat 6: nikalas22 ($100 in chips) 
ffac: posts small blind $0.50
nikalas22: posts big blind $1
*** HOLE CARDS ***
Manifestorr: raises $1.20 to $2.20
KeR888: folds 
Calvmcd85: calls $2.20
shootingGRID: folds 
ffac: folds 
nikalas22: folds 
*** FLOP *** [Kd 2c 5s]
Manifestorr: checks 
Calvmcd85: checks 
*** TURN *** [Kd 2c 5s] [Kc]
Manifestorr: bets $4.20
Calvmcd85: folds 
Uncalled bet ($4.20) returned to Manifestorr
Manifestorr collected $5.60 from pot
*** SUMMARY ***
Total pot $5.90 | Rake $0.30 
Board [Kd 2c 5s Kc]
Seat 1: Manifestorr collected ($5.60)
Seat 2: KeR888 folded before Flop (didn't bet)
Seat 3: Calvmcd85 folded on the Turn
Seat 4: shootingGRID (button) folded before Flop (didn't bet)
Seat 5: ffac (small blind) folded before Flop
Seat 6: nikalas22 (big blind) folded before Flop



PokerStars Hand #254616181839:  Hold'em No Limit ($0.50/$1.00 USD) - 2025/01/29 1:36:44 WET [2025/01/29 20:36:44 ET]
Table 'Simona' 6-max Seat #5 is the button
Seat 1: Manifestorr ($103.40 in chips) 
Seat 2: KeR888 ($100 in chips) 
Seat 3: Calvmcd85 ($80.15 in chips) 
Seat 4: shootingGRID ($106.25 in chips) 
Seat 5: ffac ($100 in chips) 
Seat 6: nikalas22 ($100 in chips) 
nikalas22: posts small blind $0.50
Manifestorr: posts big blind $1
*** HOLE CARDS ***
KeR888: folds 
Calvmcd85: calls $1
shootingGRID: raises $2.50 to $3.50
ffac: raises $8 to $11.50
nikalas22: folds 
Manifestorr: folds 
Calvmcd85: folds 
shootingGRID: folds 
Uncalled bet ($8) returned to ffac
ffac collected $9.50 from pot
ffac: doesn't show hand 
*** SUMMARY ***
Total pot $9.50 | Rake $0 
Seat 1: Manifestorr (big blind) folded before Flop
Seat 2: KeR888 folded before Flop (didn't bet)
Seat 3: Calvmcd85 folded before Flop
Seat 4: shootingGRID folded before Flop
Seat 5: ffac (button) collected ($9.50)
Seat 6: nikalas22 (small blind) folded before Flop



PokerStars Hand #254616191819:  Hold'em No Limit ($0.50/$1.00 USD) - 2025/01/29 1:37:42 WET [2025/01/29 20:37:42 ET]
Table 'Simona' 6-max Seat #6 is the button
Seat 1: Manifestorr ($102.40 in chips) 
Seat 2: KeR888 ($100 in chips) 
Seat 3: Calvmcd85 ($79.15 in chips) 
Seat 4: shootingGRID ($102.75 in chips) 
Seat 5: ffac ($106 in chips) 
Seat 6: nikalas22 ($100 in chips) 
Manifestorr: posts small blind $0.50
KeR888: posts big blind $1
*** HOLE CARDS ***
Calvmcd85: folds 
shootingGRID: folds 
ffac: folds 
nikalas22: folds 
Manifestorr: raises $2 to $3
KeR888: folds 
Uncalled bet ($2) returned to Manifestorr
Manifestorr collected $2 from pot
*** SUMMARY ***
Total pot $2 | Rake $0 
Seat 1: Manifestorr (small blind) collected ($2)
Seat 2: KeR888 (big blind) folded before Flop
Seat 3: Calvmcd85 folded before Flop (didn't bet)
Seat 4: shootingGRID folded before Flop (didn't bet)
Seat 5: ffac folded before Flop (didn't bet)
Seat 6: nikalas22 (button) folded before Flop (didn't bet)



PokerStars Hand #254616240651:  Hold'em No Limit ($0.50/$1.00 USD) - 2025/01/29 1:42:34 WET [2025/01/29 20:42:34 ET]
Table 'Simona' 6-max Seat #1 is the button
Seat 1: ghc_2 ($102.25 in chips) 
Seat 2: KeR888 ($100 in chips) 
Seat 3: Calvmcd85 ($72.05 in chips) 
Seat 4: shootingGRID ($100 in chips) 
Seat 5: ffac ($114.53 in chips) 
Seat 6: nikalas22 ($102.50 in chips) 
KeR888: posts small blind $0.50
Calvmcd85: posts big blind $1
*** HOLE CARDS ***
shootingGRID: raises $1.25 to $2.25
ffac: folds 
nikalas22: folds 
ghc_2: folds 
KeR888: folds 
Calvmcd85: calls $1.25
*** FLOP *** [2d 5c Kc]
Calvmcd85: checks 
shootingGRID: bets $1.57
Calvmcd85: calls $1.57
*** TURN *** [2d 5c Kc] [4s]
Calvmcd85: bets $4
shootingGRID: calls $4
*** RIVER *** [2d 5c Kc 4s] [6s]
Calvmcd85: checks 
shootingGRID: checks 
*** SHOW DOWN ***
Calvmcd85: shows [Ks 8c] (a pair of Kings)
shootingGRID: mucks hand 
Calvmcd85 collected $15.33 from pot
*** SUMMARY ***
Total pot $16.14 | Rake $0.81 
Board [2d 5c Kc 4s 6s]
Seat 1: ghc_2 (button) folded before Flop (didn't bet)
Seat 2: KeR888 (small blind) folded before Flop
Seat 3: Calvmcd85 (big blind) showed [Ks 8c] and won ($15.33) with a pair of Kings
Seat 4: shootingGRID mucked
Seat 5: ffac folded before Flop (didn't bet)
Seat 6: nikalas22 folded before Flop (didn't bet)



PokerStars Hand #254616251349:  Hold'em No Limit ($0.50/$1.00 USD) - 2025/01/29 1:43:38 WET [2025/01/29 20:43:38 ET]
Table 'Simona' 6-max Seat #2 is the button
Seat 1: ghc_2 ($102.25 in chips) 
Seat 2: KeR888 ($100 in chips) 
Seat 3: Calvmcd85 ($79.56 in chips) 
Seat 4: shootingGRID ($100 in chips) 
Seat 5: ffac ($114.53 in chips) 
Seat 6: nikalas22 ($102.50 in chips) 
Calvmcd85: posts small blind $0.50
shootingGRID: posts big blind $1
*** HOLE CARDS ***
ffac: raises $1.04 to $2.04
nikalas22: folds 
ghc_2: raises $4.96 to $7
KeR888: folds 
Calvmcd85: folds 
shootingGRID: folds 
ffac: folds 
Uncalled bet ($4.96) returned to ghc_2
ghc_2 collected $5.58 from pot
ghc_2: doesn't show hand 
*** SUMMARY ***
Total pot $5.58 | Rake $0 
Seat 1: ghc_2 collected ($5.58)
Seat 2: KeR888 (button) folded before Flop (didn't bet)
Seat 3: Calvmcd85 (small blind) folded before Flop
Seat 4: shootingGRID (big blind) folded before Flop
Seat 5: ffac folded before Flop
Seat 6: nikalas22 folded before Flop (didn't bet)



PokerStars Hand #254616255199:  Hold'em No Limit ($0.50/$1.00 USD) - 2025/01/29 1:44:01 WET [2025/01/29 20:44:01 ET]
Table 'Simona' 6-max Seat #3 is the button
Seat 1: ghc_2 ($105.79 in chips) 
Seat 2: KeR888 ($100 in chips) 
Seat 3: Calvmcd85 ($79.06 in chips) 
Seat 4: shootingGRID ($100 in chips) 
Seat 5: ffac ($112.49 in chips) 
Seat 6: nikalas22 ($102.50 in chips) 
shootingGRID: posts small blind $0.50
ffac: posts big blind $1
*** HOLE CARDS ***
nikalas22: folds 
ghc_2: folds 
KeR888: raises $1.50 to $2.50
Calvmcd85: folds 
shootingGRID: folds 
ffac: calls $1.50
*** FLOP *** [Qh As Qc]
ffac: checks 
KeR888: bets $1.31
ffac: folds 
Uncalled bet ($1.31) returned to KeR888
KeR888 collected $5.22 from pot
KeR888: doesn't show hand 
*** SUMMARY ***
Total pot $5.50 | Rake $0.28 
Board [Qh As Qc]
Seat 1: ghc_2 folded before Flop (didn't bet)
Seat 2: KeR888 collected ($5.22)
Seat 3: Calvmcd85 (button) folded before Flop (didn't bet)
Seat 4: shootingGRID (small blind) folded before Flop
Seat 5: ffac (big blind) folded on the Flop
Seat 6: nikalas22 folded before Flop (didn't bet)



PokerStars Hand #254616264575:  Hold'em No Limit ($0.50/$1.00 USD) - 2025/01/29 1:44:57 WET [2025/01/29 20:44:57 ET]
Table 'Simona' 6-max Seat #4 is the button
Seat 1: ghc_2 ($105.79 in chips) 
Seat 2: KeR888 ($102.72 in chips) 
Seat 3: Calvmcd85 ($79.06 in chips) 
Seat 4: shootingGRID ($100 in chips) 
Seat 5: ffac ($109.99 in chips) 
Seat 6: nikalas22 ($102.50 in chips) 
ffac: posts small blind $0.50
nikalas22: posts big blind $1
*** HOLE CARDS ***
ghc_2: folds 
KeR888: raises $1.20 to $2.20
Calvmcd85: calls $2.20
shootingGRID: folds 
ffac: folds 
nikalas22: folds 
*** FLOP *** [Ts 9d 7s]
KeR888: bets $2.80
Calvmcd85: calls $2.80
*** TURN *** [Ts 9d 7s] [8s]
KeR888: bets $5.46
Calvmcd85: folds 
Uncalled bet ($5.46) returned to KeR888
KeR888 collected $10.92 from pot
KeR888: doesn't show hand 
*** SUMMARY ***
Total pot $11.50 | Rake $0.58 
Board [Ts 9d 7s 8s]
Seat 1: ghc_2 folded before Flop (didn't bet)
Seat 2: KeR888 collected ($10.92)
Seat 3: Calvmcd85 folded on the Turn
Seat 4: shootingGRID (button) folded before Flop (didn't bet)
Seat 5: ffac (small blind) folded before Flop
Seat 6: nikalas22 (big blind) folded before Flop



PokerStars Hand #254616272759:  Hold'em No Limit ($0.50/$1.00 USD) - 2025/01/29 1:45:46 WET [2025/01/29 20:45:46 ET]
Table 'Simona' 6-max Seat #5 is the button
Seat 1: ghc_2 ($105.79 in chips) 
Seat 2: KeR888 ($108.64 in chips) 
Seat 3: Calvmcd85 ($74.06 in chips) 
Seat 4: shootingGRID ($100 in chips) 
Seat 5: ffac ($109.49 in chips) 
Seat 6: nikalas22 ($101.50 in chips) 
nikalas22: posts small blind $0.50
ghc_2: posts big blind $1
*** HOLE CARDS ***
KeR888: folds 
Calvmcd85: calls $1
shootingGRID: folds 
ffac: raises $2.50 to $3.50
nikalas22: folds 
ghc_2: folds 
Calvmcd85: calls $2.50
*** FLOP *** [6s 4s Qc]
Calvmcd85: checks 
ffac: bets $2.67
Calvmcd85: calls $2.67
*** TURN *** [6s 4s Qc] [9h]
Calvmcd85: bets $5
ffac: folds 
Uncalled bet ($5) returned to Calvmcd85
Calvmcd85 collected $13.15 from pot
Calvmcd85: doesn't show hand 
*** SUMMARY ***
Total pot $13.84 | Rake $0.69 
Board [6s 4s Qc 9h]
Seat 1: ghc_2 (big blind) folded before Flop
Seat 2: KeR888 folded before Flop (didn't bet)
Seat 3: Calvmcd85 collected ($13.15)
Seat 4: shootingGRID folded before Flop (didn't bet)
Seat 5: ffac (button) folded on the Turn
Seat 6: nikalas22 (small blind) folded before Flop



PokerStars Hand #254616282997:  Hold'em No Limit ($0.50/$1.00 USD) - 2025/01/29 1:46:48 WET [2025/01/29 20:46:48 ET]
Table 'Simona' 6-max Seat #6 is the button
Seat 1: ghc_2 ($104.79 in chips) 
Seat 2: KeR888 ($108.64 in chips) 
Seat 3: Calvmcd85 ($81.04 in chips) 
Seat 4: shootingGRID ($100 in chips) 
Seat 5: ffac ($103.32 in chips) 
Seat 6: nikalas22 ($101 in chips) 
ghc_2: posts small blind $0.50
KeR888: posts big blind $1
*** HOLE CARDS ***
Calvmcd85: raises $2 to $3
shootingGRID: folds 
ffac: raises $6 to $9
nikalas22: folds 
ghc_2: folds 
KeR888: folds 
Calvmcd85: folds 
Uncalled bet ($6) returned to ffac
ffac collected $7.50 from pot
ffac: doesn't show hand 
*** SUMMARY ***
Total pot $7.50 | Rake $0 
Seat 1: ghc_2 (small blind) folded before Flop
Seat 2: KeR888 (big blind) folded before Flop
Seat 3: Calvmcd85 folded before Flop
Seat 4: shootingGRID folded before Flop (didn't bet)
Seat 5: ffac collected ($7.50)
Seat 6: nikalas22 (button) folded before Flop (didn't bet)



PokerStars Hand #254616285811:  Hold'em No Limit ($0.50/$1.00 USD) - 2025/01/29 1:47:05 WET [2025/01/29 20:47:05 ET]
Table 'Simona' 6-max Seat #1 is the button
Seat 1: ghc_2 ($104.29 in chips) 
Seat 2: KeR888 ($107.64 in chips) 
Seat 3: Calvmcd85 ($78.04 in chips) 
Seat 4: shootingGRID ($100 in chips) 
Seat 5: ffac ($107.82 in chips) 
Seat 6: nikalas22 ($101 in chips) 
KeR888: posts small blind $0.50
Calvmcd85: posts big blind $1
*** HOLE CARDS ***
shootingGRID: folds 
ffac: folds 
nikalas22: folds 
ghc_2: folds 
KeR888: raises $2 to $3
Calvmcd85: calls $2
*** FLOP *** [Th 9d 8h]
KeR888: checks 
Calvmcd85: checks 
*** TURN *** [Th 9d 8h] [Td]
KeR888: bets $2.85
Calvmcd85: folds 
Uncalled bet ($2.85) returned to KeR888
KeR888 collected $5.70 from pot
KeR888: doesn't show hand 
*** SUMMARY ***
Total pot $6 | Rake $0.30 
Board [Th 9d 8h Td]
Seat 1: ghc_2 (button) folded before Flop (didn't bet)
Seat 2: KeR888 (small blind) collected ($5.70)
Seat 3: Calvmcd85 (big blind) folded on the Turn
Seat 4: shootingGRID folded before Flop (didn't bet)
Seat 5: ffac folded before Flop (didn't bet)
Seat 6: nikalas22 folded before Flop (didn't bet)



PokerStars Hand #254616291075:  Hold'em No Limit ($0.50/$1.00 USD) - 2025/01/29 1:47:37 WET [2025/01/29 20:47:37 ET]
Table 'Simona' 6-max Seat #2 is the button
Seat 1: ghc_2 ($104.29 in chips) 
Seat 2: KeR888 ($110.34 in chips) 
Seat 3: Calvmcd85 ($75.04 in chips) 
Seat 4: shootingGRID ($100 in chips) 
Seat 5: ffac ($107.82 in chips) 
Seat 6: nikalas22 ($101 in chips) 
Calvmcd85: posts small blind $0.50
shootingGRID: posts big blind $1
*** HOLE CARDS ***
ffac: folds 
nikalas22: raises $1.50 to $2.50
ghc_2: folds 
KeR888: folds 
Calvmcd85: calls $2
shootingGRID: folds 
*** FLOP *** [Kd 2d 3h]
Calvmcd85: bets $2
nikalas22: calls $2
*** TURN *** [Kd 2d 3h] [6d]
Calvmcd85: checks 
nikalas22: bets $2.85
Calvmcd85: calls $2.85
*** RIVER *** [Kd 2d 3h 6d] [2s]
Calvmcd85: checks 
nikalas22: bets $11.19
Calvmcd85: calls $11.19
*** SHOW DOWN ***
nikalas22: shows [Kh 6h] (two pair, Kings and Sixes)
Calvmcd85: mucks hand 
nikalas22 collected $36.18 from pot
*** SUMMARY ***
Total pot $38.08 | Rake $1.90 
Board [Kd 2d 3h 6d 2s]
Seat 1: ghc_2 folded before Flop (didn't bet)
Seat 2: KeR888 (button) folded before Flop (didn't bet)
Seat 3: Calvmcd85 (small blind) mucked
Seat 4: shootingGRID (big blind) folded before Flop
Seat 5: ffac folded before Flop (didn't bet)
Seat 6: nikalas22 showed [Kh 6h] and won ($36.18) with two pair, Kings and Sixes



PokerStars Hand #254616300642:  Hold'em No Limit ($0.50/$1.00 USD) - 2025/01/29 1:48:35 WET [2025/01/29 20:48:35 ET]
Table 'Simona' 6-max Seat #3 is the button
Seat 1: ghc_2 ($104.29 in chips) 
Seat 2: KeR888 ($110.34 in chips) 
Seat 3: Calvmcd85 ($56.50 in chips) 
Seat 4: shootingGRID ($100 in chips) 
Seat 5: ffac ($107.82 in chips) 
Seat 6: nikalas22 ($118.64 in chips) 
shootingGRID: posts small blind $0.50
ffac: posts big blind $1
*** HOLE CARDS ***
nikalas22: folds 
ghc_2: folds 
KeR888: folds 
Calvmcd85: calls $1
shootingGRID: raises $3 to $4
ffac: folds 
Calvmcd85: folds 
Uncalled bet ($3) returned to shootingGRID
shootingGRID collected $3 from pot
*** SUMMARY ***
Total pot $3 | Rake $0 
Seat 1: ghc_2 folded before Flop (didn't bet)
Seat 2: KeR888 folded before Flop (didn't bet)
Seat 3: Calvmcd85 (button) folded before Flop
Seat 4: shootingGRID (small blind) collected ($3)
Seat 5: ffac (big blind) folded before Flop
Seat 6: nikalas22 folded before Flop (didn't bet)



PokerStars Hand #254616304952:  Hold'em No Limit ($0.50/$1.00 USD) - 2025/01/29 1:49:02 WET [2025/01/29 20:49:02 ET]
Table 'Simona' 6-max Seat #4 is the button
Seat 1: ghc_2 ($104.29 in chips) 
Seat 2: KeR888 ($110.34 in chips) 
Seat 3: Calvmcd85 ($55.50 in chips) 
Seat 4: shootingGRID ($102 in chips) 
Seat 5: ffac ($106.82 in chips) 
Seat 6: nikalas22 ($118.64 in chips) 
ffac: posts small blind $0.50
nikalas22: posts big blind $1
*** HOLE CARDS ***
ghc_2: raises $1 to $2
KeR888: folds 
Calvmcd85: folds 
shootingGRID: folds 
ffac: folds 
nikalas22: folds 
Uncalled bet ($1) returned to ghc_2
ghc_2 collected $2.50 from pot
ghc_2: doesn't show hand 
*** SUMMARY ***
Total pot $2.50 | Rake $0 
Seat 1: ghc_2 collected ($2.50)
Seat 2: KeR888 folded before Flop (didn't bet)
Seat 3: Calvmcd85 folded before Flop (didn't bet)
Seat 4: shootingGRID (button) folded before Flop (didn't bet)
Seat 5: ffac (small blind) folded before Flop
Seat 6: nikalas22 (big blind) folded before Flop



PokerStars Hand #254616308385:  Hold'em No Limit ($0.50/$1.00 USD) - 2025/01/29 1:49:23 WET [2025/01/29 20:49:23 ET]
Table 'Simona' 6-max Seat #5 is the button
Seat 1: ghc_2 ($105.79 in chips) 
Seat 2: KeR888 ($110.34 in chips) 
Seat 3: Calvmcd85 ($55.50 in chips) 
Seat 4: shootingGRID ($102 in chips) 
Seat 5: ffac ($106.32 in chips) 
Seat 6: nikalas22 ($117.64 in chips) 
nikalas22: posts small blind $0.50
ghc_2: posts big blind $1
*** HOLE CARDS ***
KeR888: raises $1.20 to $2.20
Calvmcd85: folds 
shootingGRID: folds 
ffac: calls $2.20
nikalas22: folds 
ghc_2: folds 
*** FLOP *** [Qc Jc 4d]
KeR888: checks 
ffac: checks 
*** TURN *** [Qc Jc 4d] [5h]
KeR888: bets $4.20
ffac: folds 
Uncalled bet ($4.20) returned to KeR888
KeR888 collected $5.60 from pot
KeR888: doesn't show hand 
*** SUMMARY ***
Total pot $5.90 | Rake $0.30 
Board [Qc Jc 4d 5h]
Seat 1: ghc_2 (big blind) folded before Flop
Seat 2: KeR888 collected ($5.60)
Seat 3: Calvmcd85 folded before Flop (didn't bet)
Seat 4: shootingGRID folded before Flop (didn't bet)
Seat 5: ffac (button) folded on the Turn
Seat 6: nikalas22 (small blind) folded before Flop



PokerStars Hand #254616318769:  Hold'em No Limit ($0.50/$1.00 USD) - 2025/01/29 1:50:26 WET [2025/01/29 20:50:26 ET]
Table 'Simona' 6-max Seat #6 is the button
Seat 1: ghc_2 ($104.79 in chips) 
Seat 2: KeR888 ($113.74 in chips) 
Seat 3: Calvmcd85 ($55.50 in chips) 
Seat 4: shootingGRID ($102 in chips) 
Seat 5: ffac ($104.12 in chips) 
Seat 6: nikalas22 ($117.14 in chips) 
ghc_2: posts small blind $0.50
KeR888: posts big blind $1
*** HOLE CARDS ***
Calvmcd85: folds 
shootingGRID: folds 
ffac: folds 
nikalas22: folds 
ghc_2: folds 
Uncalled bet ($0.50) returned to KeR888
KeR888 collected $1 from pot
KeR888: doesn't show hand 
*** SUMMARY ***
Total pot $1 | Rake $0 
Seat 1: ghc_2 (small blind) folded before Flop
Seat 2: KeR888 (big blind) collected ($1)
Seat 3: Calvmcd85 folded before Flop (didn't bet)
Seat 4: shootingGRID folded before Flop (didn't bet)
Seat 5: ffac folded before Flop (didn't bet)
Seat 6: nikalas22 (button) folded before Flop (didn't bet)



PokerStars Hand #254616321683:  Hold'em No Limit ($0.50/$1.00 USD) - 2025/01/29 1:50:44 WET [2025/01/29 20:50:44 ET]
Table 'Simona' 6-max Seat #1 is the button
Seat 1: ghc_2 ($104.29 in chips) 
Seat 2: KeR888 ($114.24 in chips) 
Seat 3: Calvmcd85 ($55.50 in chips) 
Seat 4: shootingGRID ($102 in chips) 
Seat 5: ffac ($104.12 in chips) 
Seat 6: nikalas22 ($117.14 in chips) 
KeR888: posts small blind $0.50
Calvmcd85: posts big blind $1
*** HOLE CARDS ***
shootingGRID: folds 
ffac: folds 
nikalas22: folds 
ghc_2: raises $1.40 to $2.40
KeR888: folds 
Calvmcd85: calls $1.40
*** FLOP *** [5c 5s Jd]
Calvmcd85: checks 
ghc_2: bets $1.26
Calvmcd85: folds 
Uncalled bet ($1.26) returned to ghc_2
ghc_2 collected $5.04 from pot
ghc_2: doesn't show hand 
*** SUMMARY ***
Total pot $5.30 | Rake $0.26 
Board [5c 5s Jd]
Seat 1: ghc_2 (button) collected ($5.04)
Seat 2: KeR888 (small blind) folded before Flop
Seat 3: Calvmcd85 (big blind) folded on the Flop
Seat 4: shootingGRID folded before Flop (didn't bet)
Seat 5: ffac folded before Flop (didn't bet)
Seat 6: nikalas22 folded before Flop (didn't bet)



PokerStars Hand #254616328448:  Hold'em No Limit ($0.50/$1.00 USD) - 2025/01/29 1:51:26 WET [2025/01/29 20:51:26 ET]
Table 'Simona' 6-max Seat #2 is the button
Seat 1: ghc_2 ($106.93 in chips) 
Seat 2: KeR888 ($113.74 in chips) 
Seat 3: Calvmcd85 ($53.10 in chips) 
Seat 4: shootingGRID ($102 in chips) 
Seat 5: ffac ($104.12 in chips) 
Seat 6: nikalas22 ($117.14 in chips) 
Calvmcd85: posts small blind $0.50
shootingGRID: posts big blind $1
*** HOLE CARDS ***
ffac: folds 
nikalas22: folds 
ghc_2: raises $1.30 to $2.30
KeR888: folds 
Calvmcd85: calls $1.80
shootingGRID: folds 
*** FLOP *** [Qd 8s Kd]
Calvmcd85: checks 
ghc_2: bets $2.13
Calvmcd85: calls $2.13
*** TURN *** [Qd 8s Kd] [2s]
Calvmcd85: checks 
ghc_2: checks 
*** RIVER *** [Qd 8s Kd 2s] [Jc]
Calvmcd85: checks 
ghc_2: checks 
*** SHOW DOWN ***
Calvmcd85: shows [8c 7c] (a pair of Eights)
ghc_2: mucks hand 
Calvmcd85 collected $9.37 from pot
*** SUMMARY ***
Total pot $9.86 | Rake $0.49 
Board [Qd 8s Kd 2s Jc]
Seat 1: ghc_2 mucked
Seat 2: KeR888 (button) folded before Flop (didn't bet)
Seat 3: Calvmcd85 (small blind) showed [8c 7c] and won ($9.37) with a pair of Eights
Seat 4: shootingGRID (big blind) folded before Flop
Seat 5: ffac folded before Flop (didn't bet)
Seat 6: nikalas22 folded before Flop (didn't bet)



PokerStars Hand #254616373945:  Hold'em No Limit ($0.50/$1.00 USD) - 2025/01/29 1:56:27 WET [2025/01/29 20:56:27 ET]
Table 'Simona' 6-max Seat #1 is the button
Seat 1: ghc_2 ($100 in chips) 
Seat 2: KeR888 ($114.24 in chips) 
Seat 3: Calvmcd85 ($82.33 in chips) 
Seat 4: shootingGRID ($100 in chips) 
Seat 5: ffac ($105.90 in chips) 
Seat 6: nikalas22 ($112.14 in chips) 
KeR888: posts small blind $0.50
Calvmcd85: posts big blind $1
*** HOLE CARDS ***
shootingGRID: raises $1.25 to $2.25
ffac: folds 
nikalas22: folds 
ghc_2: folds 
KeR888: folds 
Calvmcd85: calls $1.25
*** FLOP *** [9h Kh Kc]
Calvmcd85: bets $3
shootingGRID: calls $3
*** TURN *** [9h Kh Kc] [8h]
Calvmcd85: checks 
shootingGRID: bets $7.40
Calvmcd85: calls $7.40
*** RIVER *** [9h Kh Kc 8h] [Qh]
Calvmcd85: bets $8
shootingGRID: raises $26.74 to $34.74
Calvmcd85: folds 
Uncalled bet ($26.74) returned to shootingGRID
shootingGRID collected $39.71 from pot
*** SUMMARY ***
Total pot $41.80 | Rake $2.09 
Board [9h Kh Kc 8h Qh]
Seat 1: ghc_2 (button) folded before Flop (didn't bet)
Seat 2: KeR888 (small blind) folded before Flop
Seat 3: Calvmcd85 (big blind) folded on the River
Seat 4: shootingGRID collected ($39.71)
Seat 5: ffac folded before Flop (didn't bet)
Seat 6: nikalas22 folded before Flop (didn't bet)



PokerStars Hand #254616383277:  Hold'em No Limit ($0.50/$1.00 USD) - 2025/01/29 1:57:41 WET [2025/01/29 20:57:41 ET]
Table 'Simona' 6-max Seat #2 is the button
Seat 4: shootingGRID ($119.06 in chips) is sitting out
Seat 1: ghc_2 ($100 in chips) 
Seat 2: KeR888 ($113.74 in chips) 
Seat 3: Calvmcd85 ($61.68 in chips) 
Seat 5: ffac ($105.90 in chips) 
Seat 6: nikalas22 ($112.14 in chips) 
Calvmcd85: posts small blind $0.50
shootingGRID: is sitting out 
ffac: posts big blind $1
*** HOLE CARDS ***
nikalas22: folds 
ghc_2: raises $1.30 to $2.30
KeR888: folds 
Calvmcd85: calls $1.80
ffac: folds 
*** FLOP *** [5h Ad As]
Calvmcd85: checks 
ghc_2: checks 
*** TURN *** [5h Ad As] [Jd]
Calvmcd85: checks 
ghc_2: bets $2.66
Calvmcd85: folds 
Uncalled bet ($2.66) returned to ghc_2
ghc_2 collected $5.32 from pot
ghc_2: doesn't show hand 
*** SUMMARY ***
Total pot $5.60 | Rake $0.28 
Board [5h Ad As Jd]
Seat 4: shootingGRID
Seat 1: ghc_2 collected ($5.32)
Seat 2: KeR888 (button) folded before Flop (didn't bet)
Seat 3: Calvmcd85 (small blind) folded on the Turn
Seat 5: ffac (big blind) folded before Flop
Seat 6: nikalas22 folded before Flop (didn't bet)



PokerStars Hand #254616387379:  Hold'em No Limit ($0.50/$1.00 USD) - 2025/01/29 1:58:13 WET [2025/01/29 20:58:13 ET]
Table 'Simona' 6-max Seat #3 is the button
Seat 4: shootingGRID ($119.06 in chips) is sitting out
Seat 1: ghc_2 ($103.02 in chips) 
Seat 2: KeR888 ($113.74 in chips) 
Seat 3: Calvmcd85 ($59.38 in chips) 
Seat 5: ffac ($104.90 in chips) 
Seat 6: nikalas22 ($112.14 in chips) 
ffac: posts small blind $0.50
nikalas22: posts big blind $1
*** HOLE CARDS ***
ghc_2: folds 
KeR888: raises $1.50 to $2.50
Calvmcd85: folds 
ffac: folds 
nikalas22: folds 
Uncalled bet ($1.50) returned to KeR888
KeR888 collected $2.50 from pot
KeR888: doesn't show hand 
*** SUMMARY ***
Total pot $2.50 | Rake $0 
Seat 4: shootingGRID
Seat 1: ghc_2 folded before Flop (didn't bet)
Seat 2: KeR888 collected ($2.50)
Seat 3: Calvmcd85 (button) folded before Flop (didn't bet)
Seat 5: ffac (small blind) folded before Flop
Seat 6: nikalas22 (big blind) folded before Flop



PokerStars Hand #254616389816:  Hold'em No Limit ($0.50/$1.00 USD) - 2025/01/29 1:58:32 WET [2025/01/29 20:58:32 ET]
Table 'Simona' 6-max Seat #5 is the button
Seat 4: shootingGRID ($119.06 in chips) is sitting out
Seat 1: ghc_2 ($103.02 in chips) 
Seat 2: KeR888 ($115.24 in chips) 
Seat 3: Calvmcd85 ($59.38 in chips) 
Seat 5: ffac ($104.40 in chips) 
Seat 6: nikalas22 ($111.14 in chips) 
nikalas22: posts small blind $0.50
ghc_2: posts big blind $1
shootingGRID: sits out 
*** HOLE CARDS ***
KeR888: folds 
Calvmcd85: folds 
ffac: folds 
nikalas22: folds 
Uncalled bet ($0.50) returned to ghc_2
ghc_2 collected $1 from pot
ghc_2: doesn't show hand 
*** SUMMARY ***
Total pot $1 | Rake $0 
Seat 4: shootingGRID
Seat 1: ghc_2 (big blind) collected ($1)
Seat 2: KeR888 folded before Flop (didn't bet)
Seat 3: Calvmcd85 folded before Flop (didn't bet)
Seat 5: ffac (button) folded before Flop (didn't bet)
Seat 6: nikalas22 (small blind) folded before Flop



PokerStars Hand #254616391149:  Hold'em No Limit ($0.50/$1.00 USD) - 2025/01/29 1:58:43 WET [2025/01/29 20:58:43 ET]
Table 'Simona' 6-max Seat #6 is the button
Seat 4: shootingGRID ($119.06 in chips) is sitting out
Seat 1: ghc_2 ($103.52 in chips) 
Seat 2: KeR888 ($115.24 in chips) 
Seat 3: Calvmcd85 ($59.38 in chips) 
Seat 5: ffac ($104.40 in chips) 
Seat 6: nikalas22 ($110.64 in chips) 
ghc_2: posts small blind $0.50
KeR888: posts big blind $1
shootingGRID: sits out 
*** HOLE CARDS ***
Calvmcd85: folds 
ffac: folds 
nikalas22: folds 
ghc_2: folds 
Uncalled bet ($0.50) returned to KeR888
KeR888 collected $1 from pot
KeR888: doesn't show hand 
*** SUMMARY ***
Total pot $1 | Rake $0 
Seat 4: shootingGRID
Seat 1: ghc_2 (small blind) folded before Flop
Seat 2: KeR888 (big blind) collected ($1)
Seat 3: Calvmcd85 folded before Flop (didn't bet)
Seat 5: ffac folded before Flop (didn't bet)
Seat 6: nikalas22 (button) folded before Flop (didn't bet)



PokerStars Hand #254616393595:  Hold'em No Limit ($0.50/$1.00 USD) - 2025/01/29 1:59:02 WET [2025/01/29 20:59:02 ET]
Table 'Simona' 6-max Seat #1 is the button
Seat 4: shootingGRID ($119.06 in chips) is sitting out
Seat 1: ghc_2 ($103.02 in chips) 
Seat 2: KeR888 ($115.74 in chips) 
Seat 3: Calvmcd85 ($59.38 in chips) 
Seat 5: ffac ($104.40 in chips) 
Seat 6: nikalas22 ($110.64 in chips) 
KeR888: posts small blind $0.50
Calvmcd85: posts big blind $1
shootingGRID: sits out 
*** HOLE CARDS ***
ffac: folds 
nikalas22: raises $1.50 to $2.50
ghc_2: folds 
KeR888: folds 
Calvmcd85: folds 
Uncalled bet ($1.50) returned to nikalas22
nikalas22 collected $2.50 from pot
nikalas22: doesn't show hand 
*** SUMMARY ***
Total pot $2.50 | Rake $0 
Seat 4: shootingGRID
Seat 1: ghc_2 (button) folded before Flop (didn't bet)
Seat 2: KeR888 (small blind) folded before Flop
Seat 3: Calvmcd85 (big blind) folded before Flop
Seat 5: ffac folded before Flop (didn't bet)
Seat 6: nikalas22 collected ($2.50)



PokerStars Hand #254616395584:  Hold'em No Limit ($0.50/$1.00 USD) - 2025/01/29 1:59:18 WET [2025/01/29 20:59:18 ET]
Table 'Simona' 6-max Seat #2 is the button
Seat 1: ghc_2 ($103.02 in chips) 
Seat 2: KeR888 ($115.24 in chips) 
Seat 3: Calvmcd85 ($58.38 in chips) 
Seat 4: shootingGRID ($119.06 in chips) 
Seat 5: ffac ($104.40 in chips) 
Seat 6: nikalas22 ($112.14 in chips) 
Calvmcd85: posts small blind $0.50
shootingGRID: posts big blind $1
*** HOLE CARDS ***
ffac: folds 
nikalas22: raises $1.50 to $2.50
ghc_2: folds 
KeR888: folds 
Calvmcd85: folds 
shootingGRID: folds 
Uncalled bet ($1.50) returned to nikalas22
nikalas22 collected $2.50 from pot
nikalas22: doesn't show hand 
*** SUMMARY ***
Total pot $2.50 | Rake $0 
Seat 1: ghc_2 folded before Flop (didn't bet)
Seat 2: KeR888 (button) folded before Flop (didn't bet)
Seat 3: Calvmcd85 (small blind) folded before Flop
Seat 4: shootingGRID (big blind) folded before Flop
Seat 5: ffac folded before Flop (didn't bet)
Seat 6: nikalas22 collected ($2.50)



PokerStars Hand #254616397817:  Hold'em No Limit ($0.50/$1.00 USD) - 2025/01/29 1:59:36 WET [2025/01/29 20:59:36 ET]
Table 'Simona' 6-max Seat #3 is the button
Seat 1: ghc_2 ($103.02 in chips) 
Seat 2: KeR888 ($115.24 in chips) 
Seat 3: Calvmcd85 ($57.88 in chips) 
Seat 4: shootingGRID ($118.06 in chips) 
Seat 5: ffac ($104.40 in chips) 
Seat 6: nikalas22 ($113.64 in chips) 
shootingGRID: posts small blind $0.50
ffac: posts big blind $1
*** HOLE CARDS ***
nikalas22: raises $1.50 to $2.50
ghc_2: folds 
KeR888: folds 
Calvmcd85: folds 
shootingGRID: raises $9.50 to $12
ffac: folds 
nikalas22: folds 
Uncalled bet ($9.50) returned to shootingGRID
shootingGRID collected $6 from pot
*** SUMMARY ***
Total pot $6 | Rake $0 
Seat 1: ghc_2 folded before Flop (didn't bet)
Seat 2: KeR888 folded before Flop (didn't bet)
Seat 3: Calvmcd85 (button) folded before Flop (didn't bet)
Seat 4: shootingGRID (small blind) collected ($6)
Seat 5: ffac (big blind) folded before Flop
Seat 6: nikalas22 folded before Flop



PokerStars Hand #254616402371:  Hold'em No Limit ($0.50/$1.00 USD) - 2025/01/29 2:00:10 WET [2025/01/29 21:00:10 ET]
Table 'Simona' 6-max Seat #4 is the button
Seat 1: ghc_2 ($103.02 in chips) 
Seat 2: KeR888 ($115.24 in chips) 
Seat 3: Calvmcd85 ($57.88 in chips) 
Seat 4: shootingGRID ($121.56 in chips) 
Seat 5: ffac ($103.40 in chips) 
Seat 6: nikalas22 ($111.14 in chips) 
ffac: posts small blind $0.50
nikalas22: posts big blind $1
*** HOLE CARDS ***
ghc_2: folds 
KeR888: folds 
Calvmcd85: folds 
shootingGRID: raises $1.50 to $2.50
ffac: folds 
nikalas22: calls $1.50
*** FLOP *** [9h 8s 5c]
nikalas22: checks 
shootingGRID: bets $1.72
nikalas22: calls $1.72
*** TURN *** [9h 8s 5c] [Tc]
nikalas22: checks 
shootingGRID: bets $6.37
nikalas22: calls $6.37
*** RIVER *** [9h 8s 5c Tc] [6c]
nikalas22: checks 
shootingGRID: checks 
*** SHOW DOWN ***
nikalas22: shows [Js 9d] (a pair of Nines)
shootingGRID: shows [5s 5d] (three of a kind, Fives)
shootingGRID collected $20.60 from pot
*** SUMMARY ***
Total pot $21.68 | Rake $1.08 
Board [9h 8s 5c Tc 6c]
Seat 1: ghc_2 folded before Flop (didn't bet)
Seat 2: KeR888 folded before Flop (didn't bet)
Seat 3: Calvmcd85 folded before Flop (didn't bet)
Seat 4: shootingGRID (button) showed [5s 5d] and won ($20.60) with three of a kind, Fives
Seat 5: ffac (small blind) folded before Flop
Seat 6: nikalas22 (big blind) showed [Js 9d] and lost with a pair of Nines



PokerStars Hand #254616412244:  Hold'em No Limit ($0.50/$1.00 USD) - 2025/01/29 2:01:17 WET [2025/01/29 21:01:17 ET]
Table 'Simona' 6-max Seat #5 is the button
Seat 1: ghc_2 ($103.02 in chips) 
Seat 2: KeR888 ($115.24 in chips) 
Seat 3: Calvmcd85 ($57.88 in chips) 
Seat 4: shootingGRID ($131.57 in chips) 
Seat 5: ffac ($102.90 in chips) 
Seat 6: nikalas22 ($100.55 in chips) 
nikalas22: posts small blind $0.50
ghc_2: posts big blind $1
*** HOLE CARDS ***
KeR888: folds 
Calvmcd85: calls $1
shootingGRID: raises $3 to $4
ffac: folds 
nikalas22: folds 
ghc_2: folds 
Calvmcd85: calls $3
*** FLOP *** [7s 2c 5s]
Calvmcd85: checks 
shootingGRID: bets $2.98
Calvmcd85: folds 
Uncalled bet ($2.98) returned to shootingGRID
shootingGRID collected $9.02 from pot
*** SUMMARY ***
Total pot $9.50 | Rake $0.48 
Board [7s 2c 5s]
Seat 1: ghc_2 (big blind) folded before Flop
Seat 2: KeR888 folded before Flop (didn't bet)
Seat 3: Calvmcd85 folded on the Flop
Seat 4: shootingGRID collected ($9.02)
Seat 5: ffac (button) folded before Flop (didn't bet)
Seat 6: nikalas22 (small blind) folded before Flop



PokerStars Hand #254616418712:  Hold'em No Limit ($0.50/$1.00 USD) - 2025/01/29 2:01:58 WET [2025/01/29 21:01:58 ET]
Table 'Simona' 6-max Seat #6 is the button
Seat 1: ghc_2 ($102.02 in chips) 
Seat 2: KeR888 ($115.24 in chips) 
Seat 3: Calvmcd85 ($53.88 in chips) 
Seat 4: shootingGRID ($136.59 in chips) 
Seat 5: ffac ($102.90 in chips) 
Seat 6: nikalas22 ($100.05 in chips) 
ghc_2: posts small blind $0.50
KeR888: posts big blind $1
*** HOLE CARDS ***
Calvmcd85: calls $1
shootingGRID: folds 
ffac: folds 
nikalas22: folds 
ghc_2: raises $7 to $8
KeR888: folds 
Calvmcd85: folds 
Uncalled bet ($7) returned to ghc_2
ghc_2 collected $3 from pot
ghc_2: doesn't show hand 
*** SUMMARY ***
Total pot $3 | Rake $0 
Seat 1: ghc_2 (small blind) collected ($3)
Seat 2: KeR888 (big blind) folded before Flop
Seat 3: Calvmcd85 folded before Flop
Seat 4: shootingGRID folded before Flop (didn't bet)
Seat 5: ffac folded before Flop (didn't bet)
Seat 6: nikalas22 (button) folded before Flop (didn't bet)



PokerStars Hand #254616422317:  Hold'em No Limit ($0.50/$1.00 USD) - 2025/01/29 2:02:21 WET [2025/01/29 21:02:21 ET]
Table 'Simona' 6-max Seat #1 is the button
Seat 1: ghc_2 ($104.02 in chips) 
Seat 2: KeR888 ($114.24 in chips) 
Seat 3: Calvmcd85 ($52.88 in chips) 
Seat 4: shootingGRID ($136.59 in chips) 
Seat 5: ffac ($102.90 in chips) 
Seat 6: nikalas22 ($100.05 in chips) 
KeR888: posts small blind $0.50
Calvmcd85: posts big blind $1
*** HOLE CARDS ***
shootingGRID: folds 
ffac: raises $1.04 to $2.04
nikalas22: folds 
ghc_2: folds 
KeR888: folds 
Calvmcd85: folds 
Uncalled bet ($1.04) returned to ffac
ffac collected $2.50 from pot
ffac: doesn't show hand 
*** SUMMARY ***
Total pot $2.50 | Rake $0 
Seat 1: ghc_2 (button) folded before Flop (didn't bet)
Seat 2: KeR888 (small blind) folded before Flop
Seat 3: Calvmcd85 (big blind) folded before Flop
Seat 4: shootingGRID folded before Flop (didn't bet)
Seat 5: ffac collected ($2.50)
Seat 6: nikalas22 folded before Flop (didn't bet)



PokerStars Hand #254616425109:  Hold'em No Limit ($0.50/$1.00 USD) - 2025/01/29 2:02:38 WET [2025/01/29 21:02:38 ET]
Table 'Simona' 6-max Seat #2 is the button
Seat 1: ghc_2 ($104.02 in chips) 
Seat 2: KeR888 ($113.74 in chips) 
Seat 3: Calvmcd85 ($51.88 in chips) 
Seat 4: shootingGRID ($136.59 in chips) 
Seat 5: ffac ($104.40 in chips) 
Seat 6: nikalas22 ($100.05 in chips) 
Calvmcd85: posts small blind $0.50
shootingGRID: posts big blind $1
*** HOLE CARDS ***
ffac: raises $1.04 to $2.04
nikalas22: folds 
ghc_2: raises $4.46 to $6.50
KeR888: folds 
Calvmcd85: folds 
shootingGRID: folds 
ffac: raises $93 to $99.50
ghc_2: raises $4.52 to $104.02 and is all-in
ffac: calls $4.52
*** FLOP *** [Qs Ad 8d]
*** TURN *** [Qs Ad 8d] [Jc]
*** RIVER *** [Qs Ad 8d Jc] [Ah]
*** SHOW DOWN ***
ffac: shows [Kd As] (three of a kind, Aces)
ghc_2: shows [Th Tc] (two pair, Aces and Tens)
ffac collected $207.04 from pot
*** SUMMARY ***
Total pot $209.54 | Rake $2.50 
Board [Qs Ad 8d Jc Ah]
Seat 1: ghc_2 showed [Th Tc] and lost with two pair, Aces and Tens
Seat 2: KeR888 (button) folded before Flop (didn't bet)
Seat 3: Calvmcd85 (small blind) folded before Flop
Seat 4: shootingGRID (big blind) folded before Flop
Seat 5: ffac showed [Kd As] and won ($207.04) with three of a kind, Aces
Seat 6: nikalas22 folded before Flop (didn't bet)



PokerStars Hand #254616438620:  Hold'em No Limit ($0.50/$1.00 USD) - 2025/01/29 2:04:05 WET [2025/01/29 21:04:05 ET]
Table 'Simona' 6-max Seat #3 is the button
Seat 1: ghc_2 ($100 in chips) 
Seat 2: KeR888 ($113.74 in chips) 
Seat 3: Calvmcd85 ($51.38 in chips) 
Seat 4: shootingGRID ($135.59 in chips) 
Seat 5: ffac ($207.42 in chips) 
Seat 6: nikalas22 ($100.05 in chips) 
shootingGRID: posts small blind $0.50
ffac: posts big blind $1
*** HOLE CARDS ***
nikalas22: raises $1.50 to $2.50
ghc_2: raises $5 to $7.50
KeR888: folds 
Calvmcd85: folds 
shootingGRID: folds 
ffac: folds 
nikalas22: calls $5
*** FLOP *** [8s 9h Qh]
nikalas22: checks 
ghc_2: checks 
*** TURN *** [8s 9h Qh] [9d]
nikalas22: checks 
ghc_2: bets $10.35
nikalas22: folds 
Uncalled bet ($10.35) returned to ghc_2
ghc_2 collected $15.68 from pot
ghc_2: doesn't show hand 
*** SUMMARY ***
Total pot $16.50 | Rake $0.82 
Board [8s 9h Qh 9d]
Seat 1: ghc_2 collected ($15.68)
Seat 2: KeR888 folded before Flop (didn't bet)
Seat 3: Calvmcd85 (button) folded before Flop (didn't bet)
Seat 4: shootingGRID (small blind) folded before Flop
Seat 5: ffac (big blind) folded before Flop
Seat 6: nikalas22 folded on the Turn



PokerStars Hand #254616448214:  Hold'em No Limit ($0.50/$1.00 USD) - 2025/01/29 2:05:05 WET [2025/01/29 21:05:05 ET]
Table 'Simona' 6-max Seat #4 is the button
Seat 1: ghc_2 ($108.18 in chips) 
Seat 2: KeR888 ($113.74 in chips) 
Seat 3: Calvmcd85 ($51.38 in chips) 
Seat 4: shootingGRID ($135.09 in chips) 
Seat 5: ffac ($206.42 in chips) 
Seat 6: nikalas22 ($100 in chips) 
ffac: posts small blind $0.50
nikalas22: posts big blind $1
*** HOLE CARDS ***
ghc_2: folds 
KeR888: folds 
Calvmcd85: folds 
shootingGRID: folds 
ffac: folds 
Uncalled bet ($0.50) returned to nikalas22
nikalas22 collected $1 from pot
nikalas22: doesn't show hand 
*** SUMMARY ***
Total pot $1 | Rake $0 
Seat 1: ghc_2 folded before Flop (didn't bet)
Seat 2: KeR888 folded before Flop (didn't bet)
Seat 3: Calvmcd85 folded before Flop (didn't bet)
Seat 4: shootingGRID (button) folded before Flop (didn't bet)
Seat 5: ffac (small blind) folded before Flop
Seat 6: nikalas22 (big blind) collected ($1)



PokerStars Hand #254616449955:  Hold'em No Limit ($0.50/$1.00 USD) - 2025/01/29 2:05:16 WET [2025/01/29 21:05:16 ET]
Table 'Simona' 6-max Seat #5 is the button
Seat 1: ghc_2 ($108.18 in chips) 
Seat 2: KeR888 ($113.74 in chips) 
Seat 3: Calvmcd85 ($51.38 in chips) 
Seat 4: shootingGRID ($135.09 in chips) 
Seat 5: ffac ($205.92 in chips) 
Seat 6: nikalas22 ($100.50 in chips) 
nikalas22: posts small blind $0.50
ghc_2: posts big blind $1
*** HOLE CARDS ***
KeR888: raises $1.20 to $2.20
Calvmcd85: calls $2.20
shootingGRID: folds 
ffac: folds 
nikalas22: folds 
ghc_2: folds 
*** FLOP *** [Ah Kd 7c]
KeR888: bets $2.80
Calvmcd85: calls $2.80
*** TURN *** [Ah Kd 7c] [2c]
KeR888: bets $15
Calvmcd85: folds 
Uncalled bet ($15) returned to KeR888
KeR888 collected $10.92 from pot
KeR888: doesn't show hand 
*** SUMMARY ***
Total pot $11.50 | Rake $0.58 
Board [Ah Kd 7c 2c]
Seat 1: ghc_2 (big blind) folded before Flop
Seat 2: KeR888 collected ($10.92)
Seat 3: Calvmcd85 folded on the Turn
Seat 4: shootingGRID folded before Flop (didn't bet)
Seat 5: ffac (button) folded before Flop (didn't bet)
Seat 6: nikalas22 (small blind) folded before Flop



PokerStars Hand #254616457248:  Hold'em No Limit ($0.50/$1.00 USD) - 2025/01/29 2:06:02 WET [2025/01/29 21:06:02 ET]
Table 'Simona' 6-max Seat #6 is the button
Seat 1: ghc_2 ($107.18 in chips) 
Seat 2: KeR888 ($119.66 in chips) 
Seat 3: Calvmcd85 ($46.38 in chips) 
Seat 4: shootingGRID ($135.09 in chips) 
Seat 5: ffac ($205.92 in chips) 
Seat 6: nikalas22 ($100 in chips) 
ghc_2: posts small blind $0.50
KeR888: posts big blind $1
*** HOLE CARDS ***
Calvmcd85: folds 
shootingGRID: folds 
ffac: folds 
nikalas22: folds 
ghc_2: folds 
Uncalled bet ($0.50) returned to KeR888
KeR888 collected $1 from pot
KeR888: doesn't show hand 
*** SUMMARY ***
Total pot $1 | Rake $0 
Seat 1: ghc_2 (small blind) folded before Flop
Seat 2: KeR888 (big blind) collected ($1)
Seat 3: Calvmcd85 folded before Flop (didn't bet)
Seat 4: shootingGRID folded before Flop (didn't bet)
Seat 5: ffac folded before Flop (didn't bet)
Seat 6: nikalas22 (button) folded before Flop (didn't bet)



PokerStars Hand #254616460316:  Hold'em No Limit ($0.50/$1.00 USD) - 2025/01/29 2:06:22 WET [2025/01/29 21:06:22 ET]
Table 'Simona' 6-max Seat #1 is the button
Seat 1: ghc_2 ($106.68 in chips) 
Seat 2: KeR888 ($120.16 in chips) 
Seat 3: Calvmcd85 ($46.38 in chips) 
Seat 4: shootingGRID ($135.09 in chips) 
Seat 5: ffac ($205.92 in chips) 
Seat 6: nikalas22 ($100 in chips) 
KeR888: posts small blind $0.50
Calvmcd85: posts big blind $1
*** HOLE CARDS ***
shootingGRID: folds 
ffac: raises $1.04 to $2.04
nikalas22: folds 
ghc_2: folds 
KeR888: folds 
Calvmcd85: calls $1.04
*** FLOP *** [2c 9d Kd]
Calvmcd85: checks 
ffac: bets $1.44
Calvmcd85: calls $1.44
*** TURN *** [2c 9d Kd] [6c]
Calvmcd85: checks 
ffac: bets $2.34
Calvmcd85: calls $2.34
*** RIVER *** [2c 9d Kd 6c] [Jc]
Calvmcd85: checks 
ffac: bets $11.53
Calvmcd85: folds 
Uncalled bet ($11.53) returned to ffac
ffac collected $11.53 from pot
ffac: doesn't show hand 
*** SUMMARY ***
Total pot $12.14 | Rake $0.61 
Board [2c 9d Kd 6c Jc]
Seat 1: ghc_2 (button) folded before Flop (didn't bet)
Seat 2: KeR888 (small blind) folded before Flop
Seat 3: Calvmcd85 (big blind) folded on the River
Seat 4: shootingGRID folded before Flop (didn't bet)
Seat 5: ffac collected ($11.53)
Seat 6: nikalas22 folded before Flop (didn't bet)



PokerStars Hand #254616469950:  Hold'em No Limit ($0.50/$1.00 USD) - 2025/01/29 2:07:24 WET [2025/01/29 21:07:24 ET]
Table 'Simona' 6-max Seat #2 is the button
Seat 1: ghc_2 ($106.68 in chips) 
Seat 2: KeR888 ($119.66 in chips) 
Seat 3: Calvmcd85 ($40.56 in chips) 
Seat 4: shootingGRID ($135.09 in chips) 
Seat 5: ffac ($211.63 in chips) 
Seat 6: nikalas22 ($100 in chips) 
Calvmcd85: posts small blind $0.50
shootingGRID: posts big blind $1
*** HOLE CARDS ***
ffac: folds 
nikalas22: raises $1.50 to $2.50
ghc_2: folds 
KeR888: folds 
Calvmcd85: calls $2
shootingGRID: raises $11.50 to $14
nikalas22: folds 
Calvmcd85: folds 
Uncalled bet ($11.50) returned to shootingGRID
shootingGRID collected $7.50 from pot
*** SUMMARY ***
Total pot $7.50 | Rake $0 
Seat 1: ghc_2 folded before Flop (didn't bet)
Seat 2: KeR888 (button) folded before Flop (didn't bet)
Seat 3: Calvmcd85 (small blind) folded before Flop
Seat 4: shootingGRID (big blind) collected ($7.50)
Seat 5: ffac folded before Flop (didn't bet)
Seat 6: nikalas22 folded before Flop



PokerStars Hand #254616476409:  Hold'em No Limit ($0.50/$1.00 USD) - 2025/01/29 2:08:06 WET [2025/01/29 21:08:06 ET]
Table 'Simona' 6-max Seat #3 is the button
Seat 1: ghc_2 ($106.68 in chips) 
Seat 2: KeR888 ($119.66 in chips) 
Seat 3: Calvmcd85 ($38.06 in chips) 
Seat 4: shootingGRID ($140.09 in chips) 
Seat 5: ffac ($211.63 in chips) 
Seat 6: nikalas22 ($100 in chips) 
shootingGRID: posts small blind $0.50
ffac: posts big blind $1
*** HOLE CARDS ***
nikalas22: folds 
ghc_2: folds 
KeR888: folds 
Calvmcd85: folds 
shootingGRID: raises $2 to $3
ffac: raises $6 to $9
shootingGRID: calls $6
*** FLOP *** [5d 3d Ad]
shootingGRID: checks 
ffac: bets $4.28
shootingGRID: calls $4.28
*** TURN *** [5d 3d Ad] [9h]
shootingGRID: checks 
ffac: checks 
*** RIVER *** [5d 3d Ad 9h] [2d]
shootingGRID: checks 
ffac: bets $12.62
shootingGRID has timed out
shootingGRID: folds 
Uncalled bet ($12.62) returned to ffac
ffac collected $25.23 from pot
ffac: doesn't show hand 
*** SUMMARY ***
Total pot $26.56 | Rake $1.33 
Board [5d 3d Ad 9h 2d]
Seat 1: ghc_2 folded before Flop (didn't bet)
Seat 2: KeR888 folded before Flop (didn't bet)
Seat 3: Calvmcd85 (button) folded before Flop (didn't bet)
Seat 4: shootingGRID (small blind) folded on the River
Seat 5: ffac (big blind) collected ($25.23)
Seat 6: nikalas22 folded before Flop (didn't bet)



PokerStars Hand #254616499474:  Hold'em No Limit ($0.50/$1.00 USD) - 2025/01/29 2:10:37 WET [2025/01/29 21:10:37 ET]
Table 'Simona' 6-max Seat #4 is the button
Seat 1: ghc_2 ($106.68 in chips) 
Seat 2: KeR888 ($119.66 in chips) 
Seat 3: Calvmcd85 ($38.06 in chips) 
Seat 4: shootingGRID ($126.81 in chips) 
Seat 5: ffac ($223.58 in chips) 
Seat 6: nikalas22 ($100 in chips) 
ffac: posts small blind $0.50
nikalas22: posts big blind $1
*** HOLE CARDS ***
ghc_2: folds 
KeR888: folds 
Calvmcd85: folds 
shootingGRID: folds 
ffac: raises $2 to $3
nikalas22: folds 
Uncalled bet ($2) returned to ffac
ffac collected $2 from pot
ffac: doesn't show hand 
*** SUMMARY ***
Total pot $2 | Rake $0 
Seat 1: ghc_2 folded before Flop (didn't bet)
Seat 2: KeR888 folded before Flop (didn't bet)
Seat 3: Calvmcd85 folded before Flop (didn't bet)
Seat 4: shootingGRID (button) folded before Flop (didn't bet)
Seat 5: ffac (small blind) collected ($2)
Seat 6: nikalas22 (big blind) folded before Flop



PokerStars Hand #254616502400:  Hold'em No Limit ($0.50/$1.00 USD) - 2025/01/29 2:10:56 WET [2025/01/29 21:10:56 ET]
Table 'Simona' 6-max Seat #5 is the button
Seat 1: ghc_2 ($106.68 in chips) 
Seat 2: KeR888 ($119.66 in chips) 
Seat 3: Calvmcd85 ($38.06 in chips) 
Seat 4: shootingGRID ($126.81 in chips) 
Seat 5: ffac ($224.58 in chips) 
Seat 6: nikalas22 ($100 in chips) 
nikalas22: posts small blind $0.50
ghc_2: posts big blind $1
*** HOLE CARDS ***
KeR888: folds 
Calvmcd85: folds 
shootingGRID: raises $1.25 to $2.25
ffac: folds 
nikalas22: folds 
ghc_2: folds 
Uncalled bet ($1.25) returned to shootingGRID
shootingGRID collected $2.50 from pot
*** SUMMARY ***
Total pot $2.50 | Rake $0 
Seat 1: ghc_2 (big blind) folded before Flop
Seat 2: KeR888 folded before Flop (didn't bet)
Seat 3: Calvmcd85 folded before Flop (didn't bet)
Seat 4: shootingGRID collected ($2.50)
Seat 5: ffac (button) folded before Flop (didn't bet)
Seat 6: nikalas22 (small blind) folded before Flop



PokerStars Hand #254616505008:  Hold'em No Limit ($0.50/$1.00 USD) - 2025/01/29 2:11:13 WET [2025/01/29 21:11:13 ET]
Table 'Simona' 6-max Seat #6 is the button
Seat 1: ghc_2 ($105.68 in chips) 
Seat 2: KeR888 ($119.66 in chips) 
Seat 3: Calvmcd85 ($38.06 in chips) 
Seat 4: shootingGRID ($128.31 in chips) 
Seat 5: ffac ($224.58 in chips) 
Seat 6: nikalas22 ($100 in chips) 
ghc_2: posts small blind $0.50
KeR888: posts big blind $1
*** HOLE CARDS ***
Calvmcd85: calls $1
shootingGRID: folds 
ffac: folds 
nikalas22: folds 
ghc_2: folds 
KeR888: checks 
*** FLOP *** [7d 8c 6c]
KeR888: checks 
Calvmcd85: checks 
*** TURN *** [7d 8c 6c] [9s]
KeR888: checks 
Calvmcd85: bets $3
KeR888: folds 
Uncalled bet ($3) returned to Calvmcd85
Calvmcd85 collected $2.38 from pot
Calvmcd85: doesn't show hand 
*** SUMMARY ***
Total pot $2.50 | Rake $0.12 
Board [7d 8c 6c 9s]
Seat 1: ghc_2 (small blind) folded before Flop
Seat 2: KeR888 (big blind) folded on the Turn
Seat 3: Calvmcd85 collected ($2.38)
Seat 4: shootingGRID folded before Flop (didn't bet)
Seat 5: ffac folded before Flop (didn't bet)
Seat 6: nikalas22 (button) folded before Flop (didn't bet)



PokerStars Hand #254616510298:  Hold'em No Limit ($0.50/$1.00 USD) - 2025/01/29 2:11:48 WET [2025/01/29 21:11:48 ET]
Table 'Simona' 6-max Seat #1 is the button
Seat 1: ghc_2 ($105.18 in chips) 
Seat 2: KeR888 ($118.66 in chips) 
Seat 3: Calvmcd85 ($39.44 in chips) 
Seat 4: shootingGRID ($128.31 in chips) 
Seat 5: ffac ($224.58 in chips) 
Seat 6: nikalas22 ($100 in chips) 
KeR888: posts small blind $0.50
Calvmcd85: posts big blind $1
*** HOLE CARDS ***
shootingGRID: folds 
ffac: folds 
nikalas22: folds 
ghc_2: folds 
KeR888: folds 
Uncalled bet ($0.50) returned to Calvmcd85
Calvmcd85 collected $1 from pot
Calvmcd85: doesn't show hand 
*** SUMMARY ***
Total pot $1 | Rake $0 
Seat 1: ghc_2 (button) folded before Flop (didn't bet)
Seat 2: KeR888 (small blind) folded before Flop
Seat 3: Calvmcd85 (big blind) collected ($1)
Seat 4: shootingGRID folded before Flop (didn't bet)
Seat 5: ffac folded before Flop (didn't bet)
Seat 6: nikalas22 folded before Flop (didn't bet)



PokerStars Hand #254616512623:  Hold'em No Limit ($0.50/$1.00 USD) - 2025/01/29 2:12:03 WET [2025/01/29 21:12:03 ET]
Table 'Simona' 6-max Seat #2 is the button
Seat 1: ghc_2 ($105.18 in chips) 
Seat 2: KeR888 ($118.16 in chips) 
Seat 3: Calvmcd85 ($39.94 in chips) 
Seat 4: shootingGRID ($128.31 in chips) 
Seat 5: ffac ($224.58 in chips) 
Seat 6: nikalas22 ($100 in chips) 
Calvmcd85: posts small blind $0.50
shootingGRID: posts big blind $1
*** HOLE CARDS ***
ffac: raises $1.04 to $2.04
nikalas22: folds 
ghc_2: folds 
KeR888: folds 
Calvmcd85: calls $1.54
shootingGRID: folds 
*** FLOP *** [As Ad 6d]
Calvmcd85: bets $2
ffac: calls $2
*** TURN *** [As Ad 6d] [Tc]
Calvmcd85: checks 
ffac: checks 
*** RIVER *** [As Ad 6d Tc] [8h]
Calvmcd85: checks 
ffac: checks 
*** SHOW DOWN ***
Calvmcd85: shows [Jd Kh] (a pair of Aces)
ffac: mucks hand 
Calvmcd85 collected $8.63 from pot
*** SUMMARY ***
Total pot $9.08 | Rake $0.45 
Board [As Ad 6d Tc 8h]
Seat 1: ghc_2 folded before Flop (didn't bet)
Seat 2: KeR888 (button) folded before Flop (didn't bet)
Seat 3: Calvmcd85 (small blind) showed [Jd Kh] and won ($8.63) with a pair of Aces
Seat 4: shootingGRID (big blind) folded before Flop
Seat 5: ffac mucked
Seat 6: nikalas22 folded before Flop (didn't bet)



PokerStars Hand #254616522304:  Hold'em No Limit ($0.50/$1.00 USD) - 2025/01/29 2:13:07 WET [2025/01/29 21:13:07 ET]
Table 'Simona' 6-max Seat #3 is the button
Seat 1: ghc_2 ($105.18 in chips) 
Seat 2: KeR888 ($118.16 in chips) 
Seat 3: Calvmcd85 ($44.53 in chips) 
Seat 4: shootingGRID ($127.31 in chips) 
Seat 5: ffac ($220.54 in chips) 
Seat 6: nikalas22 ($100 in chips) 
shootingGRID: posts small blind $0.50
ffac: posts big blind $1
*** HOLE CARDS ***
nikalas22: folds 
ghc_2: folds 
KeR888: raises $1.50 to $2.50
Calvmcd85: folds 
shootingGRID: folds 
ffac: calls $1.50
*** FLOP *** [7s Kd 9h]
ffac: checks 
KeR888: bets $2.61
ffac: calls $2.61
*** TURN *** [7s Kd 9h] [2h]
ffac: checks 
KeR888: checks 
*** RIVER *** [7s Kd 9h 2h] [Ac]
ffac: checks 
KeR888: bets $7.64
ffac: calls $7.64
*** SHOW DOWN ***
KeR888: shows [As Ts] (a pair of Aces)
ffac: shows [7d Ah] (two pair, Aces and Sevens)
ffac collected $24.70 from pot
*** SUMMARY ***
Total pot $26 | Rake $1.30 
Board [7s Kd 9h 2h Ac]
Seat 1: ghc_2 folded before Flop (didn't bet)
Seat 2: KeR888 showed [As Ts] and lost with a pair of Aces
Seat 3: Calvmcd85 (button) folded before Flop (didn't bet)
Seat 4: shootingGRID (small blind) folded before Flop
Seat 5: ffac (big blind) showed [7d Ah] and won ($24.70) with two pair, Aces and Sevens
Seat 6: nikalas22 folded before Flop (didn't bet)



PokerStars Hand #254616534727:  Hold'em No Limit ($0.50/$1.00 USD) - 2025/01/29 2:14:29 WET [2025/01/29 21:14:29 ET]
Table 'Simona' 6-max Seat #4 is the button
Seat 1: ghc_2 ($105.18 in chips) 
Seat 2: KeR888 ($105.41 in chips) 
Seat 3: Calvmcd85 ($44.53 in chips) 
Seat 4: shootingGRID ($126.81 in chips) 
Seat 5: ffac ($232.49 in chips) 
Seat 6: nikalas22 ($100 in chips) 
ffac: posts small blind $0.50
nikalas22: posts big blind $1
*** HOLE CARDS ***
ghc_2: raises $1 to $2
KeR888: folds 
Calvmcd85: folds 
shootingGRID: folds 
ffac: folds 
nikalas22: folds 
Uncalled bet ($1) returned to ghc_2
ghc_2 collected $2.50 from pot
ghc_2: doesn't show hand 
*** SUMMARY ***
Total pot $2.50 | Rake $0 
Seat 1: ghc_2 collected ($2.50)
Seat 2: KeR888 folded before Flop (didn't bet)
Seat 3: Calvmcd85 folded before Flop (didn't bet)
Seat 4: shootingGRID (button) folded before Flop (didn't bet)
Seat 5: ffac (small blind) folded before Flop
Seat 6: nikalas22 (big blind) folded before Flop



PokerStars Hand #254616539030:  Hold'em No Limit ($0.50/$1.00 USD) - 2025/01/29 2:14:57 WET [2025/01/29 21:14:57 ET]
Table 'Simona' 6-max Seat #5 is the button
Seat 1: ghc_2 ($106.68 in chips) 
Seat 2: KeR888 ($105.41 in chips) 
Seat 3: Calvmcd85 ($44.53 in chips) 
Seat 4: shootingGRID ($126.81 in chips) 
Seat 5: ffac ($231.99 in chips) 
Seat 6: nikalas22 ($100 in chips) 
nikalas22: posts small blind $0.50
ghc_2: posts big blind $1
*** HOLE CARDS ***
KeR888: raises $1.20 to $2.20
Calvmcd85: folds 
shootingGRID: folds 
ffac: folds 
nikalas22: folds 
ghc_2: folds 
Uncalled bet ($1.20) returned to KeR888
KeR888 collected $2.50 from pot
KeR888: doesn't show hand 
*** SUMMARY ***
Total pot $2.50 | Rake $0 
Seat 1: ghc_2 (big blind) folded before Flop
Seat 2: KeR888 collected ($2.50)
Seat 3: Calvmcd85 folded before Flop (didn't bet)
Seat 4: shootingGRID folded before Flop (didn't bet)
Seat 5: ffac (button) folded before Flop (didn't bet)
Seat 6: nikalas22 (small blind) folded before Flop



PokerStars Hand #254616541886:  Hold'em No Limit ($0.50/$1.00 USD) - 2025/01/29 2:15:16 WET [2025/01/29 21:15:16 ET]
Table 'Simona' 6-max Seat #6 is the button
Seat 1: ghc_2 ($105.68 in chips) 
Seat 2: KeR888 ($106.91 in chips) 
Seat 3: Calvmcd85 ($44.53 in chips) 
Seat 4: shootingGRID ($126.81 in chips) 
Seat 5: ffac ($231.99 in chips) 
Seat 6: nikalas22 ($100 in chips) 
ghc_2: posts small blind $0.50
KeR888: posts big blind $1
*** HOLE CARDS ***
Calvmcd85: folds 
shootingGRID: raises $1.25 to $2.25
ffac: folds 
nikalas22: folds 
ghc_2: folds 
KeR888: folds 
Uncalled bet ($1.25) returned to shootingGRID
shootingGRID collected $2.50 from pot
*** SUMMARY ***
Total pot $2.50 | Rake $0 
Seat 1: ghc_2 (small blind) folded before Flop
Seat 2: KeR888 (big blind) folded before Flop
Seat 3: Calvmcd85 folded before Flop (didn't bet)
Seat 4: shootingGRID collected ($2.50)
Seat 5: ffac folded before Flop (didn't bet)
Seat 6: nikalas22 (button) folded before Flop (didn't bet)



PokerStars Hand #254616544164:  Hold'em No Limit ($0.50/$1.00 USD) - 2025/01/29 2:15:31 WET [2025/01/29 21:15:31 ET]
Table 'Simona' 6-max Seat #1 is the button
Seat 1: ghc_2 ($105.18 in chips) 
Seat 2: KeR888 ($105.91 in chips) 
Seat 3: Calvmcd85 ($44.53 in chips) 
Seat 4: shootingGRID ($128.31 in chips) 
Seat 5: ffac ($231.99 in chips) 
Seat 6: nikalas22 ($100 in chips) 
KeR888: posts small blind $0.50
Calvmcd85: posts big blind $1
*** HOLE CARDS ***
shootingGRID: raises $1.25 to $2.25
ffac: folds 
nikalas22: folds 
ghc_2: folds 
KeR888: folds 
Calvmcd85: folds 
Uncalled bet ($1.25) returned to shootingGRID
shootingGRID collected $2.50 from pot
*** SUMMARY ***
Total pot $2.50 | Rake $0 
Seat 1: ghc_2 (button) folded before Flop (didn't bet)
Seat 2: KeR888 (small blind) folded before Flop
Seat 3: Calvmcd85 (big blind) folded before Flop
Seat 4: shootingGRID collected ($2.50)
Seat 5: ffac folded before Flop (didn't bet)
Seat 6: nikalas22 folded before Flop (didn't bet)



PokerStars Hand #254616545801:  Hold'em No Limit ($0.50/$1.00 USD) - 2025/01/29 2:15:42 WET [2025/01/29 21:15:42 ET]
Table 'Simona' 6-max Seat #2 is the button
Seat 1: ghc_2 ($105.18 in chips) 
Seat 2: KeR888 ($105.41 in chips) 
Seat 3: Calvmcd85 ($43.53 in chips) 
Seat 4: shootingGRID ($129.81 in chips) 
Seat 5: ffac ($231.99 in chips) 
Seat 6: nikalas22 ($100 in chips) 
Calvmcd85: posts small blind $0.50
shootingGRID: posts big blind $1
*** HOLE CARDS ***
ffac: raises $1.04 to $2.04
nikalas22: folds 
ghc_2: folds 
KeR888: folds 
Calvmcd85: folds 
shootingGRID: folds 
Uncalled bet ($1.04) returned to ffac
ffac collected $2.50 from pot
ffac: doesn't show hand 
*** SUMMARY ***
Total pot $2.50 | Rake $0 
Seat 1: ghc_2 folded before Flop (didn't bet)
Seat 2: KeR888 (button) folded before Flop (didn't bet)
Seat 3: Calvmcd85 (small blind) folded before Flop
Seat 4: shootingGRID (big blind) folded before Flop
Seat 5: ffac collected ($2.50)
Seat 6: nikalas22 folded before Flop (didn't bet)



PokerStars Hand #254616549128:  Hold'em No Limit ($0.50/$1.00 USD) - 2025/01/29 2:16:04 WET [2025/01/29 21:16:04 ET]
Table 'Simona' 6-max Seat #3 is the button
Seat 1: ghc_2 ($105.18 in chips) 
Seat 2: KeR888 ($105.41 in chips) 
Seat 3: Calvmcd85 ($43.03 in chips) 
Seat 4: shootingGRID ($128.81 in chips) 
Seat 5: ffac ($233.49 in chips) 
Seat 6: nikalas22 ($100 in chips) 
shootingGRID: posts small blind $0.50
ffac: posts big blind $1
*** HOLE CARDS ***
nikalas22: raises $1.50 to $2.50
ghc_2: folds 
KeR888: folds 
Calvmcd85: calls $2.50
shootingGRID: calls $2
ffac: folds 
*** FLOP *** [Jc Qd 7s]
shootingGRID: checks 
nikalas22: bets $2.42
Calvmcd85: calls $2.42
shootingGRID: folds 
*** TURN *** [Jc Qd 7s] [8h]
nikalas22: checks 
Calvmcd85: checks 
*** RIVER *** [Jc Qd 7s 8h] [Ks]
nikalas22: checks 
Calvmcd85: checks 
*** SHOW DOWN ***
nikalas22: shows [Ah Qs] (a pair of Queens)
Calvmcd85: shows [5d Kd] (a pair of Kings)
Calvmcd85 collected $12.67 from pot
*** SUMMARY ***
Total pot $13.34 | Rake $0.67 
Board [Jc Qd 7s 8h Ks]
Seat 1: ghc_2 folded before Flop (didn't bet)
Seat 2: KeR888 folded before Flop (didn't bet)
Seat 3: Calvmcd85 (button) showed [5d Kd] and won ($12.67) with a pair of Kings
Seat 4: shootingGRID (small blind) folded on the Flop
Seat 5: ffac (big blind) folded before Flop
Seat 6: nikalas22 showed [Ah Qs] and lost with a pair of Queens



PokerStars Hand #254616555947:  Hold'em No Limit ($0.50/$1.00 USD) - 2025/01/29 2:16:50 WET [2025/01/29 21:16:50 ET]
Table 'Simona' 6-max Seat #4 is the button
Seat 1: ghc_2 ($105.18 in chips) 
Seat 2: KeR888 ($105.41 in chips) 
Seat 3: Calvmcd85 ($50.78 in chips) 
Seat 4: shootingGRID ($126.31 in chips) 
Seat 5: ffac ($232.49 in chips) 
Seat 6: nikalas22 ($100 in chips) 
ffac: posts small blind $0.50
nikalas22: posts big blind $1
*** HOLE CARDS ***
ghc_2: folds 
KeR888: folds 
Calvmcd85: raises $2 to $3
shootingGRID: raises $6 to $9
ffac: folds 
nikalas22: folds 
Calvmcd85: folds 
Uncalled bet ($6) returned to shootingGRID
shootingGRID collected $7.50 from pot
*** SUMMARY ***
Total pot $7.50 | Rake $0 
Seat 1: ghc_2 folded before Flop (didn't bet)
Seat 2: KeR888 folded before Flop (didn't bet)
Seat 3: Calvmcd85 folded before Flop
Seat 4: shootingGRID (button) collected ($7.50)
Seat 5: ffac (small blind) folded before Flop
Seat 6: nikalas22 (big blind) folded before Flop



PokerStars Hand #254616646717:  Hold'em No Limit ($0.50/$1.00 USD) - 2025/01/29 2:27:00 WET [2025/01/29 21:27:00 ET]
Table 'Simona' 6-max Seat #3 is the button
Seat 1: ghc_2 ($139.97 in chips) is sitting out
Seat 2: KeR888 ($112.96 in chips) is sitting out
Seat 4: shootingGRID ($125.72 in chips) is sitting out
Seat 3: Calvmcd85 ($36.56 in chips) 
Seat 5: ffac ($259.29 in chips) 
Seat 6: Seavus10 ($100 in chips) 
ffac: posts small blind $0.50
Seavus10: posts big blind $1
ghc_2: sits out 
KeR888: sits out 
*** HOLE CARDS ***
Calvmcd85: folds 
ffac: folds 
Uncalled bet ($0.50) returned to Seavus10
Seavus10 collected $1 from pot
Seavus10: doesn't show hand 
*** SUMMARY ***
Total pot $1 | Rake $0 
Seat 1: ghc_2
Seat 2: KeR888
Seat 4: shootingGRID
Seat 3: Calvmcd85 (button) folded before Flop (didn't bet)
Seat 5: ffac (small blind) folded before Flop
Seat 6: Seavus10 (big blind) collected ($1)



PokerStars Hand #254616648048:  Hold'em No Limit ($0.50/$1.00 USD) - 2025/01/29 2:27:10 WET [2025/01/29 21:27:10 ET]
Table 'Simona' 6-max Seat #5 is the button
Seat 2: KeR888 ($112.96 in chips) is sitting out
Seat 4: shootingGRID ($125.72 in chips) is sitting out
Seat 1: ghc_2 ($139.97 in chips) 
Seat 3: Calvmcd85 ($36.56 in chips) 
Seat 5: ffac ($258.79 in chips) 
Seat 6: Seavus10 ($100.50 in chips) 
Seavus10: posts small blind $0.50
ghc_2: posts big blind $1
KeR888: sits out 
shootingGRID: sits out 
*** HOLE CARDS ***
Calvmcd85: folds 
ffac: folds 
Seavus10: raises $2 to $3
ghc_2: calls $2
*** FLOP *** [Js 5s Qs]
Seavus10: bets $1.90
ghc_2: calls $1.90
*** TURN *** [Js 5s Qs] [Kh]
Seavus10: bets $6.48
ghc_2: calls $6.48
*** RIVER *** [Js 5s Qs Kh] [7h]
Seavus10: bets $14.51
ghc_2: folds 
Uncalled bet ($14.51) returned to Seavus10
Seavus10 collected $21.76 from pot
Seavus10: doesn't show hand 
*** SUMMARY ***
Total pot $22.76 | Rake $1 
Board [Js 5s Qs Kh 7h]
Seat 2: KeR888
Seat 4: shootingGRID
Seat 1: ghc_2 (big blind) folded on the River
Seat 3: Calvmcd85 folded before Flop (didn't bet)
Seat 5: ffac (button) folded before Flop (didn't bet)
Seat 6: Seavus10 (small blind) collected ($21.76)



PokerStars Hand #254616661141:  Hold'em No Limit ($0.50/$1.00 USD) - 2025/01/29 2:28:39 WET [2025/01/29 21:28:39 ET]
Table 'Simona' 6-max Seat #6 is the button
Seat 4: shootingGRID ($125.72 in chips) is sitting out
Seat 1: ghc_2 ($128.59 in chips) 
Seat 2: KeR888 ($112.96 in chips) 
Seat 3: Calvmcd85 ($36.56 in chips) 
Seat 5: ffac ($258.79 in chips) 
Seat 6: Seavus10 ($110.88 in chips) 
ghc_2: posts small blind $0.50
KeR888: posts big blind $1
shootingGRID: sits out 
*** HOLE CARDS ***
Calvmcd85: folds 
ffac: folds 
Seavus10: raises $1.50 to $2.50
ghc_2: folds 
KeR888: folds 
Uncalled bet ($1.50) returned to Seavus10
Seavus10 collected $2.50 from pot
Seavus10: doesn't show hand 
*** SUMMARY ***
Total pot $2.50 | Rake $0 
Seat 4: shootingGRID
Seat 1: ghc_2 (small blind) folded before Flop
Seat 2: KeR888 (big blind) folded before Flop
Seat 3: Calvmcd85 folded before Flop (didn't bet)
Seat 5: ffac folded before Flop (didn't bet)
Seat 6: Seavus10 (button) collected ($2.50)



PokerStars Hand #254616663220:  Hold'em No Limit ($0.50/$1.00 USD) - 2025/01/29 2:28:53 WET [2025/01/29 21:28:53 ET]
Table 'Simona' 6-max Seat #1 is the button
Seat 4: shootingGRID ($125.72 in chips) is sitting out
Seat 1: ghc_2 ($128.09 in chips) 
Seat 2: KeR888 ($111.96 in chips) 
Seat 3: Calvmcd85 ($36.56 in chips) 
Seat 5: ffac ($258.79 in chips) 
Seat 6: Seavus10 ($112.38 in chips) 
KeR888: posts small blind $0.50
Calvmcd85: posts big blind $1
shootingGRID: sits out 
*** HOLE CARDS ***
ffac: folds 
Seavus10: folds 
ghc_2: raises $1.40 to $2.40
shootingGRID leaves the table
KeR888: raises $8.60 to $11
Calvmcd85: folds 
BumHuntKing joins the table at seat #4 
ghc_2: folds 
Uncalled bet ($8.60) returned to KeR888
KeR888 collected $5.80 from pot
KeR888: doesn't show hand 
*** SUMMARY ***
Total pot $5.80 | Rake $0 
Seat 4: shootingGRID
Seat 1: ghc_2 (button) folded before Flop
Seat 2: KeR888 (small blind) collected ($5.80)
Seat 3: Calvmcd85 (big blind) folded before Flop
Seat 5: ffac folded before Flop (didn't bet)
Seat 6: Seavus10 folded before Flop (didn't bet)



PokerStars Hand #254616665543:  Hold'em No Limit ($0.50/$1.00 USD) - 2025/01/29 2:29:09 WET [2025/01/29 21:29:09 ET]
Table 'Simona' 6-max Seat #2 is the button
Seat 1: ghc_2 ($125.69 in chips) 
Seat 2: KeR888 ($115.36 in chips) 
Seat 3: Calvmcd85 ($35.56 in chips) 
Seat 4: BumHuntKing ($100 in chips) 
Seat 5: ffac ($258.79 in chips) 
Seat 6: Seavus10 ($112.38 in chips) 
Calvmcd85: posts small blind $0.50
BumHuntKing: posts big blind $1
*** HOLE CARDS ***
ffac: folds 
Seavus10: folds 
ghc_2: folds 
KeR888: raises $1.50 to $2.50
Calvmcd85: folds 
BumHuntKing: calls $1.50
*** FLOP *** [Kc 2h 3s]
BumHuntKing: checks 
KeR888: bets $1.31
BumHuntKing: folds 
Uncalled bet ($1.31) returned to KeR888
KeR888 collected $5.22 from pot
KeR888: doesn't show hand 
*** SUMMARY ***
Total pot $5.50 | Rake $0.28 
Board [Kc 2h 3s]
Seat 1: ghc_2 folded before Flop (didn't bet)
Seat 2: KeR888 (button) collected ($5.22)
Seat 3: Calvmcd85 (small blind) folded before Flop
Seat 4: BumHuntKing (big blind) folded on the Flop
Seat 5: ffac folded before Flop (didn't bet)
Seat 6: Seavus10 folded before Flop (didn't bet)



PokerStars Hand #254616671142:  Hold'em No Limit ($0.50/$1.00 USD) - 2025/01/29 2:29:48 WET [2025/01/29 21:29:48 ET]
Table 'Simona' 6-max Seat #3 is the button
Seat 1: ghc_2 ($125.69 in chips) 
Seat 2: KeR888 ($118.08 in chips) 
Seat 3: Calvmcd85 ($35.06 in chips) 
Seat 4: BumHuntKing ($100 in chips) 
Seat 5: ffac ($258.79 in chips) 
Seat 6: Seavus10 ($112.38 in chips) 
BumHuntKing: posts small blind $0.50
ffac: posts big blind $1
*** HOLE CARDS ***
Seavus10: folds 
ghc_2: folds 
KeR888: folds 
Calvmcd85: folds 
BumHuntKing: folds 
Uncalled bet ($0.50) returned to ffac
ffac collected $1 from pot
ffac: doesn't show hand 
*** SUMMARY ***
Total pot $1 | Rake $0 
Seat 1: ghc_2 folded before Flop (didn't bet)
Seat 2: KeR888 folded before Flop (didn't bet)
Seat 3: Calvmcd85 (button) folded before Flop (didn't bet)
Seat 4: BumHuntKing (small blind) folded before Flop
Seat 5: ffac (big blind) collected ($1)
Seat 6: Seavus10 folded before Flop (didn't bet)



PokerStars Hand #254616673042:  Hold'em No Limit ($0.50/$1.00 USD) - 2025/01/29 2:30:01 WET [2025/01/29 21:30:01 ET]
Table 'Simona' 6-max Seat #4 is the button
Seat 1: ghc_2 ($125.69 in chips) 
Seat 2: KeR888 ($118.08 in chips) 
Seat 3: Calvmcd85 ($35.06 in chips) 
Seat 4: BumHuntKing ($100 in chips) 
Seat 5: ffac ($259.29 in chips) 
Seat 6: Seavus10 ($112.38 in chips) 
ffac: posts small blind $0.50
Seavus10: posts big blind $1
*** HOLE CARDS ***
ghc_2: raises $1 to $2
KeR888: folds 
Calvmcd85: calls $2
BumHuntKing: folds 
ffac: folds 
Seavus10: folds 
*** FLOP *** [9d 7s 6h]
ghc_2: checks 
Calvmcd85: checks 
*** TURN *** [9d 7s 6h] [5d]
ghc_2: bets $2.09
Calvmcd85: calls $2.09
*** RIVER *** [9d 7s 6h 5d] [9c]
ghc_2: bets $1.50
Calvmcd85: raises $4.50 to $6
ghc_2: folds 
Uncalled bet ($4.50) returned to Calvmcd85
Calvmcd85 collected $12.05 from pot
Calvmcd85: doesn't show hand 
*** SUMMARY ***
Total pot $12.68 | Rake $0.63 
Board [9d 7s 6h 5d 9c]
Seat 1: ghc_2 folded on the River
Seat 2: KeR888 folded before Flop (didn't bet)
Seat 3: Calvmcd85 collected ($12.05)
Seat 4: BumHuntKing (button) folded before Flop (didn't bet)
Seat 5: ffac (small blind) folded before Flop
Seat 6: Seavus10 (big blind) folded before Flop



PokerStars Hand #254616682595:  Hold'em No Limit ($0.50/$1.00 USD) - 2025/01/29 2:31:06 WET [2025/01/29 21:31:06 ET]
Table 'Simona' 6-max Seat #5 is the button
Seat 1: ghc_2 ($120.10 in chips) 
Seat 2: KeR888 ($118.08 in chips) 
Seat 3: Calvmcd85 ($41.52 in chips) 
Seat 4: BumHuntKing ($100 in chips) 
Seat 5: ffac ($258.79 in chips) 
Seat 6: Seavus10 ($111.38 in chips) 
Seavus10: posts small blind $0.50
ghc_2: posts big blind $1
*** HOLE CARDS ***
KeR888: folds 
Calvmcd85: calls $1
BumHuntKing: folds 
ffac: folds 
Seavus10: folds 
ghc_2: checks 
*** FLOP *** [8d 3d 3c]
ghc_2: checks 
Calvmcd85: checks 
*** TURN *** [8d 3d 3c] [4s]
ghc_2: bets $1.19
Calvmcd85: calls $1.19
*** RIVER *** [8d 3d 3c 4s] [9c]
ghc_2: bets $3.48
Calvmcd85: folds 
Uncalled bet ($3.48) returned to ghc_2
ghc_2 collected $4.64 from pot
ghc_2: doesn't show hand 
*** SUMMARY ***
Total pot $4.88 | Rake $0.24 
Board [8d 3d 3c 4s 9c]
Seat 1: ghc_2 (big blind) collected ($4.64)
Seat 2: KeR888 folded before Flop (didn't bet)
Seat 3: Calvmcd85 folded on the River
Seat 4: BumHuntKing folded before Flop (didn't bet)
Seat 5: ffac (button) folded before Flop (didn't bet)
Seat 6: Seavus10 (small blind) folded before Flop



PokerStars Hand #254616687416:  Hold'em No Limit ($0.50/$1.00 USD) - 2025/01/29 2:31:40 WET [2025/01/29 21:31:40 ET]
Table 'Simona' 6-max Seat #6 is the button
Seat 1: ghc_2 ($122.55 in chips) 
Seat 2: KeR888 ($118.08 in chips) 
Seat 3: Calvmcd85 ($39.33 in chips) 
Seat 4: BumHuntKing ($100 in chips) 
Seat 5: ffac ($258.79 in chips) 
Seat 6: Seavus10 ($110.88 in chips) 
ghc_2: posts small blind $0.50
KeR888: posts big blind $1
*** HOLE CARDS ***
Calvmcd85: folds 
BumHuntKing: folds 
ffac: raises $1.19 to $2.19
Seavus10: folds 
ghc_2: folds 
KeR888: folds 
Uncalled bet ($1.19) returned to ffac
ffac collected $2.50 from pot
ffac: doesn't show hand 
*** SUMMARY ***
Total pot $2.50 | Rake $0 
Seat 1: ghc_2 (small blind) folded before Flop
Seat 2: KeR888 (big blind) folded before Flop
Seat 3: Calvmcd85 folded before Flop (didn't bet)
Seat 4: BumHuntKing folded before Flop (didn't bet)
Seat 5: ffac collected ($2.50)
Seat 6: Seavus10 (button) folded before Flop (didn't bet)



PokerStars Hand #254616689715:  Hold'em No Limit ($0.50/$1.00 USD) - 2025/01/29 2:31:55 WET [2025/01/29 21:31:55 ET]
Table 'Simona' 6-max Seat #1 is the button
Seat 1: ghc_2 ($122.05 in chips) 
Seat 2: KeR888 ($117.08 in chips) 
Seat 3: Calvmcd85 ($39.33 in chips) 
Seat 4: BumHuntKing ($100 in chips) 
Seat 5: ffac ($260.29 in chips) 
Seat 6: Seavus10 ($110.88 in chips) 
KeR888: posts small blind $0.50
Calvmcd85: posts big blind $1
*** HOLE CARDS ***
BumHuntKing: raises $1.20 to $2.20
ffac: folds 
Seavus10: folds 
ghc_2: folds 
KeR888: calls $1.70
Calvmcd85: calls $1.20
*** FLOP *** [8d 9d 2h]
KeR888: checks 
Calvmcd85: checks 
BumHuntKing: checks 
*** TURN *** [8d 9d 2h] [2s]
KeR888: bets $4.70
Calvmcd85: folds 
BumHuntKing: calls $4.70
*** RIVER *** [8d 9d 2h 2s] [Ah]
KeR888: checks 
BumHuntKing: bets $7.60
KeR888: raises $27.90 to $35.50
BumHuntKing: calls $27.90
*** SHOW DOWN ***
KeR888: shows [Jd Qd] (a pair of Deuces)
BumHuntKing: shows [As Ts] (two pair, Aces and Deuces)
BumHuntKing collected $84.50 from pot
*** SUMMARY ***
Total pot $87 | Rake $2.50 
Board [8d 9d 2h 2s Ah]
Seat 1: ghc_2 (button) folded before Flop (didn't bet)
Seat 2: KeR888 (small blind) showed [Jd Qd] and lost with a pair of Deuces
Seat 3: Calvmcd85 (big blind) folded on the Turn
Seat 4: BumHuntKing showed [As Ts] and won ($84.50) with two pair, Aces and Deuces
Seat 5: ffac folded before Flop (didn't bet)
Seat 6: Seavus10 folded before Flop (didn't bet)



PokerStars Hand #254616704158:  Hold'em No Limit ($0.50/$1.00 USD) - 2025/01/29 2:33:38 WET [2025/01/29 21:33:38 ET]
Table 'Simona' 6-max Seat #2 is the button
Seat 1: ghc_2 ($122.05 in chips) 
Seat 2: KeR888 ($100 in chips) 
Seat 3: Calvmcd85 ($37.13 in chips) 
Seat 4: BumHuntKing ($142.10 in chips) 
Seat 5: ffac ($260.29 in chips) 
Seat 6: Seavus10 ($110.88 in chips) 
Calvmcd85: posts small blind $0.50
BumHuntKing: posts big blind $1
*** HOLE CARDS ***
ffac: folds 
Seavus10: folds 
ghc_2: raises $1.30 to $2.30
KeR888: folds 
Calvmcd85: folds 
BumHuntKing: folds 
Uncalled bet ($1.30) returned to ghc_2
ghc_2 collected $2.50 from pot
ghc_2: doesn't show hand 
*** SUMMARY ***
Total pot $2.50 | Rake $0 
Seat 1: ghc_2 collected ($2.50)
Seat 2: KeR888 (button) folded before Flop (didn't bet)
Seat 3: Calvmcd85 (small blind) folded before Flop
Seat 4: BumHuntKing (big blind) folded before Flop
Seat 5: ffac folded before Flop (didn't bet)
Seat 6: Seavus10 folded before Flop (didn't bet)



PokerStars Hand #254616709159:  Hold'em No Limit ($0.50/$1.00 USD) - 2025/01/29 2:34:13 WET [2025/01/29 21:34:13 ET]
Table 'Simona' 6-max Seat #3 is the button
Seat 1: ghc_2 ($123.55 in chips) 
Seat 2: KeR888 ($100 in chips) 
Seat 3: Calvmcd85 ($36.63 in chips) 
Seat 4: BumHuntKing ($141.10 in chips) 
Seat 5: ffac ($260.29 in chips) 
Seat 6: Seavus10 ($110.88 in chips) 
BumHuntKing: posts small blind $0.50
ffac: posts big blind $1
*** HOLE CARDS ***
Seavus10: folds 
ghc_2: raises $1 to $2
KeR888: folds 
Calvmcd85: calls $2
BumHuntKing: raises $10.50 to $12.50
ffac: folds 
ghc_2: folds 
Calvmcd85: folds 
Uncalled bet ($10.50) returned to BumHuntKing
BumHuntKing collected $7 from pot
BumHuntKing: doesn't show hand 
*** SUMMARY ***
Total pot $7 | Rake $0 
Seat 1: ghc_2 folded before Flop
Seat 2: KeR888 folded before Flop (didn't bet)
Seat 3: Calvmcd85 (button) folded before Flop
Seat 4: BumHuntKing (small blind) collected ($7)
Seat 5: ffac (big blind) folded before Flop
Seat 6: Seavus10 folded before Flop (didn't bet)



PokerStars Hand #254616713959:  Hold'em No Limit ($0.50/$1.00 USD) - 2025/01/29 2:34:47 WET [2025/01/29 21:34:47 ET]
Table 'Simona' 6-max Seat #4 is the button
Seat 1: ghc_2 ($121.55 in chips) 
Seat 2: KeR888 ($100 in chips) 
Seat 3: Calvmcd85 ($34.63 in chips) 
Seat 4: BumHuntKing ($146.10 in chips) 
Seat 5: ffac ($259.29 in chips) 
Seat 6: Seavus10 ($110.88 in chips) 
ffac: posts small blind $0.50
Seavus10: posts big blind $1
*** HOLE CARDS ***
ghc_2: folds 
KeR888: folds 
Calvmcd85: folds 
BumHuntKing: folds 
ffac: raises $2 to $3
Seavus10: folds 
Uncalled bet ($2) returned to ffac
ffac collected $2 from pot
ffac: doesn't show hand 
*** SUMMARY ***
Total pot $2 | Rake $0 
Seat 1: ghc_2 folded before Flop (didn't bet)
Seat 2: KeR888 folded before Flop (didn't bet)
Seat 3: Calvmcd85 folded before Flop (didn't bet)
Seat 4: BumHuntKing (button) folded before Flop (didn't bet)
Seat 5: ffac (small blind) collected ($2)
Seat 6: Seavus10 (big blind) folded before Flop



PokerStars Hand #254616718979:  Hold'em No Limit ($0.50/$1.00 USD) - 2025/01/29 2:35:23 WET [2025/01/29 21:35:23 ET]
Table 'Simona' 6-max Seat #5 is the button
Seat 1: ghc_2 ($121.55 in chips) 
Seat 2: KeR888 ($100 in chips) 
Seat 3: Calvmcd85 ($34.63 in chips) 
Seat 4: BumHuntKing ($146.10 in chips) 
Seat 5: ffac ($260.29 in chips) 
Seat 6: Seavus10 ($109.88 in chips) 
Seavus10: posts small blind $0.50
ghc_2: posts big blind $1
*** HOLE CARDS ***
KeR888: raises $1.50 to $2.50
Calvmcd85: folds 
BumHuntKing: folds 
ffac: folds 
Seavus10: folds 
ghc_2: folds 
Uncalled bet ($1.50) returned to KeR888
KeR888 collected $2.50 from pot
KeR888: doesn't show hand 
*** SUMMARY ***
Total pot $2.50 | Rake $0 
Seat 1: ghc_2 (big blind) folded before Flop
Seat 2: KeR888 collected ($2.50)
Seat 3: Calvmcd85 folded before Flop (didn't bet)
Seat 4: BumHuntKing folded before Flop (didn't bet)
Seat 5: ffac (button) folded before Flop (didn't bet)
Seat 6: Seavus10 (small blind) folded before Flop



PokerStars Hand #254616721620:  Hold'em No Limit ($0.50/$1.00 USD) - 2025/01/29 2:35:42 WET [2025/01/29 21:35:42 ET]
Table 'Simona' 6-max Seat #6 is the button
Seat 1: ghc_2 ($120.55 in chips) 
Seat 2: KeR888 ($101.50 in chips) 
Seat 3: Calvmcd85 ($34.63 in chips) 
Seat 4: BumHuntKing ($146.10 in chips) 
Seat 5: ffac ($260.29 in chips) 
Seat 6: Seavus10 ($109.38 in chips) 
ghc_2: posts small blind $0.50
KeR888: posts big blind $1
*** HOLE CARDS ***
Calvmcd85: folds 
BumHuntKing: folds 
ffac: raises $1.19 to $2.19
Seavus10: folds 
ghc_2: folds 
KeR888: folds 
Uncalled bet ($1.19) returned to ffac
ffac collected $2.50 from pot
ffac: doesn't show hand 
*** SUMMARY ***
Total pot $2.50 | Rake $0 
Seat 1: ghc_2 (small blind) folded before Flop
Seat 2: KeR888 (big blind) folded before Flop
Seat 3: Calvmcd85 folded before Flop (didn't bet)
Seat 4: BumHuntKing folded before Flop (didn't bet)
Seat 5: ffac collected ($2.50)
Seat 6: Seavus10 (button) folded before Flop (didn't bet)



PokerStars Hand #254616725664:  Hold'em No Limit ($0.50/$1.00 USD) - 2025/01/29 2:36:10 WET [2025/01/29 21:36:10 ET]
Table 'Simona' 6-max Seat #1 is the button
Seat 1: ghc_2 ($120.05 in chips) 
Seat 2: KeR888 ($100.50 in chips) 
Seat 3: Calvmcd85 ($34.63 in chips) 
Seat 4: BumHuntKing ($146.10 in chips) 
Seat 5: ffac ($261.79 in chips) 
Seat 6: Seavus10 ($109.38 in chips) 
KeR888: posts small blind $0.50
Calvmcd85: posts big blind $1
*** HOLE CARDS ***
BumHuntKing: folds 
ffac: raises $1.04 to $2.04
Seavus10: raises $5.10 to $7.14
ghc_2: folds 
KeR888: folds 
Calvmcd85: folds 
ffac: folds 
Uncalled bet ($5.10) returned to Seavus10
Seavus10 collected $5.58 from pot
Seavus10: doesn't show hand 
*** SUMMARY ***
Total pot $5.58 | Rake $0 
Seat 1: ghc_2 (button) folded before Flop (didn't bet)
Seat 2: KeR888 (small blind) folded before Flop
Seat 3: Calvmcd85 (big blind) folded before Flop
Seat 4: BumHuntKing folded before Flop (didn't bet)
Seat 5: ffac folded before Flop
Seat 6: Seavus10 collected ($5.58)



PokerStars Hand #254616728828:  Hold'em No Limit ($0.50/$1.00 USD) - 2025/01/29 2:36:32 WET [2025/01/29 21:36:32 ET]
Table 'Simona' 6-max Seat #2 is the button
Seat 1: ghc_2 ($120.05 in chips) 
Seat 2: KeR888 ($100 in chips) 
Seat 3: Calvmcd85 ($33.63 in chips) 
Seat 4: BumHuntKing ($146.10 in chips) 
Seat 5: ffac ($259.75 in chips) 
Seat 6: Seavus10 ($112.92 in chips) 
Calvmcd85: posts small blind $0.50
BumHuntKing: posts big blind $1
*** HOLE CARDS ***
ffac: folds 
Seavus10: folds 
ghc_2: raises $1.30 to $2.30
KeR888: folds 
Calvmcd85: folds 
BumHuntKing: calls $1.30
*** FLOP *** [Kc Ad 7c]
BumHuntKing: checks 
ghc_2: bets $3.63
BumHuntKing: calls $3.63
*** TURN *** [Kc Ad 7c] [4s]
BumHuntKing: checks 
ghc_2: bets $17.61
BumHuntKing: folds 
Uncalled bet ($17.61) returned to ghc_2
ghc_2 collected $11.74 from pot
ghc_2: doesn't show hand 
*** SUMMARY ***
Total pot $12.36 | Rake $0.62 
Board [Kc Ad 7c 4s]
Seat 1: ghc_2 collected ($11.74)
Seat 2: KeR888 (button) folded before Flop (didn't bet)
Seat 3: Calvmcd85 (small blind) folded before Flop
Seat 4: BumHuntKing (big blind) folded on the Turn
Seat 5: ffac folded before Flop (didn't bet)
Seat 6: Seavus10 folded before Flop (didn't bet)



PokerStars Hand #254616735667:  Hold'em No Limit ($0.50/$1.00 USD) - 2025/01/29 2:37:20 WET [2025/01/29 21:37:20 ET]
Table 'Simona' 6-max Seat #3 is the button
Seat 1: ghc_2 ($125.86 in chips) 
Seat 2: KeR888 ($100 in chips) 
Seat 3: Calvmcd85 ($33.13 in chips) 
Seat 4: BumHuntKing ($140.17 in chips) 
Seat 5: ffac ($259.75 in chips) 
Seat 6: Seavus10 ($112.92 in chips) 
BumHuntKing: posts small blind $0.50
ffac: posts big blind $1
*** HOLE CARDS ***
Seavus10: folds 
ghc_2: folds 
KeR888: folds 
Calvmcd85: calls $1
BumHuntKing: folds 
ffac: checks 
*** FLOP *** [Qd 5c Kc]
ffac: checks 
Calvmcd85: checks 
*** TURN *** [Qd 5c Kc] [3c]
ffac: checks 
Calvmcd85: checks 
*** RIVER *** [Qd 5c Kc 3c] [Jc]
ffac: checks 
Calvmcd85: checks 
*** SHOW DOWN ***
ffac: shows [6s Jh] (a pair of Jacks)
Calvmcd85: shows [Tc 8c] (a flush, King high)
Calvmcd85 collected $2.38 from pot
*** SUMMARY ***
Total pot $2.50 | Rake $0.12 
Board [Qd 5c Kc 3c Jc]
Seat 1: ghc_2 folded before Flop (didn't bet)
Seat 2: KeR888 folded before Flop (didn't bet)
Seat 3: Calvmcd85 (button) showed [Tc 8c] and won ($2.38) with a flush, King high
Seat 4: BumHuntKing (small blind) folded before Flop
Seat 5: ffac (big blind) showed [6s Jh] and lost with a pair of Jacks
Seat 6: Seavus10 folded before Flop (didn't bet)



PokerStars Hand #254616741914:  Hold'em No Limit ($0.50/$1.00 USD) - 2025/01/29 2:38:05 WET [2025/01/29 21:38:05 ET]
Table 'Simona' 6-max Seat #4 is the button
Seat 1: ghc_2 ($125.86 in chips) 
Seat 2: KeR888 ($100 in chips) 
Seat 3: Calvmcd85 ($34.51 in chips) 
Seat 4: BumHuntKing ($139.67 in chips) 
Seat 5: ffac ($258.75 in chips) 
Seat 6: Seavus10 ($112.92 in chips) 
ffac: posts small blind $0.50
Seavus10: posts big blind $1
*** HOLE CARDS ***
ghc_2: folds 
KeR888: folds 
Calvmcd85: folds 
BumHuntKing: raises $1.50 to $2.50
ffac: folds 
Seavus10: folds 
Uncalled bet ($1.50) returned to BumHuntKing
BumHuntKing collected $2.50 from pot
BumHuntKing: doesn't show hand 
*** SUMMARY ***
Total pot $2.50 | Rake $0 
Seat 1: ghc_2 folded before Flop (didn't bet)
Seat 2: KeR888 folded before Flop (didn't bet)
Seat 3: Calvmcd85 folded before Flop (didn't bet)
Seat 4: BumHuntKing (button) collected ($2.50)
Seat 5: ffac (small blind) folded before Flop
Seat 6: Seavus10 (big blind) folded before Flop



PokerStars Hand #254616745227:  Hold'em No Limit ($0.50/$1.00 USD) - 2025/01/29 2:38:28 WET [2025/01/29 21:38:28 ET]
Table 'Simona' 6-max Seat #5 is the button
Seat 1: ghc_2 ($125.86 in chips) 
Seat 2: KeR888 ($100 in chips) 
Seat 3: Calvmcd85 ($34.51 in chips) 
Seat 4: BumHuntKing ($141.17 in chips) 
Seat 5: ffac ($258.25 in chips) 
Seat 6: Seavus10 ($111.92 in chips) 
Seavus10: posts small blind $0.50
ghc_2: posts big blind $1
*** HOLE CARDS ***
KeR888: folds 
Calvmcd85: folds 
BumHuntKing: folds 
ffac: raises $1.50 to $2.50
Seavus10: folds 
ghc_2: folds 
Uncalled bet ($1.50) returned to ffac
ffac collected $2.50 from pot
ffac: doesn't show hand 
*** SUMMARY ***
Total pot $2.50 | Rake $0 
Seat 1: ghc_2 (big blind) folded before Flop
Seat 2: KeR888 folded before Flop (didn't bet)
Seat 3: Calvmcd85 folded before Flop (didn't bet)
Seat 4: BumHuntKing folded before Flop (didn't bet)
Seat 5: ffac (button) collected ($2.50)
Seat 6: Seavus10 (small blind) folded before Flop



PokerStars Hand #254616747613:  Hold'em No Limit ($0.50/$1.00 USD) - 2025/01/29 2:38:45 WET [2025/01/29 21:38:45 ET]
Table 'Simona' 6-max Seat #6 is the button
Seat 1: ghc_2 ($124.86 in chips) 
Seat 2: KeR888 ($100 in chips) 
Seat 3: Calvmcd85 ($34.51 in chips) 
Seat 4: BumHuntKing ($141.17 in chips) 
Seat 5: ffac ($259.75 in chips) 
Seat 6: Seavus10 ($111.42 in chips) 
ghc_2: posts small blind $0.50
KeR888: posts big blind $1
*** HOLE CARDS ***
Calvmcd85: folds 
BumHuntKing: folds 
ffac: folds 
Seavus10: folds 
ghc_2: raises $2 to $3
KeR888: folds 
Uncalled bet ($2) returned to ghc_2
ghc_2 collected $2 from pot
ghc_2: doesn't show hand 
*** SUMMARY ***
Total pot $2 | Rake $0 
Seat 1: ghc_2 (small blind) collected ($2)
Seat 2: KeR888 (big blind) folded before Flop
Seat 3: Calvmcd85 folded before Flop (didn't bet)
Seat 4: BumHuntKing folded before Flop (didn't bet)
Seat 5: ffac folded before Flop (didn't bet)
Seat 6: Seavus10 (button) folded before Flop (didn't bet)



PokerStars Hand #254616750181:  Hold'em No Limit ($0.50/$1.00 USD) - 2025/01/29 2:39:03 WET [2025/01/29 21:39:03 ET]
Table 'Simona' 6-max Seat #1 is the button
Seat 1: ghc_2 ($125.86 in chips) 
Seat 2: KeR888 ($100 in chips) 
Seat 3: Calvmcd85 ($34.51 in chips) 
Seat 4: BumHuntKing ($141.17 in chips) 
Seat 5: ffac ($259.75 in chips) 
Seat 6: Seavus10 ($111.42 in chips) 
KeR888: posts small blind $0.50
Calvmcd85: posts big blind $1
*** HOLE CARDS ***
BumHuntKing: folds 
ffac: folds 
Seavus10: raises $1.20 to $2.20
ghc_2: raises $5.30 to $7.50
KeR888: folds 
Calvmcd85: folds 
Seavus10: folds 
Uncalled bet ($5.30) returned to ghc_2
ghc_2 collected $5.90 from pot
ghc_2: doesn't show hand 
*** SUMMARY ***
Total pot $5.90 | Rake $0 
Seat 1: ghc_2 (button) collected ($5.90)
Seat 2: KeR888 (small blind) folded before Flop
Seat 3: Calvmcd85 (big blind) folded before Flop
Seat 4: BumHuntKing folded before Flop (didn't bet)
Seat 5: ffac folded before Flop (didn't bet)
Seat 6: Seavus10 folded before Flop



PokerStars Hand #254616755351:  Hold'em No Limit ($0.50/$1.00 USD) - 2025/01/29 2:39:40 WET [2025/01/29 21:39:40 ET]
Table 'Simona' 6-max Seat #2 is the button
Seat 1: ghc_2 ($129.56 in chips) 
Seat 2: KeR888 ($100 in chips) 
Seat 3: Calvmcd85 ($33.51 in chips) 
Seat 4: BumHuntKing ($141.17 in chips) 
Seat 5: ffac ($259.75 in chips) 
Seat 6: Seavus10 ($109.22 in chips) 
Calvmcd85: posts small blind $0.50
BumHuntKing: posts big blind $1
*** HOLE CARDS ***
ffac: folds 
Seavus10: folds 
ghc_2: folds 
KeR888: folds 
Calvmcd85: calls $0.50
BumHuntKing has timed out
BumHuntKing: checks 
*** FLOP *** [5s 4s Ks]
Calvmcd85: checks 
BumHuntKing: checks 
*** TURN *** [5s 4s Ks] [Ac]
Calvmcd85: checks 
BumHuntKing: checks 
*** RIVER *** [5s 4s Ks Ac] [4h]
Calvmcd85: checks 
BumHuntKing: bets $1.43
Calvmcd85: calls $1.43
*** SHOW DOWN ***
BumHuntKing: shows [Qd 7d] (a pair of Fours)
Calvmcd85: shows [9h Ah] (two pair, Aces and Fours)
Calvmcd85 collected $4.62 from pot
*** SUMMARY ***
Total pot $4.86 | Rake $0.24 
Board [5s 4s Ks Ac 4h]
Seat 1: ghc_2 folded before Flop (didn't bet)
Seat 2: KeR888 (button) folded before Flop (didn't bet)
Seat 3: Calvmcd85 (small blind) showed [9h Ah] and won ($4.62) with two pair, Aces and Fours
Seat 4: BumHuntKing (big blind) showed [Qd 7d] and lost with a pair of Fours
Seat 5: ffac folded before Flop (didn't bet)
Seat 6: Seavus10 folded before Flop (didn't bet)



PokerStars Hand #254616559962:  Hold'em No Limit ($0.50/$1.00 USD) - 2025/01/29 2:17:17 WET [2025/01/29 21:17:17 ET]
Table 'Simona' 6-max Seat #5 is the button
Seat 1: ghc_2 ($105.18 in chips) 
Seat 2: KeR888 ($105.41 in chips) 
Seat 3: Calvmcd85 ($47.78 in chips) 
Seat 4: shootingGRID ($130.81 in chips) 
Seat 5: ffac ($231.99 in chips) 
Seat 6: nikalas22 ($100 in chips) 
nikalas22: posts small blind $0.50
ghc_2: posts big blind $1
*** HOLE CARDS ***
KeR888: folds 
Calvmcd85: calls $1
shootingGRID: folds 
ffac: raises $2.50 to $3.50
nikalas22: folds 
ghc_2: folds 
Calvmcd85: calls $2.50
*** FLOP *** [8c Ah 5h]
Calvmcd85: checks 
ffac: bets $2.67
Calvmcd85: calls $2.67
*** TURN *** [8c Ah 5h] [Th]
Calvmcd85: checks 
ffac: bets $4.34
Calvmcd85: folds 
Uncalled bet ($4.34) returned to ffac
ffac collected $13.15 from pot
ffac: doesn't show hand 
*** SUMMARY ***
Total pot $13.84 | Rake $0.69 
Board [8c Ah 5h Th]
Seat 1: ghc_2 (big blind) folded before Flop
Seat 2: KeR888 folded before Flop (didn't bet)
Seat 3: Calvmcd85 folded on the Turn
Seat 4: shootingGRID folded before Flop (didn't bet)
Seat 5: ffac (button) collected ($13.15)
Seat 6: nikalas22 (small blind) folded before Flop



PokerStars Hand #254616569227:  Hold'em No Limit ($0.50/$1.00 USD) - 2025/01/29 2:18:18 WET [2025/01/29 21:18:18 ET]
Table 'Simona' 6-max Seat #6 is the button
Seat 1: ghc_2 ($104.18 in chips) 
Seat 2: KeR888 ($105.41 in chips) 
Seat 3: Calvmcd85 ($41.61 in chips) 
Seat 4: shootingGRID ($130.81 in chips) 
Seat 5: ffac ($238.97 in chips) 
Seat 6: nikalas22 ($100 in chips) 
ghc_2: posts small blind $0.50
KeR888: posts big blind $1
*** HOLE CARDS ***
Calvmcd85: folds 
shootingGRID: folds 
ffac: folds 
nikalas22: folds 
ghc_2: raises $2 to $3
KeR888: folds 
Uncalled bet ($2) returned to ghc_2
ghc_2 collected $2 from pot
ghc_2: doesn't show hand 
*** SUMMARY ***
Total pot $2 | Rake $0 
Seat 1: ghc_2 (small blind) collected ($2)
Seat 2: KeR888 (big blind) folded before Flop
Seat 3: Calvmcd85 folded before Flop (didn't bet)
Seat 4: shootingGRID folded before Flop (didn't bet)
Seat 5: ffac folded before Flop (didn't bet)
Seat 6: nikalas22 (button) folded before Flop (didn't bet)



PokerStars Hand #254616571863:  Hold'em No Limit ($0.50/$1.00 USD) - 2025/01/29 2:18:36 WET [2025/01/29 21:18:36 ET]
Table 'Simona' 6-max Seat #1 is the button
Seat 1: ghc_2 ($105.18 in chips) 
Seat 2: KeR888 ($104.41 in chips) 
Seat 3: Calvmcd85 ($41.61 in chips) 
Seat 4: shootingGRID ($130.81 in chips) 
Seat 5: ffac ($238.97 in chips) 
Seat 6: nikalas22 ($100 in chips) 
KeR888: posts small blind $0.50
Calvmcd85: posts big blind $1
*** HOLE CARDS ***
shootingGRID: folds 
ffac: folds 
nikalas22: folds 
ghc_2: folds 
KeR888: raises $2 to $3
Calvmcd85: calls $2
*** FLOP *** [Ts 3c 2c]
KeR888: checks 
Calvmcd85: checks 
*** TURN *** [Ts 3c 2c] [7c]
KeR888: checks 
Calvmcd85: checks 
*** RIVER *** [Ts 3c 2c 7c] [8c]
KeR888: checks 
Calvmcd85: checks 
*** SHOW DOWN ***
KeR888: shows [Ad 7d] (a pair of Sevens)
Calvmcd85: mucks hand 
KeR888 collected $5.70 from pot
*** SUMMARY ***
Total pot $6 | Rake $0.30 
Board [Ts 3c 2c 7c 8c]
Seat 1: ghc_2 (button) folded before Flop (didn't bet)
Seat 2: KeR888 (small blind) showed [Ad 7d] and won ($5.70) with a pair of Sevens
Seat 3: Calvmcd85 (big blind) mucked
Seat 4: shootingGRID folded before Flop (didn't bet)
Seat 5: ffac folded before Flop (didn't bet)
Seat 6: nikalas22 folded before Flop (didn't bet)



PokerStars Hand #254616577349:  Hold'em No Limit ($0.50/$1.00 USD) - 2025/01/29 2:19:12 WET [2025/01/29 21:19:12 ET]
Table 'Simona' 6-max Seat #2 is the button
Seat 1: ghc_2 ($105.18 in chips) 
Seat 2: KeR888 ($107.11 in chips) 
Seat 3: Calvmcd85 ($38.61 in chips) 
Seat 4: shootingGRID ($130.81 in chips) 
Seat 5: ffac ($238.97 in chips) 
Seat 6: nikalas22 ($100 in chips) 
Calvmcd85: posts small blind $0.50
shootingGRID: posts big blind $1
*** HOLE CARDS ***
ffac: folds 
nikalas22: raises $1.50 to $2.50
ghc_2: folds 
KeR888: folds 
Calvmcd85: folds 
shootingGRID: calls $1.50
*** FLOP *** [7c Ks 9h]
shootingGRID: checks 
nikalas22: bets $3.92
shootingGRID: folds 
Uncalled bet ($3.92) returned to nikalas22
nikalas22 collected $5.22 from pot
nikalas22: doesn't show hand 
*** SUMMARY ***
Total pot $5.50 | Rake $0.28 
Board [7c Ks 9h]
Seat 1: ghc_2 folded before Flop (didn't bet)
Seat 2: KeR888 (button) folded before Flop (didn't bet)
Seat 3: Calvmcd85 (small blind) folded before Flop
Seat 4: shootingGRID (big blind) folded on the Flop
Seat 5: ffac folded before Flop (didn't bet)
Seat 6: nikalas22 collected ($5.22)



PokerStars Hand #254616582833:  Hold'em No Limit ($0.50/$1.00 USD) - 2025/01/29 2:19:49 WET [2025/01/29 21:19:49 ET]
Table 'Simona' 6-max Seat #3 is the button
Seat 1: ghc_2 ($105.18 in chips) 
Seat 2: KeR888 ($107.11 in chips) 
Seat 3: Calvmcd85 ($38.11 in chips) 
Seat 4: shootingGRID ($128.31 in chips) 
Seat 5: ffac ($238.97 in chips) 
Seat 6: nikalas22 ($102.72 in chips) 
shootingGRID: posts small blind $0.50
ffac: posts big blind $1
*** HOLE CARDS ***
nikalas22: folds 
ghc_2: folds 
KeR888: folds 
Calvmcd85: folds 
shootingGRID: folds 
Uncalled bet ($0.50) returned to ffac
ffac collected $1 from pot
ffac: doesn't show hand 
*** SUMMARY ***
Total pot $1 | Rake $0 
Seat 1: ghc_2 folded before Flop (didn't bet)
Seat 2: KeR888 folded before Flop (didn't bet)
Seat 3: Calvmcd85 (button) folded before Flop (didn't bet)
Seat 4: shootingGRID (small blind) folded before Flop
Seat 5: ffac (big blind) collected ($1)
Seat 6: nikalas22 folded before Flop (didn't bet)



PokerStars Hand #254616584702:  Hold'em No Limit ($0.50/$1.00 USD) - 2025/01/29 2:20:01 WET [2025/01/29 21:20:01 ET]
Table 'Simona' 6-max Seat #4 is the button
Seat 1: ghc_2 ($105.18 in chips) 
Seat 2: KeR888 ($107.11 in chips) 
Seat 3: Calvmcd85 ($38.11 in chips) 
Seat 4: shootingGRID ($127.81 in chips) 
Seat 5: ffac ($239.47 in chips) 
Seat 6: nikalas22 ($102.72 in chips) 
ffac: posts small blind $0.50
nikalas22: posts big blind $1
*** HOLE CARDS ***
ghc_2: folds 
KeR888: raises $1.20 to $2.20
Calvmcd85: folds 
shootingGRID: folds 
ffac: folds 
nikalas22: folds 
Uncalled bet ($1.20) returned to KeR888
KeR888 collected $2.50 from pot
KeR888: doesn't show hand 
*** SUMMARY ***
Total pot $2.50 | Rake $0 
Seat 1: ghc_2 folded before Flop (didn't bet)
Seat 2: KeR888 collected ($2.50)
Seat 3: Calvmcd85 folded before Flop (didn't bet)
Seat 4: shootingGRID (button) folded before Flop (didn't bet)
Seat 5: ffac (small blind) folded before Flop
Seat 6: nikalas22 (big blind) folded before Flop



PokerStars Hand #254616586705:  Hold'em No Limit ($0.50/$1.00 USD) - 2025/01/29 2:20:15 WET [2025/01/29 21:20:15 ET]
Table 'Simona' 6-max Seat #5 is the button
Seat 1: ghc_2 ($105.18 in chips) 
Seat 2: KeR888 ($108.61 in chips) 
Seat 3: Calvmcd85 ($38.11 in chips) 
Seat 4: shootingGRID ($127.81 in chips) 
Seat 5: ffac ($238.97 in chips) 
Seat 6: nikalas22 ($101.72 in chips) 
nikalas22: posts small blind $0.50
ghc_2: posts big blind $1
*** HOLE CARDS ***
KeR888: folds 
Calvmcd85: folds 
shootingGRID: folds 
ffac: folds 
nikalas22: folds 
Uncalled bet ($0.50) returned to ghc_2
ghc_2 collected $1 from pot
ghc_2: doesn't show hand 
*** SUMMARY ***
Total pot $1 | Rake $0 
Seat 1: ghc_2 (big blind) collected ($1)
Seat 2: KeR888 folded before Flop (didn't bet)
Seat 3: Calvmcd85 folded before Flop (didn't bet)
Seat 4: shootingGRID folded before Flop (didn't bet)
Seat 5: ffac (button) folded before Flop (didn't bet)
Seat 6: nikalas22 (small blind) folded before Flop



PokerStars Hand #254616589439:  Hold'em No Limit ($0.50/$1.00 USD) - 2025/01/29 2:20:33 WET [2025/01/29 21:20:33 ET]
Table 'Simona' 6-max Seat #6 is the button
Seat 1: ghc_2 ($105.68 in chips) 
Seat 2: KeR888 ($108.61 in chips) 
Seat 3: Calvmcd85 ($38.11 in chips) 
Seat 4: shootingGRID ($127.81 in chips) 
Seat 5: ffac ($238.97 in chips) 
Seat 6: nikalas22 ($101.22 in chips) 
ghc_2: posts small blind $0.50
KeR888: posts big blind $1
*** HOLE CARDS ***
Calvmcd85: folds 
shootingGRID: folds 
ffac: raises $1.19 to $2.19
nikalas22: folds 
ghc_2: folds 
KeR888: folds 
Uncalled bet ($1.19) returned to ffac
ffac collected $2.50 from pot
ffac: doesn't show hand 
*** SUMMARY ***
Total pot $2.50 | Rake $0 
Seat 1: ghc_2 (small blind) folded before Flop
Seat 2: KeR888 (big blind) folded before Flop
Seat 3: Calvmcd85 folded before Flop (didn't bet)
Seat 4: shootingGRID folded before Flop (didn't bet)
Seat 5: ffac collected ($2.50)
Seat 6: nikalas22 (button) folded before Flop (didn't bet)



PokerStars Hand #254616596556:  Hold'em No Limit ($0.50/$1.00 USD) - 2025/01/29 2:21:21 WET [2025/01/29 21:21:21 ET]
Table 'Simona' 6-max Seat #1 is the button
Seat 1: ghc_2 ($105.18 in chips) 
Seat 2: KeR888 ($107.61 in chips) 
Seat 3: Calvmcd85 ($38.11 in chips) 
Seat 4: shootingGRID ($127.81 in chips) 
Seat 5: ffac ($240.47 in chips) 
Seat 6: nikalas22 ($101.22 in chips) 
KeR888: posts small blind $0.50
Calvmcd85: posts big blind $1
*** HOLE CARDS ***
shootingGRID: raises $1.25 to $2.25
ffac: folds 
nikalas22: folds 
ghc_2: folds 
KeR888: folds 
Calvmcd85: calls $1.25
*** FLOP *** [8h Ks 4s]
Calvmcd85: checks 
shootingGRID: bets $1.57
Calvmcd85: calls $1.57
*** TURN *** [8h Ks 4s] [4h]
Calvmcd85: checks 
shootingGRID: bets $12
Calvmcd85: folds 
Uncalled bet ($12) returned to shootingGRID
shootingGRID collected $7.73 from pot
*** SUMMARY ***
Total pot $8.14 | Rake $0.41 
Board [8h Ks 4s 4h]
Seat 1: ghc_2 (button) folded before Flop (didn't bet)
Seat 2: KeR888 (small blind) folded before Flop
Seat 3: Calvmcd85 (big blind) folded on the Turn
Seat 4: shootingGRID collected ($7.73)
Seat 5: ffac folded before Flop (didn't bet)
Seat 6: nikalas22 folded before Flop (didn't bet)



PokerStars Hand #254616604193:  Hold'em No Limit ($0.50/$1.00 USD) - 2025/01/29 2:22:12 WET [2025/01/29 21:22:12 ET]
Table 'Simona' 6-max Seat #2 is the button
Seat 1: ghc_2 ($105.18 in chips) 
Seat 2: KeR888 ($107.11 in chips) 
Seat 3: Calvmcd85 ($34.29 in chips) 
Seat 4: shootingGRID ($131.72 in chips) 
Seat 5: ffac ($240.47 in chips) 
Seat 6: nikalas22 ($101.22 in chips) 
Calvmcd85: posts small blind $0.50
shootingGRID: posts big blind $1
*** HOLE CARDS ***
ffac: folds 
nikalas22: folds 
ghc_2: raises $1.30 to $2.30
KeR888: folds 
Calvmcd85: folds 
shootingGRID: folds 
Uncalled bet ($1.30) returned to ghc_2
ghc_2 collected $2.50 from pot
ghc_2: doesn't show hand 
*** SUMMARY ***
Total pot $2.50 | Rake $0 
Seat 1: ghc_2 collected ($2.50)
Seat 2: KeR888 (button) folded before Flop (didn't bet)
Seat 3: Calvmcd85 (small blind) folded before Flop
Seat 4: shootingGRID (big blind) folded before Flop
Seat 5: ffac folded before Flop (didn't bet)
Seat 6: nikalas22 folded before Flop (didn't bet)



PokerStars Hand #254616606486:  Hold'em No Limit ($0.50/$1.00 USD) - 2025/01/29 2:22:28 WET [2025/01/29 21:22:28 ET]
Table 'Simona' 6-max Seat #3 is the button
Seat 1: ghc_2 ($106.68 in chips) 
Seat 2: KeR888 ($107.11 in chips) 
Seat 3: Calvmcd85 ($33.79 in chips) 
Seat 4: shootingGRID ($130.72 in chips) 
Seat 5: ffac ($240.47 in chips) 
Seat 6: nikalas22 ($101.22 in chips) 
shootingGRID: posts small blind $0.50
ffac: posts big blind $1
*** HOLE CARDS ***
nikalas22: folds 
ghc_2: folds 
KeR888: folds 
nikalas22 leaves the table
Calvmcd85: folds 
shootingGRID: folds 
Uncalled bet ($0.50) returned to ffac
ffac collected $1 from pot
ffac: doesn't show hand 
*** SUMMARY ***
Total pot $1 | Rake $0 
Seat 1: ghc_2 folded before Flop (didn't bet)
Seat 2: KeR888 folded before Flop (didn't bet)
Seat 3: Calvmcd85 (button) folded before Flop (didn't bet)
Seat 4: shootingGRID (small blind) folded before Flop
Seat 5: ffac (big blind) collected ($1)
Seat 6: nikalas22 folded before Flop (didn't bet)



PokerStars Hand #254616608323:  Hold'em No Limit ($0.50/$1.00 USD) - 2025/01/29 2:22:40 WET [2025/01/29 21:22:40 ET]
Table 'Simona' 6-max Seat #4 is the button
Seat 1: ghc_2 ($106.68 in chips) 
Seat 2: KeR888 ($107.11 in chips) 
Seat 3: Calvmcd85 ($33.79 in chips) 
Seat 4: shootingGRID ($130.22 in chips) 
Seat 5: ffac ($240.97 in chips) 
ffac: posts small blind $0.50
ghc_2: posts big blind $1
*** HOLE CARDS ***
KeR888: folds 
Calvmcd85: calls $1
shootingGRID: folds 
ffac: calls $0.50
ghc_2: raises $12 to $13
Calvmcd85: raises $20.79 to $33.79 and is all-in
ffac: folds 
ghc_2: calls $20.79
Seavus10 joins the table at seat #6 
*** FLOP *** [4c 9c 7h]
*** TURN *** [4c 9c 7h] [Qh]
*** RIVER *** [4c 9c 7h Qh] [7c]
*** SHOW DOWN ***
ghc_2: shows [As 7d] (three of a kind, Sevens)
Calvmcd85: shows [Th Ts] (two pair, Tens and Sevens)
ghc_2 collected $66.08 from pot
*** SUMMARY ***
Total pot $68.58 | Rake $2.50 
Board [4c 9c 7h Qh 7c]
Seat 1: ghc_2 (big blind) showed [As 7d] and won ($66.08) with three of a kind, Sevens
Seat 2: KeR888 folded before Flop (didn't bet)
Seat 3: Calvmcd85 showed [Th Ts] and lost with two pair, Tens and Sevens
Seat 4: shootingGRID (button) folded before Flop (didn't bet)
Seat 5: ffac (small blind) folded before Flop



PokerStars Hand #254616617498:  Hold'em No Limit ($0.50/$1.00 USD) - 2025/01/29 2:23:42 WET [2025/01/29 21:23:42 ET]
Table 'Simona' 6-max Seat #5 is the button
Seat 3: Calvmcd85 ($0 in chips) is sitting out
Seat 6: Seavus10 ($100 in chips) is sitting out
Seat 1: ghc_2 ($138.97 in chips) 
Seat 2: KeR888 ($107.11 in chips) 
Seat 4: shootingGRID ($130.22 in chips) 
Seat 5: ffac ($239.97 in chips) 
ghc_2: posts small blind $0.50
KeR888: posts big blind $1
*** HOLE CARDS ***
shootingGRID: raises $1.25 to $2.25
ffac: folds 
ghc_2: folds 
KeR888: calls $1.25
*** FLOP *** [Qs Qc 2h]
KeR888: checks 
shootingGRID: bets $1.57
KeR888: folds 
Uncalled bet ($1.57) returned to shootingGRID
shootingGRID collected $4.75 from pot
*** SUMMARY ***
Total pot $5 | Rake $0.25 
Board [Qs Qc 2h]
Seat 3: Calvmcd85
Seat 6: Seavus10
Seat 1: ghc_2 (small blind) folded before Flop
Seat 2: KeR888 (big blind) folded on the Flop
Seat 4: shootingGRID collected ($4.75)
Seat 5: ffac (button) folded before Flop (didn't bet)



PokerStars Hand #254616623113:  Hold'em No Limit ($0.50/$1.00 USD) - 2025/01/29 2:24:20 WET [2025/01/29 21:24:20 ET]
Table 'Simona' 6-max Seat #1 is the button
Seat 3: Calvmcd85 ($0 in chips) is sitting out
Seat 6: Seavus10 ($100 in chips) is sitting out
Seat 1: ghc_2 ($138.47 in chips) 
Seat 2: KeR888 ($104.86 in chips) 
Seat 4: shootingGRID ($132.72 in chips) 
Seat 5: ffac ($239.97 in chips) 
KeR888: posts small blind $0.50
shootingGRID: posts big blind $1
Seavus10: sits out 
*** HOLE CARDS ***
ffac: folds 
ghc_2: folds 
KeR888: raises $2 to $3
Calvmcd85 leaves the table
shootingGRID: calls $2
*** FLOP *** [Td 9d 3h]
KeR888: checks 
Calvmcd85 joins the table at seat #3 
shootingGRID: bets $6
KeR888: raises $8.85 to $14.85
shootingGRID: folds 
Uncalled bet ($8.85) returned to KeR888
KeR888 collected $17.10 from pot
KeR888: doesn't show hand 
*** SUMMARY ***
Total pot $18 | Rake $0.90 
Board [Td 9d 3h]
Seat 3: Calvmcd85
Seat 6: Seavus10
Seat 1: ghc_2 (button) folded before Flop (didn't bet)
Seat 2: KeR888 (small blind) collected ($17.10)
Seat 4: shootingGRID (big blind) folded on the Flop
Seat 5: ffac folded before Flop (didn't bet)



PokerStars Hand #254616632611:  Hold'em No Limit ($0.50/$1.00 USD) - 2025/01/29 2:25:24 WET [2025/01/29 21:25:24 ET]
Table 'Simona' 6-max Seat #2 is the button
Seat 3: Calvmcd85 ($60.38 in chips) is sitting out
Seat 6: Seavus10 ($100 in chips) is sitting out
Seat 1: ghc_2 ($138.47 in chips) 
Seat 2: KeR888 ($112.96 in chips) 
Seat 4: shootingGRID ($123.72 in chips) 
Seat 5: ffac ($239.97 in chips) 
shootingGRID: posts small blind $0.50
ffac: posts big blind $1
Seavus10: sits out 
*** HOLE CARDS ***
ghc_2: raises $1.30 to $2.30
KeR888: folds 
shootingGRID: folds 
ffac: folds 
Uncalled bet ($1.30) returned to ghc_2
ghc_2 collected $2.50 from pot
ghc_2: doesn't show hand 
*** SUMMARY ***
Total pot $2.50 | Rake $0 
Seat 3: Calvmcd85
Seat 6: Seavus10
Seat 1: ghc_2 collected ($2.50)
Seat 2: KeR888 (button) folded before Flop (didn't bet)
Seat 4: shootingGRID (small blind) folded before Flop
Seat 5: ffac (big blind) folded before Flop



PokerStars Hand #254616634719:  Hold'em No Limit ($0.50/$1.00 USD) - 2025/01/29 2:25:38 WET [2025/01/29 21:25:38 ET]
Table 'Simona' 6-max Seat #4 is the button
Seat 1: ghc_2 ($139.97 in chips) 
Seat 2: KeR888 ($112.96 in chips) 
Seat 3: Calvmcd85 ($60.38 in chips) 
Seat 4: shootingGRID ($123.22 in chips) 
Seat 5: ffac ($238.97 in chips) 
Seat 6: Seavus10 ($100 in chips) 
ffac: posts small blind $0.50
Seavus10: posts big blind $1
Calvmcd85: posts big blind $1
*** HOLE CARDS ***
ghc_2: folds 
KeR888: folds 
Calvmcd85: checks 
shootingGRID: raises $4 to $5
ffac: folds 
Seavus10: folds 
Calvmcd85: folds 
Uncalled bet ($4) returned to shootingGRID
shootingGRID collected $3.50 from pot
*** SUMMARY ***
Total pot $3.50 | Rake $0 
Seat 1: ghc_2 folded before Flop (didn't bet)
Seat 2: KeR888 folded before Flop (didn't bet)
Seat 3: Calvmcd85 folded before Flop (didn't bet)
Seat 4: shootingGRID (button) collected ($3.50)
Seat 5: ffac (small blind) folded before Flop
Seat 6: Seavus10 (big blind) folded before Flop



PokerStars Hand #254616639195:  Hold'em No Limit ($0.50/$1.00 USD) - 2025/01/29 2:26:09 WET [2025/01/29 21:26:09 ET]
Table 'Simona' 6-max Seat #5 is the button
Seat 1: ghc_2 ($139.97 in chips) is sitting out
Seat 2: KeR888 ($112.96 in chips) is sitting out
Seat 3: Calvmcd85 ($59.38 in chips) 
Seat 4: shootingGRID ($125.72 in chips) 
Seat 5: ffac ($238.47 in chips) 
Seat 6: Seavus10 ($99 in chips) 
Seavus10: posts small blind $0.50
ghc_2: is sitting out 
KeR888: is sitting out 
Calvmcd85: posts big blind $1
*** HOLE CARDS ***
shootingGRID: folds 
ffac: folds 
Seavus10: raises $2 to $3
Calvmcd85: folds 
Uncalled bet ($2) returned to Seavus10
Seavus10 collected $2 from pot
Seavus10: doesn't show hand 
*** SUMMARY ***
Total pot $2 | Rake $0 
Seat 1: ghc_2
Seat 2: KeR888
Seat 3: Calvmcd85 (big blind) folded before Flop
Seat 4: shootingGRID folded before Flop (didn't bet)
Seat 5: ffac (button) folded before Flop (didn't bet)
Seat 6: Seavus10 (small blind) collected ($2)



PokerStars Hand #254616641350:  Hold'em No Limit ($0.50/$1.00 USD) - 2025/01/29 2:26:24 WET [2025/01/29 21:26:24 ET]
Table 'Simona' 6-max Seat #6 is the button
Seat 1: ghc_2 ($139.97 in chips) is sitting out
Seat 2: KeR888 ($112.96 in chips) is sitting out
Seat 4: shootingGRID ($125.72 in chips) is sitting out
Seat 3: Calvmcd85 ($58.38 in chips) 
Seat 5: ffac ($238.47 in chips) 
Seat 6: Seavus10 ($100 in chips) 
Calvmcd85: posts small blind $0.50
shootingGRID: is sitting out 
ffac: posts big blind $1
*** HOLE CARDS ***
Seavus10: folds 
Calvmcd85: calls $0.50
ffac: checks 
*** FLOP *** [Jd 2s 9h]
Calvmcd85: checks 
ffac: bets $3
Calvmcd85: calls $3
*** TURN *** [Jd 2s 9h] [Qc]
Calvmcd85: bets $5
ffac: calls $5
*** RIVER *** [Jd 2s 9h Qc] [6c]
Calvmcd85: checks 
ffac: bets $12.82
Calvmcd85: calls $12.82
*** SHOW DOWN ***
ffac: shows [Js 2h] (two pair, Jacks and Deuces)
Calvmcd85: mucks hand 
ffac collected $42.64 from pot
*** SUMMARY ***
Total pot $43.64 | Rake $1 
Board [Jd 2s 9h Qc 6c]
Seat 1: ghc_2
Seat 2: KeR888
Seat 4: shootingGRID
Seat 3: Calvmcd85 (small blind) mucked
Seat 5: ffac (big blind) showed [Js 2h] and won ($42.64) with two pair, Jacks and Deuces
Seat 6: Seavus10 (button) folded before Flop (didn't bet)



PokerStars Hand #254616766242:  Hold'em No Limit ($0.50/$1.00 USD) - 2025/01/29 2:40:58 WET [2025/01/29 21:40:58 ET]
Table 'Simona' 6-max Seat #3 is the button
Seat 1: ghc_2 ($129.56 in chips) 
Seat 2: KeR888 ($100 in chips) 
Seat 3: Calvmcd85 ($35.70 in chips) 
Seat 4: BumHuntKing ($138.74 in chips) 
Seat 5: ffac ($259.75 in chips) 
Seat 6: Seavus10 ($109.22 in chips) 
BumHuntKing: posts small blind $0.50
ffac: posts big blind $1
*** HOLE CARDS ***
Seavus10: folds 
ghc_2: folds 
KeR888: folds 
Calvmcd85: folds 
BumHuntKing: raises $2 to $3
ffac: calls $2
*** FLOP *** [2h 2d 9d]
BumHuntKing: checks 
ffac: checks 
*** TURN *** [2h 2d 9d] [Kc]
BumHuntKing: bets $4.28
ffac: folds 
Uncalled bet ($4.28) returned to BumHuntKing
BumHuntKing collected $5.70 from pot
BumHuntKing: doesn't show hand 
*** SUMMARY ***
Total pot $6 | Rake $0.30 
Board [2h 2d 9d Kc]
Seat 1: ghc_2 folded before Flop (didn't bet)
Seat 2: KeR888 folded before Flop (didn't bet)
Seat 3: Calvmcd85 (button) folded before Flop (didn't bet)
Seat 4: BumHuntKing (small blind) collected ($5.70)
Seat 5: ffac (big blind) folded on the Turn
Seat 6: Seavus10 folded before Flop (didn't bet)



PokerStars Hand #254616775011:  Hold'em No Limit ($0.50/$1.00 USD) - 2025/01/29 2:42:00 WET [2025/01/29 21:42:00 ET]
Table 'Simona' 6-max Seat #4 is the button
Seat 1: ghc_2 ($129.56 in chips) 
Seat 2: KeR888 ($100 in chips) 
Seat 3: Calvmcd85 ($35.70 in chips) 
Seat 4: BumHuntKing ($141.44 in chips) 
Seat 5: ffac ($256.75 in chips) 
Seat 6: Seavus10 ($109.22 in chips) 
ffac: posts small blind $0.50
Seavus10: posts big blind $1
*** HOLE CARDS ***
ghc_2: folds 
KeR888: folds 
Calvmcd85 has timed out
Calvmcd85: folds 
BumHuntKing: folds 
ffac: raises $2 to $3
Seavus10: calls $2
*** FLOP *** [Th 2c 7s]
ffac: checks 
Seavus10: checks 
*** TURN *** [Th 2c 7s] [6h]
ffac: checks 
Seavus10: checks 
*** RIVER *** [Th 2c 7s 6h] [Jd]
ffac: checks 
Seavus10: bets $3.80
ffac: folds 
Uncalled bet ($3.80) returned to Seavus10
Seavus10 collected $5.70 from pot
Seavus10: doesn't show hand 
*** SUMMARY ***
Total pot $6 | Rake $0.30 
Board [Th 2c 7s 6h Jd]
Seat 1: ghc_2 folded before Flop (didn't bet)
Seat 2: KeR888 folded before Flop (didn't bet)
Seat 3: Calvmcd85 folded before Flop (didn't bet)
Seat 4: BumHuntKing (button) folded before Flop (didn't bet)
Seat 5: ffac (small blind) folded on the River
Seat 6: Seavus10 (big blind) collected ($5.70)



PokerStars Hand #254616790887:  Hold'em No Limit ($0.50/$1.00 USD) - 2025/01/29 2:43:54 WET [2025/01/29 21:43:54 ET]
Table 'Simona' 6-max Seat #5 is the button
Seat 1: ghc_2 ($129.56 in chips) 
Seat 2: KeR888 ($100 in chips) 
Seat 3: Calvmcd85 ($35.70 in chips) 
Seat 4: BumHuntKing ($141.44 in chips) 
Seat 5: ffac ($253.75 in chips) 
Seat 6: Seavus10 ($111.92 in chips) 
Seavus10: posts small blind $0.50
ghc_2: posts big blind $1
*** HOLE CARDS ***
KeR888: folds 
Calvmcd85: folds 
BumHuntKing: raises $1.20 to $2.20
ffac: folds 
Seavus10: folds 
ghc_2: calls $1.20
*** FLOP *** [8d Qh Ks]
ghc_2: checks 
BumHuntKing: bets $4.66
ghc_2: calls $4.66
*** TURN *** [8d Qh Ks] [3d]
ghc_2: checks 
BumHuntKing: bets $10.13
ghc_2: calls $10.13
*** RIVER *** [8d Qh Ks 3d] [Ah]
ghc_2: checks 
BumHuntKing: checks 
*** SHOW DOWN ***
ghc_2: shows [Jd Kh] (a pair of Kings)
BumHuntKing: mucks hand 
ghc_2 collected $32.76 from pot
*** SUMMARY ***
Total pot $34.48 | Rake $1.72 
Board [8d Qh Ks 3d Ah]
Seat 1: ghc_2 (big blind) showed [Jd Kh] and won ($32.76) with a pair of Kings
Seat 2: KeR888 folded before Flop (didn't bet)
Seat 3: Calvmcd85 folded before Flop (didn't bet)
Seat 4: BumHuntKing mucked
Seat 5: ffac (button) folded before Flop (didn't bet)
Seat 6: Seavus10 (small blind) folded before Flop



PokerStars Hand #254616800834:  Hold'em No Limit ($0.50/$1.00 USD) - 2025/01/29 2:45:06 WET [2025/01/29 21:45:06 ET]
Table 'Simona' 6-max Seat #6 is the button
Seat 1: ghc_2 ($145.33 in chips) 
Seat 2: KeR888 ($100 in chips) 
Seat 3: Calvmcd85 ($35.70 in chips) 
Seat 4: BumHuntKing ($124.45 in chips) 
Seat 5: ffac ($253.75 in chips) 
Seat 6: Seavus10 ($111.42 in chips) 
ghc_2: posts small blind $0.50
KeR888: posts big blind $1
*** HOLE CARDS ***
Calvmcd85: folds 
BumHuntKing: folds 
ffac: folds 
Seavus10: folds 
ghc_2: folds 
Uncalled bet ($0.50) returned to KeR888
KeR888 collected $1 from pot
KeR888: doesn't show hand 
*** SUMMARY ***
Total pot $1 | Rake $0 
Seat 1: ghc_2 (small blind) folded before Flop
Seat 2: KeR888 (big blind) collected ($1)
Seat 3: Calvmcd85 folded before Flop (didn't bet)
Seat 4: BumHuntKing folded before Flop (didn't bet)
Seat 5: ffac folded before Flop (didn't bet)
Seat 6: Seavus10 (button) folded before Flop (didn't bet)



PokerStars Hand #254616802540:  Hold'em No Limit ($0.50/$1.00 USD) - 2025/01/29 2:45:18 WET [2025/01/29 21:45:18 ET]
Table 'Simona' 6-max Seat #1 is the button
Seat 1: ghc_2 ($144.83 in chips) 
Seat 2: KeR888 ($100.50 in chips) 
Seat 3: Calvmcd85 ($35.70 in chips) 
Seat 4: BumHuntKing ($124.45 in chips) 
Seat 5: ffac ($253.75 in chips) 
Seat 6: Seavus10 ($111.42 in chips) 
KeR888: posts small blind $0.50
Calvmcd85: posts big blind $1
*** HOLE CARDS ***
BumHuntKing: raises $1.20 to $2.20
ffac: folds 
Seavus10: folds 
ghc_2: folds 
KeR888: raises $8.80 to $11
Calvmcd85: folds 
BumHuntKing: folds 
Uncalled bet ($8.80) returned to KeR888
KeR888 collected $5.40 from pot
KeR888: doesn't show hand 
*** SUMMARY ***
Total pot $5.40 | Rake $0 
Seat 1: ghc_2 (button) folded before Flop (didn't bet)
Seat 2: KeR888 (small blind) collected ($5.40)
Seat 3: Calvmcd85 (big blind) folded before Flop
Seat 4: BumHuntKing folded before Flop
Seat 5: ffac folded before Flop (didn't bet)
Seat 6: Seavus10 folded before Flop (didn't bet)



PokerStars Hand #254616805444:  Hold'em No Limit ($0.50/$1.00 USD) - 2025/01/29 2:45:39 WET [2025/01/29 21:45:39 ET]
Table 'Simona' 6-max Seat #2 is the button
Seat 1: ghc_2 ($144.83 in chips) 
Seat 2: KeR888 ($103.70 in chips) 
Seat 3: Calvmcd85 ($34.70 in chips) 
Seat 4: BumHuntKing ($122.25 in chips) 
Seat 5: ffac ($253.75 in chips) 
Seat 6: Seavus10 ($111.42 in chips) 
Calvmcd85: posts small blind $0.50
BumHuntKing: posts big blind $1
*** HOLE CARDS ***
ffac: folds 
Seavus10: folds 
ghc_2: folds 
KeR888: raises $1.50 to $2.50
Calvmcd85: folds 
BumHuntKing: folds 
Uncalled bet ($1.50) returned to KeR888
KeR888 collected $2.50 from pot
KeR888: doesn't show hand 
*** SUMMARY ***
Total pot $2.50 | Rake $0 
Seat 1: ghc_2 folded before Flop (didn't bet)
Seat 2: KeR888 (button) collected ($2.50)
Seat 3: Calvmcd85 (small blind) folded before Flop
Seat 4: BumHuntKing (big blind) folded before Flop
Seat 5: ffac folded before Flop (didn't bet)
Seat 6: Seavus10 folded before Flop (didn't bet)



PokerStars Hand #254616807582:  Hold'em No Limit ($0.50/$1.00 USD) - 2025/01/29 2:45:55 WET [2025/01/29 21:45:55 ET]
Table 'Simona' 6-max Seat #3 is the button
Seat 1: ghc_2 ($144.83 in chips) 
Seat 2: KeR888 ($105.20 in chips) 
Seat 3: Calvmcd85 ($34.20 in chips) 
Seat 4: BumHuntKing ($121.25 in chips) 
Seat 5: ffac ($253.75 in chips) 
Seat 6: Seavus10 ($111.42 in chips) 
BumHuntKing: posts small blind $0.50
ffac: posts big blind $1
*** HOLE CARDS ***
Seavus10: folds 
ghc_2: folds 
KeR888: folds 
Calvmcd85: calls $1
BumHuntKing: folds 
ffac: checks 
*** FLOP *** [Kh 7c 8s]
ffac: checks 
Calvmcd85: checks 
*** TURN *** [Kh 7c 8s] [Qh]
ffac: checks 
Calvmcd85: checks 
*** RIVER *** [Kh 7c 8s Qh] [7h]
ffac: checks 
Calvmcd85: checks 
*** SHOW DOWN ***
ffac: shows [2h Ac] (a pair of Sevens)
Calvmcd85: mucks hand 
ffac collected $2.38 from pot
*** SUMMARY ***
Total pot $2.50 | Rake $0.12 
Board [Kh 7c 8s Qh 7h]
Seat 1: ghc_2 folded before Flop (didn't bet)
Seat 2: KeR888 folded before Flop (didn't bet)
Seat 3: Calvmcd85 (button) mucked
Seat 4: BumHuntKing (small blind) folded before Flop
Seat 5: ffac (big blind) showed [2h Ac] and won ($2.38) with a pair of Sevens
Seat 6: Seavus10 folded before Flop (didn't bet)



PokerStars Hand #254616813071:  Hold'em No Limit ($0.50/$1.00 USD) - 2025/01/29 2:46:36 WET [2025/01/29 21:46:36 ET]
Table 'Simona' 6-max Seat #4 is the button
Seat 1: ghc_2 ($144.83 in chips) 
Seat 2: KeR888 ($105.20 in chips) 
Seat 3: Calvmcd85 ($33.20 in chips) 
Seat 4: BumHuntKing ($120.75 in chips) 
Seat 5: ffac ($255.13 in chips) 
Seat 6: Seavus10 ($111.42 in chips) 
ffac: posts small blind $0.50
Seavus10: posts big blind $1
*** HOLE CARDS ***
ghc_2: folds 
KeR888: folds 
Calvmcd85: folds 
BumHuntKing: raises $1.50 to $2.50
ffac: folds 
Seavus10: raises $10.50 to $13
BumHuntKing: folds 
Uncalled bet ($10.50) returned to Seavus10
Seavus10 collected $5.50 from pot
Seavus10: doesn't show hand 
*** SUMMARY ***
Total pot $5.50 | Rake $0 
Seat 1: ghc_2 folded before Flop (didn't bet)
Seat 2: KeR888 folded before Flop (didn't bet)
Seat 3: Calvmcd85 folded before Flop (didn't bet)
Seat 4: BumHuntKing (button) folded before Flop
Seat 5: ffac (small blind) folded before Flop
Seat 6: Seavus10 (big blind) collected ($5.50)



PokerStars Hand #254616816308:  Hold'em No Limit ($0.50/$1.00 USD) - 2025/01/29 2:47:00 WET [2025/01/29 21:47:00 ET]
Table 'Simona' 6-max Seat #5 is the button
Seat 1: ghc_2 ($144.83 in chips) 
Seat 2: KeR888 ($105.20 in chips) 
Seat 3: Calvmcd85 ($33.20 in chips) 
Seat 4: BumHuntKing ($118.25 in chips) 
Seat 5: ffac ($254.63 in chips) 
Seat 6: Seavus10 ($114.42 in chips) 
Seavus10: posts small blind $0.50
ghc_2: posts big blind $1
*** HOLE CARDS ***
KeR888: folds 
Calvmcd85: folds 
BumHuntKing: folds 
ffac: folds 
Seavus10: folds 
Uncalled bet ($0.50) returned to ghc_2
ghc_2 collected $1 from pot
ghc_2: doesn't show hand 
*** SUMMARY ***
Total pot $1 | Rake $0 
Seat 1: ghc_2 (big blind) collected ($1)
Seat 2: KeR888 folded before Flop (didn't bet)
Seat 3: Calvmcd85 folded before Flop (didn't bet)
Seat 4: BumHuntKing folded before Flop (didn't bet)
Seat 5: ffac (button) folded before Flop (didn't bet)
Seat 6: Seavus10 (small blind) folded before Flop



PokerStars Hand #254616818642:  Hold'em No Limit ($0.50/$1.00 USD) - 2025/01/29 2:47:17 WET [2025/01/29 21:47:17 ET]
Table 'Simona' 6-max Seat #6 is the button
Seat 1: ghc_2 ($145.33 in chips) 
Seat 2: KeR888 ($105.20 in chips) 
Seat 3: Calvmcd85 ($33.20 in chips) 
Seat 4: BumHuntKing ($118.25 in chips) 
Seat 5: ffac ($254.63 in chips) 
Seat 6: Seavus10 ($113.92 in chips) 
ghc_2: posts small blind $0.50
KeR888: posts big blind $1
*** HOLE CARDS ***
Calvmcd85: calls $1
BumHuntKing: folds 
ffac: folds 
Seavus10: raises $1.50 to $2.50
ghc_2: folds 
KeR888: folds 
Calvmcd85: calls $1.50
*** FLOP *** [Qh 5d 2h]
Calvmcd85: checks 
Seavus10: bets $2.06
Calvmcd85: folds 
Uncalled bet ($2.06) returned to Seavus10
Seavus10 collected $6.18 from pot
Seavus10: doesn't show hand 
*** SUMMARY ***
Total pot $6.50 | Rake $0.32 
Board [Qh 5d 2h]
Seat 1: ghc_2 (small blind) folded before Flop
Seat 2: KeR888 (big blind) folded before Flop
Seat 3: Calvmcd85 folded on the Flop
Seat 4: BumHuntKing folded before Flop (didn't bet)
Seat 5: ffac folded before Flop (didn't bet)
Seat 6: Seavus10 (button) collected ($6.18)



PokerStars Hand #254616823587:  Hold'em No Limit ($0.50/$1.00 USD) - 2025/01/29 2:47:53 WET [2025/01/29 21:47:53 ET]
Table 'Simona' 6-max Seat #1 is the button
Seat 1: ghc_2 ($144.83 in chips) 
Seat 2: KeR888 ($104.20 in chips) 
Seat 3: Calvmcd85 ($30.70 in chips) 
Seat 4: BumHuntKing ($118.25 in chips) 
Seat 5: ffac ($254.63 in chips) 
Seat 6: Seavus10 ($117.60 in chips) 
KeR888: posts small blind $0.50
Calvmcd85: posts big blind $1
*** HOLE CARDS ***
BumHuntKing: folds 
ffac: folds 
Seavus10: folds 
ghc_2: folds 
KeR888: folds 
Uncalled bet ($0.50) returned to Calvmcd85
Calvmcd85 collected $1 from pot
Calvmcd85: doesn't show hand 
*** SUMMARY ***
Total pot $1 | Rake $0 
Seat 1: ghc_2 (button) folded before Flop (didn't bet)
Seat 2: KeR888 (small blind) folded before Flop
Seat 3: Calvmcd85 (big blind) collected ($1)
Seat 4: BumHuntKing folded before Flop (didn't bet)
Seat 5: ffac folded before Flop (didn't bet)
Seat 6: Seavus10 folded before Flop (didn't bet)



PokerStars Hand #254616825470:  Hold'em No Limit ($0.50/$1.00 USD) - 2025/01/29 2:48:07 WET [2025/01/29 21:48:07 ET]
Table 'Simona' 6-max Seat #2 is the button
Seat 1: ghc_2 ($144.83 in chips) 
Seat 2: KeR888 ($103.70 in chips) 
Seat 3: Calvmcd85 ($31.20 in chips) 
Seat 4: BumHuntKing ($118.25 in chips) 
Seat 5: ffac ($254.63 in chips) 
Seat 6: Seavus10 ($117.60 in chips) 
Calvmcd85: posts small blind $0.50
BumHuntKing: posts big blind $1
*** HOLE CARDS ***
ffac: raises $1.04 to $2.04
Seavus10: folds 
ghc_2: folds 
KeR888: folds 
Calvmcd85: calls $1.54
BumHuntKing: folds 
*** FLOP *** [Js Qs 9c]
Calvmcd85: checks 
ffac: checks 
*** TURN *** [Js Qs 9c] [6s]
Calvmcd85: checks 
ffac: bets $1.21
Calvmcd85: folds 
Uncalled bet ($1.21) returned to ffac
ffac collected $4.83 from pot
ffac: doesn't show hand 
*** SUMMARY ***
Total pot $5.08 | Rake $0.25 
Board [Js Qs 9c 6s]
Seat 1: ghc_2 folded before Flop (didn't bet)
Seat 2: KeR888 (button) folded before Flop (didn't bet)
Seat 3: Calvmcd85 (small blind) folded on the Turn
Seat 4: BumHuntKing (big blind) folded before Flop
Seat 5: ffac collected ($4.83)
Seat 6: Seavus10 folded before Flop (didn't bet)



PokerStars Hand #254616832114:  Hold'em No Limit ($0.50/$1.00 USD) - 2025/01/29 2:48:55 WET [2025/01/29 21:48:55 ET]
Table 'Simona' 6-max Seat #3 is the button
Seat 1: ghc_2 ($144.83 in chips) 
Seat 2: KeR888 ($103.70 in chips) 
Seat 3: Calvmcd85 ($29.16 in chips) 
Seat 4: BumHuntKing ($117.25 in chips) 
Seat 5: ffac ($257.42 in chips) 
Seat 6: Seavus10 ($117.60 in chips) 
BumHuntKing: posts small blind $0.50
ffac: posts big blind $1
*** HOLE CARDS ***
Seavus10: folds 
ghc_2: raises $1 to $2
KeR888: folds 
Calvmcd85: folds 
BumHuntKing: folds 
ffac: folds 
Uncalled bet ($1) returned to ghc_2
ghc_2 collected $2.50 from pot
ghc_2: doesn't show hand 
*** SUMMARY ***
Total pot $2.50 | Rake $0 
Seat 1: ghc_2 collected ($2.50)
Seat 2: KeR888 folded before Flop (didn't bet)
Seat 3: Calvmcd85 (button) folded before Flop (didn't bet)
Seat 4: BumHuntKing (small blind) folded before Flop
Seat 5: ffac (big blind) folded before Flop
Seat 6: Seavus10 folded before Flop (didn't bet)



PokerStars Hand #254616835896:  Hold'em No Limit ($0.50/$1.00 USD) - 2025/01/29 2:49:23 WET [2025/01/29 21:49:23 ET]
Table 'Simona' 6-max Seat #4 is the button
Seat 1: ghc_2 ($146.33 in chips) 
Seat 2: KeR888 ($103.70 in chips) 
Seat 3: Calvmcd85 ($29.16 in chips) 
Seat 4: BumHuntKing ($116.75 in chips) 
Seat 5: ffac ($256.42 in chips) 
Seat 6: Seavus10 ($117.60 in chips) 
ffac: posts small blind $0.50
Seavus10: posts big blind $1
*** HOLE CARDS ***
ghc_2: folds 
KeR888: folds 
Calvmcd85: calls $1
BumHuntKing: folds 
ffac: folds 
Seavus10: raises $4 to $5
Calvmcd85: calls $4
*** FLOP *** [7s Kd Ad]
Seavus10: bets $7.49
Calvmcd85: folds 
Uncalled bet ($7.49) returned to Seavus10
Seavus10 collected $9.98 from pot
Seavus10: doesn't show hand 
*** SUMMARY ***
Total pot $10.50 | Rake $0.52 
Board [7s Kd Ad]
Seat 1: ghc_2 folded before Flop (didn't bet)
Seat 2: KeR888 folded before Flop (didn't bet)
Seat 3: Calvmcd85 folded on the Flop
Seat 4: BumHuntKing (button) folded before Flop (didn't bet)
Seat 5: ffac (small blind) folded before Flop
Seat 6: Seavus10 (big blind) collected ($9.98)



PokerStars Hand #254616841515:  Hold'em No Limit ($0.50/$1.00 USD) - 2025/01/29 2:50:04 WET [2025/01/29 21:50:04 ET]
Table 'Simona' 6-max Seat #5 is the button
Seat 1: ghc_2 ($146.33 in chips) 
Seat 2: KeR888 ($103.70 in chips) 
Seat 3: Calvmcd85 ($24.16 in chips) 
Seat 4: BumHuntKing ($116.75 in chips) 
Seat 5: ffac ($255.92 in chips) 
Seat 6: Seavus10 ($122.58 in chips) 
Seavus10: posts small blind $0.50
ghc_2: posts big blind $1
*** HOLE CARDS ***
KeR888: folds 
Calvmcd85: folds 
BumHuntKing: folds 
ffac: raises $1.50 to $2.50
Seavus10: folds 
ghc_2: calls $1.50
*** FLOP *** [5s Jh 5c]
ghc_2: checks 
ffac: bets $1.72
ghc_2: calls $1.72
*** TURN *** [5s Jh 5c] [3s]
ghc_2: checks 
ffac: checks 
*** RIVER *** [5s Jh 5c 3s] [4c]
ghc_2: checks 
ffac: checks 
*** SHOW DOWN ***
ghc_2: shows [2d Jd] (two pair, Jacks and Fives)
ffac: mucks hand 
ghc_2 collected $8.49 from pot
*** SUMMARY ***
Total pot $8.94 | Rake $0.45 
Board [5s Jh 5c 3s 4c]
Seat 1: ghc_2 (big blind) showed [2d Jd] and won ($8.49) with two pair, Jacks and Fives
Seat 2: KeR888 folded before Flop (didn't bet)
Seat 3: Calvmcd85 folded before Flop (didn't bet)
Seat 4: BumHuntKing folded before Flop (didn't bet)
Seat 5: ffac (button) mucked
Seat 6: Seavus10 (small blind) folded before Flop



PokerStars Hand #254616853168:  Hold'em No Limit ($0.50/$1.00 USD) - 2025/01/29 2:51:29 WET [2025/01/29 21:51:29 ET]
Table 'Simona' 6-max Seat #6 is the button
Seat 1: ghc_2 ($150.60 in chips) 
Seat 2: KeR888 ($103.70 in chips) 
Seat 3: Calvmcd85 ($24.16 in chips) 
Seat 4: BumHuntKing ($116.75 in chips) 
Seat 5: ffac ($251.70 in chips) 
Seat 6: Seavus10 ($122.08 in chips) 
ghc_2: posts small blind $0.50
KeR888: posts big blind $1
*** HOLE CARDS ***
Calvmcd85: folds 
BumHuntKing: folds 
ffac: folds 
Seavus10: raises $1.50 to $2.50
ghc_2: raises $9 to $11.50
KeR888: folds 
Seavus10: folds 
Uncalled bet ($9) returned to ghc_2
ghc_2 collected $6 from pot
ghc_2: doesn't show hand 
*** SUMMARY ***
Total pot $6 | Rake $0 
Seat 1: ghc_2 (small blind) collected ($6)
Seat 2: KeR888 (big blind) folded before Flop
Seat 3: Calvmcd85 folded before Flop (didn't bet)
Seat 4: BumHuntKing folded before Flop (didn't bet)
Seat 5: ffac folded before Flop (didn't bet)
Seat 6: Seavus10 (button) folded before Flop



PokerStars Hand #254616858980:  Hold'em No Limit ($0.50/$1.00 USD) - 2025/01/29 2:52:12 WET [2025/01/29 21:52:12 ET]
Table 'Simona' 6-max Seat #1 is the button
Seat 1: ghc_2 ($154.10 in chips) 
Seat 2: KeR888 ($102.70 in chips) 
Seat 3: Calvmcd85 ($24.16 in chips) 
Seat 4: BumHuntKing ($116.75 in chips) 
Seat 5: ffac ($251.70 in chips) 
Seat 6: Seavus10 ($119.58 in chips) 
KeR888: posts small blind $0.50
Calvmcd85: posts big blind $1
*** HOLE CARDS ***
BumHuntKing: folds 
ffac: raises $1.04 to $2.04
Seavus10: folds 
ghc_2: folds 
KeR888: raises $7.96 to $10
Calvmcd85: folds 
ffac: calls $7.96
*** FLOP *** [6c 5h 5c]
KeR888: bets $14.96
ffac: calls $14.96
*** TURN *** [6c 5h 5c] [7s]
KeR888: bets $77.74 and is all-in
ffac: calls $77.74
*** RIVER *** [6c 5h 5c 7s] [6d]
*** SHOW DOWN ***
KeR888: shows [Jh Jc] (two pair, Jacks and Sixes)
ffac: shows [Qs Qd] (two pair, Queens and Sixes)
ffac collected $203.90 from pot
*** SUMMARY ***
Total pot $206.40 | Rake $2.50 
Board [6c 5h 5c 7s 6d]
Seat 1: ghc_2 (button) folded before Flop (didn't bet)
Seat 2: KeR888 (small blind) showed [Jh Jc] and lost with two pair, Jacks and Sixes
Seat 3: Calvmcd85 (big blind) folded before Flop
Seat 4: BumHuntKing folded before Flop (didn't bet)
Seat 5: ffac showed [Qs Qd] and won ($203.90) with two pair, Queens and Sixes
Seat 6: Seavus10 folded before Flop (didn't bet)



PokerStars Hand #254616872440:  Hold'em No Limit ($0.50/$1.00 USD) - 2025/01/29 2:53:53 WET [2025/01/29 21:53:53 ET]
Table 'Simona' 6-max Seat #2 is the button
Seat 1: ghc_2 ($154.10 in chips) 
Seat 2: KeR888 ($100 in chips) 
Seat 3: Calvmcd85 ($23.16 in chips) 
Seat 4: BumHuntKing ($116.75 in chips) 
Seat 5: ffac ($352.90 in chips) 
Seat 6: Seavus10 ($119.58 in chips) 
Calvmcd85: posts small blind $0.50
BumHuntKing: posts big blind $1
*** HOLE CARDS ***
ffac: folds 
Seavus10: raises $1.20 to $2.20
ghc_2: folds 
KeR888: folds 
Calvmcd85: folds 
BumHuntKing: folds 
Uncalled bet ($1.20) returned to Seavus10
Seavus10 collected $2.50 from pot
Seavus10: doesn't show hand 
*** SUMMARY ***
Total pot $2.50 | Rake $0 
Seat 1: ghc_2 folded before Flop (didn't bet)
Seat 2: KeR888 (button) folded before Flop (didn't bet)
Seat 3: Calvmcd85 (small blind) folded before Flop
Seat 4: BumHuntKing (big blind) folded before Flop
Seat 5: ffac folded before Flop (didn't bet)
Seat 6: Seavus10 collected ($2.50)



PokerStars Hand #254616874392:  Hold'em No Limit ($0.50/$1.00 USD) - 2025/01/29 2:54:08 WET [2025/01/29 21:54:08 ET]
Table 'Simona' 6-max Seat #3 is the button
Seat 1: ghc_2 ($154.10 in chips) 
Seat 2: KeR888 ($100 in chips) 
Seat 3: Calvmcd85 ($22.66 in chips) 
Seat 4: BumHuntKing ($115.75 in chips) 
Seat 5: ffac ($352.90 in chips) 
Seat 6: Seavus10 ($121.08 in chips) 
BumHuntKing: posts small blind $0.50
ffac: posts big blind $1
*** HOLE CARDS ***
Seavus10: folds 
ghc_2: folds 
KeR888: folds 
Calvmcd85: folds 
BumHuntKing: folds 
Uncalled bet ($0.50) returned to ffac
ffac collected $1 from pot
ffac: doesn't show hand 
*** SUMMARY ***
Total pot $1 | Rake $0 
Seat 1: ghc_2 folded before Flop (didn't bet)
Seat 2: KeR888 folded before Flop (didn't bet)
Seat 3: Calvmcd85 (button) folded before Flop (didn't bet)
Seat 4: BumHuntKing (small blind) folded before Flop
Seat 5: ffac (big blind) collected ($1)
Seat 6: Seavus10 folded before Flop (didn't bet)



PokerStars Hand #254616876657:  Hold'em No Limit ($0.50/$1.00 USD) - 2025/01/29 2:54:25 WET [2025/01/29 21:54:25 ET]
Table 'Simona' 6-max Seat #4 is the button
Seat 1: ghc_2 ($154.10 in chips) 
Seat 2: KeR888 ($100 in chips) 
Seat 3: Calvmcd85 ($22.66 in chips) 
Seat 4: BumHuntKing ($115.25 in chips) 
Seat 5: ffac ($353.40 in chips) 
Seat 6: Seavus10 ($121.08 in chips) 
ffac: posts small blind $0.50
Seavus10: posts big blind $1
*** HOLE CARDS ***
ghc_2: folds 
KeR888: folds 
Calvmcd85: folds 
BumHuntKing: folds 
ffac: folds 
Uncalled bet ($0.50) returned to Seavus10
Seavus10 collected $1 from pot
Seavus10: doesn't show hand 
*** SUMMARY ***
Total pot $1 | Rake $0 
Seat 1: ghc_2 folded before Flop (didn't bet)
Seat 2: KeR888 folded before Flop (didn't bet)
Seat 3: Calvmcd85 folded before Flop (didn't bet)
Seat 4: BumHuntKing (button) folded before Flop (didn't bet)
Seat 5: ffac (small blind) folded before Flop
Seat 6: Seavus10 (big blind) collected ($1)



PokerStars Hand #254616878445:  Hold'em No Limit ($0.50/$1.00 USD) - 2025/01/29 2:54:38 WET [2025/01/29 21:54:38 ET]
Table 'Simona' 6-max Seat #5 is the button
Seat 1: ghc_2 ($154.10 in chips) 
Seat 2: KeR888 ($100 in chips) 
Seat 3: Calvmcd85 ($22.66 in chips) 
Seat 4: BumHuntKing ($115.25 in chips) 
Seat 5: ffac ($352.90 in chips) 
Seat 6: Seavus10 ($121.58 in chips) 
Seavus10: posts small blind $0.50
ghc_2: posts big blind $1
*** HOLE CARDS ***
KeR888: folds 
Calvmcd85: calls $1
BumHuntKing: folds 
ffac: raises $2.50 to $3.50
Seavus10: raises $9 to $12.50
ghc_2: folds 
Calvmcd85: raises $10.16 to $22.66 and is all-in
ffac: folds 
Seavus10: calls $10.16
*** FLOP *** [Kd 8d 6d]
*** TURN *** [Kd 8d 6d] [3d]
*** RIVER *** [Kd 8d 6d 3d] [Td]
*** SHOW DOWN ***
Seavus10: shows [Qh Qd] (a flush, King high)
Calvmcd85: shows [Ts Ad] (a flush, Ace high)
Calvmcd85 collected $47.33 from pot
*** SUMMARY ***
Total pot $49.82 | Rake $2.49 
Board [Kd 8d 6d 3d Td]
Seat 1: ghc_2 (big blind) folded before Flop
Seat 2: KeR888 folded before Flop (didn't bet)
Seat 3: Calvmcd85 showed [Ts Ad] and won ($47.33) with a flush, Ace high
Seat 4: BumHuntKing folded before Flop (didn't bet)
Seat 5: ffac (button) folded before Flop
Seat 6: Seavus10 (small blind) showed [Qh Qd] and lost with a flush, King high



PokerStars Hand #254616884427:  Hold'em No Limit ($0.50/$1.00 USD) - 2025/01/29 2:55:30 WET [2025/01/29 21:55:30 ET]
Table 'Simona' 6-max Seat #6 is the button
Seat 1: ghc_2 ($153.10 in chips) 
Seat 2: KeR888 ($100 in chips) 
Seat 3: Calvmcd85 ($47.33 in chips) 
Seat 4: BumHuntKing ($115.25 in chips) 
Seat 5: ffac ($349.40 in chips) 
Seat 6: Seavus10 ($100 in chips) 
ghc_2: posts small blind $0.50
KeR888: posts big blind $1
*** HOLE CARDS ***
Calvmcd85: folds 
BumHuntKing: folds 
ffac: folds 
Seavus10: raises $1.50 to $2.50
ghc_2: folds 
KeR888: folds 
Uncalled bet ($1.50) returned to Seavus10
Seavus10 collected $2.50 from pot
Seavus10: doesn't show hand 
*** SUMMARY ***
Total pot $2.50 | Rake $0 
Seat 1: ghc_2 (small blind) folded before Flop
Seat 2: KeR888 (big blind) folded before Flop
Seat 3: Calvmcd85 folded before Flop (didn't bet)
Seat 4: BumHuntKing folded before Flop (didn't bet)
Seat 5: ffac folded before Flop (didn't bet)
Seat 6: Seavus10 (button) collected ($2.50)



PokerStars Hand #254616886047:  Hold'em No Limit ($0.50/$1.00 USD) - 2025/01/29 2:55:46 WET [2025/01/29 21:55:46 ET]
Table 'Simona' 6-max Seat #1 is the button
Seat 1: ghc_2 ($152.60 in chips) 
Seat 2: KeR888 ($100 in chips) 
Seat 3: Calvmcd85 ($47.33 in chips) 
Seat 4: BumHuntKing ($115.25 in chips) 
Seat 5: ffac ($349.40 in chips) 
Seat 6: Seavus10 ($101.50 in chips) 
KeR888: posts small blind $0.50
Calvmcd85: posts big blind $1
*** HOLE CARDS ***
BumHuntKing: folds 
ffac: folds 
Seavus10: folds 
ghc_2: folds 
KeR888: folds 
Uncalled bet ($0.50) returned to Calvmcd85
Calvmcd85 collected $1 from pot
Calvmcd85: doesn't show hand 
*** SUMMARY ***
Total pot $1 | Rake $0 
Seat 1: ghc_2 (button) folded before Flop (didn't bet)
Seat 2: KeR888 (small blind) folded before Flop
Seat 3: Calvmcd85 (big blind) collected ($1)
Seat 4: BumHuntKing folded before Flop (didn't bet)
Seat 5: ffac folded before Flop (didn't bet)
Seat 6: Seavus10 folded before Flop (didn't bet)



PokerStars Hand #254616887780:  Hold'em No Limit ($0.50/$1.00 USD) - 2025/01/29 2:56:03 WET [2025/01/29 21:56:03 ET]
Table 'Simona' 6-max Seat #2 is the button
Seat 1: ghc_2 ($152.60 in chips) 
Seat 2: KeR888 ($100 in chips) 
Seat 3: Calvmcd85 ($47.83 in chips) 
Seat 4: BumHuntKing ($115.25 in chips) 
Seat 5: ffac ($349.40 in chips) 
Seat 6: Seavus10 ($101.50 in chips) 
Calvmcd85: posts small blind $0.50
BumHuntKing: posts big blind $1
*** HOLE CARDS ***
ffac: folds 
Seavus10: raises $1.20 to $2.20
ghc_2: raises $4.80 to $7
KeR888: folds 
Calvmcd85: folds 
BumHuntKing: folds 
Seavus10: raises $13.50 to $20.50
ghc_2: calls $13.50
*** FLOP *** [6d Jd Ah]
Seavus10: bets $10.10
ghc_2: folds 
Uncalled bet ($10.10) returned to Seavus10
Seavus10 collected $40.38 from pot
Seavus10: doesn't show hand 
*** SUMMARY ***
Total pot $42.50 | Rake $2.12 
Board [6d Jd Ah]
Seat 1: ghc_2 folded on the Flop
Seat 2: KeR888 (button) folded before Flop (didn't bet)
Seat 3: Calvmcd85 (small blind) folded before Flop
Seat 4: BumHuntKing (big blind) folded before Flop
Seat 5: ffac folded before Flop (didn't bet)
Seat 6: Seavus10 collected ($40.38)



PokerStars Hand #254616893527:  Hold'em No Limit ($0.50/$1.00 USD) - 2025/01/29 2:56:58 WET [2025/01/29 21:56:58 ET]
Table 'Simona' 6-max Seat #3 is the button
Seat 1: ghc_2 ($132.10 in chips) 
Seat 2: KeR888 ($100 in chips) 
Seat 3: Calvmcd85 ($47.33 in chips) 
Seat 4: BumHuntKing ($114.25 in chips) 
Seat 5: ffac ($349.40 in chips) 
Seat 6: Seavus10 ($121.38 in chips) 
BumHuntKing: posts small blind $0.50
ffac: posts big blind $1
*** HOLE CARDS ***
Seavus10: folds 
ghc_2: folds 
KeR888: folds 
Calvmcd85: folds 
BumHuntKing: raises $2 to $3
ffac: raises $6 to $9
BumHuntKing: folds 
Uncalled bet ($6) returned to ffac
ffac collected $6 from pot
ffac: doesn't show hand 
*** SUMMARY ***
Total pot $6 | Rake $0 
Seat 1: ghc_2 folded before Flop (didn't bet)
Seat 2: KeR888 folded before Flop (didn't bet)
Seat 3: Calvmcd85 (button) folded before Flop (didn't bet)
Seat 4: BumHuntKing (small blind) folded before Flop
Seat 5: ffac (big blind) collected ($6)
Seat 6: Seavus10 folded before Flop (didn't bet)



PokerStars Hand #254616896596:  Hold'em No Limit ($0.50/$1.00 USD) - 2025/01/29 2:57:27 WET [2025/01/29 21:57:27 ET]
Table 'Simona' 6-max Seat #4 is the button
Seat 1: ghc_2 ($132.10 in chips) 
Seat 2: KeR888 ($100 in chips) 
Seat 3: Calvmcd85 ($47.33 in chips) 
Seat 4: BumHuntKing ($111.25 in chips) 
Seat 5: ffac ($352.40 in chips) 
Seat 6: Seavus10 ($121.38 in chips) 
ffac: posts small blind $0.50
Seavus10: posts big blind $1
*** HOLE CARDS ***
ghc_2: folds 
KeR888: folds 
Calvmcd85: calls $1
BumHuntKing: folds 
ffac: folds 
Seavus10: checks 
*** FLOP *** [Qs 9d Th]
Seavus10: checks 
Calvmcd85: checks 
*** TURN *** [Qs 9d Th] [Ts]
Seavus10: checks 
Calvmcd85: checks 
*** RIVER *** [Qs 9d Th Ts] [6c]
Seavus10: bets $1.59
Calvmcd85: calls $1.59
*** SHOW DOWN ***
Seavus10: shows [Jc Qd] (two pair, Queens and Tens)
Calvmcd85: mucks hand 
Seavus10 collected $5.40 from pot
*** SUMMARY ***
Total pot $5.68 | Rake $0.28 
Board [Qs 9d Th Ts 6c]
Seat 1: ghc_2 folded before Flop (didn't bet)
Seat 2: KeR888 folded before Flop (didn't bet)
Seat 3: Calvmcd85 mucked
Seat 4: BumHuntKing (button) folded before Flop (didn't bet)
Seat 5: ffac (small blind) folded before Flop
Seat 6: Seavus10 (big blind) showed [Jc Qd] and won ($5.40) with two pair, Queens and Tens



PokerStars Hand #254616899648:  Hold'em No Limit ($0.50/$1.00 USD) - 2025/01/29 2:57:56 WET [2025/01/29 21:57:56 ET]
Table 'Simona' 6-max Seat #5 is the button
Seat 1: ghc_2 ($132.10 in chips) 
Seat 2: KeR888 ($100 in chips) 
Seat 3: Calvmcd85 ($44.74 in chips) 
Seat 4: BumHuntKing ($111.25 in chips) 
Seat 5: ffac ($351.90 in chips) 
Seat 6: Seavus10 ($124.19 in chips) 
Seavus10: posts small blind $0.50
ghc_2: posts big blind $1
*** HOLE CARDS ***
KeR888: folds 
Calvmcd85: folds 
BumHuntKing: folds 
ffac: folds 
Seavus10: folds 
Uncalled bet ($0.50) returned to ghc_2
ghc_2 collected $1 from pot
ghc_2: doesn't show hand 
*** SUMMARY ***
Total pot $1 | Rake $0 
Seat 1: ghc_2 (big blind) collected ($1)
Seat 2: KeR888 folded before Flop (didn't bet)
Seat 3: Calvmcd85 folded before Flop (didn't bet)
Seat 4: BumHuntKing folded before Flop (didn't bet)
Seat 5: ffac (button) folded before Flop (didn't bet)
Seat 6: Seavus10 (small blind) folded before Flop



PokerStars Hand #254616901655:  Hold'em No Limit ($0.50/$1.00 USD) - 2025/01/29 2:58:15 WET [2025/01/29 21:58:15 ET]
Table 'Simona' 6-max Seat #6 is the button
Seat 1: ghc_2 ($132.60 in chips) 
Seat 2: KeR888 ($100 in chips) 
Seat 3: Calvmcd85 ($44.74 in chips) 
Seat 4: BumHuntKing ($111.25 in chips) 
Seat 5: ffac ($351.90 in chips) 
Seat 6: Seavus10 ($123.69 in chips) 
ghc_2: posts small blind $0.50
KeR888: posts big blind $1
*** HOLE CARDS ***
Calvmcd85: calls $1
BumHuntKing: folds 
ffac: folds 
Seavus10: folds 
ghc_2: folds 
KeR888: checks 
*** FLOP *** [Td 7s 8s]
KeR888: checks 
Calvmcd85: checks 
*** TURN *** [Td 7s 8s] [Qc]
KeR888: checks 
Calvmcd85: checks 
*** RIVER *** [Td 7s 8s Qc] [3s]
KeR888: bets $1.19
Calvmcd85: calls $1.19
*** SHOW DOWN ***
KeR888: shows [6d 2s] (high card Queen)
Calvmcd85: shows [6s 6h] (a pair of Sixes)
Calvmcd85 collected $4.64 from pot
*** SUMMARY ***
Total pot $4.88 | Rake $0.24 
Board [Td 7s 8s Qc 3s]
Seat 1: ghc_2 (small blind) folded before Flop
Seat 2: KeR888 (big blind) showed [6d 2s] and lost with high card Queen
Seat 3: Calvmcd85 showed [6s 6h] and won ($4.64) with a pair of Sixes
Seat 4: BumHuntKing folded before Flop (didn't bet)
Seat 5: ffac folded before Flop (didn't bet)
Seat 6: Seavus10 (button) folded before Flop (didn't bet)



PokerStars Hand #254616905723:  Hold'em No Limit ($0.50/$1.00 USD) - 2025/01/29 2:58:54 WET [2025/01/29 21:58:54 ET]
Table 'Simona' 6-max Seat #1 is the button
Seat 1: ghc_2 ($132.10 in chips) 
Seat 2: KeR888 ($100 in chips) 
Seat 3: Calvmcd85 ($47.19 in chips) 
Seat 4: BumHuntKing ($111.25 in chips) 
Seat 5: ffac ($351.90 in chips) 
Seat 6: Seavus10 ($123.69 in chips) 
KeR888: posts small blind $0.50
Calvmcd85: posts big blind $1
*** HOLE CARDS ***
BumHuntKing: folds 
ffac: folds 
Seavus10: raises $1.20 to $2.20
ghc_2: folds 
KeR888: folds 
Calvmcd85: calls $1.20
*** FLOP *** [2h Qd 4s]
Calvmcd85: checks 
Seavus10: bets $1.55
Calvmcd85: calls $1.55
*** TURN *** [2h Qd 4s] [2s]
Calvmcd85: bets $3
Seavus10: calls $3
*** RIVER *** [2h Qd 4s 2s] [4d]
Calvmcd85: checks 
Seavus10: bets $6.87
Calvmcd85: folds 
Uncalled bet ($6.87) returned to Seavus10
Seavus10 collected $13.30 from pot
Seavus10: doesn't show hand 
*** SUMMARY ***
Total pot $14 | Rake $0.70 
Board [2h Qd 4s 2s 4d]
Seat 1: ghc_2 (button) folded before Flop (didn't bet)
Seat 2: KeR888 (small blind) folded before Flop
Seat 3: Calvmcd85 (big blind) folded on the River
Seat 4: BumHuntKing folded before Flop (didn't bet)
Seat 5: ffac folded before Flop (didn't bet)
Seat 6: Seavus10 collected ($13.30)



PokerStars Hand #254616913192:  Hold'em No Limit ($0.50/$1.00 USD) - 2025/01/29 3:00:05 WET [2025/01/29 22:00:05 ET]
Table 'Simona' 6-max Seat #2 is the button
Seat 1: ghc_2 ($132.10 in chips) 
Seat 2: KeR888 ($100 in chips) 
Seat 3: Calvmcd85 ($40.44 in chips) 
Seat 4: BumHuntKing ($111.25 in chips) 
Seat 5: ffac ($351.90 in chips) 
Seat 6: Seavus10 ($130.24 in chips) 
Calvmcd85: posts small blind $0.50
BumHuntKing: posts big blind $1
*** HOLE CARDS ***
ffac: folds 
Seavus10: folds 
ghc_2: folds 
KeR888: folds 
Calvmcd85: folds 
Uncalled bet ($0.50) returned to BumHuntKing
BumHuntKing collected $1 from pot
BumHuntKing: doesn't show hand 
*** SUMMARY ***
Total pot $1 | Rake $0 
Seat 1: ghc_2 folded before Flop (didn't bet)
Seat 2: KeR888 (button) folded before Flop (didn't bet)
Seat 3: Calvmcd85 (small blind) folded before Flop
Seat 4: BumHuntKing (big blind) collected ($1)
Seat 5: ffac folded before Flop (didn't bet)
Seat 6: Seavus10 folded before Flop (didn't bet)



PokerStars Hand #254616914958:  Hold'em No Limit ($0.50/$1.00 USD) - 2025/01/29 3:00:21 WET [2025/01/29 22:00:21 ET]
Table 'Simona' 6-max Seat #3 is the button
Seat 1: ghc_2 ($132.10 in chips) 
Seat 2: KeR888 ($100 in chips) 
Seat 3: Calvmcd85 ($39.94 in chips) 
Seat 4: BumHuntKing ($111.75 in chips) 
Seat 5: ffac ($351.90 in chips) 
Seat 6: Seavus10 ($130.24 in chips) 
BumHuntKing: posts small blind $0.50
ffac: posts big blind $1
*** HOLE CARDS ***
Seavus10: folds 
ghc_2: folds 
KeR888: folds 
Calvmcd85: folds 
BumHuntKing: folds 
Uncalled bet ($0.50) returned to ffac
ffac collected $1 from pot
ffac: doesn't show hand 
*** SUMMARY ***
Total pot $1 | Rake $0 
Seat 1: ghc_2 folded before Flop (didn't bet)
Seat 2: KeR888 folded before Flop (didn't bet)
Seat 3: Calvmcd85 (button) folded before Flop (didn't bet)
Seat 4: BumHuntKing (small blind) folded before Flop
Seat 5: ffac (big blind) collected ($1)
Seat 6: Seavus10 folded before Flop (didn't bet)



PokerStars Hand #254616917555:  Hold'em No Limit ($0.50/$1.00 USD) - 2025/01/29 3:00:42 WET [2025/01/29 22:00:42 ET]
Table 'Simona' 6-max Seat #4 is the button
Seat 1: ghc_2 ($132.10 in chips) 
Seat 2: KeR888 ($100 in chips) 
Seat 3: Calvmcd85 ($39.94 in chips) 
Seat 4: BumHuntKing ($111.25 in chips) 
Seat 5: ffac ($352.40 in chips) 
Seat 6: Seavus10 ($130.24 in chips) 
ffac: posts small blind $0.50
Seavus10: posts big blind $1
*** HOLE CARDS ***
ghc_2: folds 
KeR888: folds 
Calvmcd85: folds 
BumHuntKing: folds 
ffac: folds 
Uncalled bet ($0.50) returned to Seavus10
Seavus10 collected $1 from pot
Seavus10: doesn't show hand 
*** SUMMARY ***
Total pot $1 | Rake $0 
Seat 1: ghc_2 folded before Flop (didn't bet)
Seat 2: KeR888 folded before Flop (didn't bet)
Seat 3: Calvmcd85 folded before Flop (didn't bet)
Seat 4: BumHuntKing (button) folded before Flop (didn't bet)
Seat 5: ffac (small blind) folded before Flop
Seat 6: Seavus10 (big blind) collected ($1)



PokerStars Hand #254616920281:  Hold'em No Limit ($0.50/$1.00 USD) - 2025/01/29 3:01:03 WET [2025/01/29 22:01:03 ET]
Table 'Simona' 6-max Seat #5 is the button
Seat 1: ghc_2 ($132.10 in chips) 
Seat 2: KeR888 ($100 in chips) 
Seat 3: Calvmcd85 ($39.94 in chips) 
Seat 4: BumHuntKing ($111.25 in chips) 
Seat 5: ffac ($351.90 in chips) 
Seat 6: Seavus10 ($130.74 in chips) 
Seavus10: posts small blind $0.50
ghc_2: posts big blind $1
*** HOLE CARDS ***
KeR888: folds 
Calvmcd85: calls $1
BumHuntKing: folds 
ffac: raises $2.50 to $3.50
Seavus10: folds 
ghc_2: folds 
Calvmcd85: calls $2.50
*** FLOP *** [Ts 7d 3h]
Calvmcd85: checks 
ffac: bets $4.04
Calvmcd85: folds 
Uncalled bet ($4.04) returned to ffac
ffac collected $8.08 from pot
ffac: doesn't show hand 
*** SUMMARY ***
Total pot $8.50 | Rake $0.42 
Board [Ts 7d 3h]
Seat 1: ghc_2 (big blind) folded before Flop
Seat 2: KeR888 folded before Flop (didn't bet)
Seat 3: Calvmcd85 folded on the Flop
Seat 4: BumHuntKing folded before Flop (didn't bet)
Seat 5: ffac (button) collected ($8.08)
Seat 6: Seavus10 (small blind) folded before Flop



PokerStars Hand #254616925699:  Hold'em No Limit ($0.50/$1.00 USD) - 2025/01/29 3:01:45 WET [2025/01/29 22:01:45 ET]
Table 'Simona' 6-max Seat #6 is the button
Seat 1: ghc_2 ($131.10 in chips) 
Seat 2: KeR888 ($100 in chips) 
Seat 3: Calvmcd85 ($36.44 in chips) 
Seat 4: BumHuntKing ($111.25 in chips) 
Seat 5: ffac ($356.48 in chips) 
Seat 6: Seavus10 ($130.24 in chips) 
ghc_2: posts small blind $0.50
KeR888: posts big blind $1
*** HOLE CARDS ***
Calvmcd85: folds 
BumHuntKing: folds 
ffac: folds 
Seavus10: folds 
ghc_2: folds 
Uncalled bet ($0.50) returned to KeR888
KeR888 collected $1 from pot
KeR888: doesn't show hand 
*** SUMMARY ***
Total pot $1 | Rake $0 
Seat 1: ghc_2 (small blind) folded before Flop
Seat 2: KeR888 (big blind) collected ($1)
Seat 3: Calvmcd85 folded before Flop (didn't bet)
Seat 4: BumHuntKing folded before Flop (didn't bet)
Seat 5: ffac folded before Flop (didn't bet)
Seat 6: Seavus10 (button) folded before Flop (didn't bet)



PokerStars Hand #254616929486:  Hold'em No Limit ($0.50/$1.00 USD) - 2025/01/29 3:02:13 WET [2025/01/29 22:02:13 ET]
Table 'Simona' 6-max Seat #1 is the button
Seat 1: ghc_2 ($130.60 in chips) 
Seat 2: KeR888 ($100.50 in chips) 
Seat 3: Calvmcd85 ($36.44 in chips) 
Seat 4: BumHuntKing ($111.25 in chips) 
Seat 5: ffac ($356.48 in chips) 
Seat 6: Seavus10 ($130.24 in chips) 
KeR888: posts small blind $0.50
Calvmcd85: posts big blind $1
*** HOLE CARDS ***
BumHuntKing: folds 
ffac: folds 
Seavus10: folds 
ghc_2: folds 
KeR888: folds 
Uncalled bet ($0.50) returned to Calvmcd85
Calvmcd85 collected $1 from pot
Calvmcd85: doesn't show hand 
*** SUMMARY ***
Total pot $1 | Rake $0 
Seat 1: ghc_2 (button) folded before Flop (didn't bet)
Seat 2: KeR888 (small blind) folded before Flop
Seat 3: Calvmcd85 (big blind) collected ($1)
Seat 4: BumHuntKing folded before Flop (didn't bet)
Seat 5: ffac folded before Flop (didn't bet)
Seat 6: Seavus10 folded before Flop (didn't bet)



PokerStars Hand #254616931718:  Hold'em No Limit ($0.50/$1.00 USD) - 2025/01/29 3:02:31 WET [2025/01/29 22:02:31 ET]
Table 'Simona' 6-max Seat #2 is the button
Seat 1: ghc_2 ($130.60 in chips) 
Seat 2: KeR888 ($100 in chips) 
Seat 3: Calvmcd85 ($36.94 in chips) 
Seat 4: BumHuntKing ($111.25 in chips) 
Seat 5: ffac ($356.48 in chips) 
Seat 6: Seavus10 ($130.24 in chips) 
Calvmcd85: posts small blind $0.50
BumHuntKing: posts big blind $1
*** HOLE CARDS ***
ffac: folds 
Seavus10: folds 
ghc_2: folds 
KeR888: folds 
Calvmcd85: calls $0.50
BumHuntKing: raises $2.50 to $3.50
Calvmcd85: folds 
Uncalled bet ($2.50) returned to BumHuntKing
BumHuntKing collected $2 from pot
BumHuntKing: doesn't show hand 
*** SUMMARY ***
Total pot $2 | Rake $0 
Seat 1: ghc_2 folded before Flop (didn't bet)
Seat 2: KeR888 (button) folded before Flop (didn't bet)
Seat 3: Calvmcd85 (small blind) folded before Flop
Seat 4: BumHuntKing (big blind) collected ($2)
Seat 5: ffac folded before Flop (didn't bet)
Seat 6: Seavus10 folded before Flop (didn't bet)



PokerStars Hand #254616934265:  Hold'em No Limit ($0.50/$1.00 USD) - 2025/01/29 3:02:50 WET [2025/01/29 22:02:50 ET]
Table 'Simona' 6-max Seat #3 is the button
Seat 1: ghc_2 ($130.60 in chips) 
Seat 2: KeR888 ($100 in chips) 
Seat 3: Calvmcd85 ($35.94 in chips) 
Seat 4: BumHuntKing ($112.25 in chips) 
Seat 5: ffac ($356.48 in chips) 
Seat 6: Seavus10 ($130.24 in chips) 
BumHuntKing: posts small blind $0.50
ffac: posts big blind $1
*** HOLE CARDS ***
Seavus10: folds 
ghc_2: folds 
KeR888: folds 
Calvmcd85: folds 
BumHuntKing: folds 
Uncalled bet ($0.50) returned to ffac
ffac collected $1 from pot
ffac: doesn't show hand 
*** SUMMARY ***
Total pot $1 | Rake $0 
Seat 1: ghc_2 folded before Flop (didn't bet)
Seat 2: KeR888 folded before Flop (didn't bet)
Seat 3: Calvmcd85 (button) folded before Flop (didn't bet)
Seat 4: BumHuntKing (small blind) folded before Flop
Seat 5: ffac (big blind) collected ($1)
Seat 6: Seavus10 folded before Flop (didn't bet)



PokerStars Hand #254616937408:  Hold'em No Limit ($0.50/$1.00 USD) - 2025/01/29 3:03:14 WET [2025/01/29 22:03:14 ET]
Table 'Simona' 6-max Seat #4 is the button
Seat 1: ghc_2 ($130.60 in chips) 
Seat 2: KeR888 ($100 in chips) 
Seat 3: Calvmcd85 ($35.94 in chips) 
Seat 4: BumHuntKing ($111.75 in chips) 
Seat 5: ffac ($356.98 in chips) 
Seat 6: Seavus10 ($130.24 in chips) 
ffac: posts small blind $0.50
Seavus10: posts big blind $1
*** HOLE CARDS ***
ghc_2: folds 
KeR888: folds 
Calvmcd85: folds 
BumHuntKing: raises $1.50 to $2.50
ffac: folds 
Seavus10: folds 
Uncalled bet ($1.50) returned to BumHuntKing
BumHuntKing collected $2.50 from pot
BumHuntKing: doesn't show hand 
*** SUMMARY ***
Total pot $2.50 | Rake $0 
Seat 1: ghc_2 folded before Flop (didn't bet)
Seat 2: KeR888 folded before Flop (didn't bet)
Seat 3: Calvmcd85 folded before Flop (didn't bet)
Seat 4: BumHuntKing (button) collected ($2.50)
Seat 5: ffac (small blind) folded before Flop
Seat 6: Seavus10 (big blind) folded before Flop



PokerStars Hand #254616939226:  Hold'em No Limit ($0.50/$1.00 USD) - 2025/01/29 3:03:28 WET [2025/01/29 22:03:28 ET]
Table 'Simona' 6-max Seat #5 is the button
Seat 1: ghc_2 ($130.60 in chips) 
Seat 2: KeR888 ($100 in chips) 
Seat 3: Calvmcd85 ($35.94 in chips) 
Seat 4: BumHuntKing ($113.25 in chips) 
Seat 5: ffac ($356.48 in chips) 
Seat 6: Seavus10 ($129.24 in chips) 
Seavus10: posts small blind $0.50
ghc_2: posts big blind $1
*** HOLE CARDS ***
KeR888: folds 
Calvmcd85: folds 
BumHuntKing: folds 
ffac: folds 
Seavus10: raises $2 to $3
ghc_2: raises $6 to $9
Seavus10: calls $6
*** FLOP *** [Ts 7h 3d]
Seavus10: checks 
ghc_2: bets $11.29
Seavus10: folds 
Uncalled bet ($11.29) returned to ghc_2
ghc_2 collected $17.10 from pot
ghc_2: doesn't show hand 
*** SUMMARY ***
Total pot $18 | Rake $0.90 
Board [Ts 7h 3d]
Seat 1: ghc_2 (big blind) collected ($17.10)
Seat 2: KeR888 folded before Flop (didn't bet)
Seat 3: Calvmcd85 folded before Flop (didn't bet)
Seat 4: BumHuntKing folded before Flop (didn't bet)
Seat 5: ffac (button) folded before Flop (didn't bet)
Seat 6: Seavus10 (small blind) folded on the Flop



PokerStars Hand #254616948173:  Hold'em No Limit ($0.50/$1.00 USD) - 2025/01/29 3:04:37 WET [2025/01/29 22:04:37 ET]
Table 'Simona' 6-max Seat #6 is the button
Seat 1: ghc_2 ($138.70 in chips) 
Seat 2: KeR888 ($100 in chips) 
Seat 3: Calvmcd85 ($35.94 in chips) 
Seat 4: BumHuntKing ($113.25 in chips) 
Seat 5: ffac ($356.48 in chips) 
Seat 6: Seavus10 ($120.24 in chips) 
ghc_2: posts small blind $0.50
KeR888: posts big blind $1
*** HOLE CARDS ***
Calvmcd85: folds 
BumHuntKing: folds 
ffac: raises $1.19 to $2.19
Seavus10: folds 
ghc_2: folds 
KeR888: folds 
Uncalled bet ($1.19) returned to ffac
ffac collected $2.50 from pot
ffac: doesn't show hand 
*** SUMMARY ***
Total pot $2.50 | Rake $0 
Seat 1: ghc_2 (small blind) folded before Flop
Seat 2: KeR888 (big blind) folded before Flop
Seat 3: Calvmcd85 folded before Flop (didn't bet)
Seat 4: BumHuntKing folded before Flop (didn't bet)
Seat 5: ffac collected ($2.50)
Seat 6: Seavus10 (button) folded before Flop (didn't bet)



PokerStars Hand #254616950808:  Hold'em No Limit ($0.50/$1.00 USD) - 2025/01/29 3:04:57 WET [2025/01/29 22:04:57 ET]
Table 'Simona' 6-max Seat #1 is the button
Seat 1: ghc_2 ($138.20 in chips) 
Seat 2: KeR888 ($100 in chips) 
Seat 3: Calvmcd85 ($35.94 in chips) 
Seat 4: BumHuntKing ($113.25 in chips) 
Seat 5: ffac ($357.98 in chips) 
Seat 6: Seavus10 ($120.24 in chips) 
KeR888: posts small blind $0.50
Calvmcd85: posts big blind $1
*** HOLE CARDS ***
BumHuntKing: folds 
ffac: folds 
Seavus10: folds 
ghc_2: raises $1.40 to $2.40
KeR888: raises $8.60 to $11
Calvmcd85: folds 
ghc_2: calls $8.60
*** FLOP *** [9h Ks 8s]
KeR888: bets $5.46
ghc_2: folds 
Uncalled bet ($5.46) returned to KeR888
KeR888 collected $21.85 from pot
KeR888: doesn't show hand 
*** SUMMARY ***
Total pot $23 | Rake $1.15 
Board [9h Ks 8s]
Seat 1: ghc_2 (button) folded on the Flop
Seat 2: KeR888 (small blind) collected ($21.85)
Seat 3: Calvmcd85 (big blind) folded before Flop
Seat 4: BumHuntKing folded before Flop (didn't bet)
Seat 5: ffac folded before Flop (didn't bet)
Seat 6: Seavus10 folded before Flop (didn't bet)



PokerStars Hand #254616957986:  Hold'em No Limit ($0.50/$1.00 USD) - 2025/01/29 3:05:53 WET [2025/01/29 22:05:53 ET]
Table 'Simona' 6-max Seat #2 is the button
Seat 4: BumHuntKing ($113.25 in chips) is sitting out
Seat 5: ffac ($357.98 in chips) is sitting out
Seat 1: ghc_2 ($127.20 in chips) 
Seat 2: KeR888 ($110.85 in chips) 
Seat 3: Calvmcd85 ($34.94 in chips) 
Seat 6: Seavus10 ($120.24 in chips) 
Calvmcd85: posts small blind $0.50
BumHuntKing: is sitting out 
ffac: is sitting out 
Seavus10: posts big blind $1
*** HOLE CARDS ***
ghc_2: folds 
BumHuntKing leaves the table
KeR888: raises $1.50 to $2.50
Calvmcd85: calls $2
BeauParleur joins the table at seat #4 
Seavus10: calls $1.50
*** FLOP *** [5c Js 8h]
Calvmcd85: checks 
Seavus10: checks 
KeR888: checks 
*** TURN *** [5c Js 8h] [6h]
Calvmcd85: checks 
Seavus10: bets $11.04
KeR888: folds 
Calvmcd85: folds 
Uncalled bet ($11.04) returned to Seavus10
Seavus10 collected $7.12 from pot
Seavus10: doesn't show hand 
*** SUMMARY ***
Total pot $7.50 | Rake $0.38 
Board [5c Js 8h 6h]
Seat 4: BumHuntKing
Seat 5: ffac
Seat 1: ghc_2 folded before Flop (didn't bet)
Seat 2: KeR888 (button) folded on the Turn
Seat 3: Calvmcd85 (small blind) folded on the Turn
Seat 6: Seavus10 (big blind) collected ($7.12)



PokerStars Hand #254616965789:  Hold'em No Limit ($0.50/$1.00 USD) - 2025/01/29 3:06:54 WET [2025/01/29 22:06:54 ET]
Table 'Simona' 6-max Seat #3 is the button
Seat 1: ghc_2 ($127.20 in chips) is sitting out
Seat 4: BeauParleur ($100 in chips) is sitting out
Seat 5: ffac ($357.98 in chips) is sitting out
Seat 2: KeR888 ($108.35 in chips) 
Seat 3: Calvmcd85 ($32.44 in chips) 
Seat 6: Seavus10 ($124.86 in chips) 
Seavus10: posts small blind $0.50
ghc_2: is sitting out 
KeR888: posts big blind $1
*** HOLE CARDS ***
Calvmcd85: folds 
Seavus10: folds 
Uncalled bet ($0.50) returned to KeR888
KeR888 collected $1 from pot
KeR888: doesn't show hand 
ghc_2 leaves the table
*** SUMMARY ***
Total pot $1 | Rake $0 
Seat 1: ghc_2
Seat 4: BeauParleur
Seat 5: ffac
Seat 2: KeR888 (big blind) collected ($1)
Seat 3: Calvmcd85 (button) folded before Flop (didn't bet)
Seat 6: Seavus10 (small blind) folded before Flop



PokerStars Hand #254616967037:  Hold'em No Limit ($0.50/$1.00 USD) - 2025/01/29 3:07:03 WET [2025/01/29 22:07:03 ET]
Table 'Simona' 6-max Seat #6 is the button
Seat 4: BeauParleur ($100 in chips) is sitting out
Seat 5: ffac ($357.98 in chips) is sitting out
Seat 2: KeR888 ($108.85 in chips) 
Seat 3: Calvmcd85 ($32.44 in chips) 
Seat 6: Seavus10 ($124.36 in chips) 
KeR888: posts small blind $0.50
Calvmcd85: posts big blind $1
BeauParleur: sits out 
*** HOLE CARDS ***
ffac leaves the table
Seavus10: folds 
7bekon7 joins the table at seat #5 
KeR888: raises $2 to $3
Calvmcd85: calls $2
*** FLOP *** [2h 3s Ah]
joaquin612 joins the table at seat #1 
KeR888: checks 
Calvmcd85: checks 
*** TURN *** [2h 3s Ah] [8d]
KeR888: checks 
Calvmcd85: checks 
*** RIVER *** [2h 3s Ah 8d] [8c]
KeR888: bets $2.85
Calvmcd85: folds 
Uncalled bet ($2.85) returned to KeR888
KeR888 collected $5.70 from pot
KeR888: doesn't show hand 
*** SUMMARY ***
Total pot $6 | Rake $0.30 
Board [2h 3s Ah 8d 8c]
Seat 4: BeauParleur
Seat 5: ffac
Seat 2: KeR888 (small blind) collected ($5.70)
Seat 3: Calvmcd85 (big blind) folded on the River
Seat 6: Seavus10 (button) folded before Flop (didn't bet)



PokerStars Hand #254616972271:  Hold'em No Limit ($0.50/$1.00 USD) - 2025/01/29 3:07:45 WET [2025/01/29 22:07:45 ET]
Table 'Simona' 6-max Seat #2 is the button
Seat 1: joaquin612 ($100 in chips) is sitting out
Seat 5: 7bekon7 ($100 in chips) is sitting out
Seat 2: KeR888 ($111.55 in chips) 
Seat 3: Calvmcd85 ($29.44 in chips) 
Seat 4: BeauParleur ($100 in chips) 
Seat 6: Seavus10 ($124.36 in chips) 
Calvmcd85: posts small blind $0.50
BeauParleur: posts big blind $1
7bekon7: sits out 
joaquin612: sits out 
*** HOLE CARDS ***
Seavus10: raises $1.20 to $2.20
KeR888: folds 
Calvmcd85: folds 
BeauParleur: folds 
Uncalled bet ($1.20) returned to Seavus10
Seavus10 collected $2.50 from pot
Seavus10: doesn't show hand 
*** SUMMARY ***
Total pot $2.50 | Rake $0 
Seat 1: joaquin612
Seat 5: 7bekon7
Seat 2: KeR888 (button) folded before Flop (didn't bet)
Seat 3: Calvmcd85 (small blind) folded before Flop
Seat 4: BeauParleur (big blind) folded before Flop
Seat 6: Seavus10 collected ($2.50)



PokerStars Hand #254616974543:  Hold'em No Limit ($0.50/$1.00 USD) - 2025/01/29 3:08:03 WET [2025/01/29 22:08:03 ET]
Table 'Simona' 6-max Seat #3 is the button
Seat 1: joaquin612 ($100 in chips) is sitting out
Seat 2: KeR888 ($111.55 in chips) 
Seat 3: Calvmcd85 ($28.94 in chips) 
Seat 4: BeauParleur ($100 in chips) 
Seat 5: 7bekon7 ($100 in chips) 
Seat 6: Seavus10 ($125.86 in chips) 
BeauParleur: posts small blind $0.50
7bekon7: posts big blind $1
joaquin612: sits out 
*** HOLE CARDS ***
Seavus10: raises $1.20 to $2.20
KeR888: folds 
Calvmcd85: folds 
BeauParleur: raises $7.80 to $10
7bekon7: folds 
Seavus10: folds 
Uncalled bet ($7.80) returned to BeauParleur
BeauParleur collected $5.40 from pot
BeauParleur: doesn't show hand 
*** SUMMARY ***
Total pot $5.40 | Rake $0 
Seat 1: joaquin612
Seat 2: KeR888 folded before Flop (didn't bet)
Seat 3: Calvmcd85 (button) folded before Flop (didn't bet)
Seat 4: BeauParleur (small blind) collected ($5.40)
Seat 5: 7bekon7 (big blind) folded before Flop
Seat 6: Seavus10 folded before Flop



PokerStars Hand #254616978553:  Hold'em No Limit ($0.50/$1.00 USD) - 2025/01/29 3:08:34 WET [2025/01/29 22:08:34 ET]
Table 'Simona' 6-max Seat #4 is the button
Seat 1: joaquin612 ($100 in chips) is sitting out
Seat 2: KeR888 ($111.55 in chips) 
Seat 3: Calvmcd85 ($28.94 in chips) 
Seat 4: BeauParleur ($103.20 in chips) 
Seat 5: 7bekon7 ($100 in chips) 
Seat 6: Seavus10 ($123.66 in chips) 
7bekon7: posts small blind $0.50
Seavus10: posts big blind $1
joaquin612: sits out 
*** HOLE CARDS ***
KeR888: raises $1.20 to $2.20
Calvmcd85: calls $2.20
BeauParleur: folds 
7bekon7: calls $1.70
Seavus10: folds 
*** FLOP *** [Jd Td 6s]
7bekon7: checks 
KeR888: checks 
Calvmcd85: checks 
*** TURN *** [Jd Td 6s] [9d]
7bekon7: checks 
KeR888: checks 
Calvmcd85: checks 
*** RIVER *** [Jd Td 6s 9d] [6h]
7bekon7: checks 
KeR888: bets $5.42
Calvmcd85: calls $5.42
7bekon7: folds 
*** SHOW DOWN ***
KeR888: shows [Ah Js] (two pair, Jacks and Sixes)
Calvmcd85: mucks hand 
KeR888 collected $17.52 from pot
*** SUMMARY ***
Total pot $18.44 | Rake $0.92 
Board [Jd Td 6s 9d 6h]
Seat 1: joaquin612
Seat 2: KeR888 showed [Ah Js] and won ($17.52) with two pair, Jacks and Sixes
Seat 3: Calvmcd85 mucked
Seat 4: BeauParleur (button) folded before Flop (didn't bet)
Seat 5: 7bekon7 (small blind) folded on the River
Seat 6: Seavus10 (big blind) folded before Flop



PokerStars Hand #254616991107:  Hold'em No Limit ($0.50/$1.00 USD) - 2025/01/29 3:10:12 WET [2025/01/29 22:10:12 ET]
Table 'Simona' 6-max Seat #5 is the button
Seat 1: joaquin612 ($100 in chips) 
Seat 2: KeR888 ($121.45 in chips) 
Seat 3: Calvmcd85 ($21.32 in chips) 
Seat 4: BeauParleur ($103.20 in chips) 
Seat 5: 7bekon7 ($100 in chips) 
Seat 6: Seavus10 ($122.66 in chips) 
Seavus10: posts small blind $0.50
joaquin612: posts big blind $1
*** HOLE CARDS ***
KeR888: folds 
Calvmcd85: calls $1
BeauParleur: raises $1.50 to $2.50
7bekon7: folds 
Seavus10: folds 
joaquin612: folds 
Calvmcd85: calls $1.50
*** FLOP *** [3d Jh As]
Calvmcd85: bets $18.82 and is all-in
BeauParleur: calls $18.82
*** TURN *** [3d Jh As] [8s]
*** RIVER *** [3d Jh As 8s] [6s]
*** SHOW DOWN ***
Calvmcd85: shows [Qc Qh] (a pair of Queens)
BeauParleur: shows [Ah Jc] (two pair, Aces and Jacks)
BeauParleur collected $41.93 from pot
*** SUMMARY ***
Total pot $44.14 | Rake $2.21 
Board [3d Jh As 8s 6s]
Seat 1: joaquin612 (big blind) folded before Flop
Seat 2: KeR888 folded before Flop (didn't bet)
Seat 3: Calvmcd85 showed [Qc Qh] and lost with a pair of Queens
Seat 4: BeauParleur showed [Ah Jc] and won ($41.93) with two pair, Aces and Jacks
Seat 5: 7bekon7 (button) folded before Flop (didn't bet)
Seat 6: Seavus10 (small blind) folded before Flop



PokerStars Hand #254616995677:  Hold'em No Limit ($0.50/$1.00 USD) - 2025/01/29 3:10:47 WET [2025/01/29 22:10:47 ET]
Table 'Simona' 6-max Seat #6 is the button
Seat 3: Calvmcd85 ($0 in chips) is sitting out
Seat 1: joaquin612 ($100 in chips) 
Seat 2: KeR888 ($121.45 in chips) 
Seat 4: BeauParleur ($123.81 in chips) 
Seat 5: 7bekon7 ($100 in chips) 
Seat 6: Seavus10 ($122.16 in chips) 
joaquin612: posts small blind $0.50
KeR888: posts big blind $1
*** HOLE CARDS ***
BeauParleur: folds 
7bekon7: folds 
Seavus10: folds 
joaquin612: raises $2 to $3
KeR888: calls $2
*** FLOP *** [4d Qd 2h]
joaquin612: bets $2.85
KeR888: calls $2.85
*** TURN *** [4d Qd 2h] [3c]
joaquin612: checks 
Calvmcd85 leaves the table
KeR888: bets $8.34
joaquin612: calls $8.34
*** RIVER *** [4d Qd 2h 3c] [8c]
joaquin612: bets $8.50
KeR888: folds 
Uncalled bet ($8.50) returned to joaquin612
joaquin612 collected $26.96 from pot
joaquin612: doesn't show hand 
*** SUMMARY ***
Total pot $28.38 | Rake $1.42 
Board [4d Qd 2h 3c 8c]
Seat 3: Calvmcd85
Seat 1: joaquin612 (small blind) collected ($26.96)
Seat 2: KeR888 (big blind) folded on the River
Seat 4: BeauParleur folded before Flop (didn't bet)
Seat 5: 7bekon7 folded before Flop (didn't bet)
Seat 6: Seavus10 (button) folded before Flop (didn't bet)



PokerStars Hand #254617003992:  Hold'em No Limit ($0.50/$1.00 USD) - 2025/01/29 3:11:52 WET [2025/01/29 22:11:52 ET]
Table 'Simona' 6-max Seat #1 is the button
Seat 1: joaquin612 ($112.77 in chips) 
Seat 2: KeR888 ($107.26 in chips) 
Seat 4: BeauParleur ($123.81 in chips) 
Seat 5: 7bekon7 ($100 in chips) 
Seat 6: Seavus10 ($122.16 in chips) 
KeR888: posts small blind $0.50
BeauParleur: posts big blind $1
*** HOLE CARDS ***
7bekon7: folds 
Seavus10: folds 
joaquin612: raises $1.50 to $2.50
KeR888: raises $8.50 to $11
BeauParleur: folds 
joaquin612: folds 
Uncalled bet ($8.50) returned to KeR888
KeR888 collected $6 from pot
KeR888: doesn't show hand 
*** SUMMARY ***
Total pot $6 | Rake $0 
Seat 1: joaquin612 (button) folded before Flop
Seat 2: KeR888 (small blind) collected ($6)
Seat 4: BeauParleur (big blind) folded before Flop
Seat 5: 7bekon7 folded before Flop (didn't bet)
Seat 6: Seavus10 folded before Flop (didn't bet)



PokerStars Hand #254617008561:  Hold'em No Limit ($0.50/$1.00 USD) - 2025/01/29 3:12:28 WET [2025/01/29 22:12:28 ET]
Table 'Simona' 6-max Seat #2 is the button
Seat 1: joaquin612 ($110.27 in chips) 
Seat 2: KeR888 ($110.76 in chips) 
Seat 4: BeauParleur ($122.81 in chips) 
Seat 5: 7bekon7 ($100 in chips) 
Seat 6: Seavus10 ($122.16 in chips) 
BeauParleur: posts small blind $0.50
7bekon7: posts big blind $1
*** HOLE CARDS ***
Seavus10: folds 
joaquin612: folds 
KeR888: raises $1.50 to $2.50
BeauParleur: folds 
7bekon7: folds 
Uncalled bet ($1.50) returned to KeR888
KeR888 collected $2.50 from pot
KeR888: doesn't show hand 
*** SUMMARY ***
Total pot $2.50 | Rake $0 
Seat 1: joaquin612 folded before Flop (didn't bet)
Seat 2: KeR888 (button) collected ($2.50)
Seat 4: BeauParleur (small blind) folded before Flop
Seat 5: 7bekon7 (big blind) folded before Flop
Seat 6: Seavus10 folded before Flop (didn't bet)



PokerStars Hand #254617011190:  Hold'em No Limit ($0.50/$1.00 USD) - 2025/01/29 3:12:49 WET [2025/01/29 22:12:49 ET]
Table 'Simona' 6-max Seat #5 is the button
Seat 1: joaquin612 ($110.27 in chips) is sitting out
Seat 2: KeR888 ($112.26 in chips) is sitting out
Seat 6: Seavus10 ($122.16 in chips) is sitting out
Seat 4: BeauParleur ($122.31 in chips) 
Seat 5: 7bekon7 ($100 in chips) 
7bekon7: posts small blind $0.50
Seavus10: is sitting out 
joaquin612: is sitting out 
KeR888: is sitting out 
BeauParleur: posts big blind $1
*** HOLE CARDS ***
joaquin612 leaves the table
KeR888 leaves the table
7bekon7: raises $2 to $3
BeauParleur: folds 
Uncalled bet ($2) returned to 7bekon7
7bekon7 collected $2 from pot
7bekon7: doesn't show hand 
*** SUMMARY ***
Total pot $2 | Rake $0 
Seat 1: joaquin612
Seat 2: KeR888
Seat 6: Seavus10
Seat 4: BeauParleur (big blind) folded before Flop
Seat 5: 7bekon7 (button) (small blind) collected ($2)



PokerStars Hand #254617012997:  Hold'em No Limit ($0.50/$1.00 USD) - 2025/01/29 3:13:03 WET [2025/01/29 22:13:03 ET]
Table 'Simona' 6-max Seat #4 is the button
Seat 6: Seavus10 ($122.16 in chips) is sitting out
Seat 4: BeauParleur ($121.31 in chips) 
Seat 5: 7bekon7 ($101 in chips) 
BeauParleur: posts small blind $0.50
7bekon7: posts big blind $1
*** HOLE CARDS ***
BeauParleur: raises $1.25 to $2.25
7bekon7: calls $1.25
*** FLOP *** [8h 5c 4s]
7bekon7: checks 
BeauParleur: checks 
*** TURN *** [8h 5c 4s] [9s]
Seavus10 leaves the table
7bekon7: checks 
BeauParleur: checks 
*** RIVER *** [8h 5c 4s 9s] [9d]
7bekon7: bets $1.07
BeauParleur: calls $1.07
*** SHOW DOWN ***
7bekon7: shows [Th 8d] (two pair, Nines and Eights)
BeauParleur: mucks hand 
7bekon7 collected $6.31 from pot
*** SUMMARY ***
Total pot $6.64 | Rake $0.33 
Board [8h 5c 4s 9s 9d]
Seat 6: Seavus10
Seat 4: BeauParleur (button) (small blind) mucked
Seat 5: 7bekon7 (big blind) showed [Th 8d] and won ($6.31) with two pair, Nines and Eights



