PokerStars Hand #254602624001:  Hold'em No Limit ($0.50/$1.00 USD) - 2025/01/29 4:28:20 WET [2025/01/28 23:28:20 ET]
Table 'Edburga' 6-max Seat #1 is the button
Seat 1: btop4887 ($103.84 in chips) 
Seat 2: ptolejmus ($13.50 in chips) 
Seat 3: AlexEliseev7 ($100 in chips) 
Seat 4: Manifestorr ($109.95 in chips) 
Seat 5: Melenya ($100 in chips) 
Seat 6: 7bekon7 ($114.25 in chips) 
ptolejmus: posts small blind $0.50
AlexEliseev7: posts big blind $1
*** HOLE CARDS ***
Manifestorr: folds 
Melenya: folds 
7bekon7: folds 
btop4887: folds 
ptolejmus: raises $1.25 to $2.25
AlexEliseev7: folds 
Uncalled bet ($1.25) returned to ptolejmus
ptolejmus collected $2 from pot
*** SUMMARY ***
Total pot $2 | Rake $0 
Seat 1: btop4887 (button) folded before Flop (didn't bet)
Seat 2: ptolejmus (small blind) collected ($2)
Seat 3: AlexEliseev7 (big blind) folded before Flop
Seat 4: Manifestorr folded before Flop (didn't bet)
Seat 5: Melenya folded before Flop (didn't bet)
Seat 6: 7bekon7 folded before Flop (didn't bet)



PokerStars Hand #254602626235:  Hold'em No Limit ($0.50/$1.00 USD) - 2025/01/29 4:28:42 WET [2025/01/28 23:28:42 ET]
Table 'Edburga' 6-max Seat #2 is the button
Seat 1: btop4887 ($103.84 in chips) 
Seat 2: ptolejmus ($14.50 in chips) 
Seat 3: AlexEliseev7 ($100 in chips) 
Seat 4: Manifestorr ($109.95 in chips) 
Seat 5: Melenya ($100 in chips) 
Seat 6: 7bekon7 ($114.25 in chips) 
AlexEliseev7: posts small blind $0.50
Manifestorr: posts big blind $1
*** HOLE CARDS ***
Melenya: folds 
7bekon7: folds 
btop4887: calls $1
ptolejmus: folds 
AlexEliseev7: folds 
Manifestorr: raises $4 to $5
btop4887: folds 
Uncalled bet ($4) returned to Manifestorr
Manifestorr collected $2.50 from pot
*** SUMMARY ***
Total pot $2.50 | Rake $0 
Seat 1: btop4887 folded before Flop
Seat 2: ptolejmus (button) folded before Flop (didn't bet)
Seat 3: AlexEliseev7 (small blind) folded before Flop
Seat 4: Manifestorr (big blind) collected ($2.50)
Seat 5: Melenya folded before Flop (didn't bet)
Seat 6: 7bekon7 folded before Flop (didn't bet)



PokerStars Hand #254602629379:  Hold'em No Limit ($0.50/$1.00 USD) - 2025/01/29 4:29:13 WET [2025/01/28 23:29:13 ET]
Table 'Edburga' 6-max Seat #3 is the button
Seat 1: btop4887 ($102.84 in chips) 
Seat 2: ptolejmus ($14.50 in chips) 
Seat 3: AlexEliseev7 ($100 in chips) 
Seat 4: Manifestorr ($111.45 in chips) 
Seat 5: Melenya ($100 in chips) 
Seat 6: 7bekon7 ($114.25 in chips) 
Manifestorr: posts small blind $0.50
Melenya: posts big blind $1
*** HOLE CARDS ***
7bekon7: folds 
btop4887: folds 
ptolejmus: folds 
AlexEliseev7: raises $1.50 to $2.50
Manifestorr: folds 
Melenya: folds 
Uncalled bet ($1.50) returned to AlexEliseev7
AlexEliseev7 collected $2.50 from pot
AlexEliseev7: doesn't show hand 
*** SUMMARY ***
Total pot $2.50 | Rake $0 
Seat 1: btop4887 folded before Flop (didn't bet)
Seat 2: ptolejmus folded before Flop (didn't bet)
Seat 3: AlexEliseev7 (button) collected ($2.50)
Seat 4: Manifestorr (small blind) folded before Flop
Seat 5: Melenya (big blind) folded before Flop
Seat 6: 7bekon7 folded before Flop (didn't bet)



PokerStars Hand #254602631328:  Hold'em No Limit ($0.50/$1.00 USD) - 2025/01/29 4:29:33 WET [2025/01/28 23:29:33 ET]
Table 'Edburga' 6-max Seat #4 is the button
Seat 1: btop4887 ($102.84 in chips) 
Seat 2: ptolejmus ($14.50 in chips) 
Seat 3: AlexEliseev7 ($101.50 in chips) 
Seat 4: Manifestorr ($110.95 in chips) 
Seat 5: Melenya ($100 in chips) 
Seat 6: 7bekon7 ($114.25 in chips) 
Melenya: posts small blind $0.50
7bekon7: posts big blind $1
*** HOLE CARDS ***
btop4887: calls $1
ptolejmus: raises $13.50 to $14.50 and is all-in
AlexEliseev7: folds 
Manifestorr: folds 
Melenya: calls $14
7bekon7: folds 
btop4887: folds 
*** FIRST FLOP *** [Qs 7c 8s]
*** FIRST TURN *** [Qs 7c 8s] [2h]
*** FIRST RIVER *** [Qs 7c 8s 2h] [7h]
*** SECOND FLOP *** [Ad 2s Ac]
*** SECOND TURN *** [Ad 2s Ac] [9d]
*** SECOND RIVER *** [Ad 2s Ac 9d] [8d]
*** FIRST SHOW DOWN ***
Melenya: shows [Ah Jh] (a pair of Sevens)
ptolejmus: shows [Qd Kd] (two pair, Queens and Sevens)
ptolejmus collected $14.73 from pot
*** SECOND SHOW DOWN ***
Melenya: shows [Ah Jh] (three of a kind, Aces)
ptolejmus: shows [Qd Kd] (a flush, Ace high)
ptolejmus collected $14.72 from pot
*** SUMMARY ***
Total pot $31 | Rake $1.55 
Hand was run twice
FIRST Board [Qs 7c 8s 2h 7h]
SECOND Board [Ad 2s Ac 9d 8d]
Seat 1: btop4887 folded before Flop
Seat 2: ptolejmus showed [Qd Kd] and won ($14.73) with two pair, Queens and Sevens, and won ($14.72) with a flush, Ace high
Seat 3: AlexEliseev7 folded before Flop (didn't bet)
Seat 4: Manifestorr (button) folded before Flop (didn't bet)
Seat 5: Melenya (small blind) showed [Ah Jh] and lost with a pair of Sevens, and lost with three of a kind, Aces
Seat 6: 7bekon7 (big blind) folded before Flop



PokerStars Hand #254602634810:  Hold'em No Limit ($0.50/$1.00 USD) - 2025/01/29 4:30:07 WET [2025/01/28 23:30:07 ET]
Table 'Edburga' 6-max Seat #5 is the button
Seat 1: btop4887 ($101.84 in chips) 
Seat 2: ptolejmus ($29.45 in chips) 
Seat 3: AlexEliseev7 ($101.50 in chips) 
Seat 4: Manifestorr ($110.95 in chips) 
Seat 5: Melenya ($100 in chips) 
Seat 6: 7bekon7 ($113.25 in chips) 
7bekon7: posts small blind $0.50
btop4887: posts big blind $1
*** HOLE CARDS ***
ptolejmus: folds 
AlexEliseev7: folds 
Manifestorr: raises $1.20 to $2.20
Melenya: raises $5.30 to $7.50
7bekon7: folds 
btop4887: folds 
Manifestorr: folds 
Uncalled bet ($5.30) returned to Melenya
Melenya collected $5.90 from pot
Melenya: doesn't show hand 
*** SUMMARY ***
Total pot $5.90 | Rake $0 
Seat 1: btop4887 (big blind) folded before Flop
Seat 2: ptolejmus folded before Flop (didn't bet)
Seat 3: AlexEliseev7 folded before Flop (didn't bet)
Seat 4: Manifestorr folded before Flop
Seat 5: Melenya (button) collected ($5.90)
Seat 6: 7bekon7 (small blind) folded before Flop



PokerStars Hand #254602638342:  Hold'em No Limit ($0.50/$1.00 USD) - 2025/01/29 4:30:42 WET [2025/01/28 23:30:42 ET]
Table 'Edburga' 6-max Seat #6 is the button
Seat 1: btop4887 ($100.84 in chips) 
Seat 2: ptolejmus ($29.45 in chips) 
Seat 3: AlexEliseev7 ($101.50 in chips) 
Seat 4: Manifestorr ($108.75 in chips) 
Seat 5: Melenya ($103.70 in chips) 
Seat 6: 7bekon7 ($112.75 in chips) 
btop4887: posts small blind $0.50
ptolejmus: posts big blind $1
*** HOLE CARDS ***
AlexEliseev7: folds 
Manifestorr: raises $1.20 to $2.20
Melenya: folds 
7bekon7: folds 
btop4887: calls $1.70
ptolejmus: folds 
*** FLOP *** [2d Ad 2c]
btop4887: checks 
Manifestorr: bets $1.69
btop4887: calls $1.69
*** TURN *** [2d Ad 2c] [Kh]
btop4887: checks 
Manifestorr: bets $6.25
btop4887: folds 
Uncalled bet ($6.25) returned to Manifestorr
Manifestorr collected $8.34 from pot
*** SUMMARY ***
Total pot $8.78 | Rake $0.44 
Board [2d Ad 2c Kh]
Seat 1: btop4887 (small blind) folded on the Turn
Seat 2: ptolejmus (big blind) folded before Flop
Seat 3: AlexEliseev7 folded before Flop (didn't bet)
Seat 4: Manifestorr collected ($8.34)
Seat 5: Melenya folded before Flop (didn't bet)
Seat 6: 7bekon7 (button) folded before Flop (didn't bet)



PokerStars Hand #254602640591:  Hold'em No Limit ($0.50/$1.00 USD) - 2025/01/29 4:31:05 WET [2025/01/28 23:31:05 ET]
Table 'Edburga' 6-max Seat #1 is the button
Seat 1: btop4887 ($96.95 in chips) 
Seat 2: ptolejmus ($28.45 in chips) 
Seat 3: AlexEliseev7 ($101.50 in chips) 
Seat 4: Manifestorr ($113.20 in chips) 
Seat 5: Melenya ($103.70 in chips) 
Seat 6: 7bekon7 ($112.75 in chips) 
ptolejmus: posts small blind $0.50
AlexEliseev7: posts big blind $1
*** HOLE CARDS ***
Manifestorr: folds 
Melenya: folds 
7bekon7: folds 
btop4887: raises $1 to $2
ptolejmus: folds 
AlexEliseev7: calls $1
*** FLOP *** [6c Tc 4d]
AlexEliseev7: checks 
btop4887: bets $3
AlexEliseev7: folds 
Uncalled bet ($3) returned to btop4887
btop4887 collected $4.28 from pot
*** SUMMARY ***
Total pot $4.50 | Rake $0.22 
Board [6c Tc 4d]
Seat 1: btop4887 (button) collected ($4.28)
Seat 2: ptolejmus (small blind) folded before Flop
Seat 3: AlexEliseev7 (big blind) folded on the Flop
Seat 4: Manifestorr folded before Flop (didn't bet)
Seat 5: Melenya folded before Flop (didn't bet)
Seat 6: 7bekon7 folded before Flop (didn't bet)



PokerStars Hand #254602643509:  Hold'em No Limit ($0.50/$1.00 USD) - 2025/01/29 4:31:34 WET [2025/01/28 23:31:34 ET]
Table 'Edburga' 6-max Seat #2 is the button
Seat 1: btop4887 ($99.23 in chips) 
Seat 2: ptolejmus ($27.95 in chips) 
Seat 3: AlexEliseev7 ($100 in chips) 
Seat 4: Manifestorr ($113.20 in chips) 
Seat 5: Melenya ($103.70 in chips) 
Seat 6: 7bekon7 ($112.75 in chips) 
AlexEliseev7: posts small blind $0.50
Manifestorr: posts big blind $1
*** HOLE CARDS ***
Melenya: folds 
7bekon7: folds 
btop4887: calls $1
ptolejmus: folds 
AlexEliseev7: folds 
Manifestorr: raises $4 to $5
btop4887: folds 
Uncalled bet ($4) returned to Manifestorr
Manifestorr collected $2.50 from pot
*** SUMMARY ***
Total pot $2.50 | Rake $0 
Seat 1: btop4887 folded before Flop
Seat 2: ptolejmus (button) folded before Flop (didn't bet)
Seat 3: AlexEliseev7 (small blind) folded before Flop
Seat 4: Manifestorr (big blind) collected ($2.50)
Seat 5: Melenya folded before Flop (didn't bet)
Seat 6: 7bekon7 folded before Flop (didn't bet)



PokerStars Hand #254602645333:  Hold'em No Limit ($0.50/$1.00 USD) - 2025/01/29 4:31:52 WET [2025/01/28 23:31:52 ET]
Table 'Edburga' 6-max Seat #3 is the button
Seat 1: btop4887 ($98.23 in chips) 
Seat 2: ptolejmus ($27.95 in chips) 
Seat 3: AlexEliseev7 ($100 in chips) 
Seat 4: Manifestorr ($114.70 in chips) 
Seat 5: Melenya ($103.70 in chips) 
Seat 6: 7bekon7 ($112.75 in chips) 
Manifestorr: posts small blind $0.50
Melenya: posts big blind $1
*** HOLE CARDS ***
7bekon7: folds 
btop4887: folds 
ptolejmus: raises $1 to $2
AlexEliseev7: raises $3 to $5
Manifestorr: folds 
Melenya: folds 
ptolejmus: calls $3
*** FLOP *** [3s 6h 8d]
ptolejmus: checks 
AlexEliseev7: bets $5.35
ptolejmus: raises $17.60 to $22.95 and is all-in
AlexEliseev7: folds 
Uncalled bet ($17.60) returned to ptolejmus
ptolejmus collected $21.09 from pot
*** SUMMARY ***
Total pot $22.20 | Rake $1.11 
Board [3s 6h 8d]
Seat 1: btop4887 folded before Flop (didn't bet)
Seat 2: ptolejmus collected ($21.09)
Seat 3: AlexEliseev7 (button) folded on the Flop
Seat 4: Manifestorr (small blind) folded before Flop
Seat 5: Melenya (big blind) folded before Flop
Seat 6: 7bekon7 folded before Flop (didn't bet)



PokerStars Hand #254602652179:  Hold'em No Limit ($0.50/$1.00 USD) - 2025/01/29 4:33:01 WET [2025/01/28 23:33:01 ET]
Table 'Edburga' 6-max Seat #4 is the button
Seat 1: btop4887 ($98.23 in chips) 
Seat 2: ptolejmus ($38.69 in chips) 
Seat 3: AlexEliseev7 ($100 in chips) 
Seat 4: Manifestorr ($114.20 in chips) 
Seat 5: Melenya ($102.70 in chips) 
Seat 6: 7bekon7 ($112.75 in chips) 
Melenya: posts small blind $0.50
7bekon7: posts big blind $1
*** HOLE CARDS ***
btop4887: folds 
ptolejmus: folds 
AlexEliseev7: folds 
Manifestorr: folds 
Melenya: raises $2 to $3
7bekon7: folds 
Uncalled bet ($2) returned to Melenya
Melenya collected $2 from pot
Melenya: doesn't show hand 
*** SUMMARY ***
Total pot $2 | Rake $0 
Seat 1: btop4887 folded before Flop (didn't bet)
Seat 2: ptolejmus folded before Flop (didn't bet)
Seat 3: AlexEliseev7 folded before Flop (didn't bet)
Seat 4: Manifestorr (button) folded before Flop (didn't bet)
Seat 5: Melenya (small blind) collected ($2)
Seat 6: 7bekon7 (big blind) folded before Flop



PokerStars Hand #254602653266:  Hold'em No Limit ($0.50/$1.00 USD) - 2025/01/29 4:33:13 WET [2025/01/28 23:33:13 ET]
Table 'Edburga' 6-max Seat #5 is the button
Seat 1: btop4887 ($98.23 in chips) 
Seat 2: ptolejmus ($38.69 in chips) 
Seat 3: AlexEliseev7 ($100 in chips) 
Seat 4: Manifestorr ($114.20 in chips) 
Seat 5: Melenya ($103.70 in chips) 
Seat 6: 7bekon7 ($111.75 in chips) 
7bekon7: posts small blind $0.50
btop4887: posts big blind $1
*** HOLE CARDS ***
ptolejmus: folds 
AlexEliseev7: folds 
Manifestorr: folds 
Melenya: raises $1.50 to $2.50
7bekon7: folds 
btop4887: calls $1.50
*** FLOP *** [Ad 4h 5h]
btop4887: checks 
Melenya: checks 
*** TURN *** [Ad 4h 5h] [3s]
btop4887: checks 
Melenya: checks 
*** RIVER *** [Ad 4h 5h 3s] [8s]
btop4887: checks 
Melenya: checks 
*** SHOW DOWN ***
btop4887: shows [Js Kh] (high card Ace)
Melenya: shows [9s 8d] (a pair of Eights)
Melenya collected $5.22 from pot
*** SUMMARY ***
Total pot $5.50 | Rake $0.28 
Board [Ad 4h 5h 3s 8s]
Seat 1: btop4887 (big blind) showed [Js Kh] and lost with high card Ace
Seat 2: ptolejmus folded before Flop (didn't bet)
Seat 3: AlexEliseev7 folded before Flop (didn't bet)
Seat 4: Manifestorr folded before Flop (didn't bet)
Seat 5: Melenya (button) showed [9s 8d] and won ($5.22) with a pair of Eights
Seat 6: 7bekon7 (small blind) folded before Flop



PokerStars Hand #254602657933:  Hold'em No Limit ($0.50/$1.00 USD) - 2025/01/29 4:34:00 WET [2025/01/28 23:34:00 ET]
Table 'Edburga' 6-max Seat #6 is the button
Seat 2: ptolejmus ($38.69 in chips) is sitting out
Seat 1: btop4887 ($95.73 in chips) 
Seat 3: AlexEliseev7 ($100 in chips) 
Seat 4: Manifestorr ($114.20 in chips) 
Seat 5: Melenya ($106.42 in chips) 
Seat 6: 7bekon7 ($111.25 in chips) 
btop4887: posts small blind $0.50
ptolejmus: is sitting out 
AlexEliseev7: posts big blind $1
*** HOLE CARDS ***
Manifestorr: raises $1.20 to $2.20
Melenya: folds 
ptolejmus leaves the table
Xenicide joins the table at seat #2 
7bekon7: folds 
btop4887: calls $1.70
AlexEliseev7: raises $12.30 to $14.50
Manifestorr: folds 
btop4887: folds 
Uncalled bet ($12.30) returned to AlexEliseev7
AlexEliseev7 collected $6.60 from pot
AlexEliseev7: doesn't show hand 
*** SUMMARY ***
Total pot $6.60 | Rake $0 
Seat 2: ptolejmus
Seat 1: btop4887 (small blind) folded before Flop
Seat 3: AlexEliseev7 (big blind) collected ($6.60)
Seat 4: Manifestorr folded before Flop
Seat 5: Melenya folded before Flop (didn't bet)
Seat 6: 7bekon7 (button) folded before Flop (didn't bet)



PokerStars Hand #254602602632:  Hold'em No Limit ($0.50/$1.00 USD) - 2025/01/29 4:24:50 WET [2025/01/28 23:24:50 ET]
Table 'Edburga' 6-max Seat #4 is the button
Seat 5: Melenya ($100 in chips) is sitting out
Seat 1: btop4887 ($115.84 in chips) 
Seat 2: ptolejmus ($10 in chips) 
Seat 3: AlexEliseev7 ($100 in chips) 
Seat 4: Manifestorr ($104 in chips) 
Seat 6: 7bekon7 ($100.50 in chips) 
7bekon7: posts small blind $0.50
btop4887: posts big blind $1
*** HOLE CARDS ***
ptolejmus: folds 
AlexEliseev7: folds 
Manifestorr: folds 
7bekon7: raises $2.50 to $3.50
btop4887: calls $2.50
*** FLOP *** [3c Js Ts]
7bekon7: bets $1.66
btop4887: folds 
Uncalled bet ($1.66) returned to 7bekon7
7bekon7 collected $6.65 from pot
7bekon7: doesn't show hand 
*** SUMMARY ***
Total pot $7 | Rake $0.35 
Board [3c Js Ts]
Seat 5: Melenya
Seat 1: btop4887 (big blind) folded on the Flop
Seat 2: ptolejmus folded before Flop (didn't bet)
Seat 3: AlexEliseev7 folded before Flop (didn't bet)
Seat 4: Manifestorr (button) folded before Flop (didn't bet)
Seat 6: 7bekon7 (small blind) collected ($6.65)



PokerStars Hand #254602604993:  Hold'em No Limit ($0.50/$1.00 USD) - 2025/01/29 4:25:13 WET [2025/01/28 23:25:13 ET]
Table 'Edburga' 6-max Seat #6 is the button
Seat 5: Melenya ($100 in chips) is sitting out
Seat 1: btop4887 ($112.34 in chips) 
Seat 2: ptolejmus ($10 in chips) 
Seat 3: AlexEliseev7 ($100 in chips) 
Seat 4: Manifestorr ($104 in chips) 
Seat 6: 7bekon7 ($103.65 in chips) 
btop4887: posts small blind $0.50
ptolejmus: posts big blind $1
Melenya: sits out 
*** HOLE CARDS ***
AlexEliseev7: folds 
Manifestorr: folds 
7bekon7: raises $3 to $4
btop4887: folds 
ptolejmus: folds 
Uncalled bet ($3) returned to 7bekon7
7bekon7 collected $2.50 from pot
7bekon7: doesn't show hand 
*** SUMMARY ***
Total pot $2.50 | Rake $0 
Seat 5: Melenya
Seat 1: btop4887 (small blind) folded before Flop
Seat 2: ptolejmus (big blind) folded before Flop
Seat 3: AlexEliseev7 folded before Flop (didn't bet)
Seat 4: Manifestorr folded before Flop (didn't bet)
Seat 6: 7bekon7 (button) collected ($2.50)



PokerStars Hand #254602607433:  Hold'em No Limit ($0.50/$1.00 USD) - 2025/01/29 4:25:37 WET [2025/01/28 23:25:37 ET]
Table 'Edburga' 6-max Seat #1 is the button
Seat 5: Melenya ($100 in chips) is sitting out
Seat 1: btop4887 ($111.84 in chips) 
Seat 2: ptolejmus ($10 in chips) 
Seat 3: AlexEliseev7 ($100 in chips) 
Seat 4: Manifestorr ($104 in chips) 
Seat 6: 7bekon7 ($105.15 in chips) 
ptolejmus: posts small blind $0.50
AlexEliseev7: posts big blind $1
Melenya: sits out 
*** HOLE CARDS ***
Manifestorr: folds 
7bekon7: raises $1.50 to $2.50
btop4887: folds 
ptolejmus: folds 
AlexEliseev7: folds 
Uncalled bet ($1.50) returned to 7bekon7
7bekon7 collected $2.50 from pot
7bekon7: doesn't show hand 
*** SUMMARY ***
Total pot $2.50 | Rake $0 
Seat 5: Melenya
Seat 1: btop4887 (button) folded before Flop (didn't bet)
Seat 2: ptolejmus (small blind) folded before Flop
Seat 3: AlexEliseev7 (big blind) folded before Flop
Seat 4: Manifestorr folded before Flop (didn't bet)
Seat 6: 7bekon7 collected ($2.50)



PokerStars Hand #254602611373:  Hold'em No Limit ($0.50/$1.00 USD) - 2025/01/29 4:26:15 WET [2025/01/28 23:26:15 ET]
Table 'Edburga' 6-max Seat #2 is the button
Seat 5: Melenya ($100 in chips) is sitting out
Seat 1: btop4887 ($111.84 in chips) 
Seat 2: ptolejmus ($10 in chips) 
Seat 3: AlexEliseev7 ($100 in chips) 
Seat 4: Manifestorr ($104 in chips) 
Seat 6: 7bekon7 ($106.65 in chips) 
AlexEliseev7: posts small blind $0.50
Manifestorr: posts big blind $1
Melenya: sits out 
*** HOLE CARDS ***
7bekon7: folds 
btop4887: calls $1
ptolejmus: raises $9 to $10 and is all-in
AlexEliseev7: folds 
Manifestorr: folds 
btop4887: folds 
Uncalled bet ($9) returned to ptolejmus
ptolejmus collected $3.50 from pot
*** SUMMARY ***
Total pot $3.50 | Rake $0 
Seat 5: Melenya
Seat 1: btop4887 folded before Flop
Seat 2: ptolejmus (button) collected ($3.50)
Seat 3: AlexEliseev7 (small blind) folded before Flop
Seat 4: Manifestorr (big blind) folded before Flop
Seat 6: 7bekon7 folded before Flop (didn't bet)



PokerStars Hand #254602612768:  Hold'em No Limit ($0.50/$1.00 USD) - 2025/01/29 4:26:28 WET [2025/01/28 23:26:28 ET]
Table 'Edburga' 6-max Seat #3 is the button
Seat 1: btop4887 ($110.84 in chips) 
Seat 2: ptolejmus ($12.50 in chips) 
Seat 3: AlexEliseev7 ($100 in chips) 
Seat 4: Manifestorr ($103 in chips) 
Seat 5: Melenya ($100 in chips) 
Seat 6: 7bekon7 ($106.65 in chips) 
Manifestorr: posts small blind $0.50
Melenya: posts big blind $1
*** HOLE CARDS ***
7bekon7: folds 
btop4887: calls $1
ptolejmus: folds 
AlexEliseev7: folds 
Manifestorr: raises $4 to $5
Melenya: folds 
btop4887: calls $4
*** FLOP *** [2c 5d Kc]
Manifestorr: bets $5.23
btop4887: folds 
Uncalled bet ($5.23) returned to Manifestorr
Manifestorr collected $10.45 from pot
*** SUMMARY ***
Total pot $11 | Rake $0.55 
Board [2c 5d Kc]
Seat 1: btop4887 folded on the Flop
Seat 2: ptolejmus folded before Flop (didn't bet)
Seat 3: AlexEliseev7 (button) folded before Flop (didn't bet)
Seat 4: Manifestorr (small blind) collected ($10.45)
Seat 5: Melenya (big blind) folded before Flop
Seat 6: 7bekon7 folded before Flop (didn't bet)



PokerStars Hand #254602616067:  Hold'em No Limit ($0.50/$1.00 USD) - 2025/01/29 4:27:01 WET [2025/01/28 23:27:01 ET]
Table 'Edburga' 6-max Seat #4 is the button
Seat 1: btop4887 ($105.84 in chips) 
Seat 2: ptolejmus ($12.50 in chips) 
Seat 3: AlexEliseev7 ($100 in chips) 
Seat 4: Manifestorr ($108.45 in chips) 
Seat 5: Melenya ($100 in chips) 
Seat 6: 7bekon7 ($106.65 in chips) 
Melenya: posts small blind $0.50
7bekon7: posts big blind $1
*** HOLE CARDS ***
btop4887: folds 
ptolejmus: folds 
AlexEliseev7: folds 
Manifestorr: raises $1.20 to $2.20
Melenya: folds 
7bekon7: folds 
Uncalled bet ($1.20) returned to Manifestorr
Manifestorr collected $2.50 from pot
*** SUMMARY ***
Total pot $2.50 | Rake $0 
Seat 1: btop4887 folded before Flop (didn't bet)
Seat 2: ptolejmus folded before Flop (didn't bet)
Seat 3: AlexEliseev7 folded before Flop (didn't bet)
Seat 4: Manifestorr (button) collected ($2.50)
Seat 5: Melenya (small blind) folded before Flop
Seat 6: 7bekon7 (big blind) folded before Flop



PokerStars Hand #254602618505:  Hold'em No Limit ($0.50/$1.00 USD) - 2025/01/29 4:27:25 WET [2025/01/28 23:27:25 ET]
Table 'Edburga' 6-max Seat #5 is the button
Seat 1: btop4887 ($105.84 in chips) 
Seat 2: ptolejmus ($12.50 in chips) 
Seat 3: AlexEliseev7 ($100 in chips) 
Seat 4: Manifestorr ($109.95 in chips) 
Seat 5: Melenya ($100 in chips) 
Seat 6: 7bekon7 ($105.65 in chips) 
7bekon7: posts small blind $0.50
btop4887: posts big blind $1
*** HOLE CARDS ***
ptolejmus: folds 
AlexEliseev7: folds 
Manifestorr: folds 
Melenya: raises $1.50 to $2.50
7bekon7: raises $6 to $8.50
btop4887: folds 
Melenya: calls $6
*** FLOP *** [6h Qs 2s]
7bekon7: bets $8.55
Melenya: folds 
Uncalled bet ($8.55) returned to 7bekon7
7bekon7 collected $17.10 from pot
7bekon7: doesn't show hand 
*** SUMMARY ***
Total pot $18 | Rake $0.90 
Board [6h Qs 2s]
Seat 1: btop4887 (big blind) folded before Flop
Seat 2: ptolejmus folded before Flop (didn't bet)
Seat 3: AlexEliseev7 folded before Flop (didn't bet)
Seat 4: Manifestorr folded before Flop (didn't bet)
Seat 5: Melenya (button) folded on the Flop
Seat 6: 7bekon7 (small blind) collected ($17.10)



PokerStars Hand #254602622329:  Hold'em No Limit ($0.50/$1.00 USD) - 2025/01/29 4:28:03 WET [2025/01/28 23:28:03 ET]
Table 'Edburga' 6-max Seat #6 is the button
Seat 1: btop4887 ($104.84 in chips) 
Seat 2: ptolejmus ($12.50 in chips) 
Seat 3: AlexEliseev7 ($100 in chips) 
Seat 4: Manifestorr ($109.95 in chips) 
Seat 5: Melenya ($100 in chips) 
Seat 6: 7bekon7 ($114.25 in chips) 
btop4887: posts small blind $0.50
ptolejmus: posts big blind $1
*** HOLE CARDS ***
AlexEliseev7: folds 
Manifestorr: folds 
Melenya: folds 
7bekon7: folds 
btop4887: calls $0.50
ptolejmus: raises $11.50 to $12.50 and is all-in
btop4887: folds 
Uncalled bet ($11.50) returned to ptolejmus
ptolejmus collected $2 from pot
*** SUMMARY ***
Total pot $2 | Rake $0 
Seat 1: btop4887 (small blind) folded before Flop
Seat 2: ptolejmus (big blind) collected ($2)
Seat 3: AlexEliseev7 folded before Flop (didn't bet)
Seat 4: Manifestorr folded before Flop (didn't bet)
Seat 5: Melenya folded before Flop (didn't bet)
Seat 6: 7bekon7 (button) folded before Flop (didn't bet)



PokerStars Hand #254602661275:  Hold'em No Limit ($0.50/$1.00 USD) - 2025/01/29 4:34:34 WET [2025/01/28 23:34:34 ET]
Table 'Edburga' 6-max Seat #1 is the button
Seat 2: Xenicide ($100 in chips) is sitting out
Seat 1: btop4887 ($93.53 in chips) 
Seat 3: AlexEliseev7 ($104.40 in chips) 
Seat 4: Manifestorr ($112 in chips) 
Seat 5: Melenya ($106.42 in chips) 
Seat 6: 7bekon7 ($111.25 in chips) 
AlexEliseev7: posts small blind $0.50
Manifestorr: posts big blind $1
*** HOLE CARDS ***
Melenya: raises $1 to $2
7bekon7: calls $2
btop4887: folds 
AlexEliseev7: folds 
Manifestorr: calls $1
*** FLOP *** [3s 7h Jd]
Manifestorr: checks 
Melenya: checks 
7bekon7: checks 
*** TURN *** [3s 7h Jd] [9d]
Manifestorr: checks 
Melenya: checks 
7bekon7: checks 
*** RIVER *** [3s 7h Jd 9d] [7s]
Manifestorr: checks 
Melenya: checks 
7bekon7: checks 
*** SHOW DOWN ***
Manifestorr: shows [Tc Ah] (a pair of Sevens)
Melenya: shows [9s Ks] (two pair, Nines and Sevens)
7bekon7: mucks hand 
Melenya collected $6.18 from pot
*** SUMMARY ***
Total pot $6.50 | Rake $0.32 
Board [3s 7h Jd 9d 7s]
Seat 2: Xenicide
Seat 1: btop4887 (button) folded before Flop (didn't bet)
Seat 3: AlexEliseev7 (small blind) folded before Flop
Seat 4: Manifestorr (big blind) showed [Tc Ah] and lost with a pair of Sevens
Seat 5: Melenya showed [9s Ks] and won ($6.18) with two pair, Nines and Sevens
Seat 6: 7bekon7 mucked



PokerStars Hand #254602670258:  Hold'em No Limit ($0.50/$1.00 USD) - 2025/01/29 4:36:04 WET [2025/01/28 23:36:04 ET]
Table 'Edburga' 6-max Seat #3 is the button
Seat 2: Xenicide ($100 in chips) is sitting out
Seat 1: btop4887 ($93.53 in chips) 
Seat 3: AlexEliseev7 ($103.90 in chips) 
Seat 4: Manifestorr ($110 in chips) 
Seat 5: Melenya ($110.60 in chips) 
Seat 6: 7bekon7 ($109.25 in chips) 
Manifestorr: posts small blind $0.50
Melenya: posts big blind $1
Xenicide: sits out 
*** HOLE CARDS ***
7bekon7: folds 
btop4887: raises $1 to $2
AlexEliseev7: folds 
Manifestorr: folds 
Melenya: calls $1
*** FLOP *** [Jh 8s Js]
Melenya: checks 
btop4887: bets $2
Melenya: raises $7.78 to $9.78
btop4887: folds 
Uncalled bet ($7.78) returned to Melenya
Melenya collected $8.08 from pot
Melenya: doesn't show hand 
*** SUMMARY ***
Total pot $8.50 | Rake $0.42 
Board [Jh 8s Js]
Seat 2: Xenicide
Seat 1: btop4887 folded on the Flop
Seat 3: AlexEliseev7 (button) folded before Flop (didn't bet)
Seat 4: Manifestorr (small blind) folded before Flop
Seat 5: Melenya (big blind) collected ($8.08)
Seat 6: 7bekon7 folded before Flop (didn't bet)



PokerStars Hand #254602674093:  Hold'em No Limit ($0.50/$1.00 USD) - 2025/01/29 4:36:43 WET [2025/01/28 23:36:43 ET]
Table 'Edburga' 6-max Seat #4 is the button
Seat 2: Xenicide ($100 in chips) is sitting out
Seat 1: btop4887 ($89.53 in chips) 
Seat 3: AlexEliseev7 ($103.90 in chips) 
Seat 4: Manifestorr ($109.50 in chips) 
Seat 5: Melenya ($114.68 in chips) 
Seat 6: 7bekon7 ($109.25 in chips) 
Melenya: posts small blind $0.50
7bekon7: posts big blind $1
Xenicide: sits out 
*** HOLE CARDS ***
btop4887: raises $1 to $2
AlexEliseev7: folds 
Manifestorr: folds 
Melenya: folds 
7bekon7: calls $1
*** FLOP *** [Ad 4d Jd]
7bekon7: checks 
btop4887: bets $2.14
7bekon7: raises $6.42 to $8.56
btop4887: folds 
Uncalled bet ($6.42) returned to 7bekon7
7bekon7 collected $8.34 from pot
7bekon7: doesn't show hand 
*** SUMMARY ***
Total pot $8.78 | Rake $0.44 
Board [Ad 4d Jd]
Seat 2: Xenicide
Seat 1: btop4887 folded on the Flop
Seat 3: AlexEliseev7 folded before Flop (didn't bet)
Seat 4: Manifestorr (button) folded before Flop (didn't bet)
Seat 5: Melenya (small blind) folded before Flop
Seat 6: 7bekon7 (big blind) collected ($8.34)



PokerStars Hand #254602677720:  Hold'em No Limit ($0.50/$1.00 USD) - 2025/01/29 4:37:21 WET [2025/01/28 23:37:21 ET]
Table 'Edburga' 6-max Seat #5 is the button
Seat 2: Xenicide ($100 in chips) is sitting out
Seat 1: btop4887 ($85.39 in chips) 
Seat 3: AlexEliseev7 ($103.90 in chips) 
Seat 4: Manifestorr ($109.50 in chips) 
Seat 5: Melenya ($114.18 in chips) 
Seat 6: 7bekon7 ($113.45 in chips) 
7bekon7: posts small blind $0.50
btop4887: posts big blind $1
Xenicide: sits out 
*** HOLE CARDS ***
AlexEliseev7: raises $1 to $2
Manifestorr: folds 
Melenya: raises $5 to $7
7bekon7: folds 
btop4887: folds 
AlexEliseev7: folds 
Uncalled bet ($5) returned to Melenya
Melenya collected $5.50 from pot
Melenya: doesn't show hand 
*** SUMMARY ***
Total pot $5.50 | Rake $0 
Seat 2: Xenicide
Seat 1: btop4887 (big blind) folded before Flop
Seat 3: AlexEliseev7 folded before Flop
Seat 4: Manifestorr folded before Flop (didn't bet)
Seat 5: Melenya (button) collected ($5.50)
Seat 6: 7bekon7 (small blind) folded before Flop



PokerStars Hand #254602679373:  Hold'em No Limit ($0.50/$1.00 USD) - 2025/01/29 4:37:37 WET [2025/01/28 23:37:37 ET]
Table 'Edburga' 6-max Seat #6 is the button
Seat 1: btop4887 ($84.39 in chips) 
Seat 2: Xenicide ($100 in chips) 
Seat 3: AlexEliseev7 ($101.90 in chips) 
Seat 4: Manifestorr ($109.50 in chips) 
Seat 5: Melenya ($117.68 in chips) 
Seat 6: 7bekon7 ($112.95 in chips) 
btop4887: posts small blind $0.50
Xenicide: posts big blind $1
*** HOLE CARDS ***
AlexEliseev7: raises $1.50 to $2.50
Manifestorr: folds 
Melenya: folds 
7bekon7: raises $6.50 to $9
btop4887: calls $8.50
Xenicide: folds 
AlexEliseev7: calls $6.50
*** FLOP *** [As Qs 2c]
btop4887: bets $10
AlexEliseev7: folds 
7bekon7: calls $10
*** TURN *** [As Qs 2c] [7h]
btop4887: bets $10
7bekon7: calls $10
*** RIVER *** [As Qs 2c 7h] [3c]
btop4887: bets $55.39 and is all-in
7bekon7: folds 
Uncalled bet ($55.39) returned to btop4887
btop4887 collected $65.50 from pot
btop4887: shows [Ah Qc] (two pair, Aces and Queens)
*** SUMMARY ***
Total pot $68 | Rake $2.50 
Board [As Qs 2c 7h 3c]
Seat 1: btop4887 (small blind) collected ($65.50)
Seat 2: Xenicide (big blind) folded before Flop
Seat 3: AlexEliseev7 folded on the Flop
Seat 4: Manifestorr folded before Flop (didn't bet)
Seat 5: Melenya folded before Flop (didn't bet)
Seat 6: 7bekon7 (button) folded on the River



PokerStars Hand #254602686319:  Hold'em No Limit ($0.50/$1.00 USD) - 2025/01/29 4:38:48 WET [2025/01/28 23:38:48 ET]
Table 'Edburga' 6-max Seat #1 is the button
Seat 1: btop4887 ($120.89 in chips) 
Seat 2: Xenicide ($100 in chips) 
Seat 3: AlexEliseev7 ($100 in chips) 
Seat 4: Manifestorr ($109.50 in chips) 
Seat 5: Melenya ($117.68 in chips) 
Seat 6: 7bekon7 ($100 in chips) 
Xenicide: posts small blind $0.50
AlexEliseev7: posts big blind $1
*** HOLE CARDS ***
Manifestorr: folds 
Melenya: folds 
7bekon7: folds 
btop4887: calls $1
Xenicide: calls $0.50
AlexEliseev7: checks 
*** FLOP *** [Jd Qs 4s]
Xenicide: checks 
AlexEliseev7: checks 
btop4887: checks 
*** TURN *** [Jd Qs 4s] [8h]
Xenicide: bets $1.57
AlexEliseev7: folds 
btop4887: calls $1.57
*** RIVER *** [Jd Qs 4s 8h] [6c]
Xenicide: bets $2.92
btop4887: folds 
Uncalled bet ($2.92) returned to Xenicide
Xenicide collected $5.83 from pot
*** SUMMARY ***
Total pot $6.14 | Rake $0.31 
Board [Jd Qs 4s 8h 6c]
Seat 1: btop4887 (button) folded on the River
Seat 2: Xenicide (small blind) collected ($5.83)
Seat 3: AlexEliseev7 (big blind) folded on the Turn
Seat 4: Manifestorr folded before Flop (didn't bet)
Seat 5: Melenya folded before Flop (didn't bet)
Seat 6: 7bekon7 folded before Flop (didn't bet)



PokerStars Hand #254602693451:  Hold'em No Limit ($0.50/$1.00 USD) - 2025/01/29 4:40:02 WET [2025/01/28 23:40:02 ET]
Table 'Edburga' 6-max Seat #2 is the button
Seat 1: btop4887 ($118.32 in chips) 
Seat 2: Xenicide ($103.26 in chips) 
Seat 3: AlexEliseev7 ($100 in chips) 
Seat 4: Manifestorr ($109.50 in chips) 
Seat 5: Melenya ($117.68 in chips) 
Seat 6: 7bekon7 ($100 in chips) 
AlexEliseev7: posts small blind $0.50
Manifestorr: posts big blind $1
*** HOLE CARDS ***
Melenya: raises $1 to $2
7bekon7: folds 
btop4887: folds 
Xenicide: folds 
AlexEliseev7: folds 
Manifestorr: folds 
Uncalled bet ($1) returned to Melenya
Melenya collected $2.50 from pot
Melenya: doesn't show hand 
*** SUMMARY ***
Total pot $2.50 | Rake $0 
Seat 1: btop4887 folded before Flop (didn't bet)
Seat 2: Xenicide (button) folded before Flop (didn't bet)
Seat 3: AlexEliseev7 (small blind) folded before Flop
Seat 4: Manifestorr (big blind) folded before Flop
Seat 5: Melenya collected ($2.50)
Seat 6: 7bekon7 folded before Flop (didn't bet)



PokerStars Hand #254602694738:  Hold'em No Limit ($0.50/$1.00 USD) - 2025/01/29 4:40:15 WET [2025/01/28 23:40:15 ET]
Table 'Edburga' 6-max Seat #3 is the button
Seat 1: btop4887 ($118.32 in chips) 
Seat 2: Xenicide ($103.26 in chips) 
Seat 3: AlexEliseev7 ($100 in chips) 
Seat 4: Manifestorr ($108.50 in chips) 
Seat 5: Melenya ($119.18 in chips) 
Seat 6: 7bekon7 ($100 in chips) 
Manifestorr: posts small blind $0.50
Melenya: posts big blind $1
*** HOLE CARDS ***
7bekon7: folds 
btop4887: calls $1
Xenicide: folds 
AlexEliseev7: folds 
Manifestorr: folds 
Melenya: raises $4 to $5
btop4887: folds 
Uncalled bet ($4) returned to Melenya
Melenya collected $2.50 from pot
Melenya: doesn't show hand 
*** SUMMARY ***
Total pot $2.50 | Rake $0 
Seat 1: btop4887 folded before Flop
Seat 2: Xenicide folded before Flop (didn't bet)
Seat 3: AlexEliseev7 (button) folded before Flop (didn't bet)
Seat 4: Manifestorr (small blind) folded before Flop
Seat 5: Melenya (big blind) collected ($2.50)
Seat 6: 7bekon7 folded before Flop (didn't bet)



PokerStars Hand #254602697007:  Hold'em No Limit ($0.50/$1.00 USD) - 2025/01/29 4:40:39 WET [2025/01/28 23:40:39 ET]
Table 'Edburga' 6-max Seat #4 is the button
Seat 1: btop4887 ($117.32 in chips) 
Seat 2: Xenicide ($103.26 in chips) 
Seat 3: AlexEliseev7 ($100 in chips) 
Seat 4: Manifestorr ($108 in chips) 
Seat 5: Melenya ($120.68 in chips) 
Seat 6: 7bekon7 ($100 in chips) 
Melenya: posts small blind $0.50
7bekon7: posts big blind $1
*** HOLE CARDS ***
btop4887: calls $1
Xenicide: folds 
AlexEliseev7: folds 
Manifestorr: folds 
Melenya: folds 
7bekon7: checks 
*** FLOP *** [6c 4h 7d]
7bekon7: checks 
btop4887: checks 
*** TURN *** [6c 4h 7d] [6d]
7bekon7: bets $4.76
btop4887: folds 
Uncalled bet ($4.76) returned to 7bekon7
7bekon7 collected $2.38 from pot
7bekon7: doesn't show hand 
*** SUMMARY ***
Total pot $2.50 | Rake $0.12 
Board [6c 4h 7d 6d]
Seat 1: btop4887 folded on the Turn
Seat 2: Xenicide folded before Flop (didn't bet)
Seat 3: AlexEliseev7 folded before Flop (didn't bet)
Seat 4: Manifestorr (button) folded before Flop (didn't bet)
Seat 5: Melenya (small blind) folded before Flop
Seat 6: 7bekon7 (big blind) collected ($2.38)



PokerStars Hand #254602699664:  Hold'em No Limit ($0.50/$1.00 USD) - 2025/01/29 4:41:07 WET [2025/01/28 23:41:07 ET]
Table 'Edburga' 6-max Seat #5 is the button
Seat 1: btop4887 ($116.32 in chips) 
Seat 2: Xenicide ($103.26 in chips) 
Seat 3: AlexEliseev7 ($100 in chips) 
Seat 4: Manifestorr ($108 in chips) 
Seat 5: Melenya ($120.18 in chips) 
Seat 6: 7bekon7 ($101.38 in chips) 
7bekon7: posts small blind $0.50
btop4887: posts big blind $1
*** HOLE CARDS ***
Xenicide: raises $1 to $2
AlexEliseev7: folds 
Manifestorr: folds 
Melenya: folds 
7bekon7: folds 
btop4887: calls $1
*** FLOP *** [4c 3h 9s]
btop4887: checks 
Xenicide: checks 
*** TURN *** [4c 3h 9s] [4h]
btop4887: checks 
Xenicide: bets $6.42
btop4887: folds 
Uncalled bet ($6.42) returned to Xenicide
Xenicide collected $4.28 from pot
*** SUMMARY ***
Total pot $4.50 | Rake $0.22 
Board [4c 3h 9s 4h]
Seat 1: btop4887 (big blind) folded on the Turn
Seat 2: Xenicide collected ($4.28)
Seat 3: AlexEliseev7 folded before Flop (didn't bet)
Seat 4: Manifestorr folded before Flop (didn't bet)
Seat 5: Melenya (button) folded before Flop (didn't bet)
Seat 6: 7bekon7 (small blind) folded before Flop



PokerStars Hand #254602704356:  Hold'em No Limit ($0.50/$1.00 USD) - 2025/01/29 4:41:56 WET [2025/01/28 23:41:56 ET]
Table 'Edburga' 6-max Seat #6 is the button
Seat 1: btop4887 ($114.32 in chips) 
Seat 2: Xenicide ($105.54 in chips) 
Seat 3: AlexEliseev7 ($100 in chips) 
Seat 4: Manifestorr ($108 in chips) 
Seat 5: Melenya ($120.18 in chips) 
Seat 6: 7bekon7 ($100.88 in chips) 
btop4887: posts small blind $0.50
Xenicide: posts big blind $1
*** HOLE CARDS ***
AlexEliseev7: folds 
Manifestorr: folds 
Melenya: raises $1.30 to $2.30
7bekon7: folds 
btop4887: folds 
Xenicide: folds 
Uncalled bet ($1.30) returned to Melenya
Melenya collected $2.50 from pot
Melenya: doesn't show hand 
*** SUMMARY ***
Total pot $2.50 | Rake $0 
Seat 1: btop4887 (small blind) folded before Flop
Seat 2: Xenicide (big blind) folded before Flop
Seat 3: AlexEliseev7 folded before Flop (didn't bet)
Seat 4: Manifestorr folded before Flop (didn't bet)
Seat 5: Melenya collected ($2.50)
Seat 6: 7bekon7 (button) folded before Flop (didn't bet)



PokerStars Hand #254602706705:  Hold'em No Limit ($0.50/$1.00 USD) - 2025/01/29 4:42:21 WET [2025/01/28 23:42:21 ET]
Table 'Edburga' 6-max Seat #1 is the button
Seat 1: btop4887 ($113.82 in chips) 
Seat 2: Xenicide ($104.54 in chips) 
Seat 3: AlexEliseev7 ($100 in chips) 
Seat 4: Manifestorr ($108 in chips) 
Seat 5: Melenya ($121.68 in chips) 
Seat 6: 7bekon7 ($100.88 in chips) 
Xenicide: posts small blind $0.50
AlexEliseev7: posts big blind $1
*** HOLE CARDS ***
Manifestorr: folds 
Melenya: folds 
7bekon7: folds 
btop4887: calls $1
Xenicide: folds 
AlexEliseev7: raises $4 to $5
btop4887: calls $4
*** FLOP *** [Th 3c 2h]
AlexEliseev7: checks 
btop4887: checks 
*** TURN *** [Th 3c 2h] [6d]
AlexEliseev7: bets $7.78
btop4887: folds 
Uncalled bet ($7.78) returned to AlexEliseev7
AlexEliseev7 collected $9.98 from pot
AlexEliseev7: doesn't show hand 
*** SUMMARY ***
Total pot $10.50 | Rake $0.52 
Board [Th 3c 2h 6d]
Seat 1: btop4887 (button) folded on the Turn
Seat 2: Xenicide (small blind) folded before Flop
Seat 3: AlexEliseev7 (big blind) collected ($9.98)
Seat 4: Manifestorr folded before Flop (didn't bet)
Seat 5: Melenya folded before Flop (didn't bet)
Seat 6: 7bekon7 folded before Flop (didn't bet)



PokerStars Hand #254602710810:  Hold'em No Limit ($0.50/$1.00 USD) - 2025/01/29 4:43:05 WET [2025/01/28 23:43:05 ET]
Table 'Edburga' 6-max Seat #2 is the button
Seat 4: Manifestorr ($108 in chips) is sitting out
Seat 5: Melenya ($121.68 in chips) is sitting out
Seat 1: btop4887 ($108.82 in chips) 
Seat 2: Xenicide ($104.04 in chips) 
Seat 3: AlexEliseev7 ($104.98 in chips) 
Seat 6: 7bekon7 ($100.88 in chips) 
AlexEliseev7: posts small blind $0.50
Manifestorr: is sitting out 
Melenya: is sitting out 
7bekon7: posts big blind $1
*** HOLE CARDS ***
btop4887: raises $1 to $2
Melenya leaves the table
MrP1usovoy joins the table at seat #5 
Xenicide: folds 
AlexEliseev7: folds 
7bekon7: calls $1
*** FLOP *** [4c 3d 7d]
7bekon7: checks 
btop4887: bets $3
7bekon7: folds 
Uncalled bet ($3) returned to btop4887
btop4887 collected $4.28 from pot
*** SUMMARY ***
Total pot $4.50 | Rake $0.22 
Board [4c 3d 7d]
Seat 4: Manifestorr
Seat 5: Melenya
Seat 1: btop4887 collected ($4.28)
Seat 2: Xenicide (button) folded before Flop (didn't bet)
Seat 3: AlexEliseev7 (small blind) folded before Flop
Seat 6: 7bekon7 (big blind) folded on the Flop



PokerStars Hand #254602713902:  Hold'em No Limit ($0.50/$1.00 USD) - 2025/01/29 4:43:37 WET [2025/01/28 23:43:37 ET]
Table 'Edburga' 6-max Seat #3 is the button
Seat 4: Manifestorr ($108 in chips) is sitting out
Seat 5: MrP1usovoy ($100 in chips) is sitting out
Seat 1: btop4887 ($111.10 in chips) 
Seat 2: Xenicide ($104.04 in chips) 
Seat 3: AlexEliseev7 ($104.48 in chips) 
Seat 6: 7bekon7 ($100 in chips) 
7bekon7: posts small blind $0.50
btop4887: posts big blind $1
*** HOLE CARDS ***
Xenicide: folds 
AlexEliseev7: folds 
7bekon7: folds 
Uncalled bet ($0.50) returned to btop4887
btop4887 collected $1 from pot
*** SUMMARY ***
Total pot $1 | Rake $0 
Seat 4: Manifestorr
Seat 5: MrP1usovoy
Seat 1: btop4887 (big blind) collected ($1)
Seat 2: Xenicide folded before Flop (didn't bet)
Seat 3: AlexEliseev7 (button) folded before Flop (didn't bet)
Seat 6: 7bekon7 (small blind) folded before Flop



PokerStars Hand #254602715204:  Hold'em No Limit ($0.50/$1.00 USD) - 2025/01/29 4:43:51 WET [2025/01/28 23:43:51 ET]
Table 'Edburga' 6-max Seat #6 is the button
Seat 5: MrP1usovoy ($100 in chips) is sitting out
Seat 1: btop4887 ($111.60 in chips) 
Seat 2: Xenicide ($104.04 in chips) 
Seat 3: AlexEliseev7 ($104.48 in chips) 
Seat 4: Manifestorr ($108 in chips) 
Seat 6: 7bekon7 ($100 in chips) 
btop4887: posts small blind $0.50
Xenicide: posts big blind $1
Manifestorr: posts small & big blinds $1.50
MrP1usovoy: sits out 
*** HOLE CARDS ***
AlexEliseev7: folds 
Manifestorr: checks 
7bekon7: raises $3 to $4
btop4887: folds 
Xenicide: folds 
Manifestorr: folds 
Uncalled bet ($3) returned to 7bekon7
7bekon7 collected $4 from pot
7bekon7: doesn't show hand 
*** SUMMARY ***
Total pot $4 | Rake $0 
Seat 5: MrP1usovoy
Seat 1: btop4887 (small blind) folded before Flop
Seat 2: Xenicide (big blind) folded before Flop
Seat 3: AlexEliseev7 folded before Flop (didn't bet)
Seat 4: Manifestorr folded before Flop (didn't bet)
Seat 6: 7bekon7 (button) collected ($4)



PokerStars Hand #254602717879:  Hold'em No Limit ($0.50/$1.00 USD) - 2025/01/29 4:44:19 WET [2025/01/28 23:44:19 ET]
Table 'Edburga' 6-max Seat #1 is the button
Seat 5: MrP1usovoy ($100 in chips) is sitting out
Seat 1: btop4887 ($111.10 in chips) 
Seat 2: Xenicide ($103.04 in chips) 
Seat 3: AlexEliseev7 ($104.48 in chips) 
Seat 4: Manifestorr ($106.50 in chips) 
Seat 6: 7bekon7 ($103 in chips) 
Xenicide: posts small blind $0.50
AlexEliseev7: posts big blind $1
MrP1usovoy: sits out 
*** HOLE CARDS ***
Manifestorr: raises $1.20 to $2.20
7bekon7: folds 
btop4887: calls $2.20
Xenicide: folds 
AlexEliseev7: folds 
*** FLOP *** [5c Th Qd]
Manifestorr: bets $1.85
btop4887: folds 
Uncalled bet ($1.85) returned to Manifestorr
Manifestorr collected $5.60 from pot
*** SUMMARY ***
Total pot $5.90 | Rake $0.30 
Board [5c Th Qd]
Seat 5: MrP1usovoy
Seat 1: btop4887 (button) folded on the Flop
Seat 2: Xenicide (small blind) folded before Flop
Seat 3: AlexEliseev7 (big blind) folded before Flop
Seat 4: Manifestorr collected ($5.60)
Seat 6: 7bekon7 folded before Flop (didn't bet)



PokerStars Hand #254602720622:  Hold'em No Limit ($0.50/$1.00 USD) - 2025/01/29 4:44:47 WET [2025/01/28 23:44:47 ET]
Table 'Edburga' 6-max Seat #2 is the button
Seat 5: MrP1usovoy ($100 in chips) is sitting out
Seat 1: btop4887 ($108.90 in chips) 
Seat 2: Xenicide ($102.54 in chips) 
Seat 3: AlexEliseev7 ($103.48 in chips) 
Seat 4: Manifestorr ($109.90 in chips) 
Seat 6: 7bekon7 ($103 in chips) 
AlexEliseev7: posts small blind $0.50
Manifestorr: posts big blind $1
MrP1usovoy: sits out 
*** HOLE CARDS ***
7bekon7: folds 
btop4887: calls $1
Xenicide: folds 
AlexEliseev7: calls $0.50
Manifestorr: raises $5 to $6
btop4887: folds 
AlexEliseev7: folds 
Uncalled bet ($5) returned to Manifestorr
Manifestorr collected $3 from pot
*** SUMMARY ***
Total pot $3 | Rake $0 
Seat 5: MrP1usovoy
Seat 1: btop4887 folded before Flop
Seat 2: Xenicide (button) folded before Flop (didn't bet)
Seat 3: AlexEliseev7 (small blind) folded before Flop
Seat 4: Manifestorr (big blind) collected ($3)
Seat 6: 7bekon7 folded before Flop (didn't bet)



PokerStars Hand #254602723021:  Hold'em No Limit ($0.50/$1.00 USD) - 2025/01/29 4:45:12 WET [2025/01/28 23:45:12 ET]
Table 'Edburga' 6-max Seat #3 is the button
Seat 1: btop4887 ($107.90 in chips) 
Seat 2: Xenicide ($102.54 in chips) 
Seat 3: AlexEliseev7 ($102.48 in chips) 
Seat 4: Manifestorr ($111.90 in chips) 
Seat 5: MrP1usovoy ($100 in chips) 
Seat 6: 7bekon7 ($103 in chips) 
Manifestorr: posts small blind $0.50
MrP1usovoy: posts big blind $1
*** HOLE CARDS ***
7bekon7: folds 
btop4887: calls $1
Xenicide: raises $3 to $4
AlexEliseev7: folds 
Manifestorr: folds 
MrP1usovoy: folds 
btop4887: calls $3
*** FLOP *** [Jh 3c Ts]
btop4887: checks 
Xenicide: bets $2.25
btop4887: folds 
Uncalled bet ($2.25) returned to Xenicide
Xenicide collected $9.02 from pot
Xenicide: doesn't show hand 
*** SUMMARY ***
Total pot $9.50 | Rake $0.48 
Board [Jh 3c Ts]
Seat 1: btop4887 folded on the Flop
Seat 2: Xenicide collected ($9.02)
Seat 3: AlexEliseev7 (button) folded before Flop (didn't bet)
Seat 4: Manifestorr (small blind) folded before Flop
Seat 5: MrP1usovoy (big blind) folded before Flop
Seat 6: 7bekon7 folded before Flop (didn't bet)



PokerStars Hand #254602725769:  Hold'em No Limit ($0.50/$1.00 USD) - 2025/01/29 4:45:41 WET [2025/01/28 23:45:41 ET]
Table 'Edburga' 6-max Seat #4 is the button
Seat 1: btop4887 ($103.90 in chips) 
Seat 2: Xenicide ($107.56 in chips) 
Seat 3: AlexEliseev7 ($102.48 in chips) 
Seat 4: Manifestorr ($111.40 in chips) 
Seat 5: MrP1usovoy ($100 in chips) 
Seat 6: 7bekon7 ($103 in chips) 
MrP1usovoy: posts small blind $0.50
7bekon7: posts big blind $1
*** HOLE CARDS ***
btop4887: folds 
Xenicide: folds 
AlexEliseev7: folds 
Manifestorr: raises $1.20 to $2.20
MrP1usovoy: folds 
7bekon7: folds 
Uncalled bet ($1.20) returned to Manifestorr
Manifestorr collected $2.50 from pot
*** SUMMARY ***
Total pot $2.50 | Rake $0 
Seat 1: btop4887 folded before Flop (didn't bet)
Seat 2: Xenicide folded before Flop (didn't bet)
Seat 3: AlexEliseev7 folded before Flop (didn't bet)
Seat 4: Manifestorr (button) collected ($2.50)
Seat 5: MrP1usovoy (small blind) folded before Flop
Seat 6: 7bekon7 (big blind) folded before Flop



PokerStars Hand #254602727141:  Hold'em No Limit ($0.50/$1.00 USD) - 2025/01/29 4:45:55 WET [2025/01/28 23:45:55 ET]
Table 'Edburga' 6-max Seat #5 is the button
Seat 1: btop4887 ($103.90 in chips) 
Seat 2: Xenicide ($107.56 in chips) 
Seat 3: AlexEliseev7 ($102.48 in chips) 
Seat 4: Manifestorr ($112.90 in chips) 
Seat 5: MrP1usovoy ($100 in chips) 
Seat 6: 7bekon7 ($102 in chips) 
7bekon7: posts small blind $0.50
btop4887: posts big blind $1
*** HOLE CARDS ***
Xenicide: folds 
AlexEliseev7: raises $1.50 to $2.50
Manifestorr: folds 
MrP1usovoy: folds 
7bekon7: folds 
btop4887: calls $1.50
*** FLOP *** [Qd As Kc]
btop4887: checks 
AlexEliseev7: bets $1.72
btop4887: folds 
Uncalled bet ($1.72) returned to AlexEliseev7
AlexEliseev7 collected $5.22 from pot
AlexEliseev7: doesn't show hand 
*** SUMMARY ***
Total pot $5.50 | Rake $0.28 
Board [Qd As Kc]
Seat 1: btop4887 (big blind) folded on the Flop
Seat 2: Xenicide folded before Flop (didn't bet)
Seat 3: AlexEliseev7 collected ($5.22)
Seat 4: Manifestorr folded before Flop (didn't bet)
Seat 5: MrP1usovoy (button) folded before Flop (didn't bet)
Seat 6: 7bekon7 (small blind) folded before Flop



PokerStars Hand #254602729588:  Hold'em No Limit ($0.50/$1.00 USD) - 2025/01/29 4:46:22 WET [2025/01/28 23:46:22 ET]
Table 'Edburga' 6-max Seat #6 is the button
Seat 1: btop4887 ($101.40 in chips) 
Seat 2: Xenicide ($107.56 in chips) 
Seat 3: AlexEliseev7 ($105.20 in chips) 
Seat 4: Manifestorr ($112.90 in chips) 
Seat 5: MrP1usovoy ($100 in chips) 
Seat 6: 7bekon7 ($101.50 in chips) 
btop4887: posts small blind $0.50
Xenicide: posts big blind $1
*** HOLE CARDS ***
AlexEliseev7: folds 
Manifestorr: raises $1.20 to $2.20
MrP1usovoy: folds 
7bekon7: folds 
btop4887: folds 
Xenicide: folds 
Uncalled bet ($1.20) returned to Manifestorr
Manifestorr collected $2.50 from pot
*** SUMMARY ***
Total pot $2.50 | Rake $0 
Seat 1: btop4887 (small blind) folded before Flop
Seat 2: Xenicide (big blind) folded before Flop
Seat 3: AlexEliseev7 folded before Flop (didn't bet)
Seat 4: Manifestorr collected ($2.50)
Seat 5: MrP1usovoy folded before Flop (didn't bet)
Seat 6: 7bekon7 (button) folded before Flop (didn't bet)



PokerStars Hand #254602732292:  Hold'em No Limit ($0.50/$1.00 USD) - 2025/01/29 4:46:51 WET [2025/01/28 23:46:51 ET]
Table 'Edburga' 6-max Seat #1 is the button
Seat 1: btop4887 ($100.90 in chips) 
Seat 2: Xenicide ($106.56 in chips) 
Seat 3: AlexEliseev7 ($105.20 in chips) 
Seat 4: Manifestorr ($114.40 in chips) 
Seat 5: MrP1usovoy ($100 in chips) 
Seat 6: 7bekon7 ($101.50 in chips) 
Xenicide: posts small blind $0.50
AlexEliseev7: posts big blind $1
*** HOLE CARDS ***
Manifestorr: folds 
MrP1usovoy: folds 
7bekon7: folds 
btop4887: calls $1
Xenicide: calls $0.50
AlexEliseev7: checks 
*** FLOP *** [9h 9s 7h]
Xenicide: checks 
AlexEliseev7 is disconnected 
AlexEliseev7 has timed out while disconnected
AlexEliseev7: checks 
btop4887: bets $2
Xenicide: folds 
AlexEliseev7 is connected 
AlexEliseev7: folds 
Uncalled bet ($2) returned to btop4887
btop4887 collected $2.85 from pot
*** SUMMARY ***
Total pot $3 | Rake $0.15 
Board [9h 9s 7h]
Seat 1: btop4887 (button) collected ($2.85)
Seat 2: Xenicide (small blind) folded on the Flop
Seat 3: AlexEliseev7 (big blind) folded on the Flop
Seat 4: Manifestorr folded before Flop (didn't bet)
Seat 5: MrP1usovoy folded before Flop (didn't bet)
Seat 6: 7bekon7 folded before Flop (didn't bet)



PokerStars Hand #254602739347:  Hold'em No Limit ($0.50/$1.00 USD) - 2025/01/29 4:48:07 WET [2025/01/28 23:48:07 ET]
Table 'Edburga' 6-max Seat #2 is the button
Seat 1: btop4887 ($102.75 in chips) 
Seat 2: Xenicide ($105.56 in chips) 
Seat 3: AlexEliseev7 ($104.20 in chips) 
Seat 4: Manifestorr ($114.40 in chips) 
Seat 5: MrP1usovoy ($100 in chips) 
Seat 6: 7bekon7 ($101.50 in chips) 
AlexEliseev7: posts small blind $0.50
Manifestorr: posts big blind $1
*** HOLE CARDS ***
MrP1usovoy: folds 
7bekon7: folds 
btop4887: calls $1
Xenicide: folds 
AlexEliseev7: folds 
Manifestorr: checks 
*** FLOP *** [Ad 5h 8c]
Manifestorr: checks 
btop4887: checks 
*** TURN *** [Ad 5h 8c] [4d]
Manifestorr: bets $3.21
btop4887: folds 
Uncalled bet ($3.21) returned to Manifestorr
Manifestorr collected $2.38 from pot
*** SUMMARY ***
Total pot $2.50 | Rake $0.12 
Board [Ad 5h 8c 4d]
Seat 1: btop4887 folded on the Turn
Seat 2: Xenicide (button) folded before Flop (didn't bet)
Seat 3: AlexEliseev7 (small blind) folded before Flop
Seat 4: Manifestorr (big blind) collected ($2.38)
Seat 5: MrP1usovoy folded before Flop (didn't bet)
Seat 6: 7bekon7 folded before Flop (didn't bet)



PokerStars Hand #254602742460:  Hold'em No Limit ($0.50/$1.00 USD) - 2025/01/29 4:48:41 WET [2025/01/28 23:48:41 ET]
Table 'Edburga' 6-max Seat #3 is the button
Seat 1: btop4887 ($101.75 in chips) 
Seat 2: Xenicide ($105.56 in chips) 
Seat 3: AlexEliseev7 ($103.70 in chips) 
Seat 4: Manifestorr ($115.78 in chips) 
Seat 5: MrP1usovoy ($100 in chips) 
Seat 6: 7bekon7 ($101.50 in chips) 
Manifestorr: posts small blind $0.50
MrP1usovoy: posts big blind $1
*** HOLE CARDS ***
7bekon7: folds 
btop4887: calls $1
Xenicide: folds 
AlexEliseev7: folds 
Manifestorr: folds 
MrP1usovoy: checks 
*** FLOP *** [Qh 5s 8h]
MrP1usovoy: checks 
btop4887: bets $1
MrP1usovoy: calls $1
*** TURN *** [Qh 5s 8h] [5c]
MrP1usovoy: checks 
btop4887: bets $2
MrP1usovoy: calls $2
*** RIVER *** [Qh 5s 8h 5c] [4c]
MrP1usovoy: checks 
btop4887: bets $3
MrP1usovoy: calls $3
*** SHOW DOWN ***
btop4887: shows [Qc Td] (two pair, Queens and Fives)
MrP1usovoy: mucks hand 
btop4887 collected $13.78 from pot
*** SUMMARY ***
Total pot $14.50 | Rake $0.72 
Board [Qh 5s 8h 5c 4c]
Seat 1: btop4887 showed [Qc Td] and won ($13.78) with two pair, Queens and Fives
Seat 2: Xenicide folded before Flop (didn't bet)
Seat 3: AlexEliseev7 (button) folded before Flop (didn't bet)
Seat 4: Manifestorr (small blind) folded before Flop
Seat 5: MrP1usovoy (big blind) mucked
Seat 6: 7bekon7 folded before Flop (didn't bet)



PokerStars Hand #254602746092:  Hold'em No Limit ($0.50/$1.00 USD) - 2025/01/29 4:49:20 WET [2025/01/28 23:49:20 ET]
Table 'Edburga' 6-max Seat #4 is the button
Seat 1: btop4887 ($108.53 in chips) 
Seat 2: Xenicide ($105.56 in chips) 
Seat 3: AlexEliseev7 ($103.70 in chips) 
Seat 4: Manifestorr ($115.28 in chips) 
Seat 5: MrP1usovoy ($100 in chips) 
Seat 6: 7bekon7 ($101.50 in chips) 
MrP1usovoy: posts small blind $0.50
7bekon7: posts big blind $1
*** HOLE CARDS ***
btop4887: folds 
Xenicide: raises $1 to $2
AlexEliseev7: folds 
Manifestorr: folds 
MrP1usovoy: folds 
7bekon7: calls $1
*** FLOP *** [Jd 8s Qs]
7bekon7: checks 
Xenicide: bets $1.07
7bekon7: calls $1.07
*** TURN *** [Jd 8s Qs] [Kh]
7bekon7: checks 
Xenicide: bets $13
7bekon7: folds 
Uncalled bet ($13) returned to Xenicide
Xenicide collected $6.31 from pot
Xenicide: doesn't show hand 
*** SUMMARY ***
Total pot $6.64 | Rake $0.33 
Board [Jd 8s Qs Kh]
Seat 1: btop4887 folded before Flop (didn't bet)
Seat 2: Xenicide collected ($6.31)
Seat 3: AlexEliseev7 folded before Flop (didn't bet)
Seat 4: Manifestorr (button) folded before Flop (didn't bet)
Seat 5: MrP1usovoy (small blind) folded before Flop
Seat 6: 7bekon7 (big blind) folded on the Turn



PokerStars Hand #254602754982:  Hold'em No Limit ($0.50/$1.00 USD) - 2025/01/29 4:50:58 WET [2025/01/28 23:50:58 ET]
Table 'Edburga' 6-max Seat #5 is the button
Seat 1: btop4887 ($108.53 in chips) 
Seat 2: Xenicide ($108.80 in chips) 
Seat 3: AlexEliseev7 ($103.70 in chips) 
Seat 4: Manifestorr ($115.28 in chips) 
Seat 5: MrP1usovoy ($100 in chips) 
Seat 6: 7bekon7 ($100 in chips) 
7bekon7: posts small blind $0.50
btop4887: posts big blind $1
*** HOLE CARDS ***
Xenicide: folds 
AlexEliseev7: folds 
Manifestorr: folds 
MrP1usovoy: folds 
7bekon7: raises $2 to $3
btop4887: calls $2
*** FLOP *** [Kh Ad 3h]
7bekon7: bets $1.43
btop4887: calls $1.43
*** TURN *** [Kh Ad 3h] [Tc]
7bekon7: checks 
btop4887: bets $3.21
7bekon7: folds 
Uncalled bet ($3.21) returned to btop4887
btop4887 collected $8.42 from pot
*** SUMMARY ***
Total pot $8.86 | Rake $0.44 
Board [Kh Ad 3h Tc]
Seat 1: btop4887 (big blind) collected ($8.42)
Seat 2: Xenicide folded before Flop (didn't bet)
Seat 3: AlexEliseev7 folded before Flop (didn't bet)
Seat 4: Manifestorr folded before Flop (didn't bet)
Seat 5: MrP1usovoy (button) folded before Flop (didn't bet)
Seat 6: 7bekon7 (small blind) folded on the Turn



PokerStars Hand #254602760477:  Hold'em No Limit ($0.50/$1.00 USD) - 2025/01/29 4:52:00 WET [2025/01/28 23:52:00 ET]
Table 'Edburga' 6-max Seat #6 is the button
Seat 1: btop4887 ($112.52 in chips) 
Seat 2: Xenicide ($108.80 in chips) 
Seat 3: AlexEliseev7 ($103.70 in chips) 
Seat 4: Manifestorr ($115.28 in chips) 
Seat 5: MrP1usovoy ($100 in chips) 
Seat 6: 7bekon7 ($100 in chips) 
btop4887: posts small blind $0.50
Xenicide: posts big blind $1
*** HOLE CARDS ***
AlexEliseev7: folds 
Manifestorr: folds 
MrP1usovoy: raises $1.50 to $2.50
7bekon7: folds 
btop4887: folds 
Xenicide: raises $7.50 to $10
MrP1usovoy: folds 
Uncalled bet ($7.50) returned to Xenicide
Xenicide collected $5.50 from pot
*** SUMMARY ***
Total pot $5.50 | Rake $0 
Seat 1: btop4887 (small blind) folded before Flop
Seat 2: Xenicide (big blind) collected ($5.50)
Seat 3: AlexEliseev7 folded before Flop (didn't bet)
Seat 4: Manifestorr folded before Flop (didn't bet)
Seat 5: MrP1usovoy folded before Flop
Seat 6: 7bekon7 (button) folded before Flop (didn't bet)



PokerStars Hand #254602763062:  Hold'em No Limit ($0.50/$1.00 USD) - 2025/01/29 4:52:29 WET [2025/01/28 23:52:29 ET]
Table 'Edburga' 6-max Seat #1 is the button
Seat 1: btop4887 ($112.02 in chips) 
Seat 2: Xenicide ($111.80 in chips) 
Seat 3: AlexEliseev7 ($103.70 in chips) 
Seat 4: Manifestorr ($115.28 in chips) 
Seat 5: MrP1usovoy ($100 in chips) 
Seat 6: 7bekon7 ($100 in chips) 
Xenicide: posts small blind $0.50
AlexEliseev7: posts big blind $1
*** HOLE CARDS ***
Manifestorr: raises $1.20 to $2.20
MrP1usovoy: folds 
7bekon7: folds 
btop4887: folds 
Xenicide: folds 
AlexEliseev7: folds 
Uncalled bet ($1.20) returned to Manifestorr
Manifestorr collected $2.50 from pot
*** SUMMARY ***
Total pot $2.50 | Rake $0 
Seat 1: btop4887 (button) folded before Flop (didn't bet)
Seat 2: Xenicide (small blind) folded before Flop
Seat 3: AlexEliseev7 (big blind) folded before Flop
Seat 4: Manifestorr collected ($2.50)
Seat 5: MrP1usovoy folded before Flop (didn't bet)
Seat 6: 7bekon7 folded before Flop (didn't bet)



PokerStars Hand #254602764987:  Hold'em No Limit ($0.50/$1.00 USD) - 2025/01/29 4:52:50 WET [2025/01/28 23:52:50 ET]
Table 'Edburga' 6-max Seat #2 is the button
Seat 1: btop4887 ($112.02 in chips) 
Seat 2: Xenicide ($111.30 in chips) 
Seat 3: AlexEliseev7 ($102.70 in chips) 
Seat 4: Manifestorr ($116.78 in chips) 
Seat 5: MrP1usovoy ($100 in chips) 
Seat 6: 7bekon7 ($100 in chips) 
AlexEliseev7: posts small blind $0.50
Manifestorr: posts big blind $1
*** HOLE CARDS ***
MrP1usovoy: folds 
7bekon7: folds 
btop4887: raises $1 to $2
Xenicide: folds 
AlexEliseev7: folds 
Manifestorr: folds 
Uncalled bet ($1) returned to btop4887
btop4887 collected $2.50 from pot
*** SUMMARY ***
Total pot $2.50 | Rake $0 
Seat 1: btop4887 collected ($2.50)
Seat 2: Xenicide (button) folded before Flop (didn't bet)
Seat 3: AlexEliseev7 (small blind) folded before Flop
Seat 4: Manifestorr (big blind) folded before Flop
Seat 5: MrP1usovoy folded before Flop (didn't bet)
Seat 6: 7bekon7 folded before Flop (didn't bet)



PokerStars Hand #254602802782:  Hold'em No Limit ($0.50/$1.00 USD) - 2025/01/29 5:01:02 WET [2025/01/29 0:01:02 ET]
Table 'Edburga' 6-max Seat #2 is the button
Seat 1: btop4887 ($104.25 in chips) 
Seat 2: Xenicide ($113.32 in chips) 
Seat 3: AlexEliseev7 ($104.70 in chips) 
Seat 4: Manifestorr ($112.10 in chips) 
Seat 5: MrP1usovoy ($111.56 in chips) 
Seat 6: 7bekon7 ($100 in chips) 
AlexEliseev7: posts small blind $0.50
Manifestorr: posts big blind $1
*** HOLE CARDS ***
MrP1usovoy: folds 
7bekon7: folds 
btop4887: folds 
Xenicide: folds 
AlexEliseev7: folds 
Uncalled bet ($0.50) returned to Manifestorr
Manifestorr collected $1 from pot
*** SUMMARY ***
Total pot $1 | Rake $0 
Seat 1: btop4887 folded before Flop (didn't bet)
Seat 2: Xenicide (button) folded before Flop (didn't bet)
Seat 3: AlexEliseev7 (small blind) folded before Flop
Seat 4: Manifestorr (big blind) collected ($1)
Seat 5: MrP1usovoy folded before Flop (didn't bet)
Seat 6: 7bekon7 folded before Flop (didn't bet)



PokerStars Hand #254602804686:  Hold'em No Limit ($0.50/$1.00 USD) - 2025/01/29 5:01:25 WET [2025/01/29 0:01:25 ET]
Table 'Edburga' 6-max Seat #3 is the button
Seat 1: btop4887 ($104.25 in chips) 
Seat 2: Xenicide ($113.32 in chips) 
Seat 3: AlexEliseev7 ($104.20 in chips) 
Seat 4: Manifestorr ($112.60 in chips) 
Seat 5: MrP1usovoy ($111.56 in chips) 
Seat 6: 7bekon7 ($100 in chips) 
Manifestorr: posts small blind $0.50
MrP1usovoy: posts big blind $1
*** HOLE CARDS ***
7bekon7: folds 
btop4887: calls $1
Xenicide: folds 
AlexEliseev7: folds 
Manifestorr: folds 
MrP1usovoy: raises $5 to $6
btop4887: calls $5
*** FLOP *** [2s Jd 3h]
MrP1usovoy: bets $3.92
btop4887: calls $3.92
*** TURN *** [2s Jd 3h] [8d]
MrP1usovoy: checks 
btop4887: bets $9.66
MrP1usovoy: calls $9.66
*** RIVER *** [2s Jd 3h 8d] [5s]
MrP1usovoy: checks 
btop4887: checks 
*** SHOW DOWN ***
MrP1usovoy: shows [Ad Tc] (high card Ace)
btop4887: mucks hand 
MrP1usovoy collected $37.68 from pot
*** SUMMARY ***
Total pot $39.66 | Rake $1.98 
Board [2s Jd 3h 8d 5s]
Seat 1: btop4887 mucked
Seat 2: Xenicide folded before Flop (didn't bet)
Seat 3: AlexEliseev7 (button) folded before Flop (didn't bet)
Seat 4: Manifestorr (small blind) folded before Flop
Seat 5: MrP1usovoy (big blind) showed [Ad Tc] and won ($37.68) with high card Ace
Seat 6: 7bekon7 folded before Flop (didn't bet)



PokerStars Hand #254602807965:  Hold'em No Limit ($0.50/$1.00 USD) - 2025/01/29 5:02:04 WET [2025/01/29 0:02:04 ET]
Table 'Edburga' 6-max Seat #4 is the button
Seat 1: btop4887 ($84.67 in chips) 
Seat 2: Xenicide ($113.32 in chips) 
Seat 3: AlexEliseev7 ($104.20 in chips) 
Seat 4: Manifestorr ($112.10 in chips) 
Seat 5: MrP1usovoy ($129.66 in chips) 
Seat 6: 7bekon7 ($100 in chips) 
MrP1usovoy: posts small blind $0.50
7bekon7: posts big blind $1
*** HOLE CARDS ***
btop4887: folds 
btop4887 leaves the table
Xenicide: folds 
AlexEliseev7: folds 
Manifestorr: raises $1.20 to $2.20
MrP1usovoy: folds 
7bekon7: folds 
Uncalled bet ($1.20) returned to Manifestorr
Manifestorr collected $2.50 from pot
*** SUMMARY ***
Total pot $2.50 | Rake $0 
Seat 1: btop4887 folded before Flop (didn't bet)
Seat 2: Xenicide folded before Flop (didn't bet)
Seat 3: AlexEliseev7 folded before Flop (didn't bet)
Seat 4: Manifestorr (button) collected ($2.50)
Seat 5: MrP1usovoy (small blind) folded before Flop
Seat 6: 7bekon7 (big blind) folded before Flop



PokerStars Hand #254602810420:  Hold'em No Limit ($0.50/$1.00 USD) - 2025/01/29 5:02:34 WET [2025/01/29 0:02:34 ET]
Table 'Edburga' 6-max Seat #5 is the button
Seat 2: Xenicide ($113.32 in chips) 
Seat 3: AlexEliseev7 ($104.20 in chips) 
Seat 4: Manifestorr ($113.60 in chips) 
Seat 5: MrP1usovoy ($129.16 in chips) 
Seat 6: 7bekon7 ($100 in chips) 
7bekon7: posts small blind $0.50
Xenicide: posts big blind $1
*** HOLE CARDS ***
AlexEliseev7: raises $1.50 to $2.50
Manifestorr: folds 
MrP1usovoy: folds 
7bekon7: folds 
Xenicide: folds 
Uncalled bet ($1.50) returned to AlexEliseev7
AlexEliseev7 collected $2.50 from pot
AlexEliseev7: doesn't show hand 
*** SUMMARY ***
Total pot $2.50 | Rake $0 
Seat 2: Xenicide (big blind) folded before Flop
Seat 3: AlexEliseev7 collected ($2.50)
Seat 4: Manifestorr folded before Flop (didn't bet)
Seat 5: MrP1usovoy (button) folded before Flop (didn't bet)
Seat 6: 7bekon7 (small blind) folded before Flop



PokerStars Hand #254602813513:  Hold'em No Limit ($0.50/$1.00 USD) - 2025/01/29 5:03:11 WET [2025/01/29 0:03:11 ET]
Table 'Edburga' 6-max Seat #6 is the button
Seat 3: AlexEliseev7 ($105.70 in chips) is sitting out
Seat 2: Xenicide ($112.32 in chips) 
Seat 4: Manifestorr ($113.60 in chips) 
Seat 5: MrP1usovoy ($129.16 in chips) 
Seat 6: 7bekon7 ($100 in chips) 
Xenicide: posts small blind $0.50
AlexEliseev7: is sitting out 
Manifestorr: posts big blind $1
*** HOLE CARDS ***
AlexEliseev7 leaves the table
MrP1usovoy: folds 
7bekon7: folds 
Xenicide: raises $2.50 to $3.50
Manifestorr: folds 
Uncalled bet ($2.50) returned to Xenicide
Xenicide collected $2 from pot
*** SUMMARY ***
Total pot $2 | Rake $0 
Seat 3: AlexEliseev7
Seat 2: Xenicide (small blind) collected ($2)
Seat 4: Manifestorr (big blind) folded before Flop
Seat 5: MrP1usovoy folded before Flop (didn't bet)
Seat 6: 7bekon7 (button) folded before Flop (didn't bet)



PokerStars Hand #254602814826:  Hold'em No Limit ($0.50/$1.00 USD) - 2025/01/29 5:03:26 WET [2025/01/29 0:03:26 ET]
Table 'Edburga' 6-max Seat #2 is the button
Seat 2: Xenicide ($113.32 in chips) 
Seat 4: Manifestorr ($112.60 in chips) 
Seat 5: MrP1usovoy ($129.16 in chips) 
Seat 6: 7bekon7 ($100 in chips) 
Manifestorr: posts small blind $0.50
MrP1usovoy: posts big blind $1
*** HOLE CARDS ***
7bekon7: raises $1.25 to $2.25
Xenicide: folds 
Manifestorr: folds 
MrP1usovoy: calls $1.25
*** FLOP *** [7d 2d 4s]
MrP1usovoy: checks 
7bekon7: checks 
*** TURN *** [7d 2d 4s] [Ad]
MrP1usovoy: bets $9.50
7bekon7: folds 
Uncalled bet ($9.50) returned to MrP1usovoy
MrP1usovoy collected $4.75 from pot
MrP1usovoy: doesn't show hand 
*** SUMMARY ***
Total pot $5 | Rake $0.25 
Board [7d 2d 4s Ad]
Seat 2: Xenicide (button) folded before Flop (didn't bet)
Seat 4: Manifestorr (small blind) folded before Flop
Seat 5: MrP1usovoy (big blind) collected ($4.75)
Seat 6: 7bekon7 folded on the Turn



