PokerStars Hand #254615630020:  Hold'em No Limit ($0.50/$1.00 USD) - 2025/01/29 0:42:44 WET [2025/01/29 19:42:44 ET]
Table 'Philagoria' 6-max Seat #5 is the button
Seat 2: valmble ($40 in chips) 
Seat 3: CEPTT ($100 in chips) 
Seat 4: EasyGamerrr ($100 in chips) 
Seat 5: XneferX ($100 in chips) 
valmble: posts small blind $0.50
CEPTT: posts big blind $1
*** HOLE CARDS ***
EasyGamerrr: folds 
XneferX: folds 
valmble: raises $2 to $3
CEPTT: folds 
Uncalled bet ($2) returned to valmble
valmble collected $2 from pot
valmble: doesn't show hand 
*** SUMMARY ***
Total pot $2 | Rake $0 
Seat 2: valmble (small blind) collected ($2)
Seat 3: CEPTT (big blind) folded before Flop
Seat 4: EasyGamerrr folded before Flop (didn't bet)
Seat 5: XneferX (button) folded before Flop (didn't bet)



PokerStars Hand #254615632941:  Hold'em No Limit ($0.50/$1.00 USD) - 2025/01/29 0:42:59 WET [2025/01/29 19:42:59 ET]
Table 'Philagoria' 6-max Seat #2 is the button
Seat 2: valmble ($41 in chips) 
Seat 3: CEPTT ($100 in chips) 
Seat 4: EasyGamerrr ($100 in chips) 
Seat 5: XneferX ($100 in chips) 
CEPTT: posts small blind $0.50
EasyGamerrr: posts big blind $1
*** HOLE CARDS ***
XneferX: folds 
valmble: raises $1 to $2
CEPTT: calls $1.50
EasyGamerrr: calls $1
*** FLOP *** [Js Qc Qs]
CEPTT: checks 
EasyGamerrr: checks 
valmble: checks 
*** TURN *** [Js Qc Qs] [9c]
CEPTT: checks 
EasyGamerrr: checks 
valmble: checks 
*** RIVER *** [Js Qc Qs 9c] [As]
CEPTT: checks 
EasyGamerrr: checks 
valmble: checks 
*** SHOW DOWN ***
CEPTT: shows [Ks Jd] (two pair, Queens and Jacks)
EasyGamerrr: mucks hand 
valmble: mucks hand 
CEPTT collected $5.70 from pot
*** SUMMARY ***
Total pot $6 | Rake $0.30 
Board [Js Qc Qs 9c As]
Seat 2: valmble (button) mucked
Seat 3: CEPTT (small blind) showed [Ks Jd] and won ($5.70) with two pair, Queens and Jacks
Seat 4: EasyGamerrr (big blind) mucked
Seat 5: XneferX folded before Flop (didn't bet)



PokerStars Hand #254615648612:  Hold'em No Limit ($0.50/$1.00 USD) - 2025/01/29 0:44:24 WET [2025/01/29 19:44:24 ET]
Table 'Philagoria' 6-max Seat #3 is the button
Seat 2: valmble ($39 in chips) 
Seat 3: CEPTT ($103.70 in chips) 
Seat 4: EasyGamerrr ($100 in chips) 
Seat 5: XneferX ($100 in chips) 
EasyGamerrr: posts small blind $0.50
XneferX: posts big blind $1
*** HOLE CARDS ***
valmble: folds 
CEPTT: folds 
EasyGamerrr: raises $2 to $3
XneferX: calls $2
*** FLOP *** [3c 6s Ad]
S3MPR3IGUAL joins the table at seat #1 
EasyGamerrr: checks 
XneferX: checks 
*** TURN *** [3c 6s Ad] [8d]
EasyGamerrr: checks 
XneferX: checks 
*** RIVER *** [3c 6s Ad 8d] [5s]
EasyGamerrr: bets $4.28
XneferX: folds 
Uncalled bet ($4.28) returned to EasyGamerrr
CEPTT leaves the table
EasyGamerrr collected $5.70 from pot
EasyGamerrr: doesn't show hand 
*** SUMMARY ***
Total pot $6 | Rake $0.30 
Board [3c 6s Ad 8d 5s]
Seat 2: valmble folded before Flop (didn't bet)
Seat 3: CEPTT (button) folded before Flop (didn't bet)
Seat 4: EasyGamerrr (small blind) collected ($5.70)
Seat 5: XneferX (big blind) folded on the River



PokerStars Hand #254615660468:  Hold'em No Limit ($0.50/$1.00 USD) - 2025/01/29 0:45:27 WET [2025/01/29 19:45:27 ET]
Table 'Philagoria' 6-max Seat #4 is the button
Seat 1: S3MPR3IGUAL ($100 in chips) 
Seat 2: valmble ($39 in chips) 
Seat 4: EasyGamerrr ($102.70 in chips) 
Seat 5: XneferX ($100 in chips) 
XneferX: posts small blind $0.50
S3MPR3IGUAL: posts big blind $1
*** HOLE CARDS ***
valmble: folds 
EasyGamerrr: folds 
XneferX: folds 
Uncalled bet ($0.50) returned to S3MPR3IGUAL
S3MPR3IGUAL collected $1 from pot
S3MPR3IGUAL: doesn't show hand 
*** SUMMARY ***
Total pot $1 | Rake $0 
Seat 1: S3MPR3IGUAL (big blind) collected ($1)
Seat 2: valmble folded before Flop (didn't bet)
Seat 4: EasyGamerrr (button) folded before Flop (didn't bet)
Seat 5: XneferX (small blind) folded before Flop



PokerStars Hand #254615664036:  Hold'em No Limit ($0.50/$1.00 USD) - 2025/01/29 0:45:46 WET [2025/01/29 19:45:46 ET]
Table 'Philagoria' 6-max Seat #5 is the button
Seat 1: S3MPR3IGUAL ($100.50 in chips) 
Seat 2: valmble ($39 in chips) 
Seat 4: EasyGamerrr ($102.70 in chips) 
Seat 5: XneferX ($100 in chips) 
S3MPR3IGUAL: posts small blind $0.50
valmble: posts big blind $1
*** HOLE CARDS ***
EasyGamerrr: folds 
XneferX: folds 
S3MPR3IGUAL: raises $2 to $3
valmble: calls $2
*** FLOP *** [5s 7d 7c]
S3MPR3IGUAL: bets $1.60
EasyGamerrr leaves the table
XneferX leaves the table
valmble: calls $1.60
*** TURN *** [5s 7d 7c] [8s]
S3MPR3IGUAL: bets $5.77
valmble: folds 
Uncalled bet ($5.77) returned to S3MPR3IGUAL
S3MPR3IGUAL collected $8.74 from pot
S3MPR3IGUAL: doesn't show hand 
*** SUMMARY ***
Total pot $9.20 | Rake $0.46 
Board [5s 7d 7c 8s]
Seat 1: S3MPR3IGUAL (small blind) collected ($8.74)
Seat 2: valmble (big blind) folded on the Turn
Seat 4: EasyGamerrr folded before Flop (didn't bet)
Seat 5: XneferX (button) folded before Flop (didn't bet)



