PokerStars Hand #254614268132:  Hold'em No Limit ($0.50/$1.00 USD) - 2025/01/29 23:01:35 WET [2025/01/29 18:01:35 ET]
Table 'Asterion' 6-max Seat #5 is the button
Seat 1: valmble ($10 in chips) is sitting out
Seat 4: PostoronnimV ($100 in chips) is sitting out
Seat 2: Nazareno1999 ($106.54 in chips) 
Seat 3: IREQO ($94.27 in chips) 
Seat 5: Valon0309 ($27.21 in chips) 
Seat 6: easy_sarcasm ($100 in chips) 
easy_sarcasm: posts small blind $0.50
valmble: is sitting out 
Nazareno1999: posts big blind $1
PostoronnimV: sits out 
*** HOLE CARDS ***
IREQO: folds 
Valon0309: calls $1
easy_sarcasm: calls $0.50
Nazareno1999: checks 
*** FLOP *** [7h Ah 9c]
easy_sarcasm: checks 
Nazareno1999: checks 
Valon0309: checks 
*** TURN *** [7h Ah 9c] [Th]
easy_sarcasm: bets $1.43
Nazareno1999: calls $1.43
Valon0309: calls $1.43
*** RIVER *** [7h Ah 9c Th] [Jd]
easy_sarcasm: bets $4.50
Nazareno1999: folds 
Valon0309: folds 
Uncalled bet ($4.50) returned to easy_sarcasm
easy_sarcasm collected $6.93 from pot
*** SUMMARY ***
Total pot $7.29 | Rake $0.36 
Board [7h Ah 9c Th Jd]
Seat 1: valmble
Seat 4: PostoronnimV
Seat 2: Nazareno1999 (big blind) folded on the River
Seat 3: IREQO folded before Flop (didn't bet)
Seat 5: Valon0309 (button) folded on the River
Seat 6: easy_sarcasm (small blind) collected ($6.93)



PokerStars Hand #254614279493:  Hold'em No Limit ($0.50/$1.00 USD) - 2025/01/29 23:02:19 WET [2025/01/29 18:02:19 ET]
Table 'Asterion' 6-max Seat #6 is the button
Seat 1: valmble ($10 in chips) is sitting out
Seat 4: PostoronnimV ($100 in chips) is sitting out
Seat 2: Nazareno1999 ($104.11 in chips) 
Seat 3: IREQO ($94.27 in chips) 
Seat 5: Valon0309 ($24.78 in chips) 
Seat 6: easy_sarcasm ($104.50 in chips) 
Nazareno1999: posts small blind $0.50
IREQO: posts big blind $1
PostoronnimV: sits out 
*** HOLE CARDS ***
Valon0309: raises $1 to $2
easy_sarcasm: raises $5.50 to $7.50
Nazareno1999: folds 
valmble leaves the table
IREQO: raises $15.50 to $23
Valon0309: folds 
easy_sarcasm: raises $81.50 to $104.50 and is all-in
XneferX joins the table at seat #1 
IREQO: folds 
Uncalled bet ($81.50) returned to easy_sarcasm
easy_sarcasm collected $48.50 from pot
*** SUMMARY ***
Total pot $48.50 | Rake $0 
Seat 1: valmble
Seat 4: PostoronnimV
Seat 2: Nazareno1999 (small blind) folded before Flop
Seat 3: IREQO (big blind) folded before Flop
Seat 5: Valon0309 folded before Flop
Seat 6: easy_sarcasm (button) collected ($48.50)



PokerStars Hand #254614291816:  Hold'em No Limit ($0.50/$1.00 USD) - 2025/01/29 23:03:07 WET [2025/01/29 18:03:07 ET]
Table 'Asterion' 6-max Seat #2 is the button
Seat 1: XneferX ($100 in chips) is sitting out
Seat 2: Nazareno1999 ($103.61 in chips) 
Seat 3: IREQO ($71.27 in chips) 
Seat 4: PostoronnimV ($100 in chips) 
Seat 5: Valon0309 ($22.78 in chips) 
Seat 6: easy_sarcasm ($130 in chips) 
IREQO: posts small blind $0.50
PostoronnimV: posts big blind $1
XneferX: sits out 
*** HOLE CARDS ***
Valon0309: calls $1
easy_sarcasm: raises $2 to $3
Nazareno1999: folds 
IREQO: folds 
PostoronnimV: folds 
Valon0309: calls $2
*** FLOP *** [8s 7s 4d]
Valon0309: checks 
easy_sarcasm: checks 
*** TURN *** [8s 7s 4d] [Qc]
Valon0309: checks 
easy_sarcasm: bets $3.63
Valon0309: calls $3.63
*** RIVER *** [8s 7s 4d Qc] [5c]
Valon0309: bets $4
easy_sarcasm: folds 
Uncalled bet ($4) returned to Valon0309
Valon0309 collected $13.84 from pot
*** SUMMARY ***
Total pot $14.76 | Rake $0.92 
Board [8s 7s 4d Qc 5c]
Seat 1: XneferX
Seat 2: Nazareno1999 (button) folded before Flop (didn't bet)
Seat 3: IREQO (small blind) folded before Flop
Seat 4: PostoronnimV (big blind) folded before Flop
Seat 5: Valon0309 collected ($13.84)
Seat 6: easy_sarcasm folded on the River



PokerStars Hand #254614302641:  Hold'em No Limit ($0.50/$1.00 USD) - 2025/01/29 23:03:49 WET [2025/01/29 18:03:49 ET]
Table 'Asterion' 6-max Seat #3 is the button
Seat 1: XneferX ($100 in chips) is sitting out
Seat 2: Nazareno1999 ($103.61 in chips) 
Seat 3: IREQO ($70.77 in chips) 
Seat 4: PostoronnimV ($100 in chips) 
Seat 5: Valon0309 ($29.99 in chips) 
Seat 6: easy_sarcasm ($123.37 in chips) 
PostoronnimV: posts small blind $0.50
Valon0309: posts big blind $1
XneferX: sits out 
*** HOLE CARDS ***
easy_sarcasm: raises $2 to $3
Nazareno1999: folds 
IREQO: folds 
PostoronnimV: folds 
Valon0309: raises $2 to $5
easy_sarcasm: calls $2
*** FLOP *** [Th Qd 7s]
Valon0309: bets $3
easy_sarcasm: folds 
Uncalled bet ($3) returned to Valon0309
Valon0309 collected $9.85 from pot
*** SUMMARY ***
Total pot $10.50 | Rake $0.65 
Board [Th Qd 7s]
Seat 1: XneferX
Seat 2: Nazareno1999 folded before Flop (didn't bet)
Seat 3: IREQO (button) folded before Flop (didn't bet)
Seat 4: PostoronnimV (small blind) folded before Flop
Seat 5: Valon0309 (big blind) collected ($9.85)
Seat 6: easy_sarcasm folded on the Flop



PokerStars Hand #254614308575:  Hold'em No Limit ($0.50/$1.00 USD) - 2025/01/29 23:04:11 WET [2025/01/29 18:04:11 ET]
Table 'Asterion' 6-max Seat #4 is the button
Seat 1: XneferX ($100 in chips) is sitting out
Seat 2: Nazareno1999 ($103.61 in chips) 
Seat 3: IREQO ($70.77 in chips) 
Seat 4: PostoronnimV ($100 in chips) 
Seat 5: Valon0309 ($34.84 in chips) 
Seat 6: easy_sarcasm ($118.37 in chips) 
Valon0309: posts small blind $0.50
easy_sarcasm: posts big blind $1
XneferX: sits out 
*** HOLE CARDS ***
Nazareno1999: folds 
IREQO: folds 
PostoronnimV: raises $1.50 to $2.50
Valon0309: raises $2.50 to $5
easy_sarcasm: folds 
PostoronnimV: calls $2.50
*** FLOP *** [4d 7c 2h]
Valon0309: checks 
PostoronnimV: checks 
*** TURN *** [4d 7c 2h] [4s]
Valon0309: bets $4
PostoronnimV: calls $4
*** RIVER *** [4d 7c 2h 4s] [Ac]
Valon0309: checks 
PostoronnimV: checks 
*** SHOW DOWN ***
Valon0309: shows [Tc Ts] (two pair, Tens and Fours)
PostoronnimV: mucks hand 
Valon0309 collected $17.81 from pot
*** SUMMARY ***
Total pot $19 | Rake $1.19 
Board [4d 7c 2h 4s Ac]
Seat 1: XneferX
Seat 2: Nazareno1999 folded before Flop (didn't bet)
Seat 3: IREQO folded before Flop (didn't bet)
Seat 4: PostoronnimV (button) mucked
Seat 5: Valon0309 (small blind) showed [Tc Ts] and won ($17.81) with two pair, Tens and Fours
Seat 6: easy_sarcasm (big blind) folded before Flop



PokerStars Hand #254614319720:  Hold'em No Limit ($0.50/$1.00 USD) - 2025/01/29 23:04:53 WET [2025/01/29 18:04:53 ET]
Table 'Asterion' 6-max Seat #5 is the button
Seat 1: XneferX ($100 in chips) 
Seat 2: Nazareno1999 ($103.61 in chips) 
Seat 3: IREQO ($70.77 in chips) 
Seat 4: PostoronnimV ($100 in chips) 
Seat 5: Valon0309 ($43.65 in chips) 
Seat 6: easy_sarcasm ($117.37 in chips) 
easy_sarcasm: posts small blind $0.50
XneferX: posts big blind $1
*** HOLE CARDS ***
Nazareno1999: folds 
IREQO: raises $1.50 to $2.50
PostoronnimV: folds 
Valon0309: calls $2.50
easy_sarcasm: folds 
XneferX: folds 
*** FLOP *** [4d Qh 6c]
IREQO: bets $3.09
Valon0309: calls $3.09
*** TURN *** [4d Qh 6c] [Td]
IREQO: bets $8
Valon0309: folds 
Uncalled bet ($8) returned to IREQO
IREQO collected $12.05 from pot
IREQO: doesn't show hand 
*** SUMMARY ***
Total pot $12.68 | Rake $0.63 
Board [4d Qh 6c Td]
Seat 1: XneferX (big blind) folded before Flop
Seat 2: Nazareno1999 folded before Flop (didn't bet)
Seat 3: IREQO collected ($12.05)
Seat 4: PostoronnimV folded before Flop (didn't bet)
Seat 5: Valon0309 (button) folded on the Turn
Seat 6: easy_sarcasm (small blind) folded before Flop



PokerStars Hand #254614344123:  Hold'em No Limit ($0.50/$1.00 USD) - 2025/01/29 23:06:26 WET [2025/01/29 18:06:26 ET]
Table 'Asterion' 6-max Seat #6 is the button
Seat 1: XneferX ($100 in chips) 
Seat 2: Nazareno1999 ($103.61 in chips) 
Seat 3: IREQO ($77.23 in chips) 
Seat 4: PostoronnimV ($100 in chips) 
Seat 5: Valon0309 ($38.06 in chips) 
Seat 6: easy_sarcasm ($116.87 in chips) 
XneferX: posts small blind $0.50
Nazareno1999: posts big blind $1
*** HOLE CARDS ***
IREQO has timed out
IREQO: folds 
PostoronnimV: folds 
Valon0309: calls $1
easy_sarcasm: folds 
XneferX: folds 
Nazareno1999: checks 
*** FLOP *** [7d Ac Qs]
Nazareno1999: bets $1.19
Valon0309: calls $1.19
*** TURN *** [7d Ac Qs] [7h]
Nazareno1999: bets $5
Valon0309: folds 
Uncalled bet ($5) returned to Nazareno1999
Nazareno1999 collected $4.64 from pot
Nazareno1999: doesn't show hand 
*** SUMMARY ***
Total pot $4.88 | Rake $0.24 
Board [7d Ac Qs 7h]
Seat 1: XneferX (small blind) folded before Flop
Seat 2: Nazareno1999 (big blind) collected ($4.64)
Seat 3: IREQO folded before Flop (didn't bet)
Seat 4: PostoronnimV folded before Flop (didn't bet)
Seat 5: Valon0309 folded on the Turn
Seat 6: easy_sarcasm (button) folded before Flop (didn't bet)



PokerStars Hand #254614354104:  Hold'em No Limit ($0.50/$1.00 USD) - 2025/01/29 23:07:04 WET [2025/01/29 18:07:04 ET]
Table 'Asterion' 6-max Seat #1 is the button
Seat 1: XneferX ($100 in chips) 
Seat 2: Nazareno1999 ($106.06 in chips) 
Seat 3: IREQO ($77.23 in chips) 
Seat 4: PostoronnimV ($100 in chips) 
Seat 5: Valon0309 ($35.87 in chips) 
Seat 6: easy_sarcasm ($116.87 in chips) 
Nazareno1999: posts small blind $0.50
IREQO: posts big blind $1
*** HOLE CARDS ***
PostoronnimV: raises $1.50 to $2.50
Valon0309: folds 
easy_sarcasm: folds 
XneferX: folds 
Nazareno1999: folds 
IREQO: folds 
Uncalled bet ($1.50) returned to PostoronnimV
PostoronnimV collected $2.50 from pot
PostoronnimV: doesn't show hand 
*** SUMMARY ***
Total pot $2.50 | Rake $0 
Seat 1: XneferX (button) folded before Flop (didn't bet)
Seat 2: Nazareno1999 (small blind) folded before Flop
Seat 3: IREQO (big blind) folded before Flop
Seat 4: PostoronnimV collected ($2.50)
Seat 5: Valon0309 folded before Flop (didn't bet)
Seat 6: easy_sarcasm folded before Flop (didn't bet)



PokerStars Hand #254614359411:  Hold'em No Limit ($0.50/$1.00 USD) - 2025/01/29 23:07:23 WET [2025/01/29 18:07:23 ET]
Table 'Asterion' 6-max Seat #2 is the button
Seat 1: XneferX ($100 in chips) 
Seat 2: Nazareno1999 ($105.56 in chips) 
Seat 3: IREQO ($76.23 in chips) 
Seat 4: PostoronnimV ($101.50 in chips) 
Seat 5: Valon0309 ($35.87 in chips) 
Seat 6: easy_sarcasm ($116.87 in chips) 
IREQO: posts small blind $0.50
PostoronnimV: posts big blind $1
*** HOLE CARDS ***
Valon0309: raises $4 to $5
easy_sarcasm: raises $9.50 to $14.50
XneferX: folds 
Nazareno1999: folds 
IREQO: folds 
PostoronnimV: folds 
Valon0309: calls $9.50
*** FLOP *** [Td 2s 9s]
Valon0309: checks 
easy_sarcasm: bets $28.98
Valon0309: calls $21.37 and is all-in
Uncalled bet ($7.61) returned to easy_sarcasm
*** TURN *** [Td 2s 9s] [8c]
*** RIVER *** [Td 2s 9s 8c] [8h]
*** SHOW DOWN ***
Valon0309: shows [Jc Jh] (two pair, Jacks and Eights)
easy_sarcasm: shows [Kh Ad] (a pair of Eights)
Valon0309 cashed out the hand for $53.02 | Cash Out Fee $1.08
*** SUMMARY ***
Total pot $73.24 | Rake $2.50 
Board [Td 2s 9s 8c 8h]
Seat 1: XneferX folded before Flop (didn't bet)
Seat 2: Nazareno1999 (button) folded before Flop (didn't bet)
Seat 3: IREQO (small blind) folded before Flop
Seat 4: PostoronnimV (big blind) folded before Flop
Seat 5: Valon0309 showed [Jc Jh] and won ($70.74) with two pair, Jacks and Eights (pot not awarded as player cashed out)
Seat 6: easy_sarcasm showed [Kh Ad] and lost with a pair of Eights



PokerStars Hand #254614372589:  Hold'em No Limit ($0.50/$1.00 USD) - 2025/01/29 23:08:13 WET [2025/01/29 18:08:13 ET]
Table 'Asterion' 6-max Seat #3 is the button
Seat 1: XneferX ($100 in chips) 
Seat 2: Nazareno1999 ($105.56 in chips) 
Seat 3: IREQO ($75.73 in chips) 
Seat 4: PostoronnimV ($100.50 in chips) 
Seat 5: Valon0309 ($53.02 in chips) 
Seat 6: easy_sarcasm ($100 in chips) 
PostoronnimV: posts small blind $0.50
Valon0309: posts big blind $1
*** HOLE CARDS ***
easy_sarcasm: folds 
XneferX: raises $1.10 to $2.10
Nazareno1999: raises $4.90 to $7
IREQO: folds 
PostoronnimV: folds 
Valon0309: folds 
XneferX: folds 
Uncalled bet ($4.90) returned to Nazareno1999
Nazareno1999 collected $5.70 from pot
Nazareno1999: doesn't show hand 
*** SUMMARY ***
Total pot $5.70 | Rake $0 
Seat 1: XneferX folded before Flop
Seat 2: Nazareno1999 collected ($5.70)
Seat 3: IREQO (button) folded before Flop (didn't bet)
Seat 4: PostoronnimV (small blind) folded before Flop
Seat 5: Valon0309 (big blind) folded before Flop
Seat 6: easy_sarcasm folded before Flop (didn't bet)



PokerStars Hand #254614548848:  Hold'em No Limit ($0.50/$1.00 USD) - 2025/01/29 23:19:42 WET [2025/01/29 18:19:42 ET]
Table 'Asterion' 6-max Seat #3 is the button
Seat 5: Valon0309 ($59.60 in chips) is sitting out
Seat 1: XneferX ($102.65 in chips) 
Seat 2: Nazareno1999 ($103.46 in chips) 
Seat 3: IREQO ($68.67 in chips) 
Seat 4: PostoronnimV ($100 in chips) 
Seat 6: easy_sarcasm ($103.37 in chips) 
PostoronnimV: posts small blind $0.50
easy_sarcasm: posts big blind $1
*** HOLE CARDS ***
XneferX: folds 
Nazareno1999: raises $1.20 to $2.20
IREQO: folds 
PostoronnimV: folds 
easy_sarcasm: calls $1.20
*** FLOP *** [7s Js 4d]
easy_sarcasm: checks 
Nazareno1999: bets $1.54
easy_sarcasm: calls $1.54
*** TURN *** [7s Js 4d] [7c]
easy_sarcasm: checks 
XneferX leaves the table
Nazareno1999: checks 
*** RIVER *** [7s Js 4d 7c] [9s]
easy_sarcasm: checks 
Nazareno1999: checks 
*** SHOW DOWN ***
easy_sarcasm: shows [Jh Qh] (two pair, Jacks and Sevens)
Nazareno1999: mucks hand 
easy_sarcasm collected $7.58 from pot
*** SUMMARY ***
Total pot $7.98 | Rake $0.40 
Board [7s Js 4d 7c 9s]
Seat 5: Valon0309
Seat 1: XneferX folded before Flop (didn't bet)
Seat 2: Nazareno1999 mucked
Seat 3: IREQO (button) folded before Flop (didn't bet)
Seat 4: PostoronnimV (small blind) folded before Flop
Seat 6: easy_sarcasm (big blind) showed [Jh Qh] and won ($7.58) with two pair, Jacks and Sevens



PokerStars Hand #254614558784:  Hold'em No Limit ($0.50/$1.00 USD) - 2025/01/29 23:20:21 WET [2025/01/29 18:20:21 ET]
Table 'Asterion' 6-max Seat #4 is the button
Seat 5: Valon0309 ($59.60 in chips) is sitting out
Seat 2: Nazareno1999 ($100 in chips) 
Seat 3: IREQO ($68.67 in chips) 
Seat 4: PostoronnimV ($100 in chips) 
Seat 6: easy_sarcasm ($107.21 in chips) 
easy_sarcasm: posts small blind $0.50
Nazareno1999: posts big blind $1
*** HOLE CARDS ***
IREQO: folds 
PostoronnimV: folds 
easy_sarcasm: folds 
Uncalled bet ($0.50) returned to Nazareno1999
Nazareno1999 collected $1 from pot
Nazareno1999: doesn't show hand 
*** SUMMARY ***
Total pot $1 | Rake $0 
Seat 5: Valon0309
Seat 2: Nazareno1999 (big blind) collected ($1)
Seat 3: IREQO folded before Flop (didn't bet)
Seat 4: PostoronnimV (button) folded before Flop (didn't bet)
Seat 6: easy_sarcasm (small blind) folded before Flop



PokerStars Hand #254614563127:  Hold'em No Limit ($0.50/$1.00 USD) - 2025/01/29 23:20:39 WET [2025/01/29 18:20:39 ET]
Table 'Asterion' 6-max Seat #6 is the button
Seat 5: Valon0309 ($59.60 in chips) is sitting out
Seat 2: Nazareno1999 ($100.50 in chips) 
Seat 3: IREQO ($68.67 in chips) 
Seat 4: PostoronnimV ($100 in chips) 
Seat 6: easy_sarcasm ($106.71 in chips) 
Nazareno1999: posts small blind $0.50
IREQO: posts big blind $1
*** HOLE CARDS ***
PostoronnimV: folds 
easy_sarcasm: raises $1.20 to $2.20
Nazareno1999: folds 
IREQO: folds 
Uncalled bet ($1.20) returned to easy_sarcasm
easy_sarcasm collected $2.50 from pot
*** SUMMARY ***
Total pot $2.50 | Rake $0 
Seat 5: Valon0309
Seat 2: Nazareno1999 (small blind) folded before Flop
Seat 3: IREQO (big blind) folded before Flop
Seat 4: PostoronnimV folded before Flop (didn't bet)
Seat 6: easy_sarcasm (button) collected ($2.50)



PokerStars Hand #254614567469:  Hold'em No Limit ($0.50/$1.00 USD) - 2025/01/29 23:20:55 WET [2025/01/29 18:20:55 ET]
Table 'Asterion' 6-max Seat #2 is the button
Seat 5: Valon0309 ($59.60 in chips) is sitting out
Seat 2: Nazareno1999 ($100 in chips) 
Seat 3: IREQO ($67.67 in chips) 
Seat 4: PostoronnimV ($100 in chips) 
Seat 6: easy_sarcasm ($108.21 in chips) 
IREQO: posts small blind $0.50
PostoronnimV: posts big blind $1
*** HOLE CARDS ***
easy_sarcasm: folds 
Nazareno1999: raises $1.20 to $2.20
IREQO: folds 
CEPTT joins the table at seat #1 
PostoronnimV: raises $9.20 to $11.40
Nazareno1999: calls $9.20
*** FLOP *** [Ts 4c 5h]
PostoronnimV: bets $22.08
Nazareno1999: raises $66.52 to $88.60 and is all-in
PostoronnimV: folds 
Uncalled bet ($66.52) returned to Nazareno1999
Nazareno1999 collected $66.46 from pot
Nazareno1999: doesn't show hand 
*** SUMMARY ***
Total pot $67.46 | Rake $1 
Board [Ts 4c 5h]
Seat 5: Valon0309
Seat 2: Nazareno1999 (button) collected ($66.46)
Seat 3: IREQO (small blind) folded before Flop
Seat 4: PostoronnimV (big blind) folded on the Flop
Seat 6: easy_sarcasm folded before Flop (didn't bet)



PokerStars Hand #254614582877:  Hold'em No Limit ($0.50/$1.00 USD) - 2025/01/29 23:21:56 WET [2025/01/29 18:21:56 ET]
Table 'Asterion' 6-max Seat #3 is the button
Seat 1: CEPTT ($100 in chips) is sitting out
Seat 5: Valon0309 ($59.60 in chips) is sitting out
Seat 2: Nazareno1999 ($132.98 in chips) 
Seat 3: IREQO ($67.17 in chips) 
Seat 4: PostoronnimV ($100 in chips) 
Seat 6: easy_sarcasm ($108.21 in chips) 
PostoronnimV: posts small blind $0.50
easy_sarcasm: posts big blind $1
CEPTT: sits out 
*** HOLE CARDS ***
Nazareno1999: folds 
IREQO: raises $1.50 to $2.50
PostoronnimV: folds 
easy_sarcasm: folds 
Uncalled bet ($1.50) returned to IREQO
IREQO collected $2.50 from pot
IREQO: doesn't show hand 
*** SUMMARY ***
Total pot $2.50 | Rake $0 
Seat 1: CEPTT
Seat 5: Valon0309
Seat 2: Nazareno1999 folded before Flop (didn't bet)
Seat 3: IREQO (button) collected ($2.50)
Seat 4: PostoronnimV (small blind) folded before Flop
Seat 6: easy_sarcasm (big blind) folded before Flop



PokerStars Hand #254614585995:  Hold'em No Limit ($0.50/$1.00 USD) - 2025/01/29 23:22:08 WET [2025/01/29 18:22:08 ET]
Table 'Asterion' 6-max Seat #4 is the button
Seat 5: Valon0309 ($59.60 in chips) is sitting out
Seat 1: CEPTT ($100 in chips) 
Seat 2: Nazareno1999 ($132.98 in chips) 
Seat 3: IREQO ($68.67 in chips) 
Seat 4: PostoronnimV ($100 in chips) 
Seat 6: easy_sarcasm ($107.21 in chips) 
easy_sarcasm: posts small blind $0.50
CEPTT: posts big blind $1
*** HOLE CARDS ***
Nazareno1999: folds 
IREQO: folds 
PostoronnimV: folds 
easy_sarcasm: raises $2 to $3
CEPTT: raises $6 to $9
easy_sarcasm: raises $15.30 to $24.30
CEPTT: folds 
Uncalled bet ($15.30) returned to easy_sarcasm
easy_sarcasm collected $18 from pot
*** SUMMARY ***
Total pot $18 | Rake $0 
Seat 5: Valon0309
Seat 1: CEPTT (big blind) folded before Flop
Seat 2: Nazareno1999 folded before Flop (didn't bet)
Seat 3: IREQO folded before Flop (didn't bet)
Seat 4: PostoronnimV (button) folded before Flop (didn't bet)
Seat 6: easy_sarcasm (small blind) collected ($18)



PokerStars Hand #254614597986:  Hold'em No Limit ($0.50/$1.00 USD) - 2025/01/29 23:22:56 WET [2025/01/29 18:22:56 ET]
Table 'Asterion' 6-max Seat #6 is the button
Seat 5: Valon0309 ($59.60 in chips) is sitting out
Seat 1: CEPTT ($100 in chips) 
Seat 2: Nazareno1999 ($132.98 in chips) 
Seat 3: IREQO ($68.67 in chips) 
Seat 4: PostoronnimV ($100 in chips) 
Seat 6: easy_sarcasm ($116.21 in chips) 
CEPTT: posts small blind $0.50
Nazareno1999: posts big blind $1
*** HOLE CARDS ***
IREQO: folds 
PostoronnimV: folds 
easy_sarcasm: folds 
PostoronnimV leaves the table
CEPTT: folds 
Uncalled bet ($0.50) returned to Nazareno1999
Nazareno1999 collected $1 from pot
Nazareno1999: doesn't show hand 
*** SUMMARY ***
Total pot $1 | Rake $0 
Seat 5: Valon0309
Seat 1: CEPTT (small blind) folded before Flop
Seat 2: Nazareno1999 (big blind) collected ($1)
Seat 3: IREQO folded before Flop (didn't bet)
Seat 4: PostoronnimV folded before Flop (didn't bet)
Seat 6: easy_sarcasm (button) folded before Flop (didn't bet)



PokerStars Hand #254614602780:  Hold'em No Limit ($0.50/$1.00 USD) - 2025/01/29 23:23:16 WET [2025/01/29 18:23:16 ET]
Table 'Asterion' 6-max Seat #1 is the button
Seat 3: IREQO ($68.67 in chips) is sitting out
Seat 5: Valon0309 ($59.60 in chips) is sitting out
Seat 1: CEPTT ($100 in chips) 
Seat 2: Nazareno1999 ($133.48 in chips) 
Seat 6: easy_sarcasm ($116.21 in chips) 
Nazareno1999: posts small blind $0.50
IREQO: is sitting out 
easy_sarcasm: posts big blind $1
*** HOLE CARDS ***
CEPTT: folds 
Nazareno1999: raises $1.50 to $2.50
easy_sarcasm: calls $1.50
*** FLOP *** [Tc Kh 6s]
CEPTT leaves the table
Nazareno1999: checks 
easy_sarcasm: checks 
*** TURN *** [Tc Kh 6s] [2s]
Nazareno1999: bets $1.57
easy_sarcasm: folds 
Uncalled bet ($1.57) returned to Nazareno1999
Nazareno1999 collected $4.75 from pot
Nazareno1999: doesn't show hand 
*** SUMMARY ***
Total pot $5 | Rake $0.25 
Board [Tc Kh 6s 2s]
Seat 3: IREQO
Seat 5: Valon0309
Seat 1: CEPTT (button) folded before Flop (didn't bet)
Seat 2: Nazareno1999 (small blind) collected ($4.75)
Seat 6: easy_sarcasm (big blind) folded on the Turn



PokerStars Hand #254614610175:  Hold'em No Limit ($0.50/$1.00 USD) - 2025/01/29 23:23:45 WET [2025/01/29 18:23:45 ET]
Table 'Asterion' 6-max Seat #6 is the button
Seat 3: IREQO ($68.67 in chips) is sitting out
Seat 5: Valon0309 ($59.60 in chips) is sitting out
Seat 2: Nazareno1999 ($135.73 in chips) 
Seat 6: easy_sarcasm ($113.71 in chips) 
easy_sarcasm: posts small blind $0.50
Nazareno1999: posts big blind $1
*** HOLE CARDS ***
easy_sarcasm: folds 
Uncalled bet ($0.50) returned to Nazareno1999
Nazareno1999 collected $1 from pot
Valon0309 leaves the table
*** SUMMARY ***
Total pot $1 | Rake $0 
Seat 3: IREQO
Seat 5: Valon0309
Seat 2: Nazareno1999 (big blind) collected ($1)
Seat 6: easy_sarcasm (button) (small blind) folded before Flop



PokerStars Hand #254614612522:  Hold'em No Limit ($0.50/$1.00 USD) - 2025/01/29 23:23:54 WET [2025/01/29 18:23:54 ET]
Table 'Asterion' 6-max Seat #2 is the button
Seat 3: IREQO ($68.67 in chips) is sitting out
Seat 2: Nazareno1999 ($136.23 in chips) 
Seat 6: easy_sarcasm ($113.21 in chips) 
Nazareno1999: posts small blind $0.50
easy_sarcasm: posts big blind $1
*** HOLE CARDS ***
Nazareno1999: raises $1.20 to $2.20
easy_sarcasm: folds 
Uncalled bet ($1.20) returned to Nazareno1999
Nazareno1999 collected $2 from pot
Nazareno1999: doesn't show hand 
*** SUMMARY ***
Total pot $2 | Rake $0 
Seat 3: IREQO
Seat 2: Nazareno1999 (button) (small blind) collected ($2)
Seat 6: easy_sarcasm (big blind) folded before Flop



