PokerStars Hand #254608047670:  Hold'em No Limit ($0.50/$1.00 USD) - 2025/01/29 16:35:02 WET [2025/01/29 11:35:02 ET]
Table 'Walbeck' 6-max Seat #1 is the button
Seat 1: poker_soul11 ($102.50 in chips) 
Seat 2: whlzor ($100 in chips) 
Seat 3: Wren_poker ($85.69 in chips) 
Seat 4: magzi777 ($100 in chips) 
Seat 5: rao999 ($112.59 in chips) 
Seat 6: CichiChanMarian ($101 in chips) 
whlzor: posts small blind $0.50
Wren_poker: posts big blind $1
*** HOLE CARDS ***
magzi777: folds 
rao999: folds 
CichiChanMarian: raises $1.50 to $2.50
poker_soul11: raises $5 to $7.50
whlzor: folds 
Wren_poker: folds 
CichiChanMarian: folds 
Uncalled bet ($5) returned to poker_soul11
poker_soul11 collected $6.50 from pot
poker_soul11: doesn't show hand 
*** SUMMARY ***
Total pot $6.50 | Rake $0 
Seat 1: poker_soul11 (button) collected ($6.50)
Seat 2: whlzor (small blind) folded before Flop
Seat 3: Wren_poker (big blind) folded before Flop
Seat 4: magzi777 folded before Flop (didn't bet)
Seat 5: rao999 folded before Flop (didn't bet)
Seat 6: CichiChanMarian folded before Flop



PokerStars Hand #254608053074:  Hold'em No Limit ($0.50/$1.00 USD) - 2025/01/29 16:35:27 WET [2025/01/29 11:35:27 ET]
Table 'Walbeck' 6-max Seat #2 is the button
Seat 1: poker_soul11 ($106.50 in chips) 
Seat 2: whlzor ($100 in chips) 
Seat 3: Wren_poker ($84.69 in chips) 
Seat 4: magzi777 ($100 in chips) 
Seat 5: rao999 ($112.59 in chips) 
Seat 6: CichiChanMarian ($100 in chips) 
Wren_poker: posts small blind $0.50
magzi777: posts big blind $1
*** HOLE CARDS ***
rao999: folds 
CichiChanMarian: folds 
poker_soul11: folds 
whlzor: raises $2 to $3
Wren_poker: folds 
magzi777: folds 
Uncalled bet ($2) returned to whlzor
whlzor collected $2.50 from pot
whlzor: doesn't show hand 
*** SUMMARY ***
Total pot $2.50 | Rake $0 
Seat 1: poker_soul11 folded before Flop (didn't bet)
Seat 2: whlzor (button) collected ($2.50)
Seat 3: Wren_poker (small blind) folded before Flop
Seat 4: magzi777 (big blind) folded before Flop
Seat 5: rao999 folded before Flop (didn't bet)
Seat 6: CichiChanMarian folded before Flop (didn't bet)



PokerStars Hand #254608056220:  Hold'em No Limit ($0.50/$1.00 USD) - 2025/01/29 16:35:41 WET [2025/01/29 11:35:41 ET]
Table 'Walbeck' 6-max Seat #3 is the button
Seat 1: poker_soul11 ($106.50 in chips) 
Seat 2: whlzor ($101.50 in chips) 
Seat 3: Wren_poker ($84.19 in chips) 
Seat 4: magzi777 ($100 in chips) 
Seat 5: rao999 ($112.59 in chips) 
Seat 6: CichiChanMarian ($100 in chips) 
magzi777: posts small blind $0.50
rao999: posts big blind $1
*** HOLE CARDS ***
CichiChanMarian: folds 
poker_soul11: folds 
whlzor: folds 
Wren_poker: folds 
magzi777: folds 
Uncalled bet ($0.50) returned to rao999
rao999 collected $1 from pot
rao999: doesn't show hand 
*** SUMMARY ***
Total pot $1 | Rake $0 
Seat 1: poker_soul11 folded before Flop (didn't bet)
Seat 2: whlzor folded before Flop (didn't bet)
Seat 3: Wren_poker (button) folded before Flop (didn't bet)
Seat 4: magzi777 (small blind) folded before Flop
Seat 5: rao999 (big blind) collected ($1)
Seat 6: CichiChanMarian folded before Flop (didn't bet)



PokerStars Hand #254608058634:  Hold'em No Limit ($0.50/$1.00 USD) - 2025/01/29 16:35:52 WET [2025/01/29 11:35:52 ET]
Table 'Walbeck' 6-max Seat #4 is the button
Seat 1: poker_soul11 ($106.50 in chips) 
Seat 2: whlzor ($101.50 in chips) 
Seat 3: Wren_poker ($84.19 in chips) 
Seat 4: magzi777 ($100 in chips) 
Seat 5: rao999 ($113.09 in chips) 
Seat 6: CichiChanMarian ($100 in chips) 
rao999: posts small blind $0.50
CichiChanMarian: posts big blind $1
*** HOLE CARDS ***
poker_soul11: folds 
whlzor: folds 
Wren_poker: folds 
magzi777: folds 
rao999: folds 
Uncalled bet ($0.50) returned to CichiChanMarian
CichiChanMarian collected $1 from pot
CichiChanMarian: doesn't show hand 
*** SUMMARY ***
Total pot $1 | Rake $0 
Seat 1: poker_soul11 folded before Flop (didn't bet)
Seat 2: whlzor folded before Flop (didn't bet)
Seat 3: Wren_poker folded before Flop (didn't bet)
Seat 4: magzi777 (button) folded before Flop (didn't bet)
Seat 5: rao999 (small blind) folded before Flop
Seat 6: CichiChanMarian (big blind) collected ($1)



PokerStars Hand #254608062668:  Hold'em No Limit ($0.50/$1.00 USD) - 2025/01/29 16:36:09 WET [2025/01/29 11:36:09 ET]
Table 'Walbeck' 6-max Seat #5 is the button
Seat 1: poker_soul11 ($106.50 in chips) 
Seat 2: whlzor ($101.50 in chips) 
Seat 3: Wren_poker ($84.19 in chips) 
Seat 4: magzi777 ($100 in chips) 
Seat 5: rao999 ($112.59 in chips) 
Seat 6: CichiChanMarian ($100.50 in chips) 
CichiChanMarian: posts small blind $0.50
poker_soul11: posts big blind $1
*** HOLE CARDS ***
whlzor: folds 
Wren_poker: raises $1 to $2
magzi777: folds 
rao999: folds 
CichiChanMarian: folds 
poker_soul11: folds 
Uncalled bet ($1) returned to Wren_poker
Wren_poker collected $2.50 from pot
*** SUMMARY ***
Total pot $2.50 | Rake $0 
Seat 1: poker_soul11 (big blind) folded before Flop
Seat 2: whlzor folded before Flop (didn't bet)
Seat 3: Wren_poker collected ($2.50)
Seat 4: magzi777 folded before Flop (didn't bet)
Seat 5: rao999 (button) folded before Flop (didn't bet)
Seat 6: CichiChanMarian (small blind) folded before Flop



PokerStars Hand #254608066322:  Hold'em No Limit ($0.50/$1.00 USD) - 2025/01/29 16:36:26 WET [2025/01/29 11:36:26 ET]
Table 'Walbeck' 6-max Seat #6 is the button
Seat 1: poker_soul11 ($105.50 in chips) 
Seat 2: whlzor ($101.50 in chips) 
Seat 3: Wren_poker ($85.69 in chips) 
Seat 4: magzi777 ($100 in chips) 
Seat 5: rao999 ($112.59 in chips) 
Seat 6: CichiChanMarian ($100 in chips) 
poker_soul11: posts small blind $0.50
whlzor: posts big blind $1
*** HOLE CARDS ***
Wren_poker: raises $2 to $3
magzi777: folds 
rao999: folds 
CichiChanMarian: folds 
poker_soul11: folds 
whlzor: raises $9 to $12
Wren_poker: folds 
Uncalled bet ($9) returned to whlzor
whlzor collected $6.50 from pot
whlzor: doesn't show hand 
*** SUMMARY ***
Total pot $6.50 | Rake $0 
Seat 1: poker_soul11 (small blind) folded before Flop
Seat 2: whlzor (big blind) collected ($6.50)
Seat 3: Wren_poker folded before Flop
Seat 4: magzi777 folded before Flop (didn't bet)
Seat 5: rao999 folded before Flop (didn't bet)
Seat 6: CichiChanMarian (button) folded before Flop (didn't bet)



PokerStars Hand #254608071640:  Hold'em No Limit ($0.50/$1.00 USD) - 2025/01/29 16:36:49 WET [2025/01/29 11:36:49 ET]
Table 'Walbeck' 6-max Seat #1 is the button
Seat 1: poker_soul11 ($105 in chips) 
Seat 2: whlzor ($105 in chips) 
Seat 3: Wren_poker ($82.69 in chips) 
Seat 4: magzi777 ($100 in chips) 
Seat 5: rao999 ($112.59 in chips) 
Seat 6: CichiChanMarian ($100 in chips) 
whlzor: posts small blind $0.50
Wren_poker: posts big blind $1
*** HOLE CARDS ***
magzi777: folds 
rao999: raises $1.50 to $2.50
CichiChanMarian: folds 
poker_soul11: folds 
whlzor: folds 
Wren_poker: raises $1.50 to $4
rao999: calls $1.50
*** FLOP *** [3c 4s 4d]
Wren_poker: bets $8.08
rao999: folds 
Uncalled bet ($8.08) returned to Wren_poker
Wren_poker collected $8.08 from pot
*** SUMMARY ***
Total pot $8.50 | Rake $0.42 
Board [3c 4s 4d]
Seat 1: poker_soul11 (button) folded before Flop (didn't bet)
Seat 2: whlzor (small blind) folded before Flop
Seat 3: Wren_poker (big blind) collected ($8.08)
Seat 4: magzi777 folded before Flop (didn't bet)
Seat 5: rao999 folded on the Flop
Seat 6: CichiChanMarian folded before Flop (didn't bet)



PokerStars Hand #254608077653:  Hold'em No Limit ($0.50/$1.00 USD) - 2025/01/29 16:37:16 WET [2025/01/29 11:37:16 ET]
Table 'Walbeck' 6-max Seat #2 is the button
Seat 1: poker_soul11 ($105 in chips) 
Seat 2: whlzor ($104.50 in chips) 
Seat 3: Wren_poker ($86.77 in chips) 
Seat 4: magzi777 ($100 in chips) 
Seat 5: rao999 ($108.59 in chips) 
Seat 6: CichiChanMarian ($100 in chips) 
Wren_poker: posts small blind $0.50
magzi777: posts big blind $1
*** HOLE CARDS ***
rao999: folds 
CichiChanMarian: folds 
poker_soul11: folds 
whlzor: folds 
Wren_poker: folds 
Uncalled bet ($0.50) returned to magzi777
magzi777 collected $1 from pot
*** SUMMARY ***
Total pot $1 | Rake $0 
Seat 1: poker_soul11 folded before Flop (didn't bet)
Seat 2: whlzor (button) folded before Flop (didn't bet)
Seat 3: Wren_poker (small blind) folded before Flop
Seat 4: magzi777 (big blind) collected ($1)
Seat 5: rao999 folded before Flop (didn't bet)
Seat 6: CichiChanMarian folded before Flop (didn't bet)



PokerStars Hand #254608080153:  Hold'em No Limit ($0.50/$1.00 USD) - 2025/01/29 16:37:26 WET [2025/01/29 11:37:26 ET]
Table 'Walbeck' 6-max Seat #3 is the button
Seat 1: poker_soul11 ($105 in chips) 
Seat 2: whlzor ($104.50 in chips) 
Seat 3: Wren_poker ($86.27 in chips) 
Seat 4: magzi777 ($100.50 in chips) 
Seat 5: rao999 ($108.59 in chips) 
Seat 6: CichiChanMarian ($100 in chips) 
magzi777: posts small blind $0.50
rao999: posts big blind $1
*** HOLE CARDS ***
CichiChanMarian: folds 
poker_soul11: folds 
whlzor: folds 
Wren_poker: folds 
magzi777: raises $2 to $3
rao999: folds 
Uncalled bet ($2) returned to magzi777
magzi777 collected $2 from pot
*** SUMMARY ***
Total pot $2 | Rake $0 
Seat 1: poker_soul11 folded before Flop (didn't bet)
Seat 2: whlzor folded before Flop (didn't bet)
Seat 3: Wren_poker (button) folded before Flop (didn't bet)
Seat 4: magzi777 (small blind) collected ($2)
Seat 5: rao999 (big blind) folded before Flop
Seat 6: CichiChanMarian folded before Flop (didn't bet)



PokerStars Hand #254608083974:  Hold'em No Limit ($0.50/$1.00 USD) - 2025/01/29 16:37:43 WET [2025/01/29 11:37:43 ET]
Table 'Walbeck' 6-max Seat #4 is the button
Seat 1: poker_soul11 ($105 in chips) 
Seat 2: whlzor ($104.50 in chips) 
Seat 3: Wren_poker ($86.27 in chips) 
Seat 4: magzi777 ($101.50 in chips) 
Seat 5: rao999 ($107.59 in chips) 
Seat 6: CichiChanMarian ($100 in chips) 
rao999: posts small blind $0.50
CichiChanMarian: posts big blind $1
*** HOLE CARDS ***
poker_soul11: raises $1.20 to $2.20
whlzor: folds 
Wren_poker: folds 
magzi777: folds 
rao999: folds 
CichiChanMarian: folds 
Uncalled bet ($1.20) returned to poker_soul11
poker_soul11 collected $2.50 from pot
poker_soul11: doesn't show hand 
*** SUMMARY ***
Total pot $2.50 | Rake $0 
Seat 1: poker_soul11 collected ($2.50)
Seat 2: whlzor folded before Flop (didn't bet)
Seat 3: Wren_poker folded before Flop (didn't bet)
Seat 4: magzi777 (button) folded before Flop (didn't bet)
Seat 5: rao999 (small blind) folded before Flop
Seat 6: CichiChanMarian (big blind) folded before Flop



PokerStars Hand #254608087947:  Hold'em No Limit ($0.50/$1.00 USD) - 2025/01/29 16:38:01 WET [2025/01/29 11:38:01 ET]
Table 'Walbeck' 6-max Seat #5 is the button
Seat 1: poker_soul11 ($106.50 in chips) 
Seat 2: whlzor ($104.50 in chips) 
Seat 3: Wren_poker ($86.27 in chips) 
Seat 4: magzi777 ($101.50 in chips) 
Seat 5: rao999 ($107.09 in chips) 
Seat 6: CichiChanMarian ($100 in chips) 
CichiChanMarian: posts small blind $0.50
poker_soul11: posts big blind $1
*** HOLE CARDS ***
whlzor: folds 
Wren_poker: folds 
magzi777: folds 
rao999: folds 
CichiChanMarian: raises $2 to $3
poker_soul11: folds 
Uncalled bet ($2) returned to CichiChanMarian
CichiChanMarian collected $2 from pot
CichiChanMarian: doesn't show hand 
*** SUMMARY ***
Total pot $2 | Rake $0 
Seat 1: poker_soul11 (big blind) folded before Flop
Seat 2: whlzor folded before Flop (didn't bet)
Seat 3: Wren_poker folded before Flop (didn't bet)
Seat 4: magzi777 folded before Flop (didn't bet)
Seat 5: rao999 (button) folded before Flop (didn't bet)
Seat 6: CichiChanMarian (small blind) collected ($2)



PokerStars Hand #254608090820:  Hold'em No Limit ($0.50/$1.00 USD) - 2025/01/29 16:38:13 WET [2025/01/29 11:38:13 ET]
Table 'Walbeck' 6-max Seat #6 is the button
Seat 1: poker_soul11 ($105.50 in chips) 
Seat 2: whlzor ($104.50 in chips) 
Seat 3: Wren_poker ($86.27 in chips) 
Seat 4: magzi777 ($101.50 in chips) 
Seat 5: rao999 ($107.09 in chips) 
Seat 6: CichiChanMarian ($101 in chips) 
poker_soul11: posts small blind $0.50
whlzor: posts big blind $1
*** HOLE CARDS ***
Wren_poker: folds 
magzi777: folds 
rao999: folds 
CichiChanMarian: folds 
poker_soul11: folds 
Uncalled bet ($0.50) returned to whlzor
whlzor collected $1 from pot
whlzor: doesn't show hand 
*** SUMMARY ***
Total pot $1 | Rake $0 
Seat 1: poker_soul11 (small blind) folded before Flop
Seat 2: whlzor (big blind) collected ($1)
Seat 3: Wren_poker folded before Flop (didn't bet)
Seat 4: magzi777 folded before Flop (didn't bet)
Seat 5: rao999 folded before Flop (didn't bet)
Seat 6: CichiChanMarian (button) folded before Flop (didn't bet)



PokerStars Hand #254608095854:  Hold'em No Limit ($0.50/$1.00 USD) - 2025/01/29 16:38:35 WET [2025/01/29 11:38:35 ET]
Table 'Walbeck' 6-max Seat #1 is the button
Seat 1: poker_soul11 ($105 in chips) 
Seat 2: whlzor ($105 in chips) 
Seat 3: Wren_poker ($86.27 in chips) 
Seat 4: magzi777 ($101.50 in chips) 
Seat 5: rao999 ($107.09 in chips) 
Seat 6: CichiChanMarian ($101 in chips) 
whlzor: posts small blind $0.50
Wren_poker: posts big blind $1
*** HOLE CARDS ***
magzi777: folds 
rao999: raises $1.50 to $2.50
CichiChanMarian: folds 
poker_soul11: folds 
whlzor: folds 
Wren_poker: folds 
Uncalled bet ($1.50) returned to rao999
rao999 collected $2.50 from pot
rao999: doesn't show hand 
*** SUMMARY ***
Total pot $2.50 | Rake $0 
Seat 1: poker_soul11 (button) folded before Flop (didn't bet)
Seat 2: whlzor (small blind) folded before Flop
Seat 3: Wren_poker (big blind) folded before Flop
Seat 4: magzi777 folded before Flop (didn't bet)
Seat 5: rao999 collected ($2.50)
Seat 6: CichiChanMarian folded before Flop (didn't bet)



PokerStars Hand #254608098997:  Hold'em No Limit ($0.50/$1.00 USD) - 2025/01/29 16:38:48 WET [2025/01/29 11:38:48 ET]
Table 'Walbeck' 6-max Seat #2 is the button
Seat 1: poker_soul11 ($105 in chips) 
Seat 2: whlzor ($104.50 in chips) 
Seat 3: Wren_poker ($85.27 in chips) 
Seat 4: magzi777 ($101.50 in chips) 
Seat 5: rao999 ($108.59 in chips) 
Seat 6: CichiChanMarian ($101 in chips) 
Wren_poker: posts small blind $0.50
magzi777: posts big blind $1
*** HOLE CARDS ***
rao999: folds 
CichiChanMarian: folds 
poker_soul11: folds 
whlzor: folds 
Wren_poker: calls $0.50
magzi777: checks 
*** FLOP *** [6c 8c 9c]
Wren_poker: bets $1
magzi777: folds 
Uncalled bet ($1) returned to Wren_poker
Wren_poker collected $1.90 from pot
*** SUMMARY ***
Total pot $2 | Rake $0.10 
Board [6c 8c 9c]
Seat 1: poker_soul11 folded before Flop (didn't bet)
Seat 2: whlzor (button) folded before Flop (didn't bet)
Seat 3: Wren_poker (small blind) collected ($1.90)
Seat 4: magzi777 (big blind) folded on the Flop
Seat 5: rao999 folded before Flop (didn't bet)
Seat 6: CichiChanMarian folded before Flop (didn't bet)



PokerStars Hand #254608103592:  Hold'em No Limit ($0.50/$1.00 USD) - 2025/01/29 16:39:09 WET [2025/01/29 11:39:09 ET]
Table 'Walbeck' 6-max Seat #3 is the button
Seat 1: poker_soul11 ($105 in chips) 
Seat 2: whlzor ($104.50 in chips) 
Seat 3: Wren_poker ($86.17 in chips) 
Seat 4: magzi777 ($100.50 in chips) 
Seat 5: rao999 ($108.59 in chips) 
Seat 6: CichiChanMarian ($101 in chips) 
magzi777: posts small blind $0.50
rao999: posts big blind $1
*** HOLE CARDS ***
CichiChanMarian: folds 
poker_soul11: folds 
whlzor: folds 
Wren_poker: calls $1
magzi777: folds 
rao999: checks 
*** FLOP *** [2h 3s 5c]
rao999: checks 
Wren_poker: bets $1
rao999: calls $1
*** TURN *** [2h 3s 5c] [Jc]
rao999: checks 
Wren_poker: bets $1
rao999: calls $1
*** RIVER *** [2h 3s 5c Jc] [4h]
rao999: checks 
Wren_poker: bets $1
rao999: calls $1
*** SHOW DOWN ***
Wren_poker: shows [Qc 3c] (a pair of Threes)
rao999: shows [Ad 2c] (a straight, Ace to Five)
rao999 collected $8.08 from pot
*** SUMMARY ***
Total pot $8.50 | Rake $0.42 
Board [2h 3s 5c Jc 4h]
Seat 1: poker_soul11 folded before Flop (didn't bet)
Seat 2: whlzor folded before Flop (didn't bet)
Seat 3: Wren_poker (button) showed [Qc 3c] and lost with a pair of Threes
Seat 4: magzi777 (small blind) folded before Flop
Seat 5: rao999 (big blind) showed [Ad 2c] and won ($8.08) with a straight, Ace to Five
Seat 6: CichiChanMarian folded before Flop (didn't bet)



PokerStars Hand #254608110141:  Hold'em No Limit ($0.50/$1.00 USD) - 2025/01/29 16:39:38 WET [2025/01/29 11:39:38 ET]
Table 'Walbeck' 6-max Seat #4 is the button
Seat 1: poker_soul11 ($105 in chips) 
Seat 2: whlzor ($104.50 in chips) 
Seat 3: Wren_poker ($82.17 in chips) 
Seat 4: magzi777 ($100 in chips) 
Seat 5: rao999 ($112.67 in chips) 
Seat 6: CichiChanMarian ($101 in chips) 
rao999: posts small blind $0.50
CichiChanMarian: posts big blind $1
*** HOLE CARDS ***
poker_soul11: folds 
whlzor: folds 
Wren_poker: folds 
magzi777: raises $1.50 to $2.50
rao999: folds 
CichiChanMarian: folds 
Uncalled bet ($1.50) returned to magzi777
magzi777 collected $2.50 from pot
*** SUMMARY ***
Total pot $2.50 | Rake $0 
Seat 1: poker_soul11 folded before Flop (didn't bet)
Seat 2: whlzor folded before Flop (didn't bet)
Seat 3: Wren_poker folded before Flop (didn't bet)
Seat 4: magzi777 (button) collected ($2.50)
Seat 5: rao999 (small blind) folded before Flop
Seat 6: CichiChanMarian (big blind) folded before Flop



PokerStars Hand #254608114798:  Hold'em No Limit ($0.50/$1.00 USD) - 2025/01/29 16:39:58 WET [2025/01/29 11:39:58 ET]
Table 'Walbeck' 6-max Seat #5 is the button
Seat 1: poker_soul11 ($105 in chips) 
Seat 2: whlzor ($104.50 in chips) 
Seat 3: Wren_poker ($82.17 in chips) 
Seat 4: magzi777 ($101.50 in chips) 
Seat 5: rao999 ($112.17 in chips) 
Seat 6: CichiChanMarian ($100 in chips) 
CichiChanMarian: posts small blind $0.50
poker_soul11: posts big blind $1
*** HOLE CARDS ***
whlzor: raises $1.50 to $2.50
Wren_poker: calls $2.50
magzi777: folds 
rao999: folds 
CichiChanMarian: folds 
poker_soul11: folds 
*** FLOP *** [2c 6c 6s]
whlzor: bets $3.09
Wren_poker: folds 
Uncalled bet ($3.09) returned to whlzor
whlzor collected $6.18 from pot
whlzor: doesn't show hand 
*** SUMMARY ***
Total pot $6.50 | Rake $0.32 
Board [2c 6c 6s]
Seat 1: poker_soul11 (big blind) folded before Flop
Seat 2: whlzor collected ($6.18)
Seat 3: Wren_poker folded on the Flop
Seat 4: magzi777 folded before Flop (didn't bet)
Seat 5: rao999 (button) folded before Flop (didn't bet)
Seat 6: CichiChanMarian (small blind) folded before Flop



PokerStars Hand #254608120495:  Hold'em No Limit ($0.50/$1.00 USD) - 2025/01/29 16:40:23 WET [2025/01/29 11:40:23 ET]
Table 'Walbeck' 6-max Seat #6 is the button
Seat 1: poker_soul11 ($104 in chips) 
Seat 2: whlzor ($108.18 in chips) 
Seat 3: Wren_poker ($79.67 in chips) 
Seat 4: magzi777 ($101.50 in chips) 
Seat 5: rao999 ($112.17 in chips) 
Seat 6: CichiChanMarian ($100 in chips) 
poker_soul11: posts small blind $0.50
whlzor: posts big blind $1
*** HOLE CARDS ***
Wren_poker: folds 
magzi777: folds 
rao999: folds 
CichiChanMarian: folds 
poker_soul11: raises $2 to $3
whlzor: calls $2
*** FLOP *** [3s 6h 8s]
poker_soul11: checks 
whlzor: bets $3.76
poker_soul11: folds 
Uncalled bet ($3.76) returned to whlzor
whlzor collected $5.70 from pot
whlzor: doesn't show hand 
*** SUMMARY ***
Total pot $6 | Rake $0.30 
Board [3s 6h 8s]
Seat 1: poker_soul11 (small blind) folded on the Flop
Seat 2: whlzor (big blind) collected ($5.70)
Seat 3: Wren_poker folded before Flop (didn't bet)
Seat 4: magzi777 folded before Flop (didn't bet)
Seat 5: rao999 folded before Flop (didn't bet)
Seat 6: CichiChanMarian (button) folded before Flop (didn't bet)



PokerStars Hand #254608133270:  Hold'em No Limit ($0.50/$1.00 USD) - 2025/01/29 16:41:18 WET [2025/01/29 11:41:18 ET]
Table 'Walbeck' 6-max Seat #1 is the button
Seat 1: poker_soul11 ($101 in chips) 
Seat 2: whlzor ($110.88 in chips) 
Seat 3: Wren_poker ($79.67 in chips) 
Seat 4: magzi777 ($101.50 in chips) 
Seat 5: rao999 ($112.17 in chips) 
Seat 6: CichiChanMarian ($100 in chips) 
whlzor: posts small blind $0.50
Wren_poker: posts big blind $1
*** HOLE CARDS ***
magzi777: raises $1.50 to $2.50
rao999: folds 
CichiChanMarian: folds 
poker_soul11: folds 
whlzor: folds 
Wren_poker: folds 
Uncalled bet ($1.50) returned to magzi777
magzi777 collected $2.50 from pot
*** SUMMARY ***
Total pot $2.50 | Rake $0 
Seat 1: poker_soul11 (button) folded before Flop (didn't bet)
Seat 2: whlzor (small blind) folded before Flop
Seat 3: Wren_poker (big blind) folded before Flop
Seat 4: magzi777 collected ($2.50)
Seat 5: rao999 folded before Flop (didn't bet)
Seat 6: CichiChanMarian folded before Flop (didn't bet)



PokerStars Hand #254608138233:  Hold'em No Limit ($0.50/$1.00 USD) - 2025/01/29 16:41:40 WET [2025/01/29 11:41:40 ET]
Table 'Walbeck' 6-max Seat #2 is the button
Seat 1: poker_soul11 ($101 in chips) 
Seat 2: whlzor ($110.38 in chips) 
Seat 3: Wren_poker ($78.67 in chips) 
Seat 4: magzi777 ($103 in chips) 
Seat 5: rao999 ($112.17 in chips) 
Seat 6: CichiChanMarian ($100 in chips) 
Wren_poker: posts small blind $0.50
magzi777: posts big blind $1
*** HOLE CARDS ***
rao999: folds 
CichiChanMarian: folds 
poker_soul11: folds 
whlzor: folds 
Wren_poker: calls $0.50
magzi777: checks 
*** FLOP *** [Qd 9c 6h]
Wren_poker: bets $1
magzi777: calls $1
*** TURN *** [Qd 9c 6h] [Tc]
Wren_poker: bets $2
magzi777: raises $7 to $9
Wren_poker: calls $7
*** RIVER *** [Qd 9c 6h Tc] [7s]
Wren_poker: bets $20.90
magzi777: calls $20.90
*** SHOW DOWN ***
Wren_poker: shows [7c Qs] (two pair, Queens and Sevens)
magzi777: shows [6d 8c] (a straight, Six to Ten)
magzi777 collected $61.30 from pot
*** SUMMARY ***
Total pot $63.80 | Rake $2.50 
Board [Qd 9c 6h Tc 7s]
Seat 1: poker_soul11 folded before Flop (didn't bet)
Seat 2: whlzor (button) folded before Flop (didn't bet)
Seat 3: Wren_poker (small blind) showed [7c Qs] and lost with two pair, Queens and Sevens
Seat 4: magzi777 (big blind) showed [6d 8c] and won ($61.30) with a straight, Six to Ten
Seat 5: rao999 folded before Flop (didn't bet)
Seat 6: CichiChanMarian folded before Flop (didn't bet)



PokerStars Hand #254608150008:  Hold'em No Limit ($0.50/$1.00 USD) - 2025/01/29 16:42:31 WET [2025/01/29 11:42:31 ET]
Table 'Walbeck' 6-max Seat #3 is the button
Seat 1: poker_soul11 ($101 in chips) 
Seat 2: whlzor ($110.38 in chips) 
Seat 3: Wren_poker ($46.77 in chips) 
Seat 4: magzi777 ($132.40 in chips) 
Seat 5: rao999 ($112.17 in chips) 
Seat 6: CichiChanMarian ($100 in chips) 
magzi777: posts small blind $0.50
rao999: posts big blind $1
*** HOLE CARDS ***
CichiChanMarian: folds 
poker_soul11: raises $1.20 to $2.20
whlzor: folds 
Wren_poker: folds 
magzi777: folds 
rao999: folds 
Uncalled bet ($1.20) returned to poker_soul11
poker_soul11 collected $2.50 from pot
poker_soul11: doesn't show hand 
*** SUMMARY ***
Total pot $2.50 | Rake $0 
Seat 1: poker_soul11 collected ($2.50)
Seat 2: whlzor folded before Flop (didn't bet)
Seat 3: Wren_poker (button) folded before Flop (didn't bet)
Seat 4: magzi777 (small blind) folded before Flop
Seat 5: rao999 (big blind) folded before Flop
Seat 6: CichiChanMarian folded before Flop (didn't bet)



PokerStars Hand #254608154563:  Hold'em No Limit ($0.50/$1.00 USD) - 2025/01/29 16:42:51 WET [2025/01/29 11:42:51 ET]
Table 'Walbeck' 6-max Seat #4 is the button
Seat 1: poker_soul11 ($102.50 in chips) 
Seat 2: whlzor ($110.38 in chips) 
Seat 3: Wren_poker ($46.77 in chips) 
Seat 4: magzi777 ($131.90 in chips) 
Seat 5: rao999 ($111.17 in chips) 
Seat 6: CichiChanMarian ($100 in chips) 
rao999: posts small blind $0.50
CichiChanMarian: posts big blind $1
*** HOLE CARDS ***
poker_soul11: raises $1.20 to $2.20
whlzor: folds 
Wren_poker: folds 
magzi777: folds 
rao999: folds 
CichiChanMarian: folds 
Uncalled bet ($1.20) returned to poker_soul11
poker_soul11 collected $2.50 from pot
Wren_poker leaves the table
poker_soul11: doesn't show hand 
*** SUMMARY ***
Total pot $2.50 | Rake $0 
Seat 1: poker_soul11 collected ($2.50)
Seat 2: whlzor folded before Flop (didn't bet)
Seat 3: Wren_poker folded before Flop (didn't bet)
Seat 4: magzi777 (button) folded before Flop (didn't bet)
Seat 5: rao999 (small blind) folded before Flop
Seat 6: CichiChanMarian (big blind) folded before Flop



PokerStars Hand #254608158690:  Hold'em No Limit ($0.50/$1.00 USD) - 2025/01/29 16:43:09 WET [2025/01/29 11:43:09 ET]
Table 'Walbeck' 6-max Seat #5 is the button
Seat 1: poker_soul11 ($104 in chips) 
Seat 2: whlzor ($110.38 in chips) 
Seat 4: magzi777 ($131.90 in chips) 
Seat 5: rao999 ($110.67 in chips) 
Seat 6: CichiChanMarian ($100 in chips) 
CichiChanMarian: posts small blind $0.50
poker_soul11: posts big blind $1
*** HOLE CARDS ***
whlzor: folds 
whlzor leaves the table
magzi777: folds 
rao999: raises $1.50 to $2.50
CichiChanMarian: folds 
poker_soul11: calls $1.50
*** FLOP *** [7c 4d Ah]
poker_soul11: checks 
rao999: bets $3.45
poker_soul11: calls $3.45
*** TURN *** [7c 4d Ah] [6s]
poker_soul11: checks 
rao999: checks 
*** RIVER *** [7c 4d Ah 6s] [4s]
poker_soul11: bets $3.89
rao999: raises $10.61 to $14.50
poker_soul11: folds 
Uncalled bet ($10.61) returned to rao999
rao999 collected $19.17 from pot
rao999: doesn't show hand 
*** SUMMARY ***
Total pot $20.18 | Rake $1.01 
Board [7c 4d Ah 6s 4s]
Seat 1: poker_soul11 (big blind) folded on the River
Seat 2: whlzor folded before Flop (didn't bet)
Seat 4: magzi777 folded before Flop (didn't bet)
Seat 5: rao999 (button) collected ($19.17)
Seat 6: CichiChanMarian (small blind) folded before Flop



PokerStars Hand #254608007677:  Hold'em No Limit ($0.50/$1.00 USD) - 2025/01/29 16:32:01 WET [2025/01/29 11:32:01 ET]
Table 'Walbeck' 6-max Seat #2 is the button
Seat 1: poker_soul11 ($101 in chips) 
Seat 2: whlzor ($100 in chips) 
Seat 3: Wren_poker ($54.43 in chips) 
Seat 4: magzi777 ($100 in chips) 
Seat 5: rao999 ($100 in chips) 
Seat 6: CichiChanMarian ($101.50 in chips) 
Wren_poker: posts small blind $0.50
magzi777: posts big blind $1
*** HOLE CARDS ***
rao999: folds 
CichiChanMarian: raises $1.50 to $2.50
poker_soul11: folds 
whlzor: folds 
Wren_poker: calls $2
magzi777: folds 
*** FLOP *** [6s 8h 2d]
Wren_poker: bets $2
CichiChanMarian: calls $2
*** TURN *** [6s 8h 2d] [8d]
Wren_poker: bets $3
CichiChanMarian: raises $7.75 to $10.75
Wren_poker: calls $7.75
*** RIVER *** [6s 8h 2d 8d] [9c]
Wren_poker: checks 
CichiChanMarian: bets $29.92
Wren_poker: raises $9.26 to $39.18 and is all-in
CichiChanMarian: folds 
Uncalled bet ($9.26) returned to Wren_poker
Wren_poker collected $88.84 from pot
*** SUMMARY ***
Total pot $91.34 | Rake $2.50 
Board [6s 8h 2d 8d 9c]
Seat 1: poker_soul11 folded before Flop (didn't bet)
Seat 2: whlzor (button) folded before Flop (didn't bet)
Seat 3: Wren_poker (small blind) collected ($88.84)
Seat 4: magzi777 (big blind) folded before Flop
Seat 5: rao999 folded before Flop (didn't bet)
Seat 6: CichiChanMarian folded on the River



PokerStars Hand #254608021194:  Hold'em No Limit ($0.50/$1.00 USD) - 2025/01/29 16:33:02 WET [2025/01/29 11:33:02 ET]
Table 'Walbeck' 6-max Seat #3 is the button
Seat 1: poker_soul11 ($101 in chips) 
Seat 2: whlzor ($100 in chips) 
Seat 3: Wren_poker ($98.10 in chips) 
Seat 4: magzi777 ($100 in chips) 
Seat 5: rao999 ($100 in chips) 
Seat 6: CichiChanMarian ($100 in chips) 
magzi777: posts small blind $0.50
rao999: posts big blind $1
*** HOLE CARDS ***
CichiChanMarian: folds 
poker_soul11: raises $1.20 to $2.20
whlzor: folds 
Wren_poker: folds 
magzi777: folds 
rao999: folds 
Uncalled bet ($1.20) returned to poker_soul11
poker_soul11 collected $2.50 from pot
poker_soul11: doesn't show hand 
*** SUMMARY ***
Total pot $2.50 | Rake $0 
Seat 1: poker_soul11 collected ($2.50)
Seat 2: whlzor folded before Flop (didn't bet)
Seat 3: Wren_poker (button) folded before Flop (didn't bet)
Seat 4: magzi777 (small blind) folded before Flop
Seat 5: rao999 (big blind) folded before Flop
Seat 6: CichiChanMarian folded before Flop (didn't bet)



PokerStars Hand #254608025117:  Hold'em No Limit ($0.50/$1.00 USD) - 2025/01/29 16:33:21 WET [2025/01/29 11:33:21 ET]
Table 'Walbeck' 6-max Seat #4 is the button
Seat 1: poker_soul11 ($102.50 in chips) 
Seat 2: whlzor ($100 in chips) 
Seat 3: Wren_poker ($98.10 in chips) 
Seat 4: magzi777 ($100 in chips) 
Seat 5: rao999 ($100 in chips) 
Seat 6: CichiChanMarian ($100 in chips) 
rao999: posts small blind $0.50
CichiChanMarian: posts big blind $1
*** HOLE CARDS ***
poker_soul11: raises $1.20 to $2.20
whlzor: folds 
Wren_poker: folds 
magzi777: folds 
rao999: folds 
CichiChanMarian: folds 
Uncalled bet ($1.20) returned to poker_soul11
poker_soul11 collected $2.50 from pot
poker_soul11: doesn't show hand 
*** SUMMARY ***
Total pot $2.50 | Rake $0 
Seat 1: poker_soul11 collected ($2.50)
Seat 2: whlzor folded before Flop (didn't bet)
Seat 3: Wren_poker folded before Flop (didn't bet)
Seat 4: magzi777 (button) folded before Flop (didn't bet)
Seat 5: rao999 (small blind) folded before Flop
Seat 6: CichiChanMarian (big blind) folded before Flop



PokerStars Hand #254608029813:  Hold'em No Limit ($0.50/$1.00 USD) - 2025/01/29 16:33:42 WET [2025/01/29 11:33:42 ET]
Table 'Walbeck' 6-max Seat #5 is the button
Seat 1: poker_soul11 ($104 in chips) 
Seat 2: whlzor ($100 in chips) 
Seat 3: Wren_poker ($98.10 in chips) 
Seat 4: magzi777 ($100 in chips) 
Seat 5: rao999 ($100 in chips) 
Seat 6: CichiChanMarian ($100 in chips) 
CichiChanMarian: posts small blind $0.50
poker_soul11: posts big blind $1
*** HOLE CARDS ***
whlzor: folds 
Wren_poker: folds 
magzi777: folds 
rao999: folds 
CichiChanMarian: raises $2 to $3
poker_soul11: folds 
Uncalled bet ($2) returned to CichiChanMarian
CichiChanMarian collected $2 from pot
CichiChanMarian: doesn't show hand 
*** SUMMARY ***
Total pot $2 | Rake $0 
Seat 1: poker_soul11 (big blind) folded before Flop
Seat 2: whlzor folded before Flop (didn't bet)
Seat 3: Wren_poker folded before Flop (didn't bet)
Seat 4: magzi777 folded before Flop (didn't bet)
Seat 5: rao999 (button) folded before Flop (didn't bet)
Seat 6: CichiChanMarian (small blind) collected ($2)



PokerStars Hand #254608037289:  Hold'em No Limit ($0.50/$1.00 USD) - 2025/01/29 16:34:15 WET [2025/01/29 11:34:15 ET]
Table 'Walbeck' 6-max Seat #6 is the button
Seat 1: poker_soul11 ($103 in chips) 
Seat 2: whlzor ($100 in chips) 
Seat 3: Wren_poker ($98.10 in chips) 
Seat 4: magzi777 ($100 in chips) 
Seat 5: rao999 ($100 in chips) 
Seat 6: CichiChanMarian ($101 in chips) 
poker_soul11: posts small blind $0.50
whlzor: posts big blind $1
*** HOLE CARDS ***
Wren_poker: raises $1 to $2
magzi777: folds 
rao999: raises $4 to $6
CichiChanMarian: folds 
poker_soul11: folds 
whlzor: folds 
Wren_poker: calls $4
*** FLOP *** [4d Jd 7h]
Wren_poker: bets $6.41
rao999: calls $6.41
*** TURN *** [4d Jd 7h] [8d]
Wren_poker: checks 
rao999: bets $6.25
Wren_poker: folds 
Uncalled bet ($6.25) returned to rao999
rao999 collected $25 from pot
rao999: doesn't show hand 
*** SUMMARY ***
Total pot $26.32 | Rake $1.32 
Board [4d Jd 7h 8d]
Seat 1: poker_soul11 (small blind) folded before Flop
Seat 2: whlzor (big blind) folded before Flop
Seat 3: Wren_poker folded on the Turn
Seat 4: magzi777 folded before Flop (didn't bet)
Seat 5: rao999 collected ($25)
Seat 6: CichiChanMarian (button) folded before Flop (didn't bet)



