PokerStars Hand #254607962272:  Hold'em No Limit ($0.50/$1.00 USD) - 2025/01/29 16:28:36 WET [2025/01/29 11:28:36 ET]
Table 'Aetolia' 6-max Seat #1 is the button
Seat 2: sta$igk ($100 in chips) is sitting out
Seat 1: jeffy27dt1 ($102 in chips) 
Seat 3: MAO_DZEDYN_S ($102.79 in chips) 
Seat 4: socito ($100 in chips) 
Seat 5: Gjeneral66 ($47.07 in chips) 
Seat 6: snok12323 ($14.68 in chips) 
MAO_DZEDYN_S: posts small blind $0.50
socito: posts big blind $1
*** HOLE CARDS ***
Gjeneral66: folds 
snok12323: folds 
jeffy27dt1: raises $1.50 to $2.50
MAO_DZEDYN_S: folds 
socito: calls $1.50
*** FLOP *** [Ks 3s Qd]
socito: checks 
jeffy27dt1: bets $3.92
socito: raises $9.80 to $13.72
jeffy27dt1: calls $9.80
*** TURN *** [Ks 3s Qd] [Jh]
socito: checks 
jeffy27dt1: bets $10.33
socito: calls $10.33
*** RIVER *** [Ks 3s Qd Jh] [8h]
socito: checks 
jeffy27dt1: bets $75.45 and is all-in
socito: calls $73.45 and is all-in
Uncalled bet ($2) returned to jeffy27dt1
*** SHOW DOWN ***
jeffy27dt1: shows [3h Ad] (a pair of Threes)
socito: shows [Qh Kd] (two pair, Kings and Queens)
socito collected $198 from pot
*** SUMMARY ***
Total pot $200.50 | Rake $2.50 
Board [Ks 3s Qd Jh 8h]
Seat 2: sta$igk
Seat 1: jeffy27dt1 (button) showed [3h Ad] and lost with a pair of Threes
Seat 3: MAO_DZEDYN_S (small blind) folded before Flop
Seat 4: socito (big blind) showed [Qh Kd] and won ($198) with two pair, Kings and Queens
Seat 5: Gjeneral66 folded before Flop (didn't bet)
Seat 6: snok12323 folded before Flop (didn't bet)



PokerStars Hand #254607995547:  Hold'em No Limit ($0.50/$1.00 USD) - 2025/01/29 16:31:06 WET [2025/01/29 11:31:06 ET]
Table 'Aetolia' 6-max Seat #3 is the button
Seat 2: sta$igk ($100 in chips) is sitting out
Seat 1: jeffy27dt1 ($100 in chips) 
Seat 3: MAO_DZEDYN_S ($102.29 in chips) 
Seat 4: socito ($198 in chips) 
Seat 5: Gjeneral66 ($47.07 in chips) 
Seat 6: snok12323 ($14.68 in chips) 
socito: posts small blind $0.50
Gjeneral66: posts big blind $1
sta$igk: sits out 
*** HOLE CARDS ***
snok12323: folds 
jeffy27dt1: folds 
MAO_DZEDYN_S: raises $1.50 to $2.50
socito: folds 
Gjeneral66: calls $1.50
*** FLOP *** [7s 4h 5h]
Gjeneral66: checks 
MAO_DZEDYN_S: bets $3.92
Gjeneral66: folds 
Uncalled bet ($3.92) returned to MAO_DZEDYN_S
MAO_DZEDYN_S collected $5.22 from pot
MAO_DZEDYN_S: doesn't show hand 
*** SUMMARY ***
Total pot $5.50 | Rake $0.28 
Board [7s 4h 5h]
Seat 2: sta$igk
Seat 1: jeffy27dt1 folded before Flop (didn't bet)
Seat 3: MAO_DZEDYN_S (button) collected ($5.22)
Seat 4: socito (small blind) folded before Flop
Seat 5: Gjeneral66 (big blind) folded on the Flop
Seat 6: snok12323 folded before Flop (didn't bet)



PokerStars Hand #254608007138:  Hold'em No Limit ($0.50/$1.00 USD) - 2025/01/29 16:31:59 WET [2025/01/29 11:31:59 ET]
Table 'Aetolia' 6-max Seat #4 is the button
Seat 2: sta$igk ($100 in chips) is sitting out
Seat 1: jeffy27dt1 ($100 in chips) 
Seat 3: MAO_DZEDYN_S ($105.01 in chips) 
Seat 4: socito ($197.50 in chips) 
Seat 5: Gjeneral66 ($44.57 in chips) 
Seat 6: snok12323 ($14.68 in chips) 
Gjeneral66: posts small blind $0.50
snok12323: posts big blind $1
sta$igk: sits out 
*** HOLE CARDS ***
jeffy27dt1: folds 
MAO_DZEDYN_S: raises $1.25 to $2.25
socito: folds 
Gjeneral66: folds 
snok12323: calls $1.25
*** FLOP *** [9s 4d Qd]
snok12323: checks 
MAO_DZEDYN_S: bets $1.43
snok12323: folds 
Uncalled bet ($1.43) returned to MAO_DZEDYN_S
MAO_DZEDYN_S collected $4.75 from pot
MAO_DZEDYN_S: doesn't show hand 
*** SUMMARY ***
Total pot $5 | Rake $0.25 
Board [9s 4d Qd]
Seat 2: sta$igk
Seat 1: jeffy27dt1 folded before Flop (didn't bet)
Seat 3: MAO_DZEDYN_S collected ($4.75)
Seat 4: socito (button) folded before Flop (didn't bet)
Seat 5: Gjeneral66 (small blind) folded before Flop
Seat 6: snok12323 (big blind) folded on the Flop



PokerStars Hand #254608015332:  Hold'em No Limit ($0.50/$1.00 USD) - 2025/01/29 16:32:35 WET [2025/01/29 11:32:35 ET]
Table 'Aetolia' 6-max Seat #5 is the button
Seat 2: sta$igk ($100 in chips) is sitting out
Seat 1: jeffy27dt1 ($100 in chips) 
Seat 3: MAO_DZEDYN_S ($107.51 in chips) 
Seat 4: socito ($197.50 in chips) 
Seat 5: Gjeneral66 ($44.07 in chips) 
Seat 6: snok12323 ($12.43 in chips) 
snok12323: posts small blind $0.50
jeffy27dt1: posts big blind $1
sta$igk: sits out 
*** HOLE CARDS ***
MAO_DZEDYN_S: folds 
socito: folds 
Gjeneral66: raises $1.50 to $2.50
snok12323: folds 
jeffy27dt1: folds 
Uncalled bet ($1.50) returned to Gjeneral66
Gjeneral66 collected $2.50 from pot
*** SUMMARY ***
Total pot $2.50 | Rake $0 
Seat 2: sta$igk
Seat 1: jeffy27dt1 (big blind) folded before Flop
Seat 3: MAO_DZEDYN_S folded before Flop (didn't bet)
Seat 4: socito folded before Flop (didn't bet)
Seat 5: Gjeneral66 (button) collected ($2.50)
Seat 6: snok12323 (small blind) folded before Flop



PokerStars Hand #254608020957:  Hold'em No Limit ($0.50/$1.00 USD) - 2025/01/29 16:33:01 WET [2025/01/29 11:33:01 ET]
Table 'Aetolia' 6-max Seat #6 is the button
Seat 1: jeffy27dt1 ($100 in chips) 
Seat 2: sta$igk ($100 in chips) 
Seat 3: MAO_DZEDYN_S ($107.51 in chips) 
Seat 4: socito ($197.50 in chips) 
Seat 5: Gjeneral66 ($45.57 in chips) 
Seat 6: snok12323 ($11.93 in chips) 
jeffy27dt1: posts small blind $0.50
sta$igk: posts big blind $1
*** HOLE CARDS ***
MAO_DZEDYN_S: raises $1.25 to $2.25
socito: folds 
Gjeneral66: folds 
snok12323: folds 
jeffy27dt1: folds 
sta$igk: folds 
Uncalled bet ($1.25) returned to MAO_DZEDYN_S
MAO_DZEDYN_S collected $2.50 from pot
MAO_DZEDYN_S: doesn't show hand 
*** SUMMARY ***
Total pot $2.50 | Rake $0 
Seat 1: jeffy27dt1 (small blind) folded before Flop
Seat 2: sta$igk (big blind) folded before Flop
Seat 3: MAO_DZEDYN_S collected ($2.50)
Seat 4: socito folded before Flop (didn't bet)
Seat 5: Gjeneral66 folded before Flop (didn't bet)
Seat 6: snok12323 (button) folded before Flop (didn't bet)



PokerStars Hand #254608025526:  Hold'em No Limit ($0.50/$1.00 USD) - 2025/01/29 16:33:23 WET [2025/01/29 11:33:23 ET]
Table 'Aetolia' 6-max Seat #1 is the button
Seat 1: jeffy27dt1 ($100 in chips) 
Seat 2: sta$igk ($100 in chips) 
Seat 3: MAO_DZEDYN_S ($109.01 in chips) 
Seat 4: socito ($197.50 in chips) 
Seat 5: Gjeneral66 ($45.57 in chips) 
Seat 6: snok12323 ($11.93 in chips) 
sta$igk: posts small blind $0.50
MAO_DZEDYN_S: posts big blind $1
*** HOLE CARDS ***
socito: folds 
Gjeneral66: folds 
snok12323: folds 
jeffy27dt1: folds 
sta$igk: folds 
Uncalled bet ($0.50) returned to MAO_DZEDYN_S
MAO_DZEDYN_S collected $1 from pot
MAO_DZEDYN_S: doesn't show hand 
*** SUMMARY ***
Total pot $1 | Rake $0 
Seat 1: jeffy27dt1 (button) folded before Flop (didn't bet)
Seat 2: sta$igk (small blind) folded before Flop
Seat 3: MAO_DZEDYN_S (big blind) collected ($1)
Seat 4: socito folded before Flop (didn't bet)
Seat 5: Gjeneral66 folded before Flop (didn't bet)
Seat 6: snok12323 folded before Flop (didn't bet)



PokerStars Hand #254608027592:  Hold'em No Limit ($0.50/$1.00 USD) - 2025/01/29 16:33:32 WET [2025/01/29 11:33:32 ET]
Table 'Aetolia' 6-max Seat #2 is the button
Seat 1: jeffy27dt1 ($100 in chips) 
Seat 2: sta$igk ($100 in chips) 
Seat 3: MAO_DZEDYN_S ($109.51 in chips) 
Seat 4: socito ($197.50 in chips) 
Seat 5: Gjeneral66 ($45.57 in chips) 
Seat 6: snok12323 ($11.93 in chips) 
MAO_DZEDYN_S: posts small blind $0.50
socito: posts big blind $1
*** HOLE CARDS ***
Gjeneral66: folds 
snok12323: calls $1
jeffy27dt1: folds 
sta$igk: folds 
MAO_DZEDYN_S: folds 
socito: checks 
*** FLOP *** [2c 5h Ks]
socito: checks 
snok12323: checks 
*** TURN *** [2c 5h Ks] [Ad]
socito: checks 
snok12323: bets $2.38
socito: folds 
Uncalled bet ($2.38) returned to snok12323
snok12323 collected $2.38 from pot
*** SUMMARY ***
Total pot $2.50 | Rake $0.12 
Board [2c 5h Ks Ad]
Seat 1: jeffy27dt1 folded before Flop (didn't bet)
Seat 2: sta$igk (button) folded before Flop (didn't bet)
Seat 3: MAO_DZEDYN_S (small blind) folded before Flop
Seat 4: socito (big blind) folded on the Turn
Seat 5: Gjeneral66 folded before Flop (didn't bet)
Seat 6: snok12323 collected ($2.38)



PokerStars Hand #254608035142:  Hold'em No Limit ($0.50/$1.00 USD) - 2025/01/29 16:34:06 WET [2025/01/29 11:34:06 ET]
Table 'Aetolia' 6-max Seat #3 is the button
Seat 1: jeffy27dt1 ($100 in chips) 
Seat 2: sta$igk ($100 in chips) 
Seat 3: MAO_DZEDYN_S ($109.01 in chips) 
Seat 4: socito ($196.50 in chips) 
Seat 5: Gjeneral66 ($45.57 in chips) 
Seat 6: snok12323 ($13.31 in chips) 
socito: posts small blind $0.50
Gjeneral66: posts big blind $1
*** HOLE CARDS ***
snok12323: raises $2.50 to $3.50
jeffy27dt1: folds 
sta$igk: folds 
MAO_DZEDYN_S: folds 
socito: folds 
Gjeneral66: folds 
Uncalled bet ($2.50) returned to snok12323
snok12323 collected $2.50 from pot
*** SUMMARY ***
Total pot $2.50 | Rake $0 
Seat 1: jeffy27dt1 folded before Flop (didn't bet)
Seat 2: sta$igk folded before Flop (didn't bet)
Seat 3: MAO_DZEDYN_S (button) folded before Flop (didn't bet)
Seat 4: socito (small blind) folded before Flop
Seat 5: Gjeneral66 (big blind) folded before Flop
Seat 6: snok12323 collected ($2.50)



PokerStars Hand #254608038903:  Hold'em No Limit ($0.50/$1.00 USD) - 2025/01/29 16:34:22 WET [2025/01/29 11:34:22 ET]
Table 'Aetolia' 6-max Seat #4 is the button
Seat 1: jeffy27dt1 ($100 in chips) 
Seat 2: sta$igk ($100 in chips) 
Seat 3: MAO_DZEDYN_S ($109.01 in chips) 
Seat 4: socito ($196 in chips) 
Seat 5: Gjeneral66 ($44.57 in chips) 
Seat 6: snok12323 ($14.81 in chips) 
Gjeneral66: posts small blind $0.50
snok12323: posts big blind $1
*** HOLE CARDS ***
jeffy27dt1: folds 
sta$igk: folds 
MAO_DZEDYN_S: raises $1.25 to $2.25
socito: folds 
Gjeneral66: folds 
snok12323: calls $1.25
*** FLOP *** [Jd Jh Ac]
snok12323: checks 
MAO_DZEDYN_S: checks 
*** TURN *** [Jd Jh Ac] [6d]
snok12323: bets $4.75
MAO_DZEDYN_S: calls $4.75
*** RIVER *** [Jd Jh Ac 6d] [5s]
snok12323: checks 
MAO_DZEDYN_S: bets $102.01 and is all-in
snok12323: calls $7.81 and is all-in
Uncalled bet ($94.20) returned to MAO_DZEDYN_S
*** SHOW DOWN ***
MAO_DZEDYN_S: shows [Js Ah] (a full house, Jacks full of Aces)
snok12323: shows [6s Kd] (two pair, Jacks and Sixes)
MAO_DZEDYN_S collected $28.61 from pot
*** SUMMARY ***
Total pot $30.12 | Rake $1.51 
Board [Jd Jh Ac 6d 5s]
Seat 1: jeffy27dt1 folded before Flop (didn't bet)
Seat 2: sta$igk folded before Flop (didn't bet)
Seat 3: MAO_DZEDYN_S showed [Js Ah] and won ($28.61) with a full house, Jacks full of Aces
Seat 4: socito (button) folded before Flop (didn't bet)
Seat 5: Gjeneral66 (small blind) folded before Flop
Seat 6: snok12323 (big blind) showed [6s Kd] and lost with two pair, Jacks and Sixes



PokerStars Hand #254608055090:  Hold'em No Limit ($0.50/$1.00 USD) - 2025/01/29 16:35:36 WET [2025/01/29 11:35:36 ET]
Table 'Aetolia' 6-max Seat #5 is the button
Seat 6: snok12323 ($0 in chips) is sitting out
Seat 1: jeffy27dt1 ($100 in chips) 
Seat 2: sta$igk ($100 in chips) 
Seat 3: MAO_DZEDYN_S ($122.81 in chips) 
Seat 4: socito ($196 in chips) 
Seat 5: Gjeneral66 ($44.07 in chips) 
jeffy27dt1: posts small blind $0.50
sta$igk: posts big blind $1
*** HOLE CARDS ***
snok12323 leaves the table
MAO_DZEDYN_S: folds 
socito: folds 
Gjeneral66: folds 
jeffy27dt1: folds 
Uncalled bet ($0.50) returned to sta$igk
sta$igk collected $1 from pot
sta$igk: doesn't show hand 
MAO_DZEDYN_S leaves the table
*** SUMMARY ***
Total pot $1 | Rake $0 
Seat 6: snok12323
Seat 1: jeffy27dt1 (small blind) folded before Flop
Seat 2: sta$igk (big blind) collected ($1)
Seat 3: MAO_DZEDYN_S folded before Flop (didn't bet)
Seat 4: socito folded before Flop (didn't bet)
Seat 5: Gjeneral66 (button) folded before Flop (didn't bet)



PokerStars Hand #254608058581:  Hold'em No Limit ($0.50/$1.00 USD) - 2025/01/29 16:35:51 WET [2025/01/29 11:35:51 ET]
Table 'Aetolia' 6-max Seat #1 is the button
Seat 1: jeffy27dt1 ($100 in chips) 
Seat 2: sta$igk ($100.50 in chips) 
Seat 4: socito ($196 in chips) 
Seat 5: Gjeneral66 ($44.07 in chips) 
sta$igk: posts small blind $0.50
socito: posts big blind $1
*** HOLE CARDS ***
Gjeneral66: raises $1.50 to $2.50
jeffy27dt1: folds 
sta$igk: folds 
socito: folds 
Uncalled bet ($1.50) returned to Gjeneral66
Gjeneral66 collected $2.50 from pot
*** SUMMARY ***
Total pot $2.50 | Rake $0 
Seat 1: jeffy27dt1 (button) folded before Flop (didn't bet)
Seat 2: sta$igk (small blind) folded before Flop
Seat 4: socito (big blind) folded before Flop
Seat 5: Gjeneral66 collected ($2.50)



PokerStars Hand #254608062179:  Hold'em No Limit ($0.50/$1.00 USD) - 2025/01/29 16:36:07 WET [2025/01/29 11:36:07 ET]
Table 'Aetolia' 6-max Seat #2 is the button
Seat 1: jeffy27dt1 ($100 in chips) 
Seat 2: sta$igk ($100 in chips) 
Seat 4: socito ($195 in chips) 
Seat 5: Gjeneral66 ($45.57 in chips) 
socito: posts small blind $0.50
Gjeneral66: posts big blind $1
*** HOLE CARDS ***
jeffy27dt1: folds 
sta$igk: folds 
socito: folds 
Uncalled bet ($0.50) returned to Gjeneral66
Gjeneral66 collected $1 from pot
*** SUMMARY ***
Total pot $1 | Rake $0 
Seat 1: jeffy27dt1 folded before Flop (didn't bet)
Seat 2: sta$igk (button) folded before Flop (didn't bet)
Seat 4: socito (small blind) folded before Flop
Seat 5: Gjeneral66 (big blind) collected ($1)



PokerStars Hand #254608065600:  Hold'em No Limit ($0.50/$1.00 USD) - 2025/01/29 16:36:22 WET [2025/01/29 11:36:22 ET]
Table 'Aetolia' 6-max Seat #4 is the button
Seat 1: jeffy27dt1 ($100 in chips) 
Seat 2: sta$igk ($100 in chips) 
Seat 4: socito ($194.50 in chips) 
Seat 5: Gjeneral66 ($46.07 in chips) 
Gjeneral66: posts small blind $0.50
jeffy27dt1: posts big blind $1
*** HOLE CARDS ***
sta$igk: raises $1.50 to $2.50
socito: folds 
Gjeneral66: folds 
jeffy27dt1: folds 
Uncalled bet ($1.50) returned to sta$igk
sta$igk collected $2.50 from pot
sta$igk: doesn't show hand 
*** SUMMARY ***
Total pot $2.50 | Rake $0 
Seat 1: jeffy27dt1 (big blind) folded before Flop
Seat 2: sta$igk collected ($2.50)
Seat 4: socito (button) folded before Flop (didn't bet)
Seat 5: Gjeneral66 (small blind) folded before Flop



PokerStars Hand #254608069911:  Hold'em No Limit ($0.50/$1.00 USD) - 2025/01/29 16:36:42 WET [2025/01/29 11:36:42 ET]
Table 'Aetolia' 6-max Seat #1 is the button
Seat 2: sta$igk ($101.50 in chips) is sitting out
Seat 4: socito ($194.50 in chips) is sitting out
Seat 1: jeffy27dt1 ($100 in chips) 
Seat 5: Gjeneral66 ($45.57 in chips) 
jeffy27dt1: posts small blind $0.50
sta$igk: is sitting out 
socito: is sitting out 
Gjeneral66: posts big blind $1
*** HOLE CARDS ***
sta$igk leaves the table
jeffy27dt1: raises $1.50 to $2.50
Gjeneral66: calls $1.50
*** FLOP *** [5h 7c Ah]
Gjeneral66: checks 
jeffy27dt1: bets $1.57
Gjeneral66: calls $1.57
*** TURN *** [5h 7c Ah] [7d]
Gjeneral66: checks 
jeffy27dt1: checks 
*** RIVER *** [5h 7c Ah 7d] [Ks]
Gjeneral66: bets $7.73
jeffy27dt1: folds 
Uncalled bet ($7.73) returned to Gjeneral66
Gjeneral66 collected $7.73 from pot
*** SUMMARY ***
Total pot $8.14 | Rake $0.41 
Board [5h 7c Ah 7d Ks]
Seat 2: sta$igk
Seat 4: socito
Seat 1: jeffy27dt1 (button) (small blind) folded on the River
Seat 5: Gjeneral66 (big blind) collected ($7.73)



