PokerStars Hand #254613811342:  Hold'em No Limit ($0.50/$1.00 USD) - 2025/01/29 22:32:34 WET [2025/01/29 17:32:34 ET]
Table 'Rosalia' 6-max Seat #2 is the button
Seat 2: vadjkeee ($100 in chips) 
Seat 4: XneferX ($100 in chips) 
Seat 5: Nazareno1999 ($100 in chips) 
XneferX: posts small blind $0.50
Nazareno1999: posts big blind $1
*** HOLE CARDS ***
vadjkeee: raises $1.50 to $2.50
XneferX: folds 
Nazareno1999: calls $1.50
*** FLOP *** [4c 7h Ts]
Nazareno1999: checks 
vadjkeee: bets $1.72
Nazareno1999: raises $4.78 to $6.50
vadjkeee: folds 
Uncalled bet ($4.78) returned to Nazareno1999
Nazareno1999 collected $8.49 from pot
Nazareno1999: doesn't show hand 
*** SUMMARY ***
Total pot $8.94 | Rake $0.45 
Board [4c 7h Ts]
Seat 2: vadjkeee (button) folded on the Flop
Seat 4: XneferX (small blind) folded before Flop
Seat 5: Nazareno1999 (big blind) collected ($8.49)



PokerStars Hand #254613820860:  Hold'em No Limit ($0.50/$1.00 USD) - 2025/01/29 22:33:07 WET [2025/01/29 17:33:07 ET]
Table 'Rosalia' 6-max Seat #4 is the button
Seat 2: vadjkeee ($100 in chips) 
Seat 4: XneferX ($100 in chips) 
Seat 5: Nazareno1999 ($104.27 in chips) 
Nazareno1999: posts small blind $0.50
vadjkeee: posts big blind $1
*** HOLE CARDS ***
XneferX: folds 
Nazareno1999: raises $1.50 to $2.50
vadjkeee: folds 
Uncalled bet ($1.50) returned to Nazareno1999
Nazareno1999 collected $2 from pot
Nazareno1999: doesn't show hand 
*** SUMMARY ***
Total pot $2 | Rake $0 
Seat 2: vadjkeee (big blind) folded before Flop
Seat 4: XneferX (button) folded before Flop (didn't bet)
Seat 5: Nazareno1999 (small blind) collected ($2)



PokerStars Hand #254613825156:  Hold'em No Limit ($0.50/$1.00 USD) - 2025/01/29 22:33:22 WET [2025/01/29 17:33:22 ET]
Table 'Rosalia' 6-max Seat #5 is the button
Seat 2: vadjkeee ($100 in chips) 
Seat 4: XneferX ($100 in chips) 
Seat 5: Nazareno1999 ($105.27 in chips) 
vadjkeee: posts small blind $0.50
wojts joins the table at seat #3 
XneferX: posts big blind $1
*** HOLE CARDS ***
Nazareno1999: raises $1.20 to $2.20
vadjkeee: folds 
XneferX: folds 
Uncalled bet ($1.20) returned to Nazareno1999
Nazareno1999 collected $2.50 from pot
Nazareno1999: doesn't show hand 
*** SUMMARY ***
Total pot $2.50 | Rake $0 
Seat 2: vadjkeee (small blind) folded before Flop
Seat 4: XneferX (big blind) folded before Flop
Seat 5: Nazareno1999 (button) collected ($2.50)



PokerStars Hand #254613829640:  Hold'em No Limit ($0.50/$1.00 USD) - 2025/01/29 22:33:37 WET [2025/01/29 17:33:37 ET]
Table 'Rosalia' 6-max Seat #2 is the button
Seat 3: wojts ($10 in chips) is sitting out
Seat 2: vadjkeee ($100 in chips) 
Seat 4: XneferX ($100 in chips) 
Seat 5: Nazareno1999 ($106.77 in chips) 
XneferX: posts small blind $0.50
Nazareno1999: posts big blind $1
*** HOLE CARDS ***
vadjkeee: folds 
XneferX: folds 
Uncalled bet ($0.50) returned to Nazareno1999
Nazareno1999 collected $1 from pot
Nazareno1999: doesn't show hand 
*** SUMMARY ***
Total pot $1 | Rake $0 
Seat 3: wojts
Seat 2: vadjkeee (button) folded before Flop (didn't bet)
Seat 4: XneferX (small blind) folded before Flop
Seat 5: Nazareno1999 (big blind) collected ($1)



PokerStars Hand #254613833260:  Hold'em No Limit ($0.50/$1.00 USD) - 2025/01/29 22:33:50 WET [2025/01/29 17:33:50 ET]
Table 'Rosalia' 6-max Seat #4 is the button
Seat 3: wojts ($10 in chips) is sitting out
Seat 2: vadjkeee ($100 in chips) 
Seat 4: XneferX ($100 in chips) 
Seat 5: Nazareno1999 ($107.27 in chips) 
Nazareno1999: posts small blind $0.50
vadjkeee: posts big blind $1
wojts: sits out 
*** HOLE CARDS ***
XneferX: raises $1.77 to $2.77
Nazareno1999: folds 
vadjkeee: folds 
Uncalled bet ($1.77) returned to XneferX
XneferX collected $2.50 from pot
XneferX: doesn't show hand 
*** SUMMARY ***
Total pot $2.50 | Rake $0 
Seat 3: wojts
Seat 2: vadjkeee (big blind) folded before Flop
Seat 4: XneferX (button) collected ($2.50)
Seat 5: Nazareno1999 (small blind) folded before Flop



PokerStars Hand #254613836255:  Hold'em No Limit ($0.50/$1.00 USD) - 2025/01/29 22:34:00 WET [2025/01/29 17:34:00 ET]
Table 'Rosalia' 6-max Seat #5 is the button
Seat 2: vadjkeee ($100 in chips) 
Seat 3: wojts ($10 in chips) 
Seat 4: XneferX ($101.50 in chips) 
Seat 5: Nazareno1999 ($106.77 in chips) 
vadjkeee: posts small blind $0.50
wojts: posts big blind $1
*** HOLE CARDS ***
XneferX: folds 
Nazareno1999: folds 
XneferX leaves the table
vadjkeee: folds 
Uncalled bet ($0.50) returned to wojts
wojts collected $1 from pot
wojts: doesn't show hand 
*** SUMMARY ***
Total pot $1 | Rake $0 
Seat 2: vadjkeee (small blind) folded before Flop
Seat 3: wojts (big blind) collected ($1)
Seat 4: XneferX folded before Flop (didn't bet)
Seat 5: Nazareno1999 (button) folded before Flop (didn't bet)



PokerStars Hand #254613839509:  Hold'em No Limit ($0.50/$1.00 USD) - 2025/01/29 22:34:11 WET [2025/01/29 17:34:11 ET]
Table 'Rosalia' 6-max Seat #2 is the button
Seat 2: vadjkeee ($100 in chips) 
Seat 3: wojts ($10.50 in chips) 
Seat 5: Nazareno1999 ($106.77 in chips) 
wojts: posts small blind $0.50
Nazareno1999: posts big blind $1
*** HOLE CARDS ***
vadjkeee: folds 
wojts: folds 
Uncalled bet ($0.50) returned to Nazareno1999
Nazareno1999 collected $1 from pot
Nazareno1999: doesn't show hand 
*** SUMMARY ***
Total pot $1 | Rake $0 
Seat 2: vadjkeee (button) folded before Flop (didn't bet)
Seat 3: wojts (small blind) folded before Flop
Seat 5: Nazareno1999 (big blind) collected ($1)



PokerStars Hand #254613842382:  Hold'em No Limit ($0.50/$1.00 USD) - 2025/01/29 22:34:22 WET [2025/01/29 17:34:22 ET]
Table 'Rosalia' 6-max Seat #3 is the button
Seat 2: vadjkeee ($100 in chips) 
Seat 3: wojts ($10 in chips) 
Seat 5: Nazareno1999 ($107.27 in chips) 
Nazareno1999: posts small blind $0.50
vadjkeee: posts big blind $1
*** HOLE CARDS ***
wojts: folds 
Nazareno1999: folds 
Uncalled bet ($0.50) returned to vadjkeee
vadjkeee collected $1 from pot
vadjkeee: doesn't show hand 
*** SUMMARY ***
Total pot $1 | Rake $0 
Seat 2: vadjkeee (big blind) collected ($1)
Seat 3: wojts (button) folded before Flop (didn't bet)
Seat 5: Nazareno1999 (small blind) folded before Flop



PokerStars Hand #254613844774:  Hold'em No Limit ($0.50/$1.00 USD) - 2025/01/29 22:34:30 WET [2025/01/29 17:34:30 ET]
Table 'Rosalia' 6-max Seat #5 is the button
Seat 2: vadjkeee ($100.50 in chips) 
Seat 3: wojts ($10 in chips) 
Seat 5: Nazareno1999 ($106.77 in chips) 
vadjkeee: posts small blind $0.50
wojts: posts big blind $1
*** HOLE CARDS ***
Nazareno1999: folds 
vadjkeee: raises $2 to $3
wojts: folds 
Uncalled bet ($2) returned to vadjkeee
vadjkeee collected $2 from pot
vadjkeee: doesn't show hand 
*** SUMMARY ***
Total pot $2 | Rake $0 
Seat 2: vadjkeee (small blind) collected ($2)
Seat 3: wojts (big blind) folded before Flop
Seat 5: Nazareno1999 (button) folded before Flop (didn't bet)



PokerStars Hand #254613848143:  Hold'em No Limit ($0.50/$1.00 USD) - 2025/01/29 22:34:42 WET [2025/01/29 17:34:42 ET]
Table 'Rosalia' 6-max Seat #2 is the button
Seat 2: vadjkeee ($101.50 in chips) 
Seat 3: wojts ($9 in chips) 
Seat 5: Nazareno1999 ($106.77 in chips) 
wojts: posts small blind $0.50
Nazareno1999: posts big blind $1
*** HOLE CARDS ***
vadjkeee: raises $1.50 to $2.50
wojts: folds 
Nazareno1999: folds 
Uncalled bet ($1.50) returned to vadjkeee
vadjkeee collected $2.50 from pot
vadjkeee: doesn't show hand 
*** SUMMARY ***
Total pot $2.50 | Rake $0 
Seat 2: vadjkeee (button) collected ($2.50)
Seat 3: wojts (small blind) folded before Flop
Seat 5: Nazareno1999 (big blind) folded before Flop



PokerStars Hand #254613850814:  Hold'em No Limit ($0.50/$1.00 USD) - 2025/01/29 22:34:51 WET [2025/01/29 17:34:51 ET]
Table 'Rosalia' 6-max Seat #3 is the button
Seat 2: vadjkeee ($103 in chips) 
Seat 3: wojts ($8.50 in chips) 
Seat 5: Nazareno1999 ($105.77 in chips) 
Nazareno1999: posts small blind $0.50
vadjkeee: posts big blind $1
*** HOLE CARDS ***
wojts: folds 
Nazareno1999: folds 
Uncalled bet ($0.50) returned to vadjkeee
vadjkeee collected $1 from pot
vadjkeee: doesn't show hand 
*** SUMMARY ***
Total pot $1 | Rake $0 
Seat 2: vadjkeee (big blind) collected ($1)
Seat 3: wojts (button) folded before Flop (didn't bet)
Seat 5: Nazareno1999 (small blind) folded before Flop



PokerStars Hand #254613853825:  Hold'em No Limit ($0.50/$1.00 USD) - 2025/01/29 22:35:02 WET [2025/01/29 17:35:02 ET]
Table 'Rosalia' 6-max Seat #5 is the button
Seat 2: vadjkeee ($103.50 in chips) 
Seat 3: wojts ($10.50 in chips) 
Seat 5: Nazareno1999 ($105.27 in chips) 
vadjkeee: posts small blind $0.50
wojts: posts big blind $1
*** HOLE CARDS ***
Nazareno1999: folds 
vadjkeee: raises $2 to $3
wojts: folds 
Uncalled bet ($2) returned to vadjkeee
vadjkeee collected $2 from pot
vadjkeee: doesn't show hand 
*** SUMMARY ***
Total pot $2 | Rake $0 
Seat 2: vadjkeee (small blind) collected ($2)
Seat 3: wojts (big blind) folded before Flop
Seat 5: Nazareno1999 (button) folded before Flop (didn't bet)



PokerStars Hand #254613857112:  Hold'em No Limit ($0.50/$1.00 USD) - 2025/01/29 22:35:13 WET [2025/01/29 17:35:13 ET]
Table 'Rosalia' 6-max Seat #2 is the button
Seat 2: vadjkeee ($104.50 in chips) 
Seat 3: wojts ($9.50 in chips) 
Seat 5: Nazareno1999 ($105.27 in chips) 
wojts: posts small blind $0.50
Nazareno1999: posts big blind $1
*** HOLE CARDS ***
vadjkeee: folds 
wojts: raises $8.50 to $9.50 and is all-in
Nazareno1999: folds 
Uncalled bet ($8.50) returned to wojts
wojts collected $2 from pot
wojts: doesn't show hand 
*** SUMMARY ***
Total pot $2 | Rake $0 
Seat 2: vadjkeee (button) folded before Flop (didn't bet)
Seat 3: wojts (small blind) collected ($2)
Seat 5: Nazareno1999 (big blind) folded before Flop



PokerStars Hand #254613859984:  Hold'em No Limit ($0.50/$1.00 USD) - 2025/01/29 22:35:23 WET [2025/01/29 17:35:23 ET]
Table 'Rosalia' 6-max Seat #3 is the button
Seat 2: vadjkeee ($104.50 in chips) 
Seat 3: wojts ($10.50 in chips) 
Seat 5: Nazareno1999 ($104.27 in chips) 
Nazareno1999: posts small blind $0.50
vadjkeee: posts big blind $1
*** HOLE CARDS ***
wojts: folds 
Nazareno1999: folds 
Uncalled bet ($0.50) returned to vadjkeee
vadjkeee collected $1 from pot
vadjkeee: doesn't show hand 
*** SUMMARY ***
Total pot $1 | Rake $0 
Seat 2: vadjkeee (big blind) collected ($1)
Seat 3: wojts (button) folded before Flop (didn't bet)
Seat 5: Nazareno1999 (small blind) folded before Flop



PokerStars Hand #254613861963:  Hold'em No Limit ($0.50/$1.00 USD) - 2025/01/29 22:35:30 WET [2025/01/29 17:35:30 ET]
Table 'Rosalia' 6-max Seat #5 is the button
Seat 2: vadjkeee ($105 in chips) 
Seat 3: wojts ($10.50 in chips) 
Seat 5: Nazareno1999 ($103.77 in chips) 
vadjkeee: posts small blind $0.50
wojts: posts big blind $1
*** HOLE CARDS ***
Nazareno1999: raises $1.20 to $2.20
vadjkeee: raises $9.80 to $12
wojts: folds 
Nazareno1999: calls $9.80
*** FLOP *** [8s 2h Ts]
vadjkeee: bets $18
Nazareno1999: calls $18
*** TURN *** [8s 2h Ts] [7h]
vadjkeee: bets $75 and is all-in
Nazareno1999: calls $73.77 and is all-in
Uncalled bet ($1.23) returned to vadjkeee
*** RIVER *** [8s 2h Ts 7h] [2s]
*** SHOW DOWN ***
vadjkeee: shows [Jd Jc] (two pair, Jacks and Deuces)
Nazareno1999: shows [9h 9c] (two pair, Nines and Deuces)
vadjkeee collected $207.54 from pot
*** SUMMARY ***
Total pot $208.54 | Rake $1 
Board [8s 2h Ts 7h 2s]
Seat 2: vadjkeee (small blind) showed [Jd Jc] and won ($207.54) with two pair, Jacks and Deuces
Seat 3: wojts (big blind) folded before Flop
Seat 5: Nazareno1999 (button) showed [9h 9c] and lost with two pair, Nines and Deuces



PokerStars Hand #254613876824:  Hold'em No Limit ($0.50/$1.00 USD) - 2025/01/29 22:36:23 WET [2025/01/29 17:36:23 ET]
Table 'Rosalia' 6-max Seat #2 is the button
Seat 2: vadjkeee ($208.77 in chips) 
Seat 3: wojts ($9.50 in chips) 
Seat 5: Nazareno1999 ($100 in chips) 
wojts: posts small blind $0.50
Nazareno1999: posts big blind $1
*** HOLE CARDS ***
vadjkeee: folds 
wojts: folds 
Uncalled bet ($0.50) returned to Nazareno1999
Nazareno1999 collected $1 from pot
Nazareno1999: doesn't show hand 
*** SUMMARY ***
Total pot $1 | Rake $0 
Seat 2: vadjkeee (button) folded before Flop (didn't bet)
Seat 3: wojts (small blind) folded before Flop
Seat 5: Nazareno1999 (big blind) collected ($1)



PokerStars Hand #254613880580:  Hold'em No Limit ($0.50/$1.00 USD) - 2025/01/29 22:36:35 WET [2025/01/29 17:36:35 ET]
Table 'Rosalia' 6-max Seat #3 is the button
Seat 2: vadjkeee ($208.77 in chips) 
Seat 3: wojts ($9 in chips) 
Seat 5: Nazareno1999 ($100.50 in chips) 
Nazareno1999: posts small blind $0.50
vadjkeee: posts big blind $1
*** HOLE CARDS ***
wojts: folds 
Nazareno1999: folds 
Uncalled bet ($0.50) returned to vadjkeee
vadjkeee collected $1 from pot
vadjkeee: doesn't show hand 
*** SUMMARY ***
Total pot $1 | Rake $0 
Seat 2: vadjkeee (big blind) collected ($1)
Seat 3: wojts (button) folded before Flop (didn't bet)
Seat 5: Nazareno1999 (small blind) folded before Flop



PokerStars Hand #254613883293:  Hold'em No Limit ($0.50/$1.00 USD) - 2025/01/29 22:36:45 WET [2025/01/29 17:36:45 ET]
Table 'Rosalia' 6-max Seat #2 is the button
Seat 3: wojts ($9 in chips) is sitting out
Seat 2: vadjkeee ($209.27 in chips) 
Seat 5: Nazareno1999 ($100 in chips) 
vadjkeee: posts small blind $0.50
wojts: is sitting out 
Nazareno1999: posts big blind $1
*** HOLE CARDS ***
vadjkeee: raises $1.50 to $2.50
Nazareno1999: folds 
Uncalled bet ($1.50) returned to vadjkeee
vadjkeee collected $2 from pot
vadjkeee: doesn't show hand 
*** SUMMARY ***
Total pot $2 | Rake $0 
Seat 3: wojts
Seat 2: vadjkeee (button) (small blind) collected ($2)
Seat 5: Nazareno1999 (big blind) folded before Flop



PokerStars Hand #254613886399:  Hold'em No Limit ($0.50/$1.00 USD) - 2025/01/29 22:36:56 WET [2025/01/29 17:36:56 ET]
Table 'Rosalia' 6-max Seat #5 is the button
Seat 3: wojts ($9 in chips) is sitting out
Seat 2: vadjkeee ($210.27 in chips) 
Seat 5: Nazareno1999 ($100 in chips) 
Nazareno1999: posts small blind $0.50
vadjkeee: posts big blind $1
*** HOLE CARDS ***
Nazareno1999: folds 
Uncalled bet ($0.50) returned to vadjkeee
vadjkeee collected $1 from pot
vadjkeee: doesn't show hand 
*** SUMMARY ***
Total pot $1 | Rake $0 
Seat 3: wojts
Seat 2: vadjkeee (big blind) collected ($1)
Seat 5: Nazareno1999 (button) (small blind) folded before Flop



PokerStars Hand #254613888257:  Hold'em No Limit ($0.50/$1.00 USD) - 2025/01/29 22:37:03 WET [2025/01/29 17:37:03 ET]
Table 'Rosalia' 6-max Seat #2 is the button
Seat 3: wojts ($9 in chips) is sitting out
Seat 2: vadjkeee ($210.77 in chips) 
Seat 5: Nazareno1999 ($100 in chips) 
vadjkeee: posts small blind $0.50
Nazareno1999: posts big blind $1
*** HOLE CARDS ***
vadjkeee: raises $1.50 to $2.50
Nazareno1999: calls $1.50
*** FLOP *** [4s Kc Ts]
Nazareno1999: checks 
vadjkeee: bets $2.61
Nazareno1999: folds 
Uncalled bet ($2.61) returned to vadjkeee
vadjkeee collected $4.75 from pot
vadjkeee: doesn't show hand 
*** SUMMARY ***
Total pot $5 | Rake $0.25 
Board [4s Kc Ts]
Seat 3: wojts
Seat 2: vadjkeee (button) (small blind) collected ($4.75)
Seat 5: Nazareno1999 (big blind) folded on the Flop



PokerStars Hand #254613895139:  Hold'em No Limit ($0.50/$1.00 USD) - 2025/01/29 22:37:27 WET [2025/01/29 17:37:27 ET]
Table 'Rosalia' 6-max Seat #5 is the button
Seat 3: wojts ($9 in chips) is sitting out
Seat 2: vadjkeee ($213.02 in chips) 
Seat 5: Nazareno1999 ($100 in chips) 
Nazareno1999: posts small blind $0.50
vadjkeee: posts big blind $1
*** HOLE CARDS ***
Nazareno1999: raises $1.50 to $2.50
vadjkeee: folds 
Uncalled bet ($1.50) returned to Nazareno1999
Nazareno1999 collected $2 from pot
Nazareno1999: doesn't show hand 
*** SUMMARY ***
Total pot $2 | Rake $0 
Seat 3: wojts
Seat 2: vadjkeee (big blind) folded before Flop
Seat 5: Nazareno1999 (button) (small blind) collected ($2)



