PokerStars Hand #254607073367:  Hold'em No Limit ($0.50/$1.00 USD) - 2025/01/29 15:18:02 WET [2025/01/29 10:18:02 ET]
Table 'Arethusa' 6-max Seat #4 is the button
Seat 2: zZQuiltedZz ($0 in chips) is sitting out
Seat 6: Megaways ($0 in chips) is sitting out
Seat 1: peak joker33 ($100 in chips) 
Seat 3: Espada Fish ($109.20 in chips) 
Seat 4: mironchikvld ($167.12 in chips) 
Seat 5: RAidakCo ($100 in chips) 
RAidakCo: posts small blind $0.50
peak joker33: posts big blind $1
*** HOLE CARDS ***
Espada Fish: raises $1.20 to $2.20
mironchikvld: folds 
RAidakCo: folds 
peak joker33: calls $1.20
*** FLOP *** [Th 9s 3s]
peak joker33: checks 
Espada Fish: bets $3.50
peak joker33: folds 
Uncalled bet ($3.50) returned to Espada Fish
Espada Fish collected $4.66 from pot
Espada Fish: doesn't show hand 
*** SUMMARY ***
Total pot $4.90 | Rake $0.24 
Board [Th 9s 3s]
Seat 2: zZQuiltedZz
Seat 6: Megaways
Seat 1: peak joker33 (big blind) folded on the Flop
Seat 3: Espada Fish collected ($4.66)
Seat 4: mironchikvld (button) folded before Flop (didn't bet)
Seat 5: RAidakCo (small blind) folded before Flop



PokerStars Hand #254607080375:  Hold'em No Limit ($0.50/$1.00 USD) - 2025/01/29 15:18:37 WET [2025/01/29 10:18:37 ET]
Table 'Arethusa' 6-max Seat #5 is the button
Seat 6: Megaways ($40.63 in chips) is sitting out
Seat 1: peak joker33 ($100 in chips) 
Seat 2: zZQuiltedZz ($10.44 in chips) 
Seat 3: Espada Fish ($111.66 in chips) 
Seat 4: mironchikvld ($167.12 in chips) 
Seat 5: RAidakCo ($100 in chips) 
peak joker33: posts small blind $0.50
zZQuiltedZz: posts big blind $1
*** HOLE CARDS ***
Espada Fish: folds 
mironchikvld: folds 
RAidakCo: folds 
peak joker33: folds 
Uncalled bet ($0.50) returned to zZQuiltedZz
zZQuiltedZz collected $1 from pot
*** SUMMARY ***
Total pot $1 | Rake $0 
Seat 6: Megaways
Seat 1: peak joker33 (small blind) folded before Flop
Seat 2: zZQuiltedZz (big blind) collected ($1)
Seat 3: Espada Fish folded before Flop (didn't bet)
Seat 4: mironchikvld folded before Flop (didn't bet)
Seat 5: RAidakCo (button) folded before Flop (didn't bet)



PokerStars Hand #254607083046:  Hold'em No Limit ($0.50/$1.00 USD) - 2025/01/29 15:18:50 WET [2025/01/29 10:18:50 ET]
Table 'Arethusa' 6-max Seat #1 is the button
Seat 1: peak joker33 ($100 in chips) 
Seat 2: zZQuiltedZz ($10.94 in chips) 
Seat 3: Espada Fish ($111.66 in chips) 
Seat 4: mironchikvld ($167.12 in chips) 
Seat 5: RAidakCo ($100 in chips) 
Seat 6: Megaways ($40.63 in chips) 
zZQuiltedZz: posts small blind $0.50
Espada Fish: posts big blind $1
Megaways: posts small & big blinds $1.50
*** HOLE CARDS ***
mironchikvld has timed out
mironchikvld: folds 
RAidakCo: raises $3 to $4
Megaways: calls $3
peak joker33: folds 
zZQuiltedZz: folds 
Espada Fish: calls $3
*** FLOP *** [6d Js 2s]
Espada Fish: checks 
RAidakCo: bets $4.08
Megaways: raises $8.26 to $12.34
Espada Fish: folds 
RAidakCo: folds 
Uncalled bet ($8.26) returned to Megaways
Megaways collected $20.10 from pot
*** SUMMARY ***
Total pot $21.16 | Rake $1.06 
Board [6d Js 2s]
Seat 1: peak joker33 (button) folded before Flop (didn't bet)
Seat 2: zZQuiltedZz (small blind) folded before Flop
Seat 3: Espada Fish (big blind) folded on the Flop
Seat 4: mironchikvld folded before Flop (didn't bet)
Seat 5: RAidakCo folded on the Flop
Seat 6: Megaways collected ($20.10)



PokerStars Hand #254607097372:  Hold'em No Limit ($0.50/$1.00 USD) - 2025/01/29 15:20:00 WET [2025/01/29 10:20:00 ET]
Table 'Arethusa' 6-max Seat #2 is the button
Seat 1: peak joker33 ($100 in chips) 
Seat 2: zZQuiltedZz ($10.44 in chips) 
Seat 3: Espada Fish ($107.66 in chips) 
Seat 4: mironchikvld ($167.12 in chips) 
Seat 5: RAidakCo ($100 in chips) 
Seat 6: Megaways ($52.15 in chips) 
Espada Fish: posts small blind $0.50
mironchikvld: posts big blind $1
*** HOLE CARDS ***
RAidakCo: folds 
Megaways: folds 
peak joker33: folds 
zZQuiltedZz: raises $1 to $2
Espada Fish: folds 
mironchikvld: raises $10 to $12
zZQuiltedZz: calls $8.44 and is all-in
Uncalled bet ($1.56) returned to mironchikvld
*** FLOP *** [9h Td 3s]
*** TURN *** [9h Td 3s] [Qd]
*** RIVER *** [9h Td 3s Qd] [8d]
*** SHOW DOWN ***
mironchikvld: shows [4c 4h] (a pair of Fours)
zZQuiltedZz: shows [Qc Qs] (three of a kind, Queens)
zZQuiltedZz collected $20.31 from pot
*** SUMMARY ***
Total pot $21.38 | Rake $1.07 
Board [9h Td 3s Qd 8d]
Seat 1: peak joker33 folded before Flop (didn't bet)
Seat 2: zZQuiltedZz (button) showed [Qc Qs] and won ($20.31) with three of a kind, Queens
Seat 3: Espada Fish (small blind) folded before Flop
Seat 4: mironchikvld (big blind) showed [4c 4h] and lost with a pair of Fours
Seat 5: RAidakCo folded before Flop (didn't bet)
Seat 6: Megaways folded before Flop (didn't bet)



PokerStars Hand #254607104090:  Hold'em No Limit ($0.50/$1.00 USD) - 2025/01/29 15:20:33 WET [2025/01/29 10:20:33 ET]
Table 'Arethusa' 6-max Seat #3 is the button
Seat 1: peak joker33 ($100 in chips) 
Seat 2: zZQuiltedZz ($20.31 in chips) 
Seat 3: Espada Fish ($107.16 in chips) 
Seat 4: mironchikvld ($156.68 in chips) 
Seat 5: RAidakCo ($100 in chips) 
Seat 6: Megaways ($52.15 in chips) 
mironchikvld: posts small blind $0.50
RAidakCo: posts big blind $1
*** HOLE CARDS ***
Megaways: folds 
peak joker33: raises $1.50 to $2.50
zZQuiltedZz: folds 
Espada Fish: folds 
mironchikvld: folds 
RAidakCo: calls $1.50
*** FLOP *** [9d 7s 6h]
RAidakCo: checks 
peak joker33: checks 
*** TURN *** [9d 7s 6h] [Ts]
RAidakCo: bets $1.72
peak joker33: raises $5.20 to $6.92
RAidakCo: calls $5.20
*** RIVER *** [9d 7s 6h Ts] [4d]
RAidakCo: checks 
peak joker33: bets $12.02
RAidakCo: folds 
Uncalled bet ($12.02) returned to peak joker33
peak joker33 collected $18.37 from pot
peak joker33: doesn't show hand 
*** SUMMARY ***
Total pot $19.34 | Rake $0.97 
Board [9d 7s 6h Ts 4d]
Seat 1: peak joker33 collected ($18.37)
Seat 2: zZQuiltedZz folded before Flop (didn't bet)
Seat 3: Espada Fish (button) folded before Flop (didn't bet)
Seat 4: mironchikvld (small blind) folded before Flop
Seat 5: RAidakCo (big blind) folded on the River
Seat 6: Megaways folded before Flop (didn't bet)



PokerStars Hand #254607122431:  Hold'em No Limit ($0.50/$1.00 USD) - 2025/01/29 15:22:03 WET [2025/01/29 10:22:03 ET]
Table 'Arethusa' 6-max Seat #4 is the button
Seat 1: peak joker33 ($108.95 in chips) 
Seat 2: zZQuiltedZz ($20.31 in chips) 
Seat 3: Espada Fish ($107.16 in chips) 
Seat 4: mironchikvld ($156.18 in chips) 
Seat 5: RAidakCo ($100 in chips) 
Seat 6: Megaways ($52.15 in chips) 
RAidakCo: posts small blind $0.50
Megaways: posts big blind $1
*** HOLE CARDS ***
peak joker33: folds 
zZQuiltedZz: folds 
Espada Fish: raises $1.20 to $2.20
mironchikvld: calls $2.20
RAidakCo: folds 
Megaways: calls $1.20
*** FLOP *** [7h 7s 7c]
Megaways: bets $1
Espada Fish: raises $4.37 to $5.37
mironchikvld: folds 
Megaways: folds 
Uncalled bet ($4.37) returned to Espada Fish
Espada Fish collected $8.64 from pot
Espada Fish: doesn't show hand 
*** SUMMARY ***
Total pot $9.10 | Rake $0.46 
Board [7h 7s 7c]
Seat 1: peak joker33 folded before Flop (didn't bet)
Seat 2: zZQuiltedZz folded before Flop (didn't bet)
Seat 3: Espada Fish collected ($8.64)
Seat 4: mironchikvld (button) folded on the Flop
Seat 5: RAidakCo (small blind) folded before Flop
Seat 6: Megaways (big blind) folded on the Flop



PokerStars Hand #254607131018:  Hold'em No Limit ($0.50/$1.00 USD) - 2025/01/29 15:22:45 WET [2025/01/29 10:22:45 ET]
Table 'Arethusa' 6-max Seat #5 is the button
Seat 1: peak joker33 ($108.95 in chips) 
Seat 2: zZQuiltedZz ($20.31 in chips) 
Seat 3: Espada Fish ($112.60 in chips) 
Seat 4: mironchikvld ($153.98 in chips) 
Seat 5: RAidakCo ($100 in chips) 
Seat 6: Megaways ($48.95 in chips) 
Megaways: posts small blind $0.50
peak joker33: posts big blind $1
*** HOLE CARDS ***
zZQuiltedZz: folds 
Espada Fish: folds 
mironchikvld: folds 
RAidakCo: folds 
Megaways: folds 
Uncalled bet ($0.50) returned to peak joker33
peak joker33 collected $1 from pot
peak joker33: doesn't show hand 
*** SUMMARY ***
Total pot $1 | Rake $0 
Seat 1: peak joker33 (big blind) collected ($1)
Seat 2: zZQuiltedZz folded before Flop (didn't bet)
Seat 3: Espada Fish folded before Flop (didn't bet)
Seat 4: mironchikvld folded before Flop (didn't bet)
Seat 5: RAidakCo (button) folded before Flop (didn't bet)
Seat 6: Megaways (small blind) folded before Flop



PokerStars Hand #254607193262:  Hold'em No Limit ($0.50/$1.00 USD) - 2025/01/29 15:27:48 WET [2025/01/29 10:27:48 ET]
Table 'Arethusa' 6-max Seat #6 is the button
Seat 1: peak joker33 ($100 in chips) 
Seat 2: vadjkeee ($100 in chips) 
Seat 3: Espada Fish ($107.05 in chips) 
Seat 4: mironchikvld ($153.98 in chips) 
Seat 5: RAidakCo ($101 in chips) 
Seat 6: Megaways ($114.63 in chips) 
peak joker33: posts small blind $0.50
vadjkeee: posts big blind $1
*** HOLE CARDS ***
Espada Fish: folds 
mironchikvld: folds 
RAidakCo: folds 
Megaways: calls $1
peak joker33: folds 
vadjkeee: checks 
*** FLOP *** [3s Ad Kc]
vadjkeee: checks 
Megaways: checks 
*** TURN *** [3s Ad Kc] [3h]
vadjkeee: bets $2
Megaways: raises $2 to $4
vadjkeee: folds 
Uncalled bet ($2) returned to Megaways
Megaways collected $6.18 from pot
*** SUMMARY ***
Total pot $6.50 | Rake $0.32 
Board [3s Ad Kc 3h]
Seat 1: peak joker33 (small blind) folded before Flop
Seat 2: vadjkeee (big blind) folded on the Turn
Seat 3: Espada Fish folded before Flop (didn't bet)
Seat 4: mironchikvld folded before Flop (didn't bet)
Seat 5: RAidakCo folded before Flop (didn't bet)
Seat 6: Megaways (button) collected ($6.18)



PokerStars Hand #254607200537:  Hold'em No Limit ($0.50/$1.00 USD) - 2025/01/29 15:28:24 WET [2025/01/29 10:28:24 ET]
Table 'Arethusa' 6-max Seat #1 is the button
Seat 1: peak joker33 ($100 in chips) 
Seat 2: vadjkeee ($100 in chips) 
Seat 3: Espada Fish ($107.05 in chips) 
Seat 4: mironchikvld ($153.98 in chips) 
Seat 5: RAidakCo ($101 in chips) 
Seat 6: Megaways ($117.81 in chips) 
vadjkeee: posts small blind $0.50
Espada Fish: posts big blind $1
*** HOLE CARDS ***
mironchikvld: folds 
RAidakCo: raises $1.20 to $2.20
Megaways: calls $2.20
peak joker33: folds 
vadjkeee: folds 
Espada Fish: folds 
*** FLOP *** [Qh Ah 6c]
RAidakCo: bets $1.85
Megaways: calls $1.85
*** TURN *** [Qh Ah 6c] [Ks]
RAidakCo: checks 
Megaways: bets $4
RAidakCo: folds 
Uncalled bet ($4) returned to Megaways
Megaways collected $9.12 from pot
*** SUMMARY ***
Total pot $9.60 | Rake $0.48 
Board [Qh Ah 6c Ks]
Seat 1: peak joker33 (button) folded before Flop (didn't bet)
Seat 2: vadjkeee (small blind) folded before Flop
Seat 3: Espada Fish (big blind) folded before Flop
Seat 4: mironchikvld folded before Flop (didn't bet)
Seat 5: RAidakCo folded on the Turn
Seat 6: Megaways collected ($9.12)



PokerStars Hand #254607212258:  Hold'em No Limit ($0.50/$1.00 USD) - 2025/01/29 15:29:21 WET [2025/01/29 10:29:21 ET]
Table 'Arethusa' 6-max Seat #2 is the button
Seat 1: peak joker33 ($100 in chips) 
Seat 2: vadjkeee ($100 in chips) 
Seat 3: Espada Fish ($106.05 in chips) 
Seat 4: mironchikvld ($153.98 in chips) 
Seat 5: RAidakCo ($100 in chips) 
Seat 6: Megaways ($122.88 in chips) 
Espada Fish: posts small blind $0.50
mironchikvld: posts big blind $1
*** HOLE CARDS ***
RAidakCo: raises $1 to $2
Megaways: folds 
peak joker33: folds 
vadjkeee: folds 
Espada Fish: folds 
mironchikvld: folds 
Uncalled bet ($1) returned to RAidakCo
RAidakCo collected $2.50 from pot
RAidakCo: doesn't show hand 
*** SUMMARY ***
Total pot $2.50 | Rake $0 
Seat 1: peak joker33 folded before Flop (didn't bet)
Seat 2: vadjkeee (button) folded before Flop (didn't bet)
Seat 3: Espada Fish (small blind) folded before Flop
Seat 4: mironchikvld (big blind) folded before Flop
Seat 5: RAidakCo collected ($2.50)
Seat 6: Megaways folded before Flop (didn't bet)



PokerStars Hand #254607215239:  Hold'em No Limit ($0.50/$1.00 USD) - 2025/01/29 15:29:35 WET [2025/01/29 10:29:35 ET]
Table 'Arethusa' 6-max Seat #3 is the button
Seat 1: peak joker33 ($100 in chips) 
Seat 2: vadjkeee ($100 in chips) 
Seat 3: Espada Fish ($105.55 in chips) 
Seat 4: mironchikvld ($152.98 in chips) 
Seat 5: RAidakCo ($101.50 in chips) 
Seat 6: Megaways ($122.88 in chips) 
mironchikvld: posts small blind $0.50
RAidakCo: posts big blind $1
*** HOLE CARDS ***
Megaways: folds 
peak joker33: folds 
vadjkeee: raises $1.50 to $2.50
Espada Fish: folds 
mironchikvld: folds 
RAidakCo: folds 
Uncalled bet ($1.50) returned to vadjkeee
vadjkeee collected $2.50 from pot
vadjkeee: doesn't show hand 
*** SUMMARY ***
Total pot $2.50 | Rake $0 
Seat 1: peak joker33 folded before Flop (didn't bet)
Seat 2: vadjkeee collected ($2.50)
Seat 3: Espada Fish (button) folded before Flop (didn't bet)
Seat 4: mironchikvld (small blind) folded before Flop
Seat 5: RAidakCo (big blind) folded before Flop
Seat 6: Megaways folded before Flop (didn't bet)



PokerStars Hand #254607220354:  Hold'em No Limit ($0.50/$1.00 USD) - 2025/01/29 15:30:00 WET [2025/01/29 10:30:00 ET]
Table 'Arethusa' 6-max Seat #4 is the button
Seat 1: peak joker33 ($100 in chips) 
Seat 2: vadjkeee ($101.50 in chips) 
Seat 3: Espada Fish ($105.55 in chips) 
Seat 4: mironchikvld ($152.48 in chips) 
Seat 5: RAidakCo ($100.50 in chips) 
Seat 6: Megaways ($122.88 in chips) 
RAidakCo: posts small blind $0.50
Megaways: posts big blind $1
*** HOLE CARDS ***
peak joker33: folds 
vadjkeee: folds 
Espada Fish: folds 
mironchikvld: folds 
RAidakCo: raises $2 to $3
Megaways: calls $2
*** FLOP *** [5d 3h 3s]
RAidakCo: bets $1.88
Megaways: folds 
Uncalled bet ($1.88) returned to RAidakCo
RAidakCo collected $5.70 from pot
RAidakCo: doesn't show hand 
*** SUMMARY ***
Total pot $6 | Rake $0.30 
Board [5d 3h 3s]
Seat 1: peak joker33 folded before Flop (didn't bet)
Seat 2: vadjkeee folded before Flop (didn't bet)
Seat 3: Espada Fish folded before Flop (didn't bet)
Seat 4: mironchikvld (button) folded before Flop (didn't bet)
Seat 5: RAidakCo (small blind) collected ($5.70)
Seat 6: Megaways (big blind) folded on the Flop



PokerStars Hand #254607227318:  Hold'em No Limit ($0.50/$1.00 USD) - 2025/01/29 15:30:34 WET [2025/01/29 10:30:34 ET]
Table 'Arethusa' 6-max Seat #5 is the button
Seat 1: peak joker33 ($100 in chips) 
Seat 2: vadjkeee ($101.50 in chips) 
Seat 3: Espada Fish ($105.55 in chips) 
Seat 4: mironchikvld ($152.48 in chips) 
Seat 5: RAidakCo ($103.20 in chips) 
Seat 6: Megaways ($119.88 in chips) 
Megaways: posts small blind $0.50
peak joker33: posts big blind $1
*** HOLE CARDS ***
vadjkeee: folds 
Espada Fish: raises $1.20 to $2.20
mironchikvld: folds 
RAidakCo: folds 
Megaways: folds 
peak joker33: folds 
Uncalled bet ($1.20) returned to Espada Fish
Espada Fish collected $2.50 from pot
Espada Fish: doesn't show hand 
*** SUMMARY ***
Total pot $2.50 | Rake $0 
Seat 1: peak joker33 (big blind) folded before Flop
Seat 2: vadjkeee folded before Flop (didn't bet)
Seat 3: Espada Fish collected ($2.50)
Seat 4: mironchikvld folded before Flop (didn't bet)
Seat 5: RAidakCo (button) folded before Flop (didn't bet)
Seat 6: Megaways (small blind) folded before Flop



PokerStars Hand #254607230971:  Hold'em No Limit ($0.50/$1.00 USD) - 2025/01/29 15:30:52 WET [2025/01/29 10:30:52 ET]
Table 'Arethusa' 6-max Seat #6 is the button
Seat 1: peak joker33 ($100 in chips) 
Seat 2: vadjkeee ($101.50 in chips) 
Seat 3: Espada Fish ($107.05 in chips) 
Seat 4: mironchikvld ($152.48 in chips) 
Seat 5: RAidakCo ($103.20 in chips) 
Seat 6: Megaways ($119.38 in chips) 
peak joker33: posts small blind $0.50
vadjkeee: posts big blind $1
*** HOLE CARDS ***
Espada Fish: folds 
mironchikvld: raises $2 to $3
RAidakCo: folds 
Megaways: calls $3
peak joker33: folds 
vadjkeee: folds 
*** FLOP *** [9s 6h 7c]
mironchikvld: checks 
Megaways: checks 
*** TURN *** [9s 6h 7c] [Ad]
mironchikvld: bets $2.35
Megaways: folds 
Uncalled bet ($2.35) returned to mironchikvld
mironchikvld collected $7.12 from pot
mironchikvld: doesn't show hand 
*** SUMMARY ***
Total pot $7.50 | Rake $0.38 
Board [9s 6h 7c Ad]
Seat 1: peak joker33 (small blind) folded before Flop
Seat 2: vadjkeee (big blind) folded before Flop
Seat 3: Espada Fish folded before Flop (didn't bet)
Seat 4: mironchikvld collected ($7.12)
Seat 5: RAidakCo folded before Flop (didn't bet)
Seat 6: Megaways (button) folded on the Turn



PokerStars Hand #254607241238:  Hold'em No Limit ($0.50/$1.00 USD) - 2025/01/29 15:31:41 WET [2025/01/29 10:31:41 ET]
Table 'Arethusa' 6-max Seat #1 is the button
Seat 1: peak joker33 ($100 in chips) 
Seat 2: vadjkeee ($100.50 in chips) 
Seat 3: Espada Fish ($107.05 in chips) 
Seat 4: mironchikvld ($156.60 in chips) 
Seat 5: RAidakCo ($103.20 in chips) 
Seat 6: Megaways ($116.38 in chips) 
vadjkeee: posts small blind $0.50
Espada Fish: posts big blind $1
*** HOLE CARDS ***
mironchikvld: folds 
RAidakCo: folds 
Megaways: folds 
peak joker33: folds 
vadjkeee: raises $2 to $3
Espada Fish: calls $2
*** FLOP *** [3s 3d Qs]
vadjkeee: bets $1.43
Espada Fish: folds 
Uncalled bet ($1.43) returned to vadjkeee
vadjkeee collected $5.70 from pot
vadjkeee: doesn't show hand 
*** SUMMARY ***
Total pot $6 | Rake $0.30 
Board [3s 3d Qs]
Seat 1: peak joker33 (button) folded before Flop (didn't bet)
Seat 2: vadjkeee (small blind) collected ($5.70)
Seat 3: Espada Fish (big blind) folded on the Flop
Seat 4: mironchikvld folded before Flop (didn't bet)
Seat 5: RAidakCo folded before Flop (didn't bet)
Seat 6: Megaways folded before Flop (didn't bet)



PokerStars Hand #254607246653:  Hold'em No Limit ($0.50/$1.00 USD) - 2025/01/29 15:32:06 WET [2025/01/29 10:32:06 ET]
Table 'Arethusa' 6-max Seat #2 is the button
Seat 1: peak joker33 ($100 in chips) 
Seat 2: vadjkeee ($103.20 in chips) 
Seat 3: Espada Fish ($104.05 in chips) 
Seat 4: mironchikvld ($156.60 in chips) 
Seat 5: RAidakCo ($103.20 in chips) 
Seat 6: Megaways ($116.38 in chips) 
Espada Fish: posts small blind $0.50
mironchikvld: posts big blind $1
*** HOLE CARDS ***
RAidakCo: folds 
Megaways: raises $23 to $24
peak joker33: folds 
vadjkeee: folds 
Espada Fish: folds 
mironchikvld: folds 
Uncalled bet ($23) returned to Megaways
Megaways collected $2.50 from pot
*** SUMMARY ***
Total pot $2.50 | Rake $0 
Seat 1: peak joker33 folded before Flop (didn't bet)
Seat 2: vadjkeee (button) folded before Flop (didn't bet)
Seat 3: Espada Fish (small blind) folded before Flop
Seat 4: mironchikvld (big blind) folded before Flop
Seat 5: RAidakCo folded before Flop (didn't bet)
Seat 6: Megaways collected ($2.50)



PokerStars Hand #254607252326:  Hold'em No Limit ($0.50/$1.00 USD) - 2025/01/29 15:32:34 WET [2025/01/29 10:32:34 ET]
Table 'Arethusa' 6-max Seat #3 is the button
Seat 1: peak joker33 ($100 in chips) 
Seat 2: vadjkeee ($103.20 in chips) 
Seat 3: Espada Fish ($103.55 in chips) 
Seat 4: mironchikvld ($155.60 in chips) 
Seat 5: RAidakCo ($103.20 in chips) 
Seat 6: Megaways ($117.88 in chips) 
mironchikvld: posts small blind $0.50
RAidakCo: posts big blind $1
*** HOLE CARDS ***
Megaways: calls $1
peak joker33: folds 
vadjkeee: raises $3 to $4
Espada Fish: folds 
mironchikvld: folds 
RAidakCo: folds 
Megaways: calls $3
*** FLOP *** [Jd 2s 4s]
Megaways: bets $3
vadjkeee: raises $6 to $9
Megaways is disconnected 
Megaways is connected 
Megaways: calls $6
*** TURN *** [Jd 2s 4s] [6s]
Megaways: checks 
vadjkeee: checks 
*** RIVER *** [Jd 2s 4s 6s] [Th]
Megaways: bets $13.06
vadjkeee: folds 
Uncalled bet ($13.06) returned to Megaways
Megaways collected $26.12 from pot
Megaways: doesn't show hand 
*** SUMMARY ***
Total pot $27.50 | Rake $1.38 
Board [Jd 2s 4s 6s Th]
Seat 1: peak joker33 folded before Flop (didn't bet)
Seat 2: vadjkeee folded on the River
Seat 3: Espada Fish (button) folded before Flop (didn't bet)
Seat 4: mironchikvld (small blind) folded before Flop
Seat 5: RAidakCo (big blind) folded before Flop
Seat 6: Megaways collected ($26.12)



PokerStars Hand #254607264535:  Hold'em No Limit ($0.50/$1.00 USD) - 2025/01/29 15:33:33 WET [2025/01/29 10:33:33 ET]
Table 'Arethusa' 6-max Seat #4 is the button
Seat 1: peak joker33 ($100 in chips) 
Seat 2: vadjkeee ($100 in chips) 
Seat 3: Espada Fish ($103.55 in chips) 
Seat 4: mironchikvld ($155.10 in chips) 
Seat 5: RAidakCo ($102.20 in chips) 
Seat 6: Megaways ($131 in chips) 
RAidakCo: posts small blind $0.50
Megaways: posts big blind $1
*** HOLE CARDS ***
peak joker33: folds 
vadjkeee: raises $2 to $3
Espada Fish: folds 
mironchikvld: folds 
RAidakCo: folds 
Megaways: calls $2
*** FLOP *** [9d Jc Kc]
Megaways: bets $2.15
vadjkeee: calls $2.15
*** TURN *** [9d Jc Kc] [Qd]
Megaways: checks 
vadjkeee: checks 
*** RIVER *** [9d Jc Kc Qd] [3s]
Megaways: bets $7
vadjkeee: calls $7
*** SHOW DOWN ***
Megaways: shows [6d Ac] (high card Ace)
vadjkeee: shows [9h Qh] (two pair, Queens and Nines)
vadjkeee collected $23.56 from pot
*** SUMMARY ***
Total pot $24.80 | Rake $1.24 
Board [9d Jc Kc Qd 3s]
Seat 1: peak joker33 folded before Flop (didn't bet)
Seat 2: vadjkeee showed [9h Qh] and won ($23.56) with two pair, Queens and Nines
Seat 3: Espada Fish folded before Flop (didn't bet)
Seat 4: mironchikvld (button) folded before Flop (didn't bet)
Seat 5: RAidakCo (small blind) folded before Flop
Seat 6: Megaways (big blind) showed [6d Ac] and lost with high card Ace



PokerStars Hand #254607279990:  Hold'em No Limit ($0.50/$1.00 USD) - 2025/01/29 15:34:47 WET [2025/01/29 10:34:47 ET]
Table 'Arethusa' 6-max Seat #5 is the button
Seat 1: peak joker33 ($100 in chips) is sitting out
Seat 2: vadjkeee ($111.41 in chips) 
Seat 3: Espada Fish ($103.55 in chips) 
Seat 4: mironchikvld ($155.10 in chips) 
Seat 5: RAidakCo ($101.70 in chips) 
Seat 6: Megaways ($118.85 in chips) 
Megaways: posts small blind $0.50
vadjkeee: posts big blind $1
*** HOLE CARDS ***
Espada Fish: folds 
mironchikvld: folds 
RAidakCo: folds 
Megaways: calls $0.50
vadjkeee: raises $3 to $4
Megaways: calls $3
*** FLOP *** [7h 5s Jc]
Megaways: bets $5
vadjkeee: folds 
Uncalled bet ($5) returned to Megaways
Megaways collected $7.60 from pot
Megaways: doesn't show hand 
*** SUMMARY ***
Total pot $8 | Rake $0.40 
Board [7h 5s Jc]
Seat 1: peak joker33
Seat 2: vadjkeee (big blind) folded on the Flop
Seat 3: Espada Fish folded before Flop (didn't bet)
Seat 4: mironchikvld folded before Flop (didn't bet)
Seat 5: RAidakCo (button) folded before Flop (didn't bet)
Seat 6: Megaways (small blind) collected ($7.60)



PokerStars Hand #254607288150:  Hold'em No Limit ($0.50/$1.00 USD) - 2025/01/29 15:35:26 WET [2025/01/29 10:35:26 ET]
Table 'Arethusa' 6-max Seat #6 is the button
Seat 1: peak joker33 ($100 in chips) is sitting out
Seat 2: vadjkeee ($107.41 in chips) 
Seat 3: Espada Fish ($103.55 in chips) 
Seat 4: mironchikvld ($155.10 in chips) 
Seat 5: RAidakCo ($101.70 in chips) 
Seat 6: Megaways ($122.45 in chips) 
vadjkeee: posts small blind $0.50
Espada Fish: posts big blind $1
*** HOLE CARDS ***
mironchikvld: folds 
RAidakCo: folds 
Megaways: raises $3 to $4
vadjkeee: folds 
Espada Fish: folds 
Uncalled bet ($3) returned to Megaways
Megaways collected $2.50 from pot
Megaways: doesn't show hand 
*** SUMMARY ***
Total pot $2.50 | Rake $0 
Seat 1: peak joker33
Seat 2: vadjkeee (small blind) folded before Flop
Seat 3: Espada Fish (big blind) folded before Flop
Seat 4: mironchikvld folded before Flop (didn't bet)
Seat 5: RAidakCo folded before Flop (didn't bet)
Seat 6: Megaways (button) collected ($2.50)



PokerStars Hand #254607293848:  Hold'em No Limit ($0.50/$1.00 USD) - 2025/01/29 15:35:53 WET [2025/01/29 10:35:53 ET]
Table 'Arethusa' 6-max Seat #2 is the button
Seat 1: peak joker33 ($100 in chips) is sitting out
Seat 2: vadjkeee ($106.91 in chips) 
Seat 3: Espada Fish ($102.55 in chips) 
Seat 4: mironchikvld ($155.10 in chips) 
Seat 5: RAidakCo ($101.70 in chips) 
Seat 6: Megaways ($123.95 in chips) 
Espada Fish: posts small blind $0.50
mironchikvld: posts big blind $1
peak joker33: sits out 
*** HOLE CARDS ***
RAidakCo: raises $1 to $2
Megaways: calls $2
vadjkeee: raises $10 to $12
Espada Fish: folds 
mironchikvld: folds 
RAidakCo: calls $10
Megaways: calls $10
*** FLOP *** [Ac Td 6d]
RAidakCo: checks 
Megaways: checks 
vadjkeee: checks 
*** TURN *** [Ac Td 6d] [3d]
RAidakCo: bets $17.81
Megaways: folds 
vadjkeee: calls $17.81
*** RIVER *** [Ac Td 6d 3d] [6h]
RAidakCo: checks 
vadjkeee: checks 
*** SHOW DOWN ***
RAidakCo: shows [Qc Kc] (a pair of Sixes)
vadjkeee: mucks hand 
RAidakCo collected $70.62 from pot
*** SUMMARY ***
Total pot $73.12 | Rake $2.50 
Board [Ac Td 6d 3d 6h]
Seat 1: peak joker33
Seat 2: vadjkeee (button) mucked
Seat 3: Espada Fish (small blind) folded before Flop
Seat 4: mironchikvld (big blind) folded before Flop
Seat 5: RAidakCo showed [Qc Kc] and won ($70.62) with a pair of Sixes
Seat 6: Megaways folded on the Turn



PokerStars Hand #254607307445:  Hold'em No Limit ($0.50/$1.00 USD) - 2025/01/29 15:36:58 WET [2025/01/29 10:36:58 ET]
Table 'Arethusa' 6-max Seat #3 is the button
Seat 1: peak joker33 ($100 in chips) is sitting out
Seat 2: vadjkeee ($100 in chips) 
Seat 3: Espada Fish ($102.05 in chips) 
Seat 4: mironchikvld ($154.10 in chips) 
Seat 5: RAidakCo ($142.51 in chips) 
Seat 6: Megaways ($111.95 in chips) 
mironchikvld: posts small blind $0.50
RAidakCo: posts big blind $1
peak joker33: sits out 
*** HOLE CARDS ***
Megaways: raises $3 to $4
vadjkeee: folds 
Espada Fish: folds 
mironchikvld: folds 
RAidakCo: calls $3
*** FLOP *** [7d Kh 4d]
RAidakCo: checks 
Megaways: checks 
*** TURN *** [7d Kh 4d] [6d]
RAidakCo: bets $6.06
Megaways: calls $6.06
*** RIVER *** [7d Kh 4d 6d] [8s]
RAidakCo: bets $6.46
Megaways: calls $6.46
*** SHOW DOWN ***
RAidakCo: shows [Kc 2c] (a pair of Kings)
Megaways: shows [5s 5h] (a straight, Four to Eight)
Megaways collected $31.86 from pot
*** SUMMARY ***
Total pot $33.54 | Rake $1.68 
Board [7d Kh 4d 6d 8s]
Seat 1: peak joker33
Seat 2: vadjkeee folded before Flop (didn't bet)
Seat 3: Espada Fish (button) folded before Flop (didn't bet)
Seat 4: mironchikvld (small blind) folded before Flop
Seat 5: RAidakCo (big blind) showed [Kc 2c] and lost with a pair of Kings
Seat 6: Megaways showed [5s 5h] and won ($31.86) with a straight, Four to Eight



PokerStars Hand #254607315325:  Hold'em No Limit ($0.50/$1.00 USD) - 2025/01/29 15:37:37 WET [2025/01/29 10:37:37 ET]
Table 'Arethusa' 6-max Seat #4 is the button
Seat 1: peak joker33 ($100 in chips) is sitting out
Seat 2: vadjkeee ($100 in chips) 
Seat 3: Espada Fish ($102.05 in chips) 
Seat 4: mironchikvld ($153.60 in chips) 
Seat 5: RAidakCo ($125.99 in chips) 
Seat 6: Megaways ($127.29 in chips) 
RAidakCo: posts small blind $0.50
Megaways: posts big blind $1
peak joker33: sits out 
*** HOLE CARDS ***
vadjkeee: folds 
Espada Fish: folds 
mironchikvld: raises $2 to $3
RAidakCo: folds 
Megaways: folds 
Uncalled bet ($2) returned to mironchikvld
mironchikvld collected $2.50 from pot
mironchikvld: doesn't show hand 
*** SUMMARY ***
Total pot $2.50 | Rake $0 
Seat 1: peak joker33
Seat 2: vadjkeee folded before Flop (didn't bet)
Seat 3: Espada Fish folded before Flop (didn't bet)
Seat 4: mironchikvld (button) collected ($2.50)
Seat 5: RAidakCo (small blind) folded before Flop
Seat 6: Megaways (big blind) folded before Flop



PokerStars Hand #254607319154:  Hold'em No Limit ($0.50/$1.00 USD) - 2025/01/29 15:37:55 WET [2025/01/29 10:37:55 ET]
Table 'Arethusa' 6-max Seat #5 is the button
Seat 1: peak joker33 ($100 in chips) 
Seat 2: vadjkeee ($100 in chips) 
Seat 3: Espada Fish ($102.05 in chips) 
Seat 4: mironchikvld ($155.10 in chips) 
Seat 5: RAidakCo ($125.49 in chips) 
Seat 6: Megaways ($126.29 in chips) 
Megaways: posts small blind $0.50
peak joker33: posts big blind $1
*** HOLE CARDS ***
vadjkeee: folds 
Espada Fish: folds 
mironchikvld: folds 
RAidakCo: raises $1.50 to $2.50
Megaways: folds 
peak joker33: raises $8.50 to $11
RAidakCo: folds 
Uncalled bet ($8.50) returned to peak joker33
peak joker33 collected $5.50 from pot
peak joker33: doesn't show hand 
*** SUMMARY ***
Total pot $5.50 | Rake $0 
Seat 1: peak joker33 (big blind) collected ($5.50)
Seat 2: vadjkeee folded before Flop (didn't bet)
Seat 3: Espada Fish folded before Flop (didn't bet)
Seat 4: mironchikvld folded before Flop (didn't bet)
Seat 5: RAidakCo (button) folded before Flop
Seat 6: Megaways (small blind) folded before Flop



PokerStars Hand #254607322977:  Hold'em No Limit ($0.50/$1.00 USD) - 2025/01/29 15:38:13 WET [2025/01/29 10:38:13 ET]
Table 'Arethusa' 6-max Seat #6 is the button
Seat 2: vadjkeee ($100 in chips) is sitting out
Seat 1: peak joker33 ($103 in chips) 
Seat 3: Espada Fish ($102.05 in chips) 
Seat 4: mironchikvld ($155.10 in chips) 
Seat 5: RAidakCo ($122.99 in chips) 
Seat 6: Megaways ($125.79 in chips) 
peak joker33: posts small blind $0.50
vadjkeee: is sitting out 
Espada Fish: posts big blind $1
*** HOLE CARDS ***
mironchikvld: raises $2 to $3
RAidakCo: folds 
Megaways: calls $3
peak joker33: folds 
Espada Fish: raises $11 to $14
mironchikvld: folds 
Megaways: folds 
Uncalled bet ($11) returned to Espada Fish
Espada Fish collected $9.50 from pot
Espada Fish: doesn't show hand 
*** SUMMARY ***
Total pot $9.50 | Rake $0 
Seat 2: vadjkeee
Seat 1: peak joker33 (small blind) folded before Flop
Seat 3: Espada Fish (big blind) collected ($9.50)
Seat 4: mironchikvld folded before Flop
Seat 5: RAidakCo folded before Flop (didn't bet)
Seat 6: Megaways (button) folded before Flop



PokerStars Hand #254607329244:  Hold'em No Limit ($0.50/$1.00 USD) - 2025/01/29 15:38:44 WET [2025/01/29 10:38:44 ET]
Table 'Arethusa' 6-max Seat #1 is the button
Seat 2: vadjkeee ($100 in chips) is sitting out
Seat 1: peak joker33 ($102.50 in chips) 
Seat 3: Espada Fish ($108.55 in chips) 
Seat 4: mironchikvld ($152.10 in chips) 
Seat 5: RAidakCo ($122.99 in chips) 
Seat 6: Megaways ($122.79 in chips) 
Espada Fish: posts small blind $0.50
mironchikvld: posts big blind $1
*** HOLE CARDS ***
RAidakCo: raises $1 to $2
Megaways: calls $2
peak joker33: folds 
Espada Fish: folds 
mironchikvld: folds 
*** FLOP *** [8d 2c 4h]
RAidakCo: checks 
Megaways: bets $2
RAidakCo: raises $6.92 to $8.92
Megaways: folds 
Uncalled bet ($6.92) returned to RAidakCo
RAidakCo collected $9.02 from pot
RAidakCo: doesn't show hand 
*** SUMMARY ***
Total pot $9.50 | Rake $0.48 
Board [8d 2c 4h]
Seat 2: vadjkeee
Seat 1: peak joker33 (button) folded before Flop (didn't bet)
Seat 3: Espada Fish (small blind) folded before Flop
Seat 4: mironchikvld (big blind) folded before Flop
Seat 5: RAidakCo collected ($9.02)
Seat 6: Megaways folded on the Flop



PokerStars Hand #254607338663:  Hold'em No Limit ($0.50/$1.00 USD) - 2025/01/29 15:39:29 WET [2025/01/29 10:39:29 ET]
Table 'Arethusa' 6-max Seat #3 is the button
Seat 2: vadjkeee ($100 in chips) is sitting out
Seat 1: peak joker33 ($102.50 in chips) 
Seat 3: Espada Fish ($108.05 in chips) 
Seat 4: mironchikvld ($151.10 in chips) 
Seat 5: RAidakCo ($128.01 in chips) 
Seat 6: Megaways ($118.79 in chips) 
mironchikvld: posts small blind $0.50
RAidakCo: posts big blind $1
*** HOLE CARDS ***
Megaways: raises $1 to $2
peak joker33: raises $5.50 to $7.50
Espada Fish: folds 
mironchikvld: raises $13.50 to $21
RAidakCo: folds 
Megaways: folds 
peak joker33: folds 
Uncalled bet ($13.50) returned to mironchikvld
mironchikvld collected $18 from pot
mironchikvld: doesn't show hand 
*** SUMMARY ***
Total pot $18 | Rake $0 
Seat 2: vadjkeee
Seat 1: peak joker33 folded before Flop
Seat 3: Espada Fish (button) folded before Flop (didn't bet)
Seat 4: mironchikvld (small blind) collected ($18)
Seat 5: RAidakCo (big blind) folded before Flop
Seat 6: Megaways folded before Flop



PokerStars Hand #254607345570:  Hold'em No Limit ($0.50/$1.00 USD) - 2025/01/29 15:40:01 WET [2025/01/29 10:40:01 ET]
Table 'Arethusa' 6-max Seat #4 is the button
Seat 2: vadjkeee ($100 in chips) is sitting out
Seat 1: peak joker33 ($100 in chips) 
Seat 3: Espada Fish ($108.05 in chips) 
Seat 4: mironchikvld ($161.60 in chips) 
Seat 5: RAidakCo ($127.01 in chips) 
Seat 6: Megaways ($116.79 in chips) 
RAidakCo: posts small blind $0.50
Megaways: posts big blind $1
*** HOLE CARDS ***
peak joker33: folds 
Espada Fish: folds 
mironchikvld has timed out
mironchikvld: folds 
RAidakCo: raises $2 to $3
Megaways: calls $2
*** FLOP *** [5s 9d 6s]
RAidakCo: checks 
Megaways: checks 
*** TURN *** [5s 9d 6s] [3s]
RAidakCo: bets $12
Megaways: calls $12
*** RIVER *** [5s 9d 6s 3s] [9s]
RAidakCo: checks 
Megaways: checks 
*** SHOW DOWN ***
RAidakCo: shows [Js 2s] (a flush, Jack high)
Megaways: mucks hand 
RAidakCo collected $28.50 from pot
*** SUMMARY ***
Total pot $30 | Rake $1.50 
Board [5s 9d 6s 3s 9s]
Seat 2: vadjkeee
Seat 1: peak joker33 folded before Flop (didn't bet)
Seat 3: Espada Fish folded before Flop (didn't bet)
Seat 4: mironchikvld (button) folded before Flop (didn't bet)
Seat 5: RAidakCo (small blind) showed [Js 2s] and won ($28.50) with a flush, Jack high
Seat 6: Megaways (big blind) mucked



PokerStars Hand #254607355891:  Hold'em No Limit ($0.50/$1.00 USD) - 2025/01/29 15:40:50 WET [2025/01/29 10:40:50 ET]
Table 'Arethusa' 6-max Seat #5 is the button
Seat 2: vadjkeee ($100 in chips) is sitting out
Seat 1: peak joker33 ($100 in chips) 
Seat 3: Espada Fish ($108.05 in chips) 
Seat 4: mironchikvld ($161.60 in chips) 
Seat 5: RAidakCo ($140.51 in chips) 
Seat 6: Megaways ($101.79 in chips) 
Megaways: posts small blind $0.50
peak joker33: posts big blind $1
*** HOLE CARDS ***
Espada Fish: raises $1.20 to $2.20
mironchikvld: folds 
RAidakCo: calls $2.20
Megaways: calls $1.70
peak joker33: folds 
*** FLOP *** [3c 9s Kc]
Megaways: bets $3.61
Espada Fish: calls $3.61
RAidakCo: calls $3.61
*** TURN *** [3c 9s Kc] [Ad]
Megaways: checks 
Espada Fish: checks 
RAidakCo: checks 
*** RIVER *** [3c 9s Kc Ad] [4h]
Megaways: bets $17.51
Espada Fish: folds 
RAidakCo: raises $117.19 to $134.70 and is all-in
Megaways: calls $78.47 and is all-in
Uncalled bet ($38.72) returned to RAidakCo
*** SHOW DOWN ***
RAidakCo: shows [4c 4d] (three of a kind, Fours)
Megaways: shows [Ks 4s] (two pair, Kings and Fours)
RAidakCo collected $207.89 from pot
*** SUMMARY ***
Total pot $210.39 | Rake $2.50 
Board [3c 9s Kc Ad 4h]
Seat 2: vadjkeee
Seat 1: peak joker33 (big blind) folded before Flop
Seat 3: Espada Fish folded on the River
Seat 4: mironchikvld folded before Flop (didn't bet)
Seat 5: RAidakCo (button) showed [4c 4d] and won ($207.89) with three of a kind, Fours
Seat 6: Megaways (small blind) showed [Ks 4s] and lost with two pair, Kings and Fours



PokerStars Hand #254607376056:  Hold'em No Limit ($0.50/$1.00 USD) - 2025/01/29 15:42:26 WET [2025/01/29 10:42:26 ET]
Table 'Arethusa' 6-max Seat #1 is the button
Seat 2: vadjkeee ($100 in chips) is sitting out
Seat 6: Megaways ($0 in chips) is sitting out
Seat 1: peak joker33 ($100 in chips) 
Seat 3: Espada Fish ($102.24 in chips) 
Seat 4: mironchikvld ($161.60 in chips) 
Seat 5: RAidakCo ($246.61 in chips) 
Espada Fish: posts small blind $0.50
mironchikvld: posts big blind $1
*** HOLE CARDS ***
RAidakCo: folds 
peak joker33: raises $1.50 to $2.50
Espada Fish: folds 
Megaways leaves the table
mironchikvld: folds 
Uncalled bet ($1.50) returned to peak joker33
peak joker33 collected $2.50 from pot
peak joker33: doesn't show hand 
*** SUMMARY ***
Total pot $2.50 | Rake $0 
Seat 2: vadjkeee
Seat 6: Megaways
Seat 1: peak joker33 (button) collected ($2.50)
Seat 3: Espada Fish (small blind) folded before Flop
Seat 4: mironchikvld (big blind) folded before Flop
Seat 5: RAidakCo folded before Flop (didn't bet)



PokerStars Hand #254607380070:  Hold'em No Limit ($0.50/$1.00 USD) - 2025/01/29 15:42:45 WET [2025/01/29 10:42:45 ET]
Table 'Arethusa' 6-max Seat #3 is the button
Seat 2: vadjkeee ($100 in chips) is sitting out
Seat 1: peak joker33 ($101.50 in chips) 
Seat 3: Espada Fish ($101.74 in chips) 
Seat 4: mironchikvld ($160.60 in chips) 
Seat 5: RAidakCo ($246.61 in chips) 
mironchikvld: posts small blind $0.50
RAidakCo: posts big blind $1
*** HOLE CARDS ***
peak joker33: raises $1.50 to $2.50
Espada Fish: folds 
mironchikvld: folds 
RAidakCo: folds 
Uncalled bet ($1.50) returned to peak joker33
peak joker33 collected $2.50 from pot
peak joker33: doesn't show hand 
*** SUMMARY ***
Total pot $2.50 | Rake $0 
Seat 2: vadjkeee
Seat 1: peak joker33 collected ($2.50)
Seat 3: Espada Fish (button) folded before Flop (didn't bet)
Seat 4: mironchikvld (small blind) folded before Flop
Seat 5: RAidakCo (big blind) folded before Flop



PokerStars Hand #254607384651:  Hold'em No Limit ($0.50/$1.00 USD) - 2025/01/29 15:43:06 WET [2025/01/29 10:43:06 ET]
Table 'Arethusa' 6-max Seat #4 is the button
Seat 2: vadjkeee ($100 in chips) is sitting out
Seat 1: peak joker33 ($103 in chips) 
Seat 3: Espada Fish ($101.74 in chips) 
Seat 4: mironchikvld ($160.10 in chips) 
Seat 5: RAidakCo ($245.61 in chips) 
RAidakCo: posts small blind $0.50
peak joker33: posts big blind $1
*** HOLE CARDS ***
Espada Fish: raises $1.20 to $2.20
mironchikvld: folds 
RAidakCo: folds 
peak joker33: folds 
Uncalled bet ($1.20) returned to Espada Fish
Espada Fish collected $2.50 from pot
Espada Fish: doesn't show hand 
*** SUMMARY ***
Total pot $2.50 | Rake $0 
Seat 2: vadjkeee
Seat 1: peak joker33 (big blind) folded before Flop
Seat 3: Espada Fish collected ($2.50)
Seat 4: mironchikvld (button) folded before Flop (didn't bet)
Seat 5: RAidakCo (small blind) folded before Flop



PokerStars Hand #254607389128:  Hold'em No Limit ($0.50/$1.00 USD) - 2025/01/29 15:43:27 WET [2025/01/29 10:43:27 ET]
Table 'Arethusa' 6-max Seat #5 is the button
Seat 2: vadjkeee ($100 in chips) is sitting out
Seat 3: Espada Fish ($103.24 in chips) is sitting out
Seat 1: peak joker33 ($102 in chips) 
Seat 4: mironchikvld ($160.10 in chips) 
Seat 5: RAidakCo ($245.11 in chips) 
peak joker33: posts small blind $0.50
Espada Fish: is sitting out 
mironchikvld: posts big blind $1
*** HOLE CARDS ***
RAidakCo: raises $1.50 to $2.50
peak joker33: folds 
mironchikvld: raises $9.50 to $12
RAidakCo: folds 
Uncalled bet ($9.50) returned to mironchikvld
mironchikvld collected $5.50 from pot
mironchikvld: doesn't show hand 
Espada Fish leaves the table
*** SUMMARY ***
Total pot $5.50 | Rake $0 
Seat 2: vadjkeee
Seat 3: Espada Fish
Seat 1: peak joker33 (small blind) folded before Flop
Seat 4: mironchikvld (big blind) collected ($5.50)
Seat 5: RAidakCo (button) folded before Flop



PokerStars Hand #254607391957:  Hold'em No Limit ($0.50/$1.00 USD) - 2025/01/29 15:43:40 WET [2025/01/29 10:43:40 ET]
Table 'Arethusa' 6-max Seat #4 is the button
Seat 2: vadjkeee ($100 in chips) is sitting out
Seat 5: RAidakCo ($242.61 in chips) is sitting out
Seat 1: peak joker33 ($101.50 in chips) 
Seat 4: mironchikvld ($163.10 in chips) 
mironchikvld: posts small blind $0.50
RAidakCo: is sitting out 
peak joker33: posts big blind $1
*** HOLE CARDS ***
habib beye joins the table at seat #6 
RAidakCo leaves the table
mironchikvld: raises $2 to $3
peak joker33: folds 
Uncalled bet ($2) returned to mironchikvld
mironchikvld collected $2 from pot
vadjkeee leaves the table
mironchikvld: doesn't show hand 
*** SUMMARY ***
Total pot $2 | Rake $0 
Seat 2: vadjkeee
Seat 5: RAidakCo
Seat 1: peak joker33 (big blind) folded before Flop
Seat 4: mironchikvld (button) (small blind) collected ($2)



PokerStars Hand #254607393776:  Hold'em No Limit ($0.50/$1.00 USD) - 2025/01/29 15:43:49 WET [2025/01/29 10:43:49 ET]
Table 'Arethusa' 6-max Seat #1 is the button
Seat 1: peak joker33 ($100.50 in chips) 
Seat 4: mironchikvld ($164.10 in chips) 
Seat 6: habib beye ($100 in chips) 
mironchikvld: posts small blind $0.50
habib beye: posts big blind $1
*** HOLE CARDS ***
peak joker33: folds 
peak joker33 leaves the table
mironchikvld: raises $2 to $3
habib beye: calls $2
*** FLOP *** [7s Jd 3s]
mironchikvld: checks 
habib beye: bets $4.33
mironchikvld: folds 
Uncalled bet ($4.33) returned to habib beye
habib beye collected $5.70 from pot
*** SUMMARY ***
Total pot $6 | Rake $0.30 
Board [7s Jd 3s]
Seat 1: peak joker33 (button) folded before Flop (didn't bet)
Seat 4: mironchikvld (small blind) folded on the Flop
Seat 6: habib beye (big blind) collected ($5.70)



