PokerStars Hand #254602539885:  Hold'em No Limit ($0.50/$1.00 USD) - 2025/01/29 4:14:37 WET [2025/01/28 23:14:37 ET]
Table 'Tokio' 6-max Seat #3 is the button
Seat 1: w0o0rdup ($2 in chips) 
Seat 2: AlexEliseev7 ($107.96 in chips) 
Seat 3: Fold Your Cats ($108.26 in chips) 
w0o0rdup: posts small blind $0.50
AlexEliseev7: posts big blind $1
*** HOLE CARDS ***
Fold Your Cats: raises $1.50 to $2.50
w0o0rdup: calls $1.50 and is all-in
AlexEliseev7: raises $11.50 to $14
Fold Your Cats: folds 
Uncalled bet ($11.50) returned to AlexEliseev7
AlexEliseev7 has timed out
*** FLOP *** [3h 4c 9h]
*** TURN *** [3h 4c 9h] [7d]
*** RIVER *** [3h 4c 9h 7d] [9c]
*** SHOW DOWN ***
AlexEliseev7: shows [Kh Qc] (a pair of Nines)
AlexEliseev7 collected $0.95 from side pot
w0o0rdup: shows [6s Ts] (a pair of Nines - lower kicker)
AlexEliseev7 collected $5.70 from main pot
*** SUMMARY ***
Total pot $7 Main pot $5.70. Side pot $0.95. | Rake $0.35 
Board [3h 4c 9h 7d 9c]
Seat 1: w0o0rdup (small blind) showed [6s Ts] and lost with a pair of Nines
Seat 2: AlexEliseev7 (big blind) showed [Kh Qc] and won ($6.65) with a pair of Nines
Seat 3: Fold Your Cats (button) folded before Flop



PokerStars Hand #254602494916:  Hold'em No Limit ($0.50/$1.00 USD) - 2025/01/29 4:07:23 WET [2025/01/28 23:07:23 ET]
Table 'Tokio' 6-max Seat #1 is the button
Seat 1: w0o0rdup ($10 in chips) 
Seat 3: ptolejmus ($10 in chips) 
Seat 4: B1GBankroll ($101.50 in chips) 
ptolejmus: posts small blind $0.50
B1GBankroll: posts big blind $1
*** HOLE CARDS ***
w0o0rdup: raises $1 to $2
ptolejmus: raises $8 to $10 and is all-in
AlexEliseev7 joins the table at seat #2 
B1GBankroll: folds 
w0o0rdup: calls $8 and is all-in
*** FLOP *** [9c 2c Jc]
*** TURN *** [9c 2c Jc] [7d]
*** RIVER *** [9c 2c Jc 7d] [Tc]
*** SHOW DOWN ***
ptolejmus: shows [Qc Js] (a flush, Queen high)
w0o0rdup: shows [Qh Ts] (a pair of Tens)
ptolejmus collected $20 from pot
*** SUMMARY ***
Total pot $21 | Rake $1 
Board [9c 2c Jc 7d Tc]
Seat 1: w0o0rdup (button) showed [Qh Ts] and lost with a pair of Tens
Seat 3: ptolejmus (small blind) showed [Qc Js] and won ($20) with a flush, Queen high
Seat 4: B1GBankroll (big blind) folded before Flop



PokerStars Hand #254602497774:  Hold'em No Limit ($0.50/$1.00 USD) - 2025/01/29 4:07:50 WET [2025/01/28 23:07:50 ET]
Table 'Tokio' 6-max Seat #3 is the button
Seat 1: w0o0rdup ($0 in chips) is sitting out
Seat 2: AlexEliseev7 ($100 in chips) 
Seat 3: ptolejmus ($20 in chips) 
Seat 4: B1GBankroll ($100.50 in chips) 
B1GBankroll: posts small blind $0.50
AlexEliseev7: posts big blind $1
*** HOLE CARDS ***
ptolejmus: raises $1 to $2
B1GBankroll: folds 
AlexEliseev7: calls $1
*** FLOP *** [2s Kc 7h]
AlexEliseev7: checks 
ptolejmus: bets $2.18
AlexEliseev7: folds 
Uncalled bet ($2.18) returned to ptolejmus
ptolejmus collected $4.28 from pot
*** SUMMARY ***
Total pot $4.50 | Rake $0.22 
Board [2s Kc 7h]
Seat 1: w0o0rdup
Seat 2: AlexEliseev7 (big blind) folded on the Flop
Seat 3: ptolejmus (button) collected ($4.28)
Seat 4: B1GBankroll (small blind) folded before Flop



PokerStars Hand #254602502099:  Hold'em No Limit ($0.50/$1.00 USD) - 2025/01/29 4:08:31 WET [2025/01/28 23:08:31 ET]
Table 'Tokio' 6-max Seat #4 is the button
Seat 1: w0o0rdup ($10.02 in chips) is sitting out
Seat 2: AlexEliseev7 ($100 in chips) 
Seat 3: ptolejmus ($22.28 in chips) 
Seat 4: B1GBankroll ($100 in chips) 
AlexEliseev7: posts small blind $0.50
ptolejmus: posts big blind $1
*** HOLE CARDS ***
B1GBankroll: folds 
AlexEliseev7: folds 
Uncalled bet ($0.50) returned to ptolejmus
ptolejmus collected $1 from pot
*** SUMMARY ***
Total pot $1 | Rake $0 
Seat 1: w0o0rdup
Seat 2: AlexEliseev7 (small blind) folded before Flop
Seat 3: ptolejmus (big blind) collected ($1)
Seat 4: B1GBankroll (button) folded before Flop (didn't bet)



PokerStars Hand #254602503271:  Hold'em No Limit ($0.50/$1.00 USD) - 2025/01/29 4:08:42 WET [2025/01/28 23:08:42 ET]
Table 'Tokio' 6-max Seat #2 is the button
Seat 4: B1GBankroll ($100 in chips) is sitting out
Seat 1: w0o0rdup ($10.02 in chips) 
Seat 2: AlexEliseev7 ($100 in chips) 
Seat 3: ptolejmus ($22.78 in chips) 
ptolejmus: posts small blind $0.50
B1GBankroll: is sitting out 
w0o0rdup: posts big blind $1
*** HOLE CARDS ***
AlexEliseev7: folds 
B1GBankroll leaves the table
ptolejmus: folds 
Uncalled bet ($0.50) returned to w0o0rdup
w0o0rdup collected $1 from pot
*** SUMMARY ***
Total pot $1 | Rake $0 
Seat 4: B1GBankroll
Seat 1: w0o0rdup (big blind) collected ($1)
Seat 2: AlexEliseev7 (button) folded before Flop (didn't bet)
Seat 3: ptolejmus (small blind) folded before Flop



PokerStars Hand #254602504674:  Hold'em No Limit ($0.50/$1.00 USD) - 2025/01/29 4:08:55 WET [2025/01/28 23:08:55 ET]
Table 'Tokio' 6-max Seat #3 is the button
Seat 1: w0o0rdup ($10.52 in chips) 
Seat 2: AlexEliseev7 ($100 in chips) 
Seat 3: ptolejmus ($22.28 in chips) 
w0o0rdup: posts small blind $0.50
AlexEliseev7: posts big blind $1
*** HOLE CARDS ***
ptolejmus: raises $1 to $2
w0o0rdup: calls $1.50
AlexEliseev7: folds 
*** FLOP *** [6h 5c Ac]
w0o0rdup: checks 
ptolejmus: bets $20.28 and is all-in
w0o0rdup: folds 
Uncalled bet ($20.28) returned to ptolejmus
ptolejmus collected $4.75 from pot
*** SUMMARY ***
Total pot $5 | Rake $0.25 
Board [6h 5c Ac]
Seat 1: w0o0rdup (small blind) folded on the Flop
Seat 2: AlexEliseev7 (big blind) folded before Flop
Seat 3: ptolejmus (button) collected ($4.75)



PokerStars Hand #254602508721:  Hold'em No Limit ($0.50/$1.00 USD) - 2025/01/29 4:09:35 WET [2025/01/28 23:09:35 ET]
Table 'Tokio' 6-max Seat #1 is the button
Seat 1: w0o0rdup ($8.52 in chips) 
Seat 2: AlexEliseev7 ($100 in chips) 
Seat 3: ptolejmus ($25.03 in chips) 
AlexEliseev7: posts small blind $0.50
ptolejmus: posts big blind $1
*** HOLE CARDS ***
w0o0rdup: raises $2 to $3
AlexEliseev7: folds 
ptolejmus: raises $22.03 to $25.03 and is all-in
w0o0rdup: calls $5.52 and is all-in
Uncalled bet ($16.51) returned to ptolejmus
*** FLOP *** [8h Jd 3c]
*** TURN *** [8h Jd 3c] [7c]
*** RIVER *** [8h Jd 3c 7c] [Qd]
*** SHOW DOWN ***
ptolejmus: shows [Js Jc] (three of a kind, Jacks)
w0o0rdup: shows [5d 2s] (high card Queen)
ptolejmus collected $16.66 from pot
*** SUMMARY ***
Total pot $17.54 | Rake $0.88 
Board [8h Jd 3c 7c Qd]
Seat 1: w0o0rdup (button) showed [5d 2s] and lost with high card Queen
Seat 2: AlexEliseev7 (small blind) folded before Flop
Seat 3: ptolejmus (big blind) showed [Js Jc] and won ($16.66) with three of a kind, Jacks



PokerStars Hand #254602512743:  Hold'em No Limit ($0.50/$1.00 USD) - 2025/01/29 4:10:14 WET [2025/01/28 23:10:14 ET]
Table 'Tokio' 6-max Seat #2 is the button
Seat 1: w0o0rdup ($10 in chips) 
Seat 2: AlexEliseev7 ($100 in chips) 
AlexEliseev7: posts small blind $0.50
w0o0rdup: posts big blind $1
*** HOLE CARDS ***
AlexEliseev7: raises $99 to $100 and is all-in
w0o0rdup: folds 
Uncalled bet ($99) returned to AlexEliseev7
AlexEliseev7 collected $2 from pot
AlexEliseev7: doesn't show hand 
*** SUMMARY ***
Total pot $2 | Rake $0 
Seat 1: w0o0rdup (big blind) folded before Flop
Seat 2: AlexEliseev7 (button) (small blind) collected ($2)



PokerStars Hand #254602513623:  Hold'em No Limit ($0.50/$1.00 USD) - 2025/01/29 4:10:22 WET [2025/01/28 23:10:22 ET]
Table 'Tokio' 6-max Seat #1 is the button
Seat 1: w0o0rdup ($9 in chips) 
Seat 2: AlexEliseev7 ($101 in chips) 
w0o0rdup: posts small blind $0.50
AlexEliseev7: posts big blind $1
*** HOLE CARDS ***
w0o0rdup: calls $0.50
AlexEliseev7: checks 
*** FLOP *** [Kd Ac 5s]
AlexEliseev7: checks 
w0o0rdup: checks 
*** TURN *** [Kd Ac 5s] [4d]
AlexEliseev7: checks 
w0o0rdup: bets $1
nastja336 joins the table at seat #4 
Fold Your Cats joins the table at seat #3 
AlexEliseev7: calls $1
*** RIVER *** [Kd Ac 5s 4d] [Tc]
AlexEliseev7: checks 
w0o0rdup: bets $3
AlexEliseev7: folds 
Uncalled bet ($3) returned to w0o0rdup
w0o0rdup collected $3.80 from pot
*** SUMMARY ***
Total pot $4 | Rake $0.20 
Board [Kd Ac 5s 4d Tc]
Seat 1: w0o0rdup (button) (small blind) collected ($3.80)
Seat 2: AlexEliseev7 (big blind) folded on the River



PokerStars Hand #254602517642:  Hold'em No Limit ($0.50/$1.00 USD) - 2025/01/29 4:11:01 WET [2025/01/28 23:11:01 ET]
Table 'Tokio' 6-max Seat #1 is the button
Seat 4: nastja336 ($100 in chips) is sitting out
Seat 1: w0o0rdup ($10.80 in chips) 
Seat 2: AlexEliseev7 ($100 in chips) 
Seat 3: Fold Your Cats ($100 in chips) 
AlexEliseev7: posts small blind $0.50
Fold Your Cats: posts big blind $1
nastja336: sits out 
*** HOLE CARDS ***
w0o0rdup: raises $1 to $2
AlexEliseev7: folds 
Fold Your Cats: raises $9 to $11
w0o0rdup: folds 
Uncalled bet ($9) returned to Fold Your Cats
Fold Your Cats collected $4.50 from pot
Fold Your Cats: doesn't show hand 
*** SUMMARY ***
Total pot $4.50 | Rake $0 
Seat 4: nastja336
Seat 1: w0o0rdup (button) folded before Flop
Seat 2: AlexEliseev7 (small blind) folded before Flop
Seat 3: Fold Your Cats (big blind) collected ($4.50)



PokerStars Hand #254602519452:  Hold'em No Limit ($0.50/$1.00 USD) - 2025/01/29 4:11:19 WET [2025/01/28 23:11:19 ET]
Table 'Tokio' 6-max Seat #2 is the button
Seat 1: w0o0rdup ($8.80 in chips) 
Seat 2: AlexEliseev7 ($100 in chips) 
Seat 3: Fold Your Cats ($102.50 in chips) 
Seat 4: nastja336 ($100 in chips) 
Fold Your Cats: posts small blind $0.50
nastja336: posts big blind $1
*** HOLE CARDS ***
w0o0rdup: raises $2 to $3
AlexEliseev7: folds 
Fold Your Cats: folds 
nastja336: calls $2
*** FLOP *** [4h Js 2s]
nastja336: checks 
w0o0rdup: checks 
*** TURN *** [4h Js 2s] [As]
nastja336: checks 
w0o0rdup: bets $1
nastja336: calls $1
*** RIVER *** [4h Js 2s As] [3s]
nastja336: checks 
w0o0rdup: bets $1
nastja336: folds 
Uncalled bet ($1) returned to w0o0rdup
w0o0rdup collected $8.08 from pot
*** SUMMARY ***
Total pot $8.50 | Rake $0.42 
Board [4h Js 2s As 3s]
Seat 1: w0o0rdup collected ($8.08)
Seat 2: AlexEliseev7 (button) folded before Flop (didn't bet)
Seat 3: Fold Your Cats (small blind) folded before Flop
Seat 4: nastja336 (big blind) folded on the River



PokerStars Hand #254602522252:  Hold'em No Limit ($0.50/$1.00 USD) - 2025/01/29 4:11:46 WET [2025/01/28 23:11:46 ET]
Table 'Tokio' 6-max Seat #3 is the button
Seat 1: w0o0rdup ($12.88 in chips) 
Seat 2: AlexEliseev7 ($100 in chips) 
Seat 3: Fold Your Cats ($102 in chips) 
Seat 4: nastja336 ($100 in chips) 
nastja336: posts small blind $0.50
w0o0rdup: posts big blind $1
*** HOLE CARDS ***
AlexEliseev7: folds 
Fold Your Cats: folds 
nastja336: folds 
Uncalled bet ($0.50) returned to w0o0rdup
w0o0rdup collected $1 from pot
*** SUMMARY ***
Total pot $1 | Rake $0 
Seat 1: w0o0rdup (big blind) collected ($1)
Seat 2: AlexEliseev7 folded before Flop (didn't bet)
Seat 3: Fold Your Cats (button) folded before Flop (didn't bet)
Seat 4: nastja336 (small blind) folded before Flop



PokerStars Hand #254602523686:  Hold'em No Limit ($0.50/$1.00 USD) - 2025/01/29 4:12:00 WET [2025/01/28 23:12:00 ET]
Table 'Tokio' 6-max Seat #4 is the button
Seat 1: w0o0rdup ($13.38 in chips) 
Seat 2: AlexEliseev7 ($100 in chips) 
Seat 3: Fold Your Cats ($102 in chips) 
Seat 4: nastja336 ($100 in chips) 
w0o0rdup: posts small blind $0.50
AlexEliseev7: posts big blind $1
*** HOLE CARDS ***
Fold Your Cats: folds 
nastja336: folds 
w0o0rdup: calls $0.50
AlexEliseev7: checks 
*** FLOP *** [Jc 6s 3d]
w0o0rdup: bets $1
AlexEliseev7: folds 
Uncalled bet ($1) returned to w0o0rdup
w0o0rdup collected $1.90 from pot
*** SUMMARY ***
Total pot $2 | Rake $0.10 
Board [Jc 6s 3d]
Seat 1: w0o0rdup (small blind) collected ($1.90)
Seat 2: AlexEliseev7 (big blind) folded on the Flop
Seat 3: Fold Your Cats folded before Flop (didn't bet)
Seat 4: nastja336 (button) folded before Flop (didn't bet)



PokerStars Hand #254602526113:  Hold'em No Limit ($0.50/$1.00 USD) - 2025/01/29 4:12:24 WET [2025/01/28 23:12:24 ET]
Table 'Tokio' 6-max Seat #1 is the button
Seat 1: w0o0rdup ($14.28 in chips) 
Seat 2: AlexEliseev7 ($100 in chips) 
Seat 3: Fold Your Cats ($102 in chips) 
Seat 4: nastja336 ($100 in chips) 
AlexEliseev7: posts small blind $0.50
Fold Your Cats: posts big blind $1
*** HOLE CARDS ***
nastja336: folds 
w0o0rdup: raises $2 to $3
AlexEliseev7: raises $9 to $12
Fold Your Cats: folds 
w0o0rdup: folds 
Uncalled bet ($9) returned to AlexEliseev7
AlexEliseev7 collected $7 from pot
AlexEliseev7: doesn't show hand 
*** SUMMARY ***
Total pot $7 | Rake $0 
Seat 1: w0o0rdup (button) folded before Flop
Seat 2: AlexEliseev7 (small blind) collected ($7)
Seat 3: Fold Your Cats (big blind) folded before Flop
Seat 4: nastja336 folded before Flop (didn't bet)



PokerStars Hand #254602528731:  Hold'em No Limit ($0.50/$1.00 USD) - 2025/01/29 4:12:49 WET [2025/01/28 23:12:49 ET]
Table 'Tokio' 6-max Seat #2 is the button
Seat 4: nastja336 ($100 in chips) is sitting out
Seat 1: w0o0rdup ($11.28 in chips) 
Seat 2: AlexEliseev7 ($104 in chips) 
Seat 3: Fold Your Cats ($101 in chips) 
Fold Your Cats: posts small blind $0.50
nastja336: is sitting out 
w0o0rdup: posts big blind $1
*** HOLE CARDS ***
nastja336 leaves the table
AlexEliseev7: folds 
Fold Your Cats: raises $10.50 to $11.50
w0o0rdup: folds 
Uncalled bet ($10.50) returned to Fold Your Cats
Fold Your Cats collected $2 from pot
Fold Your Cats: doesn't show hand 
*** SUMMARY ***
Total pot $2 | Rake $0 
Seat 4: nastja336
Seat 1: w0o0rdup (big blind) folded before Flop
Seat 2: AlexEliseev7 (button) folded before Flop (didn't bet)
Seat 3: Fold Your Cats (small blind) collected ($2)



PokerStars Hand #254602530342:  Hold'em No Limit ($0.50/$1.00 USD) - 2025/01/29 4:13:05 WET [2025/01/28 23:13:05 ET]
Table 'Tokio' 6-max Seat #3 is the button
Seat 1: w0o0rdup ($10.28 in chips) 
Seat 2: AlexEliseev7 ($104 in chips) 
Seat 3: Fold Your Cats ($102 in chips) 
w0o0rdup: posts small blind $0.50
AlexEliseev7: posts big blind $1
*** HOLE CARDS ***
Fold Your Cats: folds 
w0o0rdup: raises $1 to $2
AlexEliseev7: calls $1
*** FLOP *** [Th 4s 7d]
w0o0rdup: checks 
AlexEliseev7: bets $2.96
w0o0rdup: calls $2.96
*** TURN *** [Th 4s 7d] [8h]
w0o0rdup: checks 
AlexEliseev7: checks 
*** RIVER *** [Th 4s 7d 8h] [Ac]
w0o0rdup: checks 
AlexEliseev7: bets $7.35
w0o0rdup: folds 
Uncalled bet ($7.35) returned to AlexEliseev7
AlexEliseev7 collected $9.42 from pot
AlexEliseev7: doesn't show hand 
*** SUMMARY ***
Total pot $9.92 | Rake $0.50 
Board [Th 4s 7d 8h Ac]
Seat 1: w0o0rdup (small blind) folded on the River
Seat 2: AlexEliseev7 (big blind) collected ($9.42)
Seat 3: Fold Your Cats (button) folded before Flop (didn't bet)



PokerStars Hand #254602535049:  Hold'em No Limit ($0.50/$1.00 USD) - 2025/01/29 4:13:50 WET [2025/01/28 23:13:50 ET]
Table 'Tokio' 6-max Seat #1 is the button
Seat 1: w0o0rdup ($5.32 in chips) 
Seat 2: AlexEliseev7 ($108.46 in chips) 
Seat 3: Fold Your Cats ($102 in chips) 
AlexEliseev7: posts small blind $0.50
Fold Your Cats: posts big blind $1
*** HOLE CARDS ***
w0o0rdup: calls $1
AlexEliseev7: folds 
Fold Your Cats: checks 
*** FLOP *** [3s 7h 8s]
Fold Your Cats: bets $5
w0o0rdup: calls $4.32 and is all-in
Uncalled bet ($0.68) returned to Fold Your Cats
*** TURN *** [3s 7h 8s] [8h]
*** RIVER *** [3s 7h 8s 8h] [4h]
*** SHOW DOWN ***
Fold Your Cats: shows [4d 7c] (two pair, Eights and Sevens)
w0o0rdup: shows [6c Tc] (a pair of Eights)
Fold Your Cats collected $10.58 from pot
w0o0rdup cashed out the hand for $3 | Cash Out Fee $0.06
*** SUMMARY ***
Total pot $11.14 | Rake $0.56 
Board [3s 7h 8s 8h 4h]
Seat 1: w0o0rdup (button) showed [6c Tc] and lost with a pair of Eights (cashed out).
Seat 2: AlexEliseev7 (small blind) folded before Flop
Seat 3: Fold Your Cats (big blind) showed [4d 7c] and won ($10.58) with two pair, Eights and Sevens



PokerStars Hand #254602538490:  Hold'em No Limit ($0.50/$1.00 USD) - 2025/01/29 4:14:24 WET [2025/01/28 23:14:24 ET]
Table 'Tokio' 6-max Seat #2 is the button
Seat 1: w0o0rdup ($3 in chips) 
Seat 2: AlexEliseev7 ($107.96 in chips) 
Seat 3: Fold Your Cats ($107.26 in chips) 
Fold Your Cats: posts small blind $0.50
w0o0rdup: posts big blind $1
*** HOLE CARDS ***
AlexEliseev7: folds 
Fold Your Cats: raises $5 to $6
w0o0rdup: folds 
Uncalled bet ($5) returned to Fold Your Cats
Fold Your Cats collected $2 from pot
Fold Your Cats: doesn't show hand 
*** SUMMARY ***
Total pot $2 | Rake $0 
Seat 1: w0o0rdup (big blind) folded before Flop
Seat 2: AlexEliseev7 (button) folded before Flop (didn't bet)
Seat 3: Fold Your Cats (small blind) collected ($2)



