PokerStars Hand #254607108726:  Hold'em No Limit ($0.50/$1.00 USD) - 2025/01/29 15:20:56 WET [2025/01/29 10:20:56 ET]
Table 'Renauxa' 6-max Seat #1 is the button
Seat 1: poker_soul11 ($100 in chips) 
Seat 3: habib beye ($100 in chips) 
Seat 5: joaquin612 ($100 in chips) 
habib beye: posts small blind $0.50
joaquin612: posts big blind $1
*** HOLE CARDS ***
poker_soul11: folds 
habib beye: folds 
Uncalled bet ($0.50) returned to joaquin612
joaquin612 collected $1 from pot
joaquin612: doesn't show hand 
*** SUMMARY ***
Total pot $1 | Rake $0 
Seat 1: poker_soul11 (button) folded before Flop (didn't bet)
Seat 3: habib beye (small blind) folded before Flop
Seat 5: joaquin612 (big blind) collected ($1)



PokerStars Hand #254607110408:  Hold'em No Limit ($0.50/$1.00 USD) - 2025/01/29 15:21:04 WET [2025/01/29 10:21:04 ET]
Table 'Renauxa' 6-max Seat #3 is the button
Seat 1: poker_soul11 ($100 in chips) 
Seat 3: habib beye ($100 in chips) 
Seat 5: joaquin612 ($100.50 in chips) 
joaquin612: posts small blind $0.50
poker_soul11: posts big blind $1
*** HOLE CARDS ***
habib beye: folds 
joaquin612: calls $0.50
poker_soul11: raises $2.50 to $3.50
joaquin612: calls $2.50
*** FLOP *** [7c Ad 8d]
joaquin612: checks 
poker_soul11: checks 
*** TURN *** [7c Ad 8d] [7d]
joaquin612: checks 
poker_soul11: checks 
*** RIVER *** [7c Ad 8d 7d] [Qd]
joaquin612: checks 
poker_soul11: checks 
*** SHOW DOWN ***
joaquin612: shows [5s 5h] (two pair, Sevens and Fives)
poker_soul11: shows [Qh Kc] (two pair, Queens and Sevens)
poker_soul11 collected $6.65 from pot
*** SUMMARY ***
Total pot $7 | Rake $0.35 
Board [7c Ad 8d 7d Qd]
Seat 1: poker_soul11 (big blind) showed [Qh Kc] and won ($6.65) with two pair, Queens and Sevens
Seat 3: habib beye (button) folded before Flop (didn't bet)
Seat 5: joaquin612 (small blind) showed [5s 5h] and lost with two pair, Sevens and Fives



PokerStars Hand #254607127322:  Hold'em No Limit ($0.50/$1.00 USD) - 2025/01/29 15:22:27 WET [2025/01/29 10:22:27 ET]
Table 'Renauxa' 6-max Seat #5 is the button
Seat 1: poker_soul11 ($103.15 in chips) 
Seat 3: habib beye ($100 in chips) 
Seat 5: joaquin612 ($100 in chips) 
poker_soul11: posts small blind $0.50
habib beye: posts big blind $1
*** HOLE CARDS ***
joaquin612: folds 
Aescul@pius joins the table at seat #4 
poker_soul11: raises $2 to $3
elcutez joins the table at seat #2 
elcutez is disconnected 
habib beye: raises $6 to $9
poker_soul11: folds 
Uncalled bet ($6) returned to habib beye
habib beye collected $6 from pot
*** SUMMARY ***
Total pot $6 | Rake $0 
Seat 1: poker_soul11 (small blind) folded before Flop
Seat 3: habib beye (big blind) collected ($6)
Seat 5: joaquin612 (button) folded before Flop (didn't bet)



PokerStars Hand #254607134241:  Hold'em No Limit ($0.50/$1.00 USD) - 2025/01/29 15:23:01 WET [2025/01/29 10:23:01 ET]
Table 'Renauxa' 6-max Seat #1 is the button
Seat 2: elcutez ($100 in chips) is sitting out
Seat 1: poker_soul11 ($100.15 in chips) 
Seat 3: habib beye ($103 in chips) 
Seat 4: Aescul@pius ($100 in chips) 
Seat 5: joaquin612 ($100 in chips) 
habib beye: posts small blind $0.50
Aescul@pius: posts big blind $1
*** HOLE CARDS ***
joaquin612: folds 
poker_soul11: raises $1.20 to $2.20
habib beye: folds 
Aescul@pius: folds 
Uncalled bet ($1.20) returned to poker_soul11
poker_soul11 collected $2.50 from pot
poker_soul11: doesn't show hand 
*** SUMMARY ***
Total pot $2.50 | Rake $0 
Seat 2: elcutez
Seat 1: poker_soul11 (button) collected ($2.50)
Seat 3: habib beye (small blind) folded before Flop
Seat 4: Aescul@pius (big blind) folded before Flop
Seat 5: joaquin612 folded before Flop (didn't bet)



PokerStars Hand #254607190156:  Hold'em No Limit ($0.50/$1.00 USD) - 2025/01/29 15:27:33 WET [2025/01/29 10:27:33 ET]
Table 'Renauxa' 6-max Seat #1 is the button
Seat 1: poker_soul11 ($135.63 in chips) 
Seat 2: elcutez ($100.50 in chips) 
Seat 3: habib beye ($102.50 in chips) 
Seat 4: Aescul@pius ($100 in chips) 
Seat 5: joaquin612 ($103.70 in chips) 
Seat 6: Trojanovich ($100 in chips) 
elcutez: posts small blind $0.50
habib beye: posts big blind $1
*** HOLE CARDS ***
Aescul@pius: raises $1 to $2
joaquin612: folds 
Trojanovich: folds 
poker_soul11: folds 
elcutez: folds 
habib beye: calls $1
*** FLOP *** [2c 6s 8d]
habib beye: checks 
Aescul@pius: checks 
*** TURN *** [2c 6s 8d] [Qc]
habib beye: bets $4.25
Aescul@pius: calls $4.25
*** RIVER *** [2c 6s 8d Qc] [2d]
habib beye: bets $4.08
Aescul@pius: calls $4.08
*** SHOW DOWN ***
habib beye: shows [7d 4d] (a pair of Deuces)
Aescul@pius: shows [4s 4c] (two pair, Fours and Deuces)
Aescul@pius collected $20.10 from pot
*** SUMMARY ***
Total pot $21.16 | Rake $1.06 
Board [2c 6s 8d Qc 2d]
Seat 1: poker_soul11 (button) folded before Flop (didn't bet)
Seat 2: elcutez (small blind) folded before Flop
Seat 3: habib beye (big blind) showed [7d 4d] and lost with a pair of Deuces
Seat 4: Aescul@pius showed [4s 4c] and won ($20.10) with two pair, Fours and Deuces
Seat 5: joaquin612 folded before Flop (didn't bet)
Seat 6: Trojanovich folded before Flop (didn't bet)



PokerStars Hand #254607207938:  Hold'em No Limit ($0.50/$1.00 USD) - 2025/01/29 15:29:00 WET [2025/01/29 10:29:00 ET]
Table 'Renauxa' 6-max Seat #2 is the button
Seat 1: poker_soul11 ($135.63 in chips) 
Seat 2: elcutez ($100 in chips) 
Seat 3: habib beye ($100 in chips) 
Seat 4: Aescul@pius ($109.77 in chips) 
Seat 5: joaquin612 ($103.70 in chips) 
Seat 6: Trojanovich ($100 in chips) 
habib beye: posts small blind $0.50
Aescul@pius: posts big blind $1
*** HOLE CARDS ***
joaquin612: folds 
Trojanovich: folds 
joaquin612 leaves the table
poker_soul11: folds 
elcutez: raises $2 to $3
habib beye: folds 
Aescul@pius: folds 
Uncalled bet ($2) returned to elcutez
elcutez collected $2.50 from pot
*** SUMMARY ***
Total pot $2.50 | Rake $0 
Seat 1: poker_soul11 folded before Flop (didn't bet)
Seat 2: elcutez (button) collected ($2.50)
Seat 3: habib beye (small blind) folded before Flop
Seat 4: Aescul@pius (big blind) folded before Flop
Seat 5: joaquin612 folded before Flop (didn't bet)
Seat 6: Trojanovich folded before Flop (didn't bet)



PokerStars Hand #254607211470:  Hold'em No Limit ($0.50/$1.00 USD) - 2025/01/29 15:29:17 WET [2025/01/29 10:29:17 ET]
Table 'Renauxa' 6-max Seat #3 is the button
Seat 1: poker_soul11 ($135.63 in chips) 
Seat 2: elcutez ($101.50 in chips) 
Seat 3: habib beye ($100 in chips) 
Seat 4: Aescul@pius ($108.77 in chips) 
Seat 6: Trojanovich ($100 in chips) 
Aescul@pius: posts small blind $0.50
Trojanovich: posts big blind $1
*** HOLE CARDS ***
poker_soul11: folds 
elcutez: folds 
habib beye: folds 
Aescul@pius: folds 
Uncalled bet ($0.50) returned to Trojanovich
Trojanovich collected $1 from pot
Trojanovich: doesn't show hand 
*** SUMMARY ***
Total pot $1 | Rake $0 
Seat 1: poker_soul11 folded before Flop (didn't bet)
Seat 2: elcutez folded before Flop (didn't bet)
Seat 3: habib beye (button) folded before Flop (didn't bet)
Seat 4: Aescul@pius (small blind) folded before Flop
Seat 6: Trojanovich (big blind) collected ($1)



PokerStars Hand #254607215974:  Hold'em No Limit ($0.50/$1.00 USD) - 2025/01/29 15:29:39 WET [2025/01/29 10:29:39 ET]
Table 'Renauxa' 6-max Seat #4 is the button
Seat 1: poker_soul11 ($135.63 in chips) is sitting out
Seat 2: elcutez ($101.50 in chips) 
Seat 3: habib beye ($100 in chips) 
Seat 4: Aescul@pius ($108.27 in chips) 
Seat 6: Trojanovich ($100.50 in chips) 
Trojanovich: posts small blind $0.50
poker_soul11: is sitting out 
elcutez: posts big blind $1
*** HOLE CARDS ***
habib beye: folds 
Aescul@pius: folds 
Trojanovich: raises $1.50 to $2.50
elcutez: folds 
Uncalled bet ($1.50) returned to Trojanovich
Trojanovich collected $2 from pot
Trojanovich: doesn't show hand 
*** SUMMARY ***
Total pot $2 | Rake $0 
Seat 1: poker_soul11
Seat 2: elcutez (big blind) folded before Flop
Seat 3: habib beye folded before Flop (didn't bet)
Seat 4: Aescul@pius (button) folded before Flop (didn't bet)
Seat 6: Trojanovich (small blind) collected ($2)



PokerStars Hand #254607219270:  Hold'em No Limit ($0.50/$1.00 USD) - 2025/01/29 15:29:55 WET [2025/01/29 10:29:55 ET]
Table 'Renauxa' 6-max Seat #6 is the button
Seat 1: poker_soul11 ($135.63 in chips) is sitting out
Seat 2: elcutez ($100.50 in chips) 
Seat 3: habib beye ($100 in chips) 
Seat 4: Aescul@pius ($108.27 in chips) 
Seat 6: Trojanovich ($101.50 in chips) 
elcutez: posts small blind $0.50
habib beye: posts big blind $1
*** HOLE CARDS ***
Aescul@pius: folds 
Trojanovich: folds 
elcutez: folds 
Uncalled bet ($0.50) returned to habib beye
habib beye collected $1 from pot
*** SUMMARY ***
Total pot $1 | Rake $0 
Seat 1: poker_soul11
Seat 2: elcutez (small blind) folded before Flop
Seat 3: habib beye (big blind) collected ($1)
Seat 4: Aescul@pius folded before Flop (didn't bet)
Seat 6: Trojanovich (button) folded before Flop (didn't bet)



PokerStars Hand #254607221718:  Hold'em No Limit ($0.50/$1.00 USD) - 2025/01/29 15:30:06 WET [2025/01/29 10:30:06 ET]
Table 'Renauxa' 6-max Seat #2 is the button
Seat 1: poker_soul11 ($135.63 in chips) is sitting out
Seat 2: elcutez ($100 in chips) 
Seat 3: habib beye ($100.50 in chips) 
Seat 4: Aescul@pius ($108.27 in chips) 
Seat 6: Trojanovich ($101.50 in chips) 
habib beye: posts small blind $0.50
Aescul@pius: posts big blind $1
poker_soul11: sits out 
*** HOLE CARDS ***
Trojanovich: raises $1.50 to $2.50
elcutez: raises $5.50 to $8
habib beye: folds 
Aescul@pius: folds 
Trojanovich: folds 
Uncalled bet ($5.50) returned to elcutez
elcutez collected $6.50 from pot
*** SUMMARY ***
Total pot $6.50 | Rake $0 
Seat 1: poker_soul11
Seat 2: elcutez (button) collected ($6.50)
Seat 3: habib beye (small blind) folded before Flop
Seat 4: Aescul@pius (big blind) folded before Flop
Seat 6: Trojanovich folded before Flop



PokerStars Hand #254607226268:  Hold'em No Limit ($0.50/$1.00 USD) - 2025/01/29 15:30:29 WET [2025/01/29 10:30:29 ET]
Table 'Renauxa' 6-max Seat #3 is the button
Seat 1: poker_soul11 ($135.63 in chips) is sitting out
Seat 2: elcutez ($104 in chips) 
Seat 3: habib beye ($100 in chips) 
Seat 4: Aescul@pius ($107.27 in chips) 
Seat 6: Trojanovich ($100 in chips) 
Aescul@pius: posts small blind $0.50
Trojanovich: posts big blind $1
poker_soul11: sits out 
*** HOLE CARDS ***
elcutez: folds 
habib beye: raises $1.50 to $2.50
Aescul@pius: folds 
Trojanovich: raises $8.50 to $11
habib beye: folds 
Uncalled bet ($8.50) returned to Trojanovich
Trojanovich collected $5.50 from pot
Trojanovich: doesn't show hand 
*** SUMMARY ***
Total pot $5.50 | Rake $0 
Seat 1: poker_soul11
Seat 2: elcutez folded before Flop (didn't bet)
Seat 3: habib beye (button) folded before Flop
Seat 4: Aescul@pius (small blind) folded before Flop
Seat 6: Trojanovich (big blind) collected ($5.50)



PokerStars Hand #254607232646:  Hold'em No Limit ($0.50/$1.00 USD) - 2025/01/29 15:30:59 WET [2025/01/29 10:30:59 ET]
Table 'Renauxa' 6-max Seat #4 is the button
Seat 1: poker_soul11 ($135.63 in chips) 
Seat 2: elcutez ($104 in chips) 
Seat 3: habib beye ($100 in chips) 
Seat 4: Aescul@pius ($106.77 in chips) 
Seat 6: Trojanovich ($103 in chips) 
Trojanovich: posts small blind $0.50
poker_soul11: posts big blind $1
*** HOLE CARDS ***
elcutez: folds 
UnderC@t joins the table at seat #5 
habib beye: raises $1.30 to $2.30
Aescul@pius: folds 
Trojanovich: folds 
poker_soul11: raises $9.70 to $12
habib beye: folds 
Uncalled bet ($9.70) returned to poker_soul11
poker_soul11 collected $5.10 from pot
poker_soul11: doesn't show hand 
*** SUMMARY ***
Total pot $5.10 | Rake $0 
Seat 1: poker_soul11 (big blind) collected ($5.10)
Seat 2: elcutez folded before Flop (didn't bet)
Seat 3: habib beye folded before Flop
Seat 4: Aescul@pius (button) folded before Flop (didn't bet)
Seat 6: Trojanovich (small blind) folded before Flop



PokerStars Hand #254607237674:  Hold'em No Limit ($0.50/$1.00 USD) - 2025/01/29 15:31:24 WET [2025/01/29 10:31:24 ET]
Table 'Renauxa' 6-max Seat #6 is the button
Seat 5: UnderC@t ($100 in chips) is sitting out
Seat 1: poker_soul11 ($138.43 in chips) 
Seat 2: elcutez ($104 in chips) 
Seat 3: habib beye ($100 in chips) 
Seat 4: Aescul@pius ($106.77 in chips) 
Seat 6: Trojanovich ($102.50 in chips) 
poker_soul11: posts small blind $0.50
elcutez: posts big blind $1
UnderC@t: sits out 
*** HOLE CARDS ***
habib beye: folds 
Aescul@pius: folds 
Trojanovich: raises $1.50 to $2.50
poker_soul11: folds 
elcutez: folds 
Uncalled bet ($1.50) returned to Trojanovich
Trojanovich collected $2.50 from pot
Trojanovich: doesn't show hand 
*** SUMMARY ***
Total pot $2.50 | Rake $0 
Seat 5: UnderC@t
Seat 1: poker_soul11 (small blind) folded before Flop
Seat 2: elcutez (big blind) folded before Flop
Seat 3: habib beye folded before Flop (didn't bet)
Seat 4: Aescul@pius folded before Flop (didn't bet)
Seat 6: Trojanovich (button) collected ($2.50)



PokerStars Hand #254607240595:  Hold'em No Limit ($0.50/$1.00 USD) - 2025/01/29 15:31:38 WET [2025/01/29 10:31:38 ET]
Table 'Renauxa' 6-max Seat #1 is the button
Seat 5: UnderC@t ($100 in chips) is sitting out
Seat 1: poker_soul11 ($137.93 in chips) 
Seat 2: elcutez ($103 in chips) 
Seat 3: habib beye ($100 in chips) 
Seat 4: Aescul@pius ($106.77 in chips) 
Seat 6: Trojanovich ($104 in chips) 
elcutez: posts small blind $0.50
habib beye: posts big blind $1
UnderC@t: sits out 
*** HOLE CARDS ***
Aescul@pius: raises $1 to $2
Trojanovich: folds 
poker_soul11: folds 
elcutez: folds 
habib beye: raises $7 to $9
Aescul@pius: calls $7
*** FLOP *** [Kd 2c 3h]
habib beye: bets $5.80
Aescul@pius: folds 
Uncalled bet ($5.80) returned to habib beye
habib beye collected $17.58 from pot
habib beye: doesn't show hand 
*** SUMMARY ***
Total pot $18.50 | Rake $0.92 
Board [Kd 2c 3h]
Seat 5: UnderC@t
Seat 1: poker_soul11 (button) folded before Flop (didn't bet)
Seat 2: elcutez (small blind) folded before Flop
Seat 3: habib beye (big blind) collected ($17.58)
Seat 4: Aescul@pius folded on the Flop
Seat 6: Trojanovich folded before Flop (didn't bet)



PokerStars Hand #254607255044:  Hold'em No Limit ($0.50/$1.00 USD) - 2025/01/29 15:32:47 WET [2025/01/29 10:32:47 ET]
Table 'Renauxa' 6-max Seat #2 is the button
Seat 5: UnderC@t ($100 in chips) is sitting out
Seat 1: poker_soul11 ($137.93 in chips) 
Seat 2: elcutez ($102.50 in chips) 
Seat 3: habib beye ($108.58 in chips) 
Seat 4: Aescul@pius ($100 in chips) 
Seat 6: Trojanovich ($104 in chips) 
habib beye: posts small blind $0.50
Aescul@pius: posts big blind $1
UnderC@t: sits out 
*** HOLE CARDS ***
Trojanovich: folds 
poker_soul11: folds 
elcutez: raises $1.70 to $2.70
habib beye: folds 
Aescul@pius: folds 
Uncalled bet ($1.70) returned to elcutez
elcutez collected $2.50 from pot
*** SUMMARY ***
Total pot $2.50 | Rake $0 
Seat 5: UnderC@t
Seat 1: poker_soul11 folded before Flop (didn't bet)
Seat 2: elcutez (button) collected ($2.50)
Seat 3: habib beye (small blind) folded before Flop
Seat 4: Aescul@pius (big blind) folded before Flop
Seat 6: Trojanovich folded before Flop (didn't bet)



PokerStars Hand #254607258233:  Hold'em No Limit ($0.50/$1.00 USD) - 2025/01/29 15:33:02 WET [2025/01/29 10:33:02 ET]
Table 'Renauxa' 6-max Seat #3 is the button
Seat 1: poker_soul11 ($137.93 in chips) 
Seat 2: elcutez ($104 in chips) 
Seat 3: habib beye ($108.08 in chips) 
Seat 4: Aescul@pius ($100 in chips) 
Seat 5: UnderC@t ($100 in chips) 
Seat 6: Trojanovich ($104 in chips) 
Aescul@pius: posts small blind $0.50
UnderC@t: posts big blind $1
*** HOLE CARDS ***
Trojanovich: folds 
poker_soul11: folds 
elcutez: raises $2.50 to $3.50
habib beye: folds 
Aescul@pius: folds 
UnderC@t: calls $2.50
*** FLOP *** [Qs 8d 2h]
UnderC@t: checks 
elcutez: checks 
*** TURN *** [Qs 8d 2h] [Kh]
UnderC@t: checks 
elcutez: bets $4
UnderC@t: folds 
Uncalled bet ($4) returned to elcutez
elcutez collected $7.12 from pot
*** SUMMARY ***
Total pot $7.50 | Rake $0.38 
Board [Qs 8d 2h Kh]
Seat 1: poker_soul11 folded before Flop (didn't bet)
Seat 2: elcutez collected ($7.12)
Seat 3: habib beye (button) folded before Flop (didn't bet)
Seat 4: Aescul@pius (small blind) folded before Flop
Seat 5: UnderC@t (big blind) folded on the Turn
Seat 6: Trojanovich folded before Flop (didn't bet)



PokerStars Hand #254607264759:  Hold'em No Limit ($0.50/$1.00 USD) - 2025/01/29 15:33:34 WET [2025/01/29 10:33:34 ET]
Table 'Renauxa' 6-max Seat #4 is the button
Seat 1: poker_soul11 ($137.93 in chips) 
Seat 2: elcutez ($107.62 in chips) 
Seat 3: habib beye ($108.08 in chips) 
Seat 4: Aescul@pius ($100 in chips) 
Seat 5: UnderC@t ($100 in chips) 
Seat 6: Trojanovich ($104 in chips) 
UnderC@t: posts small blind $0.50
Trojanovich: posts big blind $1
*** HOLE CARDS ***
poker_soul11: folds 
elcutez: folds 
habib beye: folds 
Aescul@pius: folds 
UnderC@t: folds 
Uncalled bet ($0.50) returned to Trojanovich
Trojanovich collected $1 from pot
Trojanovich: doesn't show hand 
*** SUMMARY ***
Total pot $1 | Rake $0 
Seat 1: poker_soul11 folded before Flop (didn't bet)
Seat 2: elcutez folded before Flop (didn't bet)
Seat 3: habib beye folded before Flop (didn't bet)
Seat 4: Aescul@pius (button) folded before Flop (didn't bet)
Seat 5: UnderC@t (small blind) folded before Flop
Seat 6: Trojanovich (big blind) collected ($1)



PokerStars Hand #254607267402:  Hold'em No Limit ($0.50/$1.00 USD) - 2025/01/29 15:33:47 WET [2025/01/29 10:33:47 ET]
Table 'Renauxa' 6-max Seat #5 is the button
Seat 1: poker_soul11 ($137.93 in chips) is sitting out
Seat 2: elcutez ($107.62 in chips) 
Seat 3: habib beye ($108.08 in chips) 
Seat 4: Aescul@pius ($100 in chips) 
Seat 5: UnderC@t ($100 in chips) 
Seat 6: Trojanovich ($104.50 in chips) 
Trojanovich: posts small blind $0.50
poker_soul11: is sitting out 
elcutez: posts big blind $1
*** HOLE CARDS ***
habib beye: folds 
poker_soul11 leaves the table
Aescul@pius: folds 
UnderC@t: raises $1.50 to $2.50
Trojanovich: raises $8.50 to $11
elcutez: folds 
UnderC@t: folds 
Uncalled bet ($8.50) returned to Trojanovich
Trojanovich collected $6 from pot
Trojanovich: doesn't show hand 
*** SUMMARY ***
Total pot $6 | Rake $0 
Seat 1: poker_soul11
Seat 2: elcutez (big blind) folded before Flop
Seat 3: habib beye folded before Flop (didn't bet)
Seat 4: Aescul@pius folded before Flop (didn't bet)
Seat 5: UnderC@t (button) folded before Flop
Seat 6: Trojanovich (small blind) collected ($6)



PokerStars Hand #254607272399:  Hold'em No Limit ($0.50/$1.00 USD) - 2025/01/29 15:34:10 WET [2025/01/29 10:34:10 ET]
Table 'Renauxa' 6-max Seat #6 is the button
Seat 2: elcutez ($106.62 in chips) 
Seat 3: habib beye ($108.08 in chips) 
Seat 4: Aescul@pius ($100 in chips) 
Seat 5: UnderC@t ($100 in chips) 
Seat 6: Trojanovich ($108 in chips) 
elcutez: posts small blind $0.50
habib beye: posts big blind $1
*** HOLE CARDS ***
Aescul@pius: folds 
UnderC@t: folds 
Trojanovich: folds 
elcutez: folds 
Uncalled bet ($0.50) returned to habib beye
habib beye collected $1 from pot
*** SUMMARY ***
Total pot $1 | Rake $0 
Seat 2: elcutez (small blind) folded before Flop
Seat 3: habib beye (big blind) collected ($1)
Seat 4: Aescul@pius folded before Flop (didn't bet)
Seat 5: UnderC@t folded before Flop (didn't bet)
Seat 6: Trojanovich (button) folded before Flop (didn't bet)



PokerStars Hand #254607273840:  Hold'em No Limit ($0.50/$1.00 USD) - 2025/01/29 15:34:17 WET [2025/01/29 10:34:17 ET]
Table 'Renauxa' 6-max Seat #2 is the button
Seat 2: elcutez ($106.12 in chips) 
Seat 3: habib beye ($108.58 in chips) 
Seat 4: Aescul@pius ($100 in chips) 
Seat 5: UnderC@t ($100 in chips) 
Seat 6: Trojanovich ($108 in chips) 
habib beye: posts small blind $0.50
Aescul@pius: posts big blind $1
*** HOLE CARDS ***
UnderC@t: folds 
Trojanovich: raises $1.50 to $2.50
elcutez: folds 
geopapass87 joins the table at seat #1 
geopapass87 is disconnected 
habib beye: raises $8.50 to $11
Aescul@pius: folds 
Trojanovich: calls $8.50
*** FLOP *** [Th 6d Tc]
habib beye: bets $10.61
Trojanovich: calls $10.61
*** TURN *** [Th 6d Tc] [5s]
habib beye: checks 
Trojanovich: bets $10.50
habib beye: raises $19.79 to $30.29
Trojanovich: calls $19.79
*** RIVER *** [Th 6d Tc 5s] [4d]
habib beye: checks 
Trojanovich: checks 
*** SHOW DOWN ***
habib beye: shows [Qd Kh] (a pair of Tens)
Trojanovich: shows [6c 7c] (two pair, Tens and Sixes)
Trojanovich collected $102.30 from pot
*** SUMMARY ***
Total pot $104.80 | Rake $2.50 
Board [Th 6d Tc 5s 4d]
Seat 2: elcutez (button) folded before Flop (didn't bet)
Seat 3: habib beye (small blind) showed [Qd Kh] and lost with a pair of Tens
Seat 4: Aescul@pius (big blind) folded before Flop
Seat 5: UnderC@t folded before Flop (didn't bet)
Seat 6: Trojanovich showed [6c 7c] and won ($102.30) with two pair, Tens and Sixes



PokerStars Hand #254607298291:  Hold'em No Limit ($0.50/$1.00 USD) - 2025/01/29 15:36:14 WET [2025/01/29 10:36:14 ET]
Table 'Renauxa' 6-max Seat #3 is the button
Seat 1: geopapass87 ($100 in chips) 
Seat 2: elcutez ($106.12 in chips) 
Seat 3: habib beye ($100 in chips) 
Seat 4: Aescul@pius ($100 in chips) 
Seat 5: UnderC@t ($100 in chips) 
Seat 6: Trojanovich ($158.40 in chips) 
Aescul@pius: posts small blind $0.50
UnderC@t: posts big blind $1
geopapass87: posts big blind $1
*** HOLE CARDS ***
Trojanovich: folds 
geopapass87: raises $1 to $2
elcutez: raises $5.50 to $7.50
habib beye: folds 
Aescul@pius: folds 
UnderC@t: folds 
geopapass87: calls $5.50
*** FLOP *** [8h 7s 5h]
geopapass87: checks 
elcutez: checks 
*** TURN *** [8h 7s 5h] [2s]
geopapass87: bets $7.84
elcutez: calls $7.84
*** RIVER *** [8h 7s 5h 2s] [4h]
geopapass87: bets $15.29
elcutez: calls $15.29
*** SHOW DOWN ***
geopapass87: shows [3c 4d] (a pair of Fours)
elcutez: shows [Ac As] (a pair of Aces)
elcutez collected $60.26 from pot
*** SUMMARY ***
Total pot $62.76 | Rake $2.50 
Board [8h 7s 5h 2s 4h]
Seat 1: geopapass87 showed [3c 4d] and lost with a pair of Fours
Seat 2: elcutez showed [Ac As] and won ($60.26) with a pair of Aces
Seat 3: habib beye (button) folded before Flop (didn't bet)
Seat 4: Aescul@pius (small blind) folded before Flop
Seat 5: UnderC@t (big blind) folded before Flop
Seat 6: Trojanovich folded before Flop (didn't bet)



PokerStars Hand #254607311550:  Hold'em No Limit ($0.50/$1.00 USD) - 2025/01/29 15:37:19 WET [2025/01/29 10:37:19 ET]
Table 'Renauxa' 6-max Seat #4 is the button
Seat 1: geopapass87 ($69.37 in chips) 
Seat 2: elcutez ($135.75 in chips) 
Seat 3: habib beye ($100 in chips) 
Seat 4: Aescul@pius ($100 in chips) 
Seat 5: UnderC@t ($100 in chips) 
Seat 6: Trojanovich ($158.40 in chips) 
UnderC@t: posts small blind $0.50
Trojanovich: posts big blind $1
*** HOLE CARDS ***
geopapass87: raises $1 to $2
elcutez: folds 
habib beye: folds 
Aescul@pius: folds 
UnderC@t: folds 
Trojanovich: calls $1
*** FLOP *** [9s 2c Ah]
Trojanovich: checks 
geopapass87: bets $2.14
Trojanovich: folds 
Uncalled bet ($2.14) returned to geopapass87
geopapass87 collected $4.28 from pot
geopapass87: doesn't show hand 
*** SUMMARY ***
Total pot $4.50 | Rake $0.22 
Board [9s 2c Ah]
Seat 1: geopapass87 collected ($4.28)
Seat 2: elcutez folded before Flop (didn't bet)
Seat 3: habib beye folded before Flop (didn't bet)
Seat 4: Aescul@pius (button) folded before Flop (didn't bet)
Seat 5: UnderC@t (small blind) folded before Flop
Seat 6: Trojanovich (big blind) folded on the Flop



PokerStars Hand #254607317256:  Hold'em No Limit ($0.50/$1.00 USD) - 2025/01/29 15:37:46 WET [2025/01/29 10:37:46 ET]
Table 'Renauxa' 6-max Seat #5 is the button
Seat 1: geopapass87 ($100 in chips) 
Seat 2: elcutez ($135.75 in chips) 
Seat 3: habib beye ($100 in chips) 
Seat 4: Aescul@pius ($100 in chips) 
Seat 5: UnderC@t ($100 in chips) 
Seat 6: Trojanovich ($156.40 in chips) 
Trojanovich: posts small blind $0.50
geopapass87: posts big blind $1
*** HOLE CARDS ***
elcutez: calls $1
habib beye: folds 
Aescul@pius: folds 
UnderC@t: folds 
Trojanovich: folds 
geopapass87: raises $2 to $3
elcutez: raises $6.50 to $9.50
geopapass87: calls $6.50
*** FLOP *** [Qs 9h Jc]
geopapass87: checks 
elcutez: bets $18.52
geopapass87: calls $18.52
*** TURN *** [Qs 9h Jc] [3h]
geopapass87: checks 
elcutez: bets $107.73 and is all-in
geopapass87: folds 
Uncalled bet ($107.73) returned to elcutez
elcutez collected $54.04 from pot
*** SUMMARY ***
Total pot $56.54 | Rake $2.50 
Board [Qs 9h Jc 3h]
Seat 1: geopapass87 (big blind) folded on the Turn
Seat 2: elcutez collected ($54.04)
Seat 3: habib beye folded before Flop (didn't bet)
Seat 4: Aescul@pius folded before Flop (didn't bet)
Seat 5: UnderC@t (button) folded before Flop (didn't bet)
Seat 6: Trojanovich (small blind) folded before Flop



PokerStars Hand #254607325907:  Hold'em No Limit ($0.50/$1.00 USD) - 2025/01/29 15:38:27 WET [2025/01/29 10:38:27 ET]
Table 'Renauxa' 6-max Seat #6 is the button
Seat 1: geopapass87 ($71.98 in chips) 
Seat 2: elcutez ($161.77 in chips) 
Seat 3: habib beye ($100 in chips) 
Seat 4: Aescul@pius ($100 in chips) 
Seat 5: UnderC@t ($100 in chips) 
Seat 6: Trojanovich ($155.90 in chips) 
geopapass87: posts small blind $0.50
elcutez: posts big blind $1
*** HOLE CARDS ***
habib beye: folds 
Aescul@pius: folds 
UnderC@t: folds 
Trojanovich: folds 
geopapass87: raises $1 to $2
elcutez: calls $1
*** FLOP *** [3d 9s 2d]
geopapass87: bets $1.90
elcutez: calls $1.90
*** TURN *** [3d 9s 2d] [2s]
geopapass87: checks 
elcutez: bets $3.71
geopapass87: calls $3.71
*** RIVER *** [3d 9s 2d 2s] [Jh]
geopapass87: checks 
elcutez: checks 
*** SHOW DOWN ***
geopapass87: shows [6c Qc] (a pair of Deuces)
elcutez: shows [8h 8s] (two pair, Eights and Deuces)
elcutez collected $14.46 from pot
*** SUMMARY ***
Total pot $15.22 | Rake $0.76 
Board [3d 9s 2d 2s Jh]
Seat 1: geopapass87 (small blind) showed [6c Qc] and lost with a pair of Deuces
Seat 2: elcutez (big blind) showed [8h 8s] and won ($14.46) with two pair, Eights and Deuces
Seat 3: habib beye folded before Flop (didn't bet)
Seat 4: Aescul@pius folded before Flop (didn't bet)
Seat 5: UnderC@t folded before Flop (didn't bet)
Seat 6: Trojanovich (button) folded before Flop (didn't bet)



PokerStars Hand #254607335686:  Hold'em No Limit ($0.50/$1.00 USD) - 2025/01/29 15:39:15 WET [2025/01/29 10:39:15 ET]
Table 'Renauxa' 6-max Seat #1 is the button
Seat 1: geopapass87 ($73.76 in chips) 
Seat 2: elcutez ($168.62 in chips) 
Seat 3: habib beye ($100 in chips) 
Seat 4: Aescul@pius ($100 in chips) 
Seat 5: UnderC@t ($100 in chips) 
Seat 6: Trojanovich ($155.90 in chips) 
elcutez: posts small blind $0.50
habib beye: posts big blind $1
*** HOLE CARDS ***
Aescul@pius: folds 
UnderC@t: folds 
Trojanovich: folds 
geopapass87: raises $1 to $2
elcutez: folds 
habib beye: folds 
Uncalled bet ($1) returned to geopapass87
geopapass87 collected $2.50 from pot
geopapass87: doesn't show hand 
*** SUMMARY ***
Total pot $2.50 | Rake $0 
Seat 1: geopapass87 (button) collected ($2.50)
Seat 2: elcutez (small blind) folded before Flop
Seat 3: habib beye (big blind) folded before Flop
Seat 4: Aescul@pius folded before Flop (didn't bet)
Seat 5: UnderC@t folded before Flop (didn't bet)
Seat 6: Trojanovich folded before Flop (didn't bet)



PokerStars Hand #254607340067:  Hold'em No Limit ($0.50/$1.00 USD) - 2025/01/29 15:39:35 WET [2025/01/29 10:39:35 ET]
Table 'Renauxa' 6-max Seat #2 is the button
Seat 1: geopapass87 ($75.26 in chips) 
Seat 2: elcutez ($168.12 in chips) 
Seat 3: habib beye ($100 in chips) 
Seat 4: Aescul@pius ($100 in chips) 
Seat 5: UnderC@t ($100 in chips) 
Seat 6: Trojanovich ($155.90 in chips) 
habib beye: posts small blind $0.50
Aescul@pius: posts big blind $1
*** HOLE CARDS ***
UnderC@t: raises $1.50 to $2.50
Trojanovich: folds 
geopapass87: calls $2.50
elcutez: folds 
habib beye: folds 
Aescul@pius: calls $1.50
*** FLOP *** [Qh 5d 6d]
Aescul@pius: checks 
UnderC@t: bets $3
geopapass87: calls $3
Aescul@pius: raises $12 to $15
UnderC@t: folds 
geopapass87: folds 
Uncalled bet ($12) returned to Aescul@pius
Aescul@pius collected $16.15 from pot
Aescul@pius: doesn't show hand 
*** SUMMARY ***
Total pot $17 | Rake $0.85 
Board [Qh 5d 6d]
Seat 1: geopapass87 folded on the Flop
Seat 2: elcutez (button) folded before Flop (didn't bet)
Seat 3: habib beye (small blind) folded before Flop
Seat 4: Aescul@pius (big blind) collected ($16.15)
Seat 5: UnderC@t folded on the Flop
Seat 6: Trojanovich folded before Flop (didn't bet)



PokerStars Hand #254607353942:  Hold'em No Limit ($0.50/$1.00 USD) - 2025/01/29 15:40:41 WET [2025/01/29 10:40:41 ET]
Table 'Renauxa' 6-max Seat #3 is the button
Seat 1: geopapass87 ($69.76 in chips) 
Seat 2: elcutez ($168.12 in chips) 
Seat 3: habib beye ($100 in chips) 
Seat 4: Aescul@pius ($110.65 in chips) 
Seat 5: UnderC@t ($100 in chips) 
Seat 6: Trojanovich ($155.90 in chips) 
Aescul@pius: posts small blind $0.50
UnderC@t: posts big blind $1
*** HOLE CARDS ***
Trojanovich: folds 
geopapass87: raises $2 to $3
elcutez: folds 
habib beye: folds 
Aescul@pius: folds 
UnderC@t: folds 
Uncalled bet ($2) returned to geopapass87
geopapass87 collected $2.50 from pot
geopapass87: doesn't show hand 
*** SUMMARY ***
Total pot $2.50 | Rake $0 
Seat 1: geopapass87 collected ($2.50)
Seat 2: elcutez folded before Flop (didn't bet)
Seat 3: habib beye (button) folded before Flop (didn't bet)
Seat 4: Aescul@pius (small blind) folded before Flop
Seat 5: UnderC@t (big blind) folded before Flop
Seat 6: Trojanovich folded before Flop (didn't bet)



PokerStars Hand #254607357094:  Hold'em No Limit ($0.50/$1.00 USD) - 2025/01/29 15:40:56 WET [2025/01/29 10:40:56 ET]
Table 'Renauxa' 6-max Seat #4 is the button
Seat 1: geopapass87 ($71.26 in chips) 
Seat 2: elcutez ($168.12 in chips) 
Seat 3: habib beye ($100 in chips) 
Seat 4: Aescul@pius ($110.15 in chips) 
Seat 5: UnderC@t ($100 in chips) 
Seat 6: Trojanovich ($155.90 in chips) 
UnderC@t: posts small blind $0.50
Trojanovich: posts big blind $1
*** HOLE CARDS ***
geopapass87: calls $1
elcutez: folds 
habib beye: raises $2 to $3
Aescul@pius: calls $3
UnderC@t: folds 
Trojanovich: folds 
geopapass87: calls $2
*** FLOP *** [2d 6c 5h]
geopapass87: checks 
habib beye: checks 
Aescul@pius: checks 
*** TURN *** [2d 6c 5h] [7s]
geopapass87: bets $4.99
habib beye: calls $4.99
Aescul@pius: folds 
*** RIVER *** [2d 6c 5h 7s] [Qc]
geopapass87: bets $19.46
habib beye: folds 
Uncalled bet ($19.46) returned to geopapass87
geopapass87 collected $19.46 from pot
geopapass87: doesn't show hand 
*** SUMMARY ***
Total pot $20.48 | Rake $1.02 
Board [2d 6c 5h 7s Qc]
Seat 1: geopapass87 collected ($19.46)
Seat 2: elcutez folded before Flop (didn't bet)
Seat 3: habib beye folded on the River
Seat 4: Aescul@pius (button) folded on the Turn
Seat 5: UnderC@t (small blind) folded before Flop
Seat 6: Trojanovich (big blind) folded before Flop



PokerStars Hand #254607376313:  Hold'em No Limit ($0.50/$1.00 USD) - 2025/01/29 15:42:27 WET [2025/01/29 10:42:27 ET]
Table 'Renauxa' 6-max Seat #5 is the button
Seat 1: geopapass87 ($82.73 in chips) 
Seat 2: elcutez ($168.12 in chips) 
Seat 3: habib beye ($100 in chips) 
Seat 4: Aescul@pius ($107.15 in chips) 
Seat 5: UnderC@t ($100 in chips) 
Seat 6: Trojanovich ($154.90 in chips) 
Trojanovich: posts small blind $0.50
geopapass87: posts big blind $1
*** HOLE CARDS ***
elcutez: raises $2 to $3
habib beye: folds 
Aescul@pius: folds 
UnderC@t: folds 
Trojanovich: folds 
geopapass87: calls $2
*** FLOP *** [5h 7h 9d]
geopapass87: checks 
elcutez: checks 
*** TURN *** [5h 7h 9d] [Js]
geopapass87: bets $3.09
elcutez: folds 
Uncalled bet ($3.09) returned to geopapass87
geopapass87 collected $6.18 from pot
geopapass87: doesn't show hand 
*** SUMMARY ***
Total pot $6.50 | Rake $0.32 
Board [5h 7h 9d Js]
Seat 1: geopapass87 (big blind) collected ($6.18)
Seat 2: elcutez folded on the Turn
Seat 3: habib beye folded before Flop (didn't bet)
Seat 4: Aescul@pius folded before Flop (didn't bet)
Seat 5: UnderC@t (button) folded before Flop (didn't bet)
Seat 6: Trojanovich (small blind) folded before Flop



PokerStars Hand #254607383344:  Hold'em No Limit ($0.50/$1.00 USD) - 2025/01/29 15:43:00 WET [2025/01/29 10:43:00 ET]
Table 'Renauxa' 6-max Seat #6 is the button
Seat 1: geopapass87 ($85.91 in chips) 
Seat 2: elcutez ($165.12 in chips) 
Seat 3: habib beye ($100 in chips) 
Seat 4: Aescul@pius ($107.15 in chips) 
Seat 5: UnderC@t ($100 in chips) 
Seat 6: Trojanovich ($154.40 in chips) 
geopapass87: posts small blind $0.50
elcutez: posts big blind $1
*** HOLE CARDS ***
habib beye: folds 
Aescul@pius: raises $1 to $2
UnderC@t: folds 
Trojanovich: folds 
geopapass87: raises $3 to $5
elcutez: calls $4
Aescul@pius: calls $3
*** FLOP *** [3h 3s Ts]
geopapass87: bets $14.25
elcutez: folds 
Aescul@pius: folds 
Uncalled bet ($14.25) returned to geopapass87
geopapass87 collected $14.25 from pot
geopapass87: doesn't show hand 
*** SUMMARY ***
Total pot $15 | Rake $0.75 
Board [3h 3s Ts]
Seat 1: geopapass87 (small blind) collected ($14.25)
Seat 2: elcutez (big blind) folded on the Flop
Seat 3: habib beye folded before Flop (didn't bet)
Seat 4: Aescul@pius folded on the Flop
Seat 5: UnderC@t folded before Flop (didn't bet)
Seat 6: Trojanovich (button) folded before Flop (didn't bet)



PokerStars Hand #254607396553:  Hold'em No Limit ($0.50/$1.00 USD) - 2025/01/29 15:44:01 WET [2025/01/29 10:44:01 ET]
Table 'Renauxa' 6-max Seat #1 is the button
Seat 1: geopapass87 ($95.16 in chips) 
Seat 2: elcutez ($160.12 in chips) 
Seat 3: habib beye ($100 in chips) 
Seat 4: Aescul@pius ($102.15 in chips) 
Seat 5: UnderC@t ($100 in chips) 
Seat 6: Trojanovich ($154.40 in chips) 
elcutez: posts small blind $0.50
habib beye: posts big blind $1
*** HOLE CARDS ***
Aescul@pius: folds 
UnderC@t: folds 
Trojanovich: raises $1.50 to $2.50
geopapass87: calls $2.50
elcutez: folds 
habib beye: calls $1.50
*** FLOP *** [As 5d 5c]
elcutez leaves the table
habib beye: checks 
Trojanovich: checks 
magzi777 joins the table at seat #2 
geopapass87: bets $3.80
habib beye: folds 
Trojanovich: folds 
Uncalled bet ($3.80) returned to geopapass87
geopapass87 collected $7.60 from pot
geopapass87: doesn't show hand 
*** SUMMARY ***
Total pot $8 | Rake $0.40 
Board [As 5d 5c]
Seat 1: geopapass87 (button) collected ($7.60)
Seat 2: elcutez (small blind) folded before Flop
Seat 3: habib beye (big blind) folded on the Flop
Seat 4: Aescul@pius folded before Flop (didn't bet)
Seat 5: UnderC@t folded before Flop (didn't bet)
Seat 6: Trojanovich folded on the Flop



PokerStars Hand #254607408003:  Hold'em No Limit ($0.50/$1.00 USD) - 2025/01/29 15:44:56 WET [2025/01/29 10:44:56 ET]
Table 'Renauxa' 6-max Seat #3 is the button
Seat 2: magzi777 ($100 in chips) is sitting out
Seat 1: geopapass87 ($100.26 in chips) 
Seat 3: habib beye ($100 in chips) 
Seat 4: Aescul@pius ($102.15 in chips) 
Seat 5: UnderC@t ($100 in chips) 
Seat 6: Trojanovich ($151.90 in chips) 
Aescul@pius: posts small blind $0.50
UnderC@t: posts big blind $1
magzi777: sits out 
*** HOLE CARDS ***
Trojanovich: folds 
geopapass87: raises $4 to $5
habib beye: folds 
Aescul@pius: folds 
UnderC@t: folds [2h]
Uncalled bet ($4) returned to geopapass87
geopapass87 collected $2.50 from pot
geopapass87: doesn't show hand 
*** SUMMARY ***
Total pot $2.50 | Rake $0 
Seat 2: magzi777
Seat 1: geopapass87 collected ($2.50)
Seat 3: habib beye (button) folded before Flop (didn't bet)
Seat 4: Aescul@pius (small blind) folded before Flop
Seat 5: UnderC@t (big blind) folded before Flop
Seat 6: Trojanovich folded before Flop (didn't bet)



PokerStars Hand #254607417167:  Hold'em No Limit ($0.50/$1.00 USD) - 2025/01/29 15:45:38 WET [2025/01/29 10:45:38 ET]
Table 'Renauxa' 6-max Seat #4 is the button
Seat 2: magzi777 ($100 in chips) is sitting out
Seat 1: geopapass87 ($101.76 in chips) 
Seat 3: habib beye ($100 in chips) 
Seat 4: Aescul@pius ($101.65 in chips) 
Seat 5: UnderC@t ($100 in chips) 
Seat 6: Trojanovich ($151.90 in chips) 
UnderC@t: posts small blind $0.50
Trojanovich: posts big blind $1
magzi777: sits out 
*** HOLE CARDS ***
geopapass87: folds 
habib beye: folds 
Aescul@pius: folds 
UnderC@t: folds 
Uncalled bet ($0.50) returned to Trojanovich
Trojanovich collected $1 from pot
Trojanovich: doesn't show hand 
*** SUMMARY ***
Total pot $1 | Rake $0 
Seat 2: magzi777
Seat 1: geopapass87 folded before Flop (didn't bet)
Seat 3: habib beye folded before Flop (didn't bet)
Seat 4: Aescul@pius (button) folded before Flop (didn't bet)
Seat 5: UnderC@t (small blind) folded before Flop
Seat 6: Trojanovich (big blind) collected ($1)



PokerStars Hand #254607419596:  Hold'em No Limit ($0.50/$1.00 USD) - 2025/01/29 15:45:49 WET [2025/01/29 10:45:49 ET]
Table 'Renauxa' 6-max Seat #5 is the button
Seat 2: magzi777 ($100 in chips) is sitting out
Seat 1: geopapass87 ($101.76 in chips) 
Seat 3: habib beye ($100 in chips) 
Seat 4: Aescul@pius ($101.65 in chips) 
Seat 5: UnderC@t ($100 in chips) 
Seat 6: Trojanovich ($152.40 in chips) 
Trojanovich: posts small blind $0.50
geopapass87: posts big blind $1
magzi777: sits out 
*** HOLE CARDS ***
habib beye: folds 
Aescul@pius: folds 
UnderC@t: folds 
Trojanovich: raises $2 to $3
geopapass87: calls $2
*** FLOP *** [3h 7s 5h]
Trojanovich: checks 
geopapass87: bets $2.85
Trojanovich: calls $2.85
*** TURN *** [3h 7s 5h] [6c]
Trojanovich: checks 
geopapass87: bets $5.56
Trojanovich: calls $5.56
*** RIVER *** [3h 7s 5h 6c] [3d]
Trojanovich: checks 
geopapass87: checks 
*** SHOW DOWN ***
Trojanovich: shows [4d As] (a straight, Three to Seven)
geopapass87: mucks hand 
Trojanovich collected $21.68 from pot
*** SUMMARY ***
Total pot $22.82 | Rake $1.14 
Board [3h 7s 5h 6c 3d]
Seat 2: magzi777
Seat 1: geopapass87 (big blind) mucked
Seat 3: habib beye folded before Flop (didn't bet)
Seat 4: Aescul@pius folded before Flop (didn't bet)
Seat 5: UnderC@t (button) folded before Flop (didn't bet)
Seat 6: Trojanovich (small blind) showed [4d As] and won ($21.68) with a straight, Three to Seven



PokerStars Hand #254607430284:  Hold'em No Limit ($0.50/$1.00 USD) - 2025/01/29 15:46:39 WET [2025/01/29 10:46:39 ET]
Table 'Renauxa' 6-max Seat #6 is the button
Seat 1: geopapass87 ($90.35 in chips) 
Seat 2: magzi777 ($100 in chips) 
Seat 3: habib beye ($100 in chips) 
Seat 4: Aescul@pius ($101.65 in chips) 
Seat 5: UnderC@t ($100 in chips) 
Seat 6: Trojanovich ($162.67 in chips) 
geopapass87: posts small blind $0.50
magzi777: posts big blind $1
*** HOLE CARDS ***
habib beye: folds 
Aescul@pius: folds 
UnderC@t: folds 
Trojanovich: raises $1.50 to $2.50
geopapass87: calls $2
magzi777: calls $1.50
*** FLOP *** [8d Ad 5s]
geopapass87: checks 
magzi777: checks 
Trojanovich: checks 
*** TURN *** [8d Ad 5s] [Qh]
geopapass87: checks 
magzi777: checks 
Trojanovich: checks 
*** RIVER *** [8d Ad 5s Qh] [9c]
geopapass87: checks 
magzi777: checks 
Trojanovich: checks 
*** SHOW DOWN ***
geopapass87: shows [2d Jd] (high card Ace)
magzi777: shows [7h 7d] (a pair of Sevens)
Trojanovich: shows [9s Kh] (a pair of Nines)
Trojanovich collected $7.12 from pot
*** SUMMARY ***
Total pot $7.50 | Rake $0.38 
Board [8d Ad 5s Qh 9c]
Seat 1: geopapass87 (small blind) showed [2d Jd] and lost with high card Ace
Seat 2: magzi777 (big blind) showed [7h 7d] and lost with a pair of Sevens
Seat 3: habib beye folded before Flop (didn't bet)
Seat 4: Aescul@pius folded before Flop (didn't bet)
Seat 5: UnderC@t folded before Flop (didn't bet)
Seat 6: Trojanovich (button) showed [9s Kh] and won ($7.12) with a pair of Nines



PokerStars Hand #254607450040:  Hold'em No Limit ($0.50/$1.00 USD) - 2025/01/29 15:48:10 WET [2025/01/29 10:48:10 ET]
Table 'Renauxa' 6-max Seat #1 is the button
Seat 1: geopapass87 ($87.85 in chips) 
Seat 2: magzi777 ($100 in chips) 
Seat 3: habib beye ($100 in chips) 
Seat 4: Aescul@pius ($101.65 in chips) 
Seat 5: UnderC@t ($100 in chips) 
Seat 6: Trojanovich ($167.29 in chips) 
magzi777: posts small blind $0.50
habib beye: posts big blind $1
*** HOLE CARDS ***
Aescul@pius: folds 
UnderC@t: folds 
Trojanovich: raises $1.50 to $2.50
geopapass87: calls $2.50
magzi777: folds 
habib beye: folds 
*** FLOP *** [8d Th 4h]
Trojanovich: checks 
geopapass87: bets $3.09
Trojanovich: folds 
Uncalled bet ($3.09) returned to geopapass87
geopapass87 collected $6.18 from pot
geopapass87: doesn't show hand 
*** SUMMARY ***
Total pot $6.50 | Rake $0.32 
Board [8d Th 4h]
Seat 1: geopapass87 (button) collected ($6.18)
Seat 2: magzi777 (small blind) folded before Flop
Seat 3: habib beye (big blind) folded before Flop
Seat 4: Aescul@pius folded before Flop (didn't bet)
Seat 5: UnderC@t folded before Flop (didn't bet)
Seat 6: Trojanovich folded on the Flop



PokerStars Hand #254607456679:  Hold'em No Limit ($0.50/$1.00 USD) - 2025/01/29 15:48:41 WET [2025/01/29 10:48:41 ET]
Table 'Renauxa' 6-max Seat #2 is the button
Seat 1: geopapass87 ($91.53 in chips) 
Seat 2: magzi777 ($100 in chips) 
Seat 3: habib beye ($100 in chips) 
Seat 4: Aescul@pius ($101.65 in chips) 
Seat 5: UnderC@t ($100 in chips) 
Seat 6: Trojanovich ($164.79 in chips) 
habib beye: posts small blind $0.50
Aescul@pius: posts big blind $1
*** HOLE CARDS ***
UnderC@t: folds 
Trojanovich: folds 
geopapass87: folds 
magzi777: raises $1.50 to $2.50
habib beye: raises $8.50 to $11
Aescul@pius: folds 
magzi777: raises $14 to $25
habib beye: raises $75 to $100 and is all-in
magzi777: calls $75 and is all-in
*** FIRST FLOP *** [4h 9d 7c]
*** FIRST TURN *** [4h 9d 7c] [5h]
*** FIRST RIVER *** [4h 9d 7c 5h] [4c]
*** SECOND FLOP *** [2h Tc 5s]
*** SECOND TURN *** [2h Tc 5s] [Ac]
*** SECOND RIVER *** [2h Tc 5s Ac] [Kc]
*** FIRST SHOW DOWN ***
habib beye: shows [Ad Ks] (a pair of Fours)
magzi777: shows [Jc Js] (two pair, Jacks and Fours)
magzi777 collected $99.25 from pot
*** SECOND SHOW DOWN ***
habib beye: shows [Ad Ks] (two pair, Aces and Kings)
magzi777: shows [Jc Js] (a pair of Jacks)
habib beye collected $99.25 from pot
*** SUMMARY ***
Total pot $201 | Rake $2.50 
Hand was run twice
FIRST Board [4h 9d 7c 5h 4c]
SECOND Board [2h Tc 5s Ac Kc]
Seat 1: geopapass87 folded before Flop (didn't bet)
Seat 2: magzi777 (button) showed [Jc Js] and won ($99.25) with two pair, Jacks and Fours, and lost with a pair of Jacks
Seat 3: habib beye (small blind) showed [Ad Ks] and lost with a pair of Fours, and won ($99.25) with two pair, Aces and Kings
Seat 4: Aescul@pius (big blind) folded before Flop
Seat 5: UnderC@t folded before Flop (didn't bet)
Seat 6: Trojanovich folded before Flop (didn't bet)



PokerStars Hand #254607468805:  Hold'em No Limit ($0.50/$1.00 USD) - 2025/01/29 15:49:37 WET [2025/01/29 10:49:37 ET]
Table 'Renauxa' 6-max Seat #3 is the button
Seat 1: geopapass87 ($91.53 in chips) 
Seat 2: magzi777 ($100 in chips) 
Seat 3: habib beye ($100 in chips) 
Seat 4: Aescul@pius ($100.65 in chips) 
Seat 5: UnderC@t ($100 in chips) 
Seat 6: Trojanovich ($164.79 in chips) 
Aescul@pius: posts small blind $0.50
UnderC@t: posts big blind $1
*** HOLE CARDS ***
Trojanovich: raises $1.50 to $2.50
geopapass87: calls $2.50
magzi777: folds 
habib beye: raises $6 to $8.50
Aescul@pius: folds 
UnderC@t: folds 
Trojanovich: raises $15.50 to $24
geopapass87: raises $67.53 to $91.53 and is all-in
habib beye: folds 
Trojanovich: folds 
Uncalled bet ($67.53) returned to geopapass87
geopapass87 collected $58 from pot
geopapass87: doesn't show hand 
*** SUMMARY ***
Total pot $58 | Rake $0 
Seat 1: geopapass87 collected ($58)
Seat 2: magzi777 folded before Flop (didn't bet)
Seat 3: habib beye (button) folded before Flop
Seat 4: Aescul@pius (small blind) folded before Flop
Seat 5: UnderC@t (big blind) folded before Flop
Seat 6: Trojanovich folded before Flop



PokerStars Hand #254607482072:  Hold'em No Limit ($0.50/$1.00 USD) - 2025/01/29 15:50:39 WET [2025/01/29 10:50:39 ET]
Table 'Renauxa' 6-max Seat #4 is the button
Seat 1: geopapass87 ($125.53 in chips) 
Seat 2: magzi777 ($100 in chips) 
Seat 3: habib beye ($100 in chips) 
Seat 4: Aescul@pius ($100.15 in chips) 
Seat 5: UnderC@t ($100 in chips) 
Seat 6: Trojanovich ($140.79 in chips) 
UnderC@t: posts small blind $0.50
Trojanovich: posts big blind $1
*** HOLE CARDS ***
geopapass87: raises $1 to $2
magzi777: folds 
habib beye: folds 
Aescul@pius: folds 
UnderC@t: folds 
Trojanovich: calls $1
*** FLOP *** [8s 5h 6c]
Trojanovich: checks 
geopapass87: bets $2.14
Trojanovich: calls $2.14
*** TURN *** [8s 5h 6c] [3c]
Trojanovich: checks 
geopapass87: bets $4.17
Trojanovich: calls $4.17
*** RIVER *** [8s 5h 6c 3c] [7d]
Trojanovich: checks 
geopapass87: bets $20.26
Trojanovich: folds 
Uncalled bet ($20.26) returned to geopapass87
geopapass87 collected $16.26 from pot
geopapass87: doesn't show hand 
*** SUMMARY ***
Total pot $17.12 | Rake $0.86 
Board [8s 5h 6c 3c 7d]
Seat 1: geopapass87 collected ($16.26)
Seat 2: magzi777 folded before Flop (didn't bet)
Seat 3: habib beye folded before Flop (didn't bet)
Seat 4: Aescul@pius (button) folded before Flop (didn't bet)
Seat 5: UnderC@t (small blind) folded before Flop
Seat 6: Trojanovich (big blind) folded on the River



PokerStars Hand #254607493773:  Hold'em No Limit ($0.50/$1.00 USD) - 2025/01/29 15:51:34 WET [2025/01/29 10:51:34 ET]
Table 'Renauxa' 6-max Seat #5 is the button
Seat 1: geopapass87 ($133.48 in chips) 
Seat 2: magzi777 ($100 in chips) 
Seat 3: habib beye ($100 in chips) 
Seat 4: Aescul@pius ($100.15 in chips) 
Seat 5: UnderC@t ($100 in chips) 
Seat 6: Trojanovich ($132.48 in chips) 
Trojanovich: posts small blind $0.50
geopapass87: posts big blind $1
*** HOLE CARDS ***
magzi777: raises $1.50 to $2.50
habib beye: raises $5 to $7.50
Aescul@pius: folds 
UnderC@t: folds 
Trojanovich: folds 
geopapass87: folds 
magzi777: folds 
Uncalled bet ($5) returned to habib beye
habib beye collected $6.50 from pot
*** SUMMARY ***
Total pot $6.50 | Rake $0 
Seat 1: geopapass87 (big blind) folded before Flop
Seat 2: magzi777 folded before Flop
Seat 3: habib beye collected ($6.50)
Seat 4: Aescul@pius folded before Flop (didn't bet)
Seat 5: UnderC@t (button) folded before Flop (didn't bet)
Seat 6: Trojanovich (small blind) folded before Flop



PokerStars Hand #254607498880:  Hold'em No Limit ($0.50/$1.00 USD) - 2025/01/29 15:51:59 WET [2025/01/29 10:51:59 ET]
Table 'Renauxa' 6-max Seat #6 is the button
Seat 1: geopapass87 ($132.48 in chips) 
Seat 2: magzi777 ($100 in chips) 
Seat 3: habib beye ($104 in chips) 
Seat 4: Aescul@pius ($100.15 in chips) 
Seat 5: UnderC@t ($100 in chips) 
Seat 6: Trojanovich ($131.98 in chips) 
geopapass87: posts small blind $0.50
magzi777: posts big blind $1
*** HOLE CARDS ***
habib beye: folds 
Aescul@pius: raises $1 to $2
UnderC@t: folds 
Trojanovich: folds 
geopapass87: calls $1.50
magzi777: folds 
*** FLOP *** [3h 5d 6d]
geopapass87: bets $2.38
Aescul@pius: raises $6.88 to $9.26
geopapass87: calls $6.88
*** TURN *** [3h 5d 6d] [7c]
geopapass87: checks 
Aescul@pius: checks 
*** RIVER *** [3h 5d 6d 7c] [Jh]
geopapass87: bets $14.17
Aescul@pius: calls $14.17
*** SHOW DOWN ***
geopapass87: shows [6c 4s] (a straight, Three to Seven)
Aescul@pius: mucks hand 
geopapass87 collected $49.36 from pot
*** SUMMARY ***
Total pot $51.86 | Rake $2.50 
Board [3h 5d 6d 7c Jh]
Seat 1: geopapass87 (small blind) showed [6c 4s] and won ($49.36) with a straight, Three to Seven
Seat 2: magzi777 (big blind) folded before Flop
Seat 3: habib beye folded before Flop (didn't bet)
Seat 4: Aescul@pius mucked
Seat 5: UnderC@t folded before Flop (didn't bet)
Seat 6: Trojanovich (button) folded before Flop (didn't bet)



PokerStars Hand #254607521549:  Hold'em No Limit ($0.50/$1.00 USD) - 2025/01/29 15:53:47 WET [2025/01/29 10:53:47 ET]
Table 'Renauxa' 6-max Seat #1 is the button
Seat 1: geopapass87 ($156.41 in chips) 
Seat 2: magzi777 ($100 in chips) 
Seat 3: habib beye ($104 in chips) 
Seat 4: Aescul@pius ($100 in chips) 
Seat 5: UnderC@t ($100 in chips) 
Seat 6: Trojanovich ($131.98 in chips) 
magzi777: posts small blind $0.50
habib beye: posts big blind $1
*** HOLE CARDS ***
Aescul@pius: folds 
UnderC@t: folds 
Trojanovich: folds 
geopapass87: raises $1 to $2
magzi777: raises $8 to $10
habib beye: folds 
geopapass87: calls $8
*** FLOP *** [Jc Ks Th]
magzi777: checks 
geopapass87: bets $9.98
magzi777: folds 
Uncalled bet ($9.98) returned to geopapass87
geopapass87 collected $19.95 from pot
geopapass87: doesn't show hand 
*** SUMMARY ***
Total pot $21 | Rake $1.05 
Board [Jc Ks Th]
Seat 1: geopapass87 (button) collected ($19.95)
Seat 2: magzi777 (small blind) folded on the Flop
Seat 3: habib beye (big blind) folded before Flop
Seat 4: Aescul@pius folded before Flop (didn't bet)
Seat 5: UnderC@t folded before Flop (didn't bet)
Seat 6: Trojanovich folded before Flop (didn't bet)



PokerStars Hand #254607529591:  Hold'em No Limit ($0.50/$1.00 USD) - 2025/01/29 15:54:25 WET [2025/01/29 10:54:25 ET]
Table 'Renauxa' 6-max Seat #2 is the button
Seat 1: geopapass87 ($166.36 in chips) 
Seat 2: magzi777 ($100 in chips) 
Seat 3: habib beye ($103 in chips) 
Seat 4: Aescul@pius ($100 in chips) 
Seat 5: UnderC@t ($100 in chips) 
Seat 6: Trojanovich ($131.98 in chips) 
habib beye: posts small blind $0.50
Aescul@pius: posts big blind $1
*** HOLE CARDS ***
UnderC@t: folds 
Trojanovich: folds 
geopapass87: raises $1 to $2
magzi777: raises $5 to $7
habib beye: folds 
Aescul@pius: folds 
geopapass87: calls $5
*** FLOP *** [8c 3h 3c]
geopapass87: checks 
magzi777: bets $5
geopapass87: folds 
Uncalled bet ($5) returned to magzi777
magzi777 collected $14.72 from pot
*** SUMMARY ***
Total pot $15.50 | Rake $0.78 
Board [8c 3h 3c]
Seat 1: geopapass87 folded on the Flop
Seat 2: magzi777 (button) collected ($14.72)
Seat 3: habib beye (small blind) folded before Flop
Seat 4: Aescul@pius (big blind) folded before Flop
Seat 5: UnderC@t folded before Flop (didn't bet)
Seat 6: Trojanovich folded before Flop (didn't bet)



PokerStars Hand #254607537114:  Hold'em No Limit ($0.50/$1.00 USD) - 2025/01/29 15:55:00 WET [2025/01/29 10:55:00 ET]
Table 'Renauxa' 6-max Seat #3 is the button
Seat 1: geopapass87 ($159.36 in chips) 
Seat 2: magzi777 ($107.72 in chips) 
Seat 3: habib beye ($102.50 in chips) 
Seat 4: Aescul@pius ($100 in chips) 
Seat 5: UnderC@t ($100 in chips) 
Seat 6: Trojanovich ($131.98 in chips) 
Aescul@pius: posts small blind $0.50
UnderC@t: posts big blind $1
*** HOLE CARDS ***
Trojanovich: folds 
geopapass87: folds 
magzi777: folds 
habib beye: folds 
Aescul@pius: folds 
Uncalled bet ($0.50) returned to UnderC@t
UnderC@t collected $1 from pot
UnderC@t: doesn't show hand 
*** SUMMARY ***
Total pot $1 | Rake $0 
Seat 1: geopapass87 folded before Flop (didn't bet)
Seat 2: magzi777 folded before Flop (didn't bet)
Seat 3: habib beye (button) folded before Flop (didn't bet)
Seat 4: Aescul@pius (small blind) folded before Flop
Seat 5: UnderC@t (big blind) collected ($1)
Seat 6: Trojanovich folded before Flop (didn't bet)



PokerStars Hand #254607540477:  Hold'em No Limit ($0.50/$1.00 USD) - 2025/01/29 15:55:20 WET [2025/01/29 10:55:20 ET]
Table 'Renauxa' 6-max Seat #4 is the button
Seat 1: geopapass87 ($159.36 in chips) 
Seat 2: magzi777 ($107.72 in chips) 
Seat 3: habib beye ($102.50 in chips) 
Seat 4: Aescul@pius ($100 in chips) 
Seat 5: UnderC@t ($100.50 in chips) 
Seat 6: Trojanovich ($131.98 in chips) 
UnderC@t: posts small blind $0.50
Trojanovich: posts big blind $1
*** HOLE CARDS ***
geopapass87: raises $1 to $2
magzi777: raises $5 to $7
habib beye: folds 
Aescul@pius: folds 
UnderC@t: folds 
Trojanovich: folds 
geopapass87: calls $5
*** FLOP *** [Qd Kh Kd]
geopapass87: checks 
magzi777: bets $5
geopapass87: folds 
Uncalled bet ($5) returned to magzi777
magzi777 collected $14.72 from pot
*** SUMMARY ***
Total pot $15.50 | Rake $0.78 
Board [Qd Kh Kd]
Seat 1: geopapass87 folded on the Flop
Seat 2: magzi777 collected ($14.72)
Seat 3: habib beye folded before Flop (didn't bet)
Seat 4: Aescul@pius (button) folded before Flop (didn't bet)
Seat 5: UnderC@t (small blind) folded before Flop
Seat 6: Trojanovich (big blind) folded before Flop



PokerStars Hand #254607549794:  Hold'em No Limit ($0.50/$1.00 USD) - 2025/01/29 15:56:16 WET [2025/01/29 10:56:16 ET]
Table 'Renauxa' 6-max Seat #5 is the button
Seat 1: geopapass87 ($152.36 in chips) 
Seat 2: magzi777 ($115.44 in chips) 
Seat 3: habib beye ($102.50 in chips) 
Seat 4: Aescul@pius ($100 in chips) 
Seat 5: UnderC@t ($100 in chips) 
Seat 6: Trojanovich ($130.98 in chips) 
Trojanovich: posts small blind $0.50
geopapass87: posts big blind $1
*** HOLE CARDS ***
magzi777: folds 
habib beye: raises $1.25 to $2.25
Aescul@pius: folds 
UnderC@t: folds 
Trojanovich: folds 
geopapass87: raises $2.25 to $4.50
habib beye: calls $2.25
*** FLOP *** [8h 9c 2s]
geopapass87: bets $6.51
habib beye: calls $6.51
*** TURN *** [8h 9c 2s] [5h]
geopapass87: checks 
habib beye: bets $15.26
geopapass87: folds 
Uncalled bet ($15.26) returned to habib beye
habib beye collected $21.39 from pot
*** SUMMARY ***
Total pot $22.52 | Rake $1.13 
Board [8h 9c 2s 5h]
Seat 1: geopapass87 (big blind) folded on the Turn
Seat 2: magzi777 folded before Flop (didn't bet)
Seat 3: habib beye collected ($21.39)
Seat 4: Aescul@pius folded before Flop (didn't bet)
Seat 5: UnderC@t (button) folded before Flop (didn't bet)
Seat 6: Trojanovich (small blind) folded before Flop



PokerStars Hand #254607561110:  Hold'em No Limit ($0.50/$1.00 USD) - 2025/01/29 15:57:26 WET [2025/01/29 10:57:26 ET]
Table 'Renauxa' 6-max Seat #6 is the button
Seat 1: geopapass87 ($141.35 in chips) 
Seat 2: magzi777 ($115.44 in chips) 
Seat 3: habib beye ($112.88 in chips) 
Seat 4: Aescul@pius ($100 in chips) 
Seat 5: UnderC@t ($100 in chips) 
Seat 6: Trojanovich ($130.48 in chips) 
geopapass87: posts small blind $0.50
magzi777: posts big blind $1
*** HOLE CARDS ***
habib beye: folds 
Aescul@pius: folds 
UnderC@t: folds 
Trojanovich: raises $1.50 to $2.50
geopapass87: calls $2
magzi777: calls $1.50
*** FLOP *** [2h Ts Jh]
geopapass87: bets $3.56
magzi777: calls $3.56
Trojanovich: calls $3.56
*** TURN *** [2h Ts Jh] [3d]
geopapass87: checks 
magzi777: bets $11.40
Trojanovich: folds 
geopapass87: folds 
Uncalled bet ($11.40) returned to magzi777
magzi777 collected $17.27 from pot
*** SUMMARY ***
Total pot $18.18 | Rake $0.91 
Board [2h Ts Jh 3d]
Seat 1: geopapass87 (small blind) folded on the Turn
Seat 2: magzi777 (big blind) collected ($17.27)
Seat 3: habib beye folded before Flop (didn't bet)
Seat 4: Aescul@pius folded before Flop (didn't bet)
Seat 5: UnderC@t folded before Flop (didn't bet)
Seat 6: Trojanovich (button) folded on the Turn



PokerStars Hand #254607573350:  Hold'em No Limit ($0.50/$1.00 USD) - 2025/01/29 15:58:41 WET [2025/01/29 10:58:41 ET]
Table 'Renauxa' 6-max Seat #1 is the button
Seat 1: geopapass87 ($135.29 in chips) 
Seat 2: magzi777 ($126.65 in chips) 
Seat 3: habib beye ($112.88 in chips) 
Seat 4: Aescul@pius ($100 in chips) 
Seat 5: UnderC@t ($100 in chips) 
Seat 6: Trojanovich ($124.42 in chips) 
magzi777: posts small blind $0.50
habib beye: posts big blind $1
*** HOLE CARDS ***
Aescul@pius: raises $1 to $2
UnderC@t: folds 
Trojanovich: calls $2
geopapass87: raises $2 to $4
magzi777: folds 
habib beye: folds 
Aescul@pius: raises $11 to $15
Trojanovich: folds 
geopapass87: calls $11
*** FLOP *** [As 3d 5h]
Aescul@pius: bets $12.73
geopapass87: folds 
Uncalled bet ($12.73) returned to Aescul@pius
Aescul@pius collected $31.82 from pot
Aescul@pius: doesn't show hand 
*** SUMMARY ***
Total pot $33.50 | Rake $1.68 
Board [As 3d 5h]
Seat 1: geopapass87 (button) folded on the Flop
Seat 2: magzi777 (small blind) folded before Flop
Seat 3: habib beye (big blind) folded before Flop
Seat 4: Aescul@pius collected ($31.82)
Seat 5: UnderC@t folded before Flop (didn't bet)
Seat 6: Trojanovich folded before Flop



PokerStars Hand #254607585278:  Hold'em No Limit ($0.50/$1.00 USD) - 2025/01/29 15:59:54 WET [2025/01/29 10:59:54 ET]
Table 'Renauxa' 6-max Seat #2 is the button
Seat 1: geopapass87 ($120.29 in chips) 
Seat 2: magzi777 ($126.15 in chips) 
Seat 3: habib beye ($111.88 in chips) 
Seat 4: Aescul@pius ($116.82 in chips) 
Seat 5: UnderC@t ($100 in chips) 
Seat 6: Trojanovich ($122.42 in chips) 
habib beye: posts small blind $0.50
Aescul@pius: posts big blind $1
*** HOLE CARDS ***
UnderC@t: raises $1.50 to $2.50
Trojanovich: folds 
geopapass87: folds 
magzi777: folds 
habib beye: folds 
Aescul@pius: folds 
Uncalled bet ($1.50) returned to UnderC@t
UnderC@t collected $2.50 from pot
UnderC@t: doesn't show hand 
*** SUMMARY ***
Total pot $2.50 | Rake $0 
Seat 1: geopapass87 folded before Flop (didn't bet)
Seat 2: magzi777 (button) folded before Flop (didn't bet)
Seat 3: habib beye (small blind) folded before Flop
Seat 4: Aescul@pius (big blind) folded before Flop
Seat 5: UnderC@t collected ($2.50)
Seat 6: Trojanovich folded before Flop (didn't bet)



PokerStars Hand #254607588796:  Hold'em No Limit ($0.50/$1.00 USD) - 2025/01/29 16:00:15 WET [2025/01/29 11:00:15 ET]
Table 'Renauxa' 6-max Seat #3 is the button
Seat 1: geopapass87 ($120.29 in chips) 
Seat 2: magzi777 ($126.15 in chips) 
Seat 3: habib beye ($111.38 in chips) 
Seat 4: Aescul@pius ($115.82 in chips) 
Seat 5: UnderC@t ($101.50 in chips) 
Seat 6: Trojanovich ($122.42 in chips) 
Aescul@pius: posts small blind $0.50
UnderC@t: posts big blind $1
*** HOLE CARDS ***
Trojanovich: folds 
geopapass87: raises $1 to $2
magzi777: raises $5 to $7
habib beye: folds 
Aescul@pius: folds 
UnderC@t: folds 
geopapass87: calls $5
*** FLOP *** [Ts 7c 7h]
geopapass87: checks 
magzi777: checks 
*** TURN *** [Ts 7c 7h] [7s]
geopapass87: bets $7.36
magzi777: calls $7.36
*** RIVER *** [Ts 7c 7h 7s] [8s]
geopapass87: checks 
magzi777: checks 
*** SHOW DOWN ***
geopapass87: shows [2h 3h] (three of a kind, Sevens)
magzi777: shows [6c 6s] (a full house, Sevens full of Sixes)
magzi777 collected $28.71 from pot
*** SUMMARY ***
Total pot $30.22 | Rake $1.51 
Board [Ts 7c 7h 7s 8s]
Seat 1: geopapass87 showed [2h 3h] and lost with three of a kind, Sevens
Seat 2: magzi777 showed [6c 6s] and won ($28.71) with a full house, Sevens full of Sixes
Seat 3: habib beye (button) folded before Flop (didn't bet)
Seat 4: Aescul@pius (small blind) folded before Flop
Seat 5: UnderC@t (big blind) folded before Flop
Seat 6: Trojanovich folded before Flop (didn't bet)



PokerStars Hand #254607600333:  Hold'em No Limit ($0.50/$1.00 USD) - 2025/01/29 16:01:18 WET [2025/01/29 11:01:18 ET]
Table 'Renauxa' 6-max Seat #4 is the button
Seat 1: geopapass87 ($105.93 in chips) 
Seat 2: magzi777 ($140.50 in chips) 
Seat 3: habib beye ($111.38 in chips) 
Seat 4: Aescul@pius ($115.32 in chips) 
Seat 5: UnderC@t ($100.50 in chips) 
Seat 6: Trojanovich ($122.42 in chips) 
UnderC@t: posts small blind $0.50
Trojanovich: posts big blind $1
*** HOLE CARDS ***
geopapass87: folds 
magzi777: folds 
habib beye: folds 
Aescul@pius: raises $1.50 to $2.50
UnderC@t: folds 
Trojanovich: folds 
Uncalled bet ($1.50) returned to Aescul@pius
Aescul@pius collected $2.50 from pot
Aescul@pius: doesn't show hand 
*** SUMMARY ***
Total pot $2.50 | Rake $0 
Seat 1: geopapass87 folded before Flop (didn't bet)
Seat 2: magzi777 folded before Flop (didn't bet)
Seat 3: habib beye folded before Flop (didn't bet)
Seat 4: Aescul@pius (button) collected ($2.50)
Seat 5: UnderC@t (small blind) folded before Flop
Seat 6: Trojanovich (big blind) folded before Flop



PokerStars Hand #254607604896:  Hold'em No Limit ($0.50/$1.00 USD) - 2025/01/29 16:01:39 WET [2025/01/29 11:01:39 ET]
Table 'Renauxa' 6-max Seat #5 is the button
Seat 1: geopapass87 ($105.93 in chips) 
Seat 2: magzi777 ($140.50 in chips) 
Seat 3: habib beye ($111.38 in chips) 
Seat 4: Aescul@pius ($116.82 in chips) 
Seat 5: UnderC@t ($100 in chips) 
Seat 6: Trojanovich ($121.42 in chips) 
Trojanovich: posts small blind $0.50
geopapass87: posts big blind $1
*** HOLE CARDS ***
magzi777: folds 
habib beye: folds 
Aescul@pius: raises $1.20 to $2.20
UnderC@t: folds 
Trojanovich: calls $1.70
geopapass87: calls $1.20
*** FLOP *** [Js Qd Th]
Trojanovich: checks 
geopapass87: checks 
Aescul@pius: checks 
*** TURN *** [Js Qd Th] [4h]
Trojanovich: checks 
geopapass87: checks 
Aescul@pius: bets $7.54
Trojanovich: folds 
geopapass87: folds 
Uncalled bet ($7.54) returned to Aescul@pius
Aescul@pius collected $6.27 from pot
Aescul@pius: doesn't show hand 
*** SUMMARY ***
Total pot $6.60 | Rake $0.33 
Board [Js Qd Th 4h]
Seat 1: geopapass87 (big blind) folded on the Turn
Seat 2: magzi777 folded before Flop (didn't bet)
Seat 3: habib beye folded before Flop (didn't bet)
Seat 4: Aescul@pius collected ($6.27)
Seat 5: UnderC@t (button) folded before Flop (didn't bet)
Seat 6: Trojanovich (small blind) folded on the Turn



PokerStars Hand #254607621269:  Hold'em No Limit ($0.50/$1.00 USD) - 2025/01/29 16:02:57 WET [2025/01/29 11:02:57 ET]
Table 'Renauxa' 6-max Seat #6 is the button
Seat 1: geopapass87 ($103.73 in chips) 
Seat 2: magzi777 ($140.50 in chips) 
Seat 3: habib beye ($111.38 in chips) 
Seat 4: Aescul@pius ($120.89 in chips) 
Seat 5: UnderC@t ($100 in chips) 
Seat 6: Trojanovich ($119.22 in chips) 
geopapass87: posts small blind $0.50
magzi777: posts big blind $1
*** HOLE CARDS ***
habib beye: raises $1.25 to $2.25
Aescul@pius: folds 
UnderC@t: folds 
Trojanovich: calls $2.25
geopapass87: calls $1.75
magzi777: raises $11.75 to $14
habib beye: folds 
Trojanovich: folds 
geopapass87: calls $11.75
*** FLOP *** [3c 5h 5d]
geopapass87: checks 
magzi777: bets $10
geopapass87: folds 
Uncalled bet ($10) returned to magzi777
magzi777 collected $30.88 from pot
*** SUMMARY ***
Total pot $32.50 | Rake $1.62 
Board [3c 5h 5d]
Seat 1: geopapass87 (small blind) folded on the Flop
Seat 2: magzi777 (big blind) collected ($30.88)
Seat 3: habib beye folded before Flop
Seat 4: Aescul@pius folded before Flop (didn't bet)
Seat 5: UnderC@t folded before Flop (didn't bet)
Seat 6: Trojanovich (button) folded before Flop



PokerStars Hand #254607630200:  Hold'em No Limit ($0.50/$1.00 USD) - 2025/01/29 16:03:39 WET [2025/01/29 11:03:39 ET]
Table 'Renauxa' 6-max Seat #1 is the button
Seat 1: geopapass87 ($89.73 in chips) 
Seat 2: magzi777 ($157.38 in chips) 
Seat 3: habib beye ($109.13 in chips) 
Seat 4: Aescul@pius ($120.89 in chips) 
Seat 5: UnderC@t ($100 in chips) 
Seat 6: Trojanovich ($116.97 in chips) 
magzi777: posts small blind $0.50
habib beye: posts big blind $1
*** HOLE CARDS ***
Aescul@pius: folds 
UnderC@t: folds 
Trojanovich: raises $1.50 to $2.50
geopapass87: raises $6.50 to $9
magzi777: folds 
habib beye: folds 
Trojanovich: calls $6.50
*** FLOP *** [Qh Ah Kc]
Trojanovich: checks 
geopapass87: bets $9.26
Trojanovich: calls $9.26
*** TURN *** [Qh Ah Kc] [8h]
Trojanovich: checks 
geopapass87: bets $18.06
Trojanovich: folds 
Uncalled bet ($18.06) returned to geopapass87
geopapass87 collected $36.12 from pot
geopapass87: doesn't show hand 
*** SUMMARY ***
Total pot $38.02 | Rake $1.90 
Board [Qh Ah Kc 8h]
Seat 1: geopapass87 (button) collected ($36.12)
Seat 2: magzi777 (small blind) folded before Flop
Seat 3: habib beye (big blind) folded before Flop
Seat 4: Aescul@pius folded before Flop (didn't bet)
Seat 5: UnderC@t folded before Flop (didn't bet)
Seat 6: Trojanovich folded on the Turn



PokerStars Hand #254607642294:  Hold'em No Limit ($0.50/$1.00 USD) - 2025/01/29 16:04:35 WET [2025/01/29 11:04:35 ET]
Table 'Renauxa' 6-max Seat #2 is the button
Seat 1: geopapass87 ($107.59 in chips) 
Seat 2: magzi777 ($156.88 in chips) 
Seat 3: habib beye ($108.13 in chips) 
Seat 4: Aescul@pius ($120.89 in chips) 
Seat 5: UnderC@t ($100 in chips) 
Seat 6: Trojanovich ($100 in chips) 
habib beye: posts small blind $0.50
Aescul@pius: posts big blind $1
*** HOLE CARDS ***
UnderC@t: folds 
Trojanovich: folds 
geopapass87: raises $1 to $2
magzi777: folds 
habib beye: folds 
Aescul@pius: calls $1
*** FLOP *** [7d Kh Qc]
Aescul@pius: checks 
geopapass87: bets $2.14
Aescul@pius: calls $2.14
*** TURN *** [7d Kh Qc] [5s]
Aescul@pius: checks 
geopapass87: checks 
*** RIVER *** [7d Kh Qc 5s] [Ts]
Aescul@pius: checks 
geopapass87: checks 
*** SHOW DOWN ***
Aescul@pius: shows [6d Qd] (a pair of Queens)
geopapass87: mucks hand 
Aescul@pius collected $8.34 from pot
*** SUMMARY ***
Total pot $8.78 | Rake $0.44 
Board [7d Kh Qc 5s Ts]
Seat 1: geopapass87 mucked
Seat 2: magzi777 (button) folded before Flop (didn't bet)
Seat 3: habib beye (small blind) folded before Flop
Seat 4: Aescul@pius (big blind) showed [6d Qd] and won ($8.34) with a pair of Queens
Seat 5: UnderC@t folded before Flop (didn't bet)
Seat 6: Trojanovich folded before Flop (didn't bet)



PokerStars Hand #254607653172:  Hold'em No Limit ($0.50/$1.00 USD) - 2025/01/29 16:05:26 WET [2025/01/29 11:05:26 ET]
Table 'Renauxa' 6-max Seat #3 is the button
Seat 1: geopapass87 ($103.45 in chips) 
Seat 2: magzi777 ($156.88 in chips) 
Seat 3: habib beye ($107.63 in chips) 
Seat 4: Aescul@pius ($125.09 in chips) 
Seat 5: UnderC@t ($100 in chips) 
Seat 6: Trojanovich ($100 in chips) 
Aescul@pius: posts small blind $0.50
UnderC@t: posts big blind $1
*** HOLE CARDS ***
Trojanovich: folds 
geopapass87: folds 
magzi777: raises $1.50 to $2.50
habib beye: folds 
Aescul@pius: folds 
UnderC@t: folds 
Uncalled bet ($1.50) returned to magzi777
magzi777 collected $2.50 from pot
*** SUMMARY ***
Total pot $2.50 | Rake $0 
Seat 1: geopapass87 folded before Flop (didn't bet)
Seat 2: magzi777 collected ($2.50)
Seat 3: habib beye (button) folded before Flop (didn't bet)
Seat 4: Aescul@pius (small blind) folded before Flop
Seat 5: UnderC@t (big blind) folded before Flop
Seat 6: Trojanovich folded before Flop (didn't bet)



PokerStars Hand #254607656562:  Hold'em No Limit ($0.50/$1.00 USD) - 2025/01/29 16:05:41 WET [2025/01/29 11:05:41 ET]
Table 'Renauxa' 6-max Seat #4 is the button
Seat 1: geopapass87 ($103.45 in chips) 
Seat 2: magzi777 ($158.38 in chips) 
Seat 3: habib beye ($107.63 in chips) 
Seat 4: Aescul@pius ($124.59 in chips) 
Seat 5: UnderC@t ($100 in chips) 
Seat 6: Trojanovich ($100 in chips) 
UnderC@t: posts small blind $0.50
Trojanovich: posts big blind $1
*** HOLE CARDS ***
geopapass87: folds 
magzi777: folds 
habib beye: folds 
Aescul@pius: folds 
UnderC@t: folds 
Uncalled bet ($0.50) returned to Trojanovich
Trojanovich collected $1 from pot
Trojanovich: doesn't show hand 
*** SUMMARY ***
Total pot $1 | Rake $0 
Seat 1: geopapass87 folded before Flop (didn't bet)
Seat 2: magzi777 folded before Flop (didn't bet)
Seat 3: habib beye folded before Flop (didn't bet)
Seat 4: Aescul@pius (button) folded before Flop (didn't bet)
Seat 5: UnderC@t (small blind) folded before Flop
Seat 6: Trojanovich (big blind) collected ($1)



PokerStars Hand #254607660602:  Hold'em No Limit ($0.50/$1.00 USD) - 2025/01/29 16:06:00 WET [2025/01/29 11:06:00 ET]
Table 'Renauxa' 6-max Seat #5 is the button
Seat 1: geopapass87 ($103.45 in chips) 
Seat 2: magzi777 ($158.38 in chips) 
Seat 3: habib beye ($107.63 in chips) 
Seat 4: Aescul@pius ($124.59 in chips) 
Seat 5: UnderC@t ($100 in chips) 
Seat 6: Trojanovich ($100.50 in chips) 
Trojanovich: posts small blind $0.50
geopapass87: posts big blind $1
*** HOLE CARDS ***
magzi777: folds 
habib beye: folds 
Aescul@pius: folds 
UnderC@t: raises $1.50 to $2.50
Trojanovich: folds 
geopapass87: folds 
Uncalled bet ($1.50) returned to UnderC@t
UnderC@t collected $2.50 from pot
UnderC@t: doesn't show hand 
*** SUMMARY ***
Total pot $2.50 | Rake $0 
Seat 1: geopapass87 (big blind) folded before Flop
Seat 2: magzi777 folded before Flop (didn't bet)
Seat 3: habib beye folded before Flop (didn't bet)
Seat 4: Aescul@pius folded before Flop (didn't bet)
Seat 5: UnderC@t (button) collected ($2.50)
Seat 6: Trojanovich (small blind) folded before Flop



PokerStars Hand #254607668258:  Hold'em No Limit ($0.50/$1.00 USD) - 2025/01/29 16:06:35 WET [2025/01/29 11:06:35 ET]
Table 'Renauxa' 6-max Seat #6 is the button
Seat 1: geopapass87 ($102.45 in chips) 
Seat 2: magzi777 ($158.38 in chips) 
Seat 3: habib beye ($107.63 in chips) 
Seat 4: Aescul@pius ($124.59 in chips) 
Seat 5: UnderC@t ($101.50 in chips) 
Seat 6: Trojanovich ($100 in chips) 
geopapass87: posts small blind $0.50
magzi777: posts big blind $1
*** HOLE CARDS ***
habib beye: raises $1.25 to $2.25
Aescul@pius: folds 
UnderC@t: raises $4.75 to $7
Trojanovich: raises $8 to $15
geopapass87: folds 
magzi777: folds 
habib beye: folds 
UnderC@t: calls $8
*** FLOP *** [5s 5c 3c]
UnderC@t: checks 
Trojanovich: bets $8
UnderC@t: raises $26 to $34
Trojanovich: calls $26
*** TURN *** [5s 5c 3c] [7s]
UnderC@t: bets $52.50 and is all-in
Trojanovich: calls $51 and is all-in
Uncalled bet ($1.50) returned to UnderC@t
*** RIVER *** [5s 5c 3c 7s] [6d]
*** SHOW DOWN ***
UnderC@t: shows [Kc Qc] (a pair of Fives)
Trojanovich: shows [Ah Kh] (a pair of Fives - Ace kicker)
Trojanovich collected $201.25 from pot
*** SUMMARY ***
Total pot $203.75 | Rake $2.50 
Board [5s 5c 3c 7s 6d]
Seat 1: geopapass87 (small blind) folded before Flop
Seat 2: magzi777 (big blind) folded before Flop
Seat 3: habib beye folded before Flop
Seat 4: Aescul@pius folded before Flop (didn't bet)
Seat 5: UnderC@t showed [Kc Qc] and lost with a pair of Fives
Seat 6: Trojanovich (button) showed [Ah Kh] and won ($201.25) with a pair of Fives



PokerStars Hand #254607692376:  Hold'em No Limit ($0.50/$1.00 USD) - 2025/01/29 16:08:26 WET [2025/01/29 11:08:26 ET]
Table 'Renauxa' 6-max Seat #1 is the button
Seat 1: geopapass87 ($101.95 in chips) 
Seat 2: magzi777 ($157.38 in chips) 
Seat 3: habib beye ($105.38 in chips) 
Seat 4: Aescul@pius ($124.59 in chips) 
Seat 5: UnderC@t ($100 in chips) 
Seat 6: Trojanovich ($201.25 in chips) 
magzi777: posts small blind $0.50
habib beye: posts big blind $1
*** HOLE CARDS ***
Aescul@pius: folds 
UnderC@t: folds 
Trojanovich: raises $1.50 to $2.50
geopapass87: calls $2.50
magzi777: folds 
habib beye: folds 
*** FLOP *** [Tc 4d 6s]
Trojanovich: checks 
geopapass87: bets $3.09
Trojanovich: calls $3.09
*** TURN *** [Tc 4d 6s] [9h]
Trojanovich: checks 
geopapass87: bets $6.03
Trojanovich: calls $6.03
*** RIVER *** [Tc 4d 6s 9h] [9c]
Trojanovich: checks 
geopapass87: checks 
*** SHOW DOWN ***
Trojanovich: shows [Qs 4s] (two pair, Nines and Fours)
geopapass87: shows [Td 3d] (two pair, Tens and Nines)
geopapass87 collected $23.50 from pot
*** SUMMARY ***
Total pot $24.74 | Rake $1.24 
Board [Tc 4d 6s 9h 9c]
Seat 1: geopapass87 (button) showed [Td 3d] and won ($23.50) with two pair, Tens and Nines
Seat 2: magzi777 (small blind) folded before Flop
Seat 3: habib beye (big blind) folded before Flop
Seat 4: Aescul@pius folded before Flop (didn't bet)
Seat 5: UnderC@t folded before Flop (didn't bet)
Seat 6: Trojanovich showed [Qs 4s] and lost with two pair, Nines and Fours



PokerStars Hand #254607703744:  Hold'em No Limit ($0.50/$1.00 USD) - 2025/01/29 16:09:18 WET [2025/01/29 11:09:18 ET]
Table 'Renauxa' 6-max Seat #2 is the button
Seat 1: geopapass87 ($113.83 in chips) 
Seat 2: magzi777 ($156.88 in chips) 
Seat 3: habib beye ($104.38 in chips) 
Seat 4: Aescul@pius ($124.59 in chips) 
Seat 5: UnderC@t ($100 in chips) 
Seat 6: Trojanovich ($189.63 in chips) 
habib beye: posts small blind $0.50
Aescul@pius: posts big blind $1
*** HOLE CARDS ***
UnderC@t: folds 
Trojanovich: folds 
geopapass87: folds 
magzi777: raises $1.50 to $2.50
habib beye: folds 
Aescul@pius: raises $9 to $11.50
magzi777: raises $13 to $24.50
Aescul@pius: folds 
Uncalled bet ($13) returned to magzi777
magzi777 collected $23.50 from pot
*** SUMMARY ***
Total pot $23.50 | Rake $0 
Seat 1: geopapass87 folded before Flop (didn't bet)
Seat 2: magzi777 (button) collected ($23.50)
Seat 3: habib beye (small blind) folded before Flop
Seat 4: Aescul@pius (big blind) folded before Flop
Seat 5: UnderC@t folded before Flop (didn't bet)
Seat 6: Trojanovich folded before Flop (didn't bet)



PokerStars Hand #254607713747:  Hold'em No Limit ($0.50/$1.00 USD) - 2025/01/29 16:10:04 WET [2025/01/29 11:10:04 ET]
Table 'Renauxa' 6-max Seat #3 is the button
Seat 1: geopapass87 ($113.83 in chips) 
Seat 2: magzi777 ($168.88 in chips) 
Seat 3: habib beye ($103.88 in chips) 
Seat 4: Aescul@pius ($113.09 in chips) 
Seat 5: UnderC@t ($100 in chips) 
Seat 6: Trojanovich ($189.63 in chips) 
Aescul@pius: posts small blind $0.50
UnderC@t: posts big blind $1
*** HOLE CARDS ***
Trojanovich: folds 
geopapass87: folds 
magzi777: folds 
habib beye: raises $1.50 to $2.50
Aescul@pius: folds 
UnderC@t: raises $10.50 to $13
habib beye: folds 
Uncalled bet ($10.50) returned to UnderC@t
UnderC@t collected $5.50 from pot
UnderC@t: doesn't show hand 
*** SUMMARY ***
Total pot $5.50 | Rake $0 
Seat 1: geopapass87 folded before Flop (didn't bet)
Seat 2: magzi777 folded before Flop (didn't bet)
Seat 3: habib beye (button) folded before Flop
Seat 4: Aescul@pius (small blind) folded before Flop
Seat 5: UnderC@t (big blind) collected ($5.50)
Seat 6: Trojanovich folded before Flop (didn't bet)



PokerStars Hand #254607718058:  Hold'em No Limit ($0.50/$1.00 USD) - 2025/01/29 16:10:24 WET [2025/01/29 11:10:24 ET]
Table 'Renauxa' 6-max Seat #4 is the button
Seat 1: geopapass87 ($113.83 in chips) 
Seat 2: magzi777 ($168.88 in chips) 
Seat 3: habib beye ($101.38 in chips) 
Seat 4: Aescul@pius ($112.59 in chips) 
Seat 5: UnderC@t ($103 in chips) 
Seat 6: Trojanovich ($189.63 in chips) 
UnderC@t: posts small blind $0.50
Trojanovich: posts big blind $1
*** HOLE CARDS ***
geopapass87: raises $1 to $2
magzi777: folds 
habib beye: folds 
Aescul@pius: folds 
UnderC@t: folds 
Trojanovich: calls $1
*** FLOP *** [Kh 3s 6h]
Trojanovich: checks 
geopapass87: bets $2.14
Trojanovich: folds 
Uncalled bet ($2.14) returned to geopapass87
geopapass87 collected $4.28 from pot
geopapass87: doesn't show hand 
*** SUMMARY ***
Total pot $4.50 | Rake $0.22 
Board [Kh 3s 6h]
Seat 1: geopapass87 collected ($4.28)
Seat 2: magzi777 folded before Flop (didn't bet)
Seat 3: habib beye folded before Flop (didn't bet)
Seat 4: Aescul@pius (button) folded before Flop (didn't bet)
Seat 5: UnderC@t (small blind) folded before Flop
Seat 6: Trojanovich (big blind) folded on the Flop



PokerStars Hand #254607725733:  Hold'em No Limit ($0.50/$1.00 USD) - 2025/01/29 16:10:59 WET [2025/01/29 11:10:59 ET]
Table 'Renauxa' 6-max Seat #5 is the button
Seat 1: geopapass87 ($116.11 in chips) 
Seat 2: magzi777 ($168.88 in chips) 
Seat 3: habib beye ($101.38 in chips) 
Seat 4: Aescul@pius ($112.59 in chips) 
Seat 5: UnderC@t ($102.50 in chips) 
Seat 6: Trojanovich ($187.63 in chips) 
Trojanovich: posts small blind $0.50
geopapass87: posts big blind $1
*** HOLE CARDS ***
magzi777: raises $1.50 to $2.50
habib beye: folds 
Aescul@pius: calls $2.50
UnderC@t: folds 
Trojanovich: raises $10.50 to $13
geopapass87: calls $12
magzi777: calls $10.50
Aescul@pius: calls $10.50
*** FLOP *** [Qc 7c 7d]
Trojanovich: checks 
geopapass87: checks 
magzi777: checks 
Aescul@pius: checks 
*** TURN *** [Qc 7c 7d] [Ks]
Trojanovich: checks 
geopapass87: checks 
magzi777: bets $16.50
Aescul@pius: folds 
Trojanovich: folds 
geopapass87: calls $16.50
*** RIVER *** [Qc 7c 7d Ks] [3h]
geopapass87: checks 
magzi777: bets $103.13
geopapass87: folds 
Uncalled bet ($103.13) returned to magzi777
magzi777 collected $82.50 from pot
*** SUMMARY ***
Total pot $85 | Rake $2.50 
Board [Qc 7c 7d Ks 3h]
Seat 1: geopapass87 (big blind) folded on the River
Seat 2: magzi777 collected ($82.50)
Seat 3: habib beye folded before Flop (didn't bet)
Seat 4: Aescul@pius folded on the Turn
Seat 5: UnderC@t (button) folded before Flop (didn't bet)
Seat 6: Trojanovich (small blind) folded on the Turn



PokerStars Hand #254607755263:  Hold'em No Limit ($0.50/$1.00 USD) - 2025/01/29 16:13:13 WET [2025/01/29 11:13:13 ET]
Table 'Renauxa' 6-max Seat #6 is the button
Seat 1: geopapass87 ($86.61 in chips) 
Seat 2: magzi777 ($221.88 in chips) 
Seat 3: habib beye ($101.38 in chips) 
Seat 4: Aescul@pius ($100 in chips) 
Seat 5: UnderC@t ($102.50 in chips) 
Seat 6: Trojanovich ($174.63 in chips) 
geopapass87: posts small blind $0.50
magzi777: posts big blind $1
*** HOLE CARDS ***
habib beye: folds 
Aescul@pius: folds 
UnderC@t: folds 
Trojanovich: folds 
geopapass87: raises $2 to $3
magzi777: calls $2
*** FLOP *** [Td 5c Qc]
geopapass87: checks 
magzi777: bets $2.85
geopapass87: folds 
Uncalled bet ($2.85) returned to magzi777
magzi777 collected $5.70 from pot
*** SUMMARY ***
Total pot $6 | Rake $0.30 
Board [Td 5c Qc]
Seat 1: geopapass87 (small blind) folded on the Flop
Seat 2: magzi777 (big blind) collected ($5.70)
Seat 3: habib beye folded before Flop (didn't bet)
Seat 4: Aescul@pius folded before Flop (didn't bet)
Seat 5: UnderC@t folded before Flop (didn't bet)
Seat 6: Trojanovich (button) folded before Flop (didn't bet)



PokerStars Hand #254607762040:  Hold'em No Limit ($0.50/$1.00 USD) - 2025/01/29 16:13:43 WET [2025/01/29 11:13:43 ET]
Table 'Renauxa' 6-max Seat #1 is the button
Seat 1: geopapass87 ($83.61 in chips) 
Seat 2: magzi777 ($224.58 in chips) 
Seat 3: habib beye ($101.38 in chips) 
Seat 4: Aescul@pius ($100 in chips) 
Seat 5: UnderC@t ($102.50 in chips) 
Seat 6: Trojanovich ($174.63 in chips) 
magzi777: posts small blind $0.50
habib beye: posts big blind $1
*** HOLE CARDS ***
Aescul@pius is disconnected 
Aescul@pius is connected 
Aescul@pius: folds 
UnderC@t: folds 
Trojanovich: raises $1.50 to $2.50
geopapass87: calls $2.50
magzi777: calls $2
habib beye: folds 
*** FLOP *** [3s 7h Js]
magzi777: checks 
Trojanovich: checks 
geopapass87: bets $4.04
magzi777: calls $4.04
Trojanovich: folds 
*** TURN *** [3s 7h Js] [5s]
magzi777: checks 
geopapass87: bets $7.88
magzi777: calls $7.88
*** RIVER *** [3s 7h Js 5s] [2d]
magzi777: checks 
geopapass87: bets $15.36
magzi777: folds 
Uncalled bet ($15.36) returned to geopapass87
geopapass87 collected $30.72 from pot
geopapass87: doesn't show hand 
*** SUMMARY ***
Total pot $32.34 | Rake $1.62 
Board [3s 7h Js 5s 2d]
Seat 1: geopapass87 (button) collected ($30.72)
Seat 2: magzi777 (small blind) folded on the River
Seat 3: habib beye (big blind) folded before Flop
Seat 4: Aescul@pius folded before Flop (didn't bet)
Seat 5: UnderC@t folded before Flop (didn't bet)
Seat 6: Trojanovich folded on the Flop



PokerStars Hand #254607785767:  Hold'em No Limit ($0.50/$1.00 USD) - 2025/01/29 16:15:28 WET [2025/01/29 11:15:28 ET]
Table 'Renauxa' 6-max Seat #2 is the button
Seat 4: Aescul@pius ($100 in chips) is sitting out
Seat 1: geopapass87 ($99.91 in chips) 
Seat 2: magzi777 ($210.16 in chips) 
Seat 3: habib beye ($100.38 in chips) 
Seat 5: UnderC@t ($102.50 in chips) 
Seat 6: Trojanovich ($172.13 in chips) 
habib beye: posts small blind $0.50
Aescul@pius: is sitting out 
UnderC@t: posts big blind $1
*** HOLE CARDS ***
Trojanovich: folds 
geopapass87: folds 
magzi777: raises $1.50 to $2.50
Aescul@pius leaves the table
DJNezz joins the table at seat #4 
habib beye: folds 
UnderC@t: folds 
Uncalled bet ($1.50) returned to magzi777
magzi777 collected $2.50 from pot
*** SUMMARY ***
Total pot $2.50 | Rake $0 
Seat 4: Aescul@pius
Seat 1: geopapass87 folded before Flop (didn't bet)
Seat 2: magzi777 (button) collected ($2.50)
Seat 3: habib beye (small blind) folded before Flop
Seat 5: UnderC@t (big blind) folded before Flop
Seat 6: Trojanovich folded before Flop (didn't bet)



PokerStars Hand #254607789281:  Hold'em No Limit ($0.50/$1.00 USD) - 2025/01/29 16:15:43 WET [2025/01/29 11:15:43 ET]
Table 'Renauxa' 6-max Seat #3 is the button
Seat 4: DJNezz ($100 in chips) is sitting out
Seat 1: geopapass87 ($99.91 in chips) 
Seat 2: magzi777 ($211.66 in chips) 
Seat 3: habib beye ($100 in chips) 
Seat 5: UnderC@t ($101.50 in chips) 
Seat 6: Trojanovich ($172.13 in chips) 
UnderC@t: posts small blind $0.50
Trojanovich: posts big blind $1
*** HOLE CARDS ***
geopapass87: raises $1 to $2
magzi777: raises $5 to $7
habib beye: folds 
UnderC@t: folds 
Trojanovich: folds 
geopapass87: calls $5
*** FLOP *** [4d 3c 5s]
geopapass87: checks 
magzi777: bets $5
geopapass87: calls $5
*** TURN *** [4d 3c 5s] [Kd]
geopapass87: checks 
magzi777: bets $12.11
geopapass87: folds 
Uncalled bet ($12.11) returned to magzi777
magzi777 collected $24.22 from pot
*** SUMMARY ***
Total pot $25.50 | Rake $1.28 
Board [4d 3c 5s Kd]
Seat 4: DJNezz
Seat 1: geopapass87 folded on the Turn
Seat 2: magzi777 collected ($24.22)
Seat 3: habib beye (button) folded before Flop (didn't bet)
Seat 5: UnderC@t (small blind) folded before Flop
Seat 6: Trojanovich (big blind) folded before Flop



PokerStars Hand #254607798115:  Hold'em No Limit ($0.50/$1.00 USD) - 2025/01/29 16:16:23 WET [2025/01/29 11:16:23 ET]
Table 'Renauxa' 6-max Seat #5 is the button
Seat 4: DJNezz ($100 in chips) is sitting out
Seat 1: geopapass87 ($87.91 in chips) 
Seat 2: magzi777 ($223.88 in chips) 
Seat 3: habib beye ($100 in chips) 
Seat 5: UnderC@t ($101 in chips) 
Seat 6: Trojanovich ($171.13 in chips) 
Trojanovich: posts small blind $0.50
geopapass87: posts big blind $1
DJNezz: sits out 
*** HOLE CARDS ***
magzi777: folds 
habib beye: folds 
UnderC@t: raises $1.50 to $2.50
Trojanovich: folds 
geopapass87: calls $1.50
*** FLOP *** [Qd 5d 8d]
geopapass87: bets $2.61
UnderC@t: raises $5.39 to $8
geopapass87: calls $5.39
*** TURN *** [Qd 5d 8d] [4c]
geopapass87: checks 
UnderC@t: bets $15.32
geopapass87: folds 
Uncalled bet ($15.32) returned to UnderC@t
UnderC@t collected $20.42 from pot
UnderC@t: doesn't show hand 
*** SUMMARY ***
Total pot $21.50 | Rake $1.08 
Board [Qd 5d 8d 4c]
Seat 4: DJNezz
Seat 1: geopapass87 (big blind) folded on the Turn
Seat 2: magzi777 folded before Flop (didn't bet)
Seat 3: habib beye folded before Flop (didn't bet)
Seat 5: UnderC@t (button) collected ($20.42)
Seat 6: Trojanovich (small blind) folded before Flop



PokerStars Hand #254607812392:  Hold'em No Limit ($0.50/$1.00 USD) - 2025/01/29 16:17:26 WET [2025/01/29 11:17:26 ET]
Table 'Renauxa' 6-max Seat #6 is the button
Seat 4: DJNezz ($100 in chips) is sitting out
Seat 1: geopapass87 ($77.41 in chips) 
Seat 2: magzi777 ($223.88 in chips) 
Seat 3: habib beye ($100 in chips) 
Seat 5: UnderC@t ($110.92 in chips) 
Seat 6: Trojanovich ($170.63 in chips) 
geopapass87: posts small blind $0.50
magzi777: posts big blind $1
DJNezz: sits out 
*** HOLE CARDS ***
habib beye: folds 
UnderC@t: folds 
Trojanovich: folds 
geopapass87: raises $1 to $2
magzi777: folds 
Uncalled bet ($1) returned to geopapass87
geopapass87 collected $2 from pot
geopapass87: doesn't show hand 
*** SUMMARY ***
Total pot $2 | Rake $0 
Seat 4: DJNezz
Seat 1: geopapass87 (small blind) collected ($2)
Seat 2: magzi777 (big blind) folded before Flop
Seat 3: habib beye folded before Flop (didn't bet)
Seat 5: UnderC@t folded before Flop (didn't bet)
Seat 6: Trojanovich (button) folded before Flop (didn't bet)



PokerStars Hand #254607817510:  Hold'em No Limit ($0.50/$1.00 USD) - 2025/01/29 16:17:49 WET [2025/01/29 11:17:49 ET]
Table 'Renauxa' 6-max Seat #1 is the button
Seat 4: DJNezz ($100 in chips) is sitting out
Seat 1: geopapass87 ($78.41 in chips) 
Seat 2: magzi777 ($222.88 in chips) 
Seat 3: habib beye ($100 in chips) 
Seat 5: UnderC@t ($110.92 in chips) 
Seat 6: Trojanovich ($170.63 in chips) 
magzi777: posts small blind $0.50
habib beye: posts big blind $1
DJNezz: sits out 
*** HOLE CARDS ***
UnderC@t: raises $1.50 to $2.50
Trojanovich: folds 
geopapass87: folds 
magzi777: folds 
habib beye: calls $1.50
*** FLOP *** [9s Qs 6s]
habib beye: checks 
UnderC@t: checks 
*** TURN *** [9s Qs 6s] [5d]
habib beye: checks 
UnderC@t: checks 
*** RIVER *** [9s Qs 6s 5d] [7d]
habib beye: checks 
UnderC@t: checks 
*** SHOW DOWN ***
habib beye: shows [3h 3c] (a pair of Threes)
UnderC@t: shows [9d Td] (a pair of Nines)
UnderC@t collected $5.22 from pot
*** SUMMARY ***
Total pot $5.50 | Rake $0.28 
Board [9s Qs 6s 5d 7d]
Seat 4: DJNezz
Seat 1: geopapass87 (button) folded before Flop (didn't bet)
Seat 2: magzi777 (small blind) folded before Flop
Seat 3: habib beye (big blind) showed [3h 3c] and lost with a pair of Threes
Seat 5: UnderC@t showed [9d Td] and won ($5.22) with a pair of Nines
Seat 6: Trojanovich folded before Flop (didn't bet)



PokerStars Hand #254607827996:  Hold'em No Limit ($0.50/$1.00 USD) - 2025/01/29 16:18:35 WET [2025/01/29 11:18:35 ET]
Table 'Renauxa' 6-max Seat #2 is the button
Seat 1: geopapass87 ($78.41 in chips) 
Seat 2: magzi777 ($222.38 in chips) 
Seat 3: habib beye ($100 in chips) 
Seat 4: DJNezz ($100 in chips) 
Seat 5: UnderC@t ($113.64 in chips) 
Seat 6: Trojanovich ($170.63 in chips) 
habib beye: posts small blind $0.50
DJNezz: posts big blind $1
*** HOLE CARDS ***
UnderC@t: folds 
Trojanovich: folds 
geopapass87: raises $1 to $2
magzi777: folds 
habib beye: folds 
DJNezz: folds 
Uncalled bet ($1) returned to geopapass87
geopapass87 collected $2.50 from pot
geopapass87: doesn't show hand 
*** SUMMARY ***
Total pot $2.50 | Rake $0 
Seat 1: geopapass87 collected ($2.50)
Seat 2: magzi777 (button) folded before Flop (didn't bet)
Seat 3: habib beye (small blind) folded before Flop
Seat 4: DJNezz (big blind) folded before Flop
Seat 5: UnderC@t folded before Flop (didn't bet)
Seat 6: Trojanovich folded before Flop (didn't bet)



PokerStars Hand #254607832068:  Hold'em No Limit ($0.50/$1.00 USD) - 2025/01/29 16:18:53 WET [2025/01/29 11:18:53 ET]
Table 'Renauxa' 6-max Seat #3 is the button
Seat 1: geopapass87 ($79.91 in chips) 
Seat 2: magzi777 ($222.38 in chips) 
Seat 3: habib beye ($100 in chips) 
Seat 4: DJNezz ($100 in chips) 
Seat 5: UnderC@t ($113.64 in chips) 
Seat 6: Trojanovich ($170.63 in chips) 
DJNezz: posts small blind $0.50
UnderC@t: posts big blind $1
*** HOLE CARDS ***
Trojanovich: folds 
geopapass87: raises $1 to $2
magzi777: folds 
habib beye: folds 
DJNezz: folds 
UnderC@t: folds 
Uncalled bet ($1) returned to geopapass87
geopapass87 collected $2.50 from pot
geopapass87: doesn't show hand 
*** SUMMARY ***
Total pot $2.50 | Rake $0 
Seat 1: geopapass87 collected ($2.50)
Seat 2: magzi777 folded before Flop (didn't bet)
Seat 3: habib beye (button) folded before Flop (didn't bet)
Seat 4: DJNezz (small blind) folded before Flop
Seat 5: UnderC@t (big blind) folded before Flop
Seat 6: Trojanovich folded before Flop (didn't bet)



PokerStars Hand #254607835589:  Hold'em No Limit ($0.50/$1.00 USD) - 2025/01/29 16:19:09 WET [2025/01/29 11:19:09 ET]
Table 'Renauxa' 6-max Seat #4 is the button
Seat 1: geopapass87 ($81.41 in chips) 
Seat 2: magzi777 ($222.38 in chips) 
Seat 3: habib beye ($100 in chips) 
Seat 4: DJNezz ($100 in chips) 
Seat 5: UnderC@t ($112.64 in chips) 
Seat 6: Trojanovich ($170.63 in chips) 
UnderC@t: posts small blind $0.50
Trojanovich: posts big blind $1
*** HOLE CARDS ***
geopapass87: raises $1 to $2
magzi777: folds 
habib beye: folds 
DJNezz: folds 
UnderC@t: raises $8 to $10
Trojanovich: folds 
geopapass87: calls $8
*** FLOP *** [7d 9c Qc]
UnderC@t: bets $9.98
geopapass87: calls $9.98
*** TURN *** [7d 9c Qc] [7h]
UnderC@t: bets $29.18
geopapass87: folds 
Uncalled bet ($29.18) returned to UnderC@t
UnderC@t collected $38.91 from pot
UnderC@t: doesn't show hand 
*** SUMMARY ***
Total pot $40.96 | Rake $2.05 
Board [7d 9c Qc 7h]
Seat 1: geopapass87 folded on the Turn
Seat 2: magzi777 folded before Flop (didn't bet)
Seat 3: habib beye folded before Flop (didn't bet)
Seat 4: DJNezz (button) folded before Flop (didn't bet)
Seat 5: UnderC@t (small blind) collected ($38.91)
Seat 6: Trojanovich (big blind) folded before Flop



PokerStars Hand #254607846286:  Hold'em No Limit ($0.50/$1.00 USD) - 2025/01/29 16:19:56 WET [2025/01/29 11:19:56 ET]
Table 'Renauxa' 6-max Seat #5 is the button
Seat 1: geopapass87 ($61.43 in chips) 
Seat 2: magzi777 ($222.38 in chips) 
Seat 3: habib beye ($100 in chips) 
Seat 4: DJNezz ($100 in chips) 
Seat 5: UnderC@t ($131.57 in chips) 
Seat 6: Trojanovich ($169.63 in chips) 
Trojanovich: posts small blind $0.50
geopapass87: posts big blind $1
*** HOLE CARDS ***
magzi777: folds 
habib beye: raises $1.25 to $2.25
DJNezz: folds 
UnderC@t: folds 
Trojanovich: calls $1.75
geopapass87: calls $1.25
*** FLOP *** [5d 8d 5h]
Trojanovich: checks 
geopapass87: checks 
habib beye: checks 
*** TURN *** [5d 8d 5h] [Kh]
Trojanovich: checks 
geopapass87: bets $6.41
habib beye: calls $6.41
Trojanovich: folds 
*** RIVER *** [5d 8d 5h Kh] [3s]
geopapass87: checks 
habib beye: bets $8.18
geopapass87: raises $17.48 to $25.66
habib beye: calls $17.48
*** SHOW DOWN ***
geopapass87: shows [Qc 5c] (three of a kind, Fives)
habib beye: mucks hand 
geopapass87 collected $68.39 from pot
*** SUMMARY ***
Total pot $70.89 | Rake $2.50 
Board [5d 8d 5h Kh 3s]
Seat 1: geopapass87 (big blind) showed [Qc 5c] and won ($68.39) with three of a kind, Fives
Seat 2: magzi777 folded before Flop (didn't bet)
Seat 3: habib beye mucked
Seat 4: DJNezz folded before Flop (didn't bet)
Seat 5: UnderC@t (button) folded before Flop (didn't bet)
Seat 6: Trojanovich (small blind) folded on the Turn



PokerStars Hand #254607860733:  Hold'em No Limit ($0.50/$1.00 USD) - 2025/01/29 16:21:00 WET [2025/01/29 11:21:00 ET]
Table 'Renauxa' 6-max Seat #6 is the button
Seat 1: geopapass87 ($100 in chips) 
Seat 2: magzi777 ($222.38 in chips) 
Seat 3: habib beye ($100 in chips) 
Seat 4: DJNezz ($100 in chips) 
Seat 5: UnderC@t ($131.57 in chips) 
Seat 6: Trojanovich ($167.38 in chips) 
geopapass87: posts small blind $0.50
magzi777: posts big blind $1
*** HOLE CARDS ***
habib beye: raises $1.25 to $2.25
DJNezz: folds 
UnderC@t: folds 
Trojanovich: folds 
geopapass87: raises $4.50 to $6.75
magzi777: folds 
habib beye: raises $9.25 to $16
geopapass87: calls $9.25
*** FLOP *** [2c 5s Qs]
geopapass87: checks 
habib beye: bets $13.79
geopapass87: calls $13.79
*** TURN *** [2c 5s Qs] [6c]
geopapass87: checks 
habib beye: bets $17.17
geopapass87: folds 
Uncalled bet ($17.17) returned to habib beye
habib beye collected $58.08 from pot
*** SUMMARY ***
Total pot $60.58 | Rake $2.50 
Board [2c 5s Qs 6c]
Seat 1: geopapass87 (small blind) folded on the Turn
Seat 2: magzi777 (big blind) folded before Flop
Seat 3: habib beye collected ($58.08)
Seat 4: DJNezz folded before Flop (didn't bet)
Seat 5: UnderC@t folded before Flop (didn't bet)
Seat 6: Trojanovich (button) folded before Flop (didn't bet)



PokerStars Hand #254607882041:  Hold'em No Limit ($0.50/$1.00 USD) - 2025/01/29 16:22:35 WET [2025/01/29 11:22:35 ET]
Table 'Renauxa' 6-max Seat #1 is the button
Seat 1: geopapass87 ($70.21 in chips) 
Seat 2: magzi777 ($221.38 in chips) 
Seat 3: habib beye ($128.29 in chips) 
Seat 4: DJNezz ($100 in chips) 
Seat 5: UnderC@t ($131.57 in chips) 
Seat 6: Trojanovich ($167.38 in chips) 
magzi777: posts small blind $0.50
habib beye: posts big blind $1
*** HOLE CARDS ***
DJNezz: raises $1.20 to $2.20
UnderC@t: folds 
Trojanovich: folds 
geopapass87: folds 
magzi777: folds 
habib beye: folds 
Uncalled bet ($1.20) returned to DJNezz
DJNezz collected $2.50 from pot
*** SUMMARY ***
Total pot $2.50 | Rake $0 
Seat 1: geopapass87 (button) folded before Flop (didn't bet)
Seat 2: magzi777 (small blind) folded before Flop
Seat 3: habib beye (big blind) folded before Flop
Seat 4: DJNezz collected ($2.50)
Seat 5: UnderC@t folded before Flop (didn't bet)
Seat 6: Trojanovich folded before Flop (didn't bet)



PokerStars Hand #254607887572:  Hold'em No Limit ($0.50/$1.00 USD) - 2025/01/29 16:23:00 WET [2025/01/29 11:23:00 ET]
Table 'Renauxa' 6-max Seat #2 is the button
Seat 1: geopapass87 ($70.21 in chips) 
Seat 2: magzi777 ($220.88 in chips) 
Seat 3: habib beye ($127.29 in chips) 
Seat 4: DJNezz ($101.50 in chips) 
Seat 5: UnderC@t ($131.57 in chips) 
Seat 6: Trojanovich ($167.38 in chips) 
habib beye: posts small blind $0.50
DJNezz: posts big blind $1
*** HOLE CARDS ***
UnderC@t: folds 
Trojanovich: folds 
geopapass87: raises $2 to $3
magzi777: folds 
habib beye: folds 
DJNezz: folds 
Uncalled bet ($2) returned to geopapass87
geopapass87 collected $2.50 from pot
geopapass87: doesn't show hand 
*** SUMMARY ***
Total pot $2.50 | Rake $0 
Seat 1: geopapass87 collected ($2.50)
Seat 2: magzi777 (button) folded before Flop (didn't bet)
Seat 3: habib beye (small blind) folded before Flop
Seat 4: DJNezz (big blind) folded before Flop
Seat 5: UnderC@t folded before Flop (didn't bet)
Seat 6: Trojanovich folded before Flop (didn't bet)



PokerStars Hand #254607892524:  Hold'em No Limit ($0.50/$1.00 USD) - 2025/01/29 16:23:22 WET [2025/01/29 11:23:22 ET]
Table 'Renauxa' 6-max Seat #3 is the button
Seat 1: geopapass87 ($71.71 in chips) 
Seat 2: magzi777 ($220.88 in chips) 
Seat 3: habib beye ($126.79 in chips) 
Seat 4: DJNezz ($100.50 in chips) 
Seat 5: UnderC@t ($131.57 in chips) 
Seat 6: Trojanovich ($167.38 in chips) 
DJNezz: posts small blind $0.50
UnderC@t: posts big blind $1
*** HOLE CARDS ***
Trojanovich: folds 
geopapass87: raises $1 to $2
magzi777: folds 
habib beye: folds 
DJNezz: folds 
UnderC@t: calls $1
*** FLOP *** [Kc 3h 9c]
UnderC@t: checks 
geopapass87: bets $2.14
UnderC@t: folds 
Uncalled bet ($2.14) returned to geopapass87
geopapass87 collected $4.28 from pot
geopapass87: doesn't show hand 
*** SUMMARY ***
Total pot $4.50 | Rake $0.22 
Board [Kc 3h 9c]
Seat 1: geopapass87 collected ($4.28)
Seat 2: magzi777 folded before Flop (didn't bet)
Seat 3: habib beye (button) folded before Flop (didn't bet)
Seat 4: DJNezz (small blind) folded before Flop
Seat 5: UnderC@t (big blind) folded on the Flop
Seat 6: Trojanovich folded before Flop (didn't bet)



PokerStars Hand #254607898016:  Hold'em No Limit ($0.50/$1.00 USD) - 2025/01/29 16:23:47 WET [2025/01/29 11:23:47 ET]
Table 'Renauxa' 6-max Seat #4 is the button
Seat 1: geopapass87 ($73.99 in chips) 
Seat 2: magzi777 ($220.88 in chips) 
Seat 3: habib beye ($126.79 in chips) 
Seat 4: DJNezz ($100 in chips) 
Seat 5: UnderC@t ($129.57 in chips) 
Seat 6: Trojanovich ($167.38 in chips) 
UnderC@t: posts small blind $0.50
Trojanovich: posts big blind $1
*** HOLE CARDS ***
geopapass87: raises $1 to $2
magzi777: folds 
habib beye: folds 
DJNezz: folds 
UnderC@t: folds 
Trojanovich: calls $1
*** FLOP *** [Ad 9h 2h]
Trojanovich: checks 
geopapass87: bets $2.14
Trojanovich: raises $4.28 to $6.42
geopapass87: calls $4.28
*** TURN *** [Ad 9h 2h] [Kh]
Trojanovich: checks 
geopapass87: bets $8.24
Trojanovich: folds 
Uncalled bet ($8.24) returned to geopapass87
geopapass87 collected $16.47 from pot
geopapass87: doesn't show hand 
*** SUMMARY ***
Total pot $17.34 | Rake $0.87 
Board [Ad 9h 2h Kh]
Seat 1: geopapass87 collected ($16.47)
Seat 2: magzi777 folded before Flop (didn't bet)
Seat 3: habib beye folded before Flop (didn't bet)
Seat 4: DJNezz (button) folded before Flop (didn't bet)
Seat 5: UnderC@t (small blind) folded before Flop
Seat 6: Trojanovich (big blind) folded on the Turn



PokerStars Hand #254607915319:  Hold'em No Limit ($0.50/$1.00 USD) - 2025/01/29 16:25:04 WET [2025/01/29 11:25:04 ET]
Table 'Renauxa' 6-max Seat #5 is the button
Seat 1: geopapass87 ($82.04 in chips) 
Seat 2: magzi777 ($220.88 in chips) 
Seat 3: habib beye ($126.79 in chips) 
Seat 4: DJNezz ($100 in chips) 
Seat 5: UnderC@t ($129.07 in chips) 
Seat 6: Trojanovich ($158.96 in chips) 
Trojanovich: posts small blind $0.50
geopapass87: posts big blind $1
*** HOLE CARDS ***
magzi777: raises $1.50 to $2.50
habib beye: folds 
DJNezz: folds 
UnderC@t: calls $2.50
Trojanovich: folds 
geopapass87: raises $1.50 to $4
magzi777: calls $1.50
UnderC@t: calls $1.50
*** FLOP *** [Qh As Tc]
geopapass87: bets $5.94
magzi777: folds 
UnderC@t: folds 
Uncalled bet ($5.94) returned to geopapass87
geopapass87 collected $11.88 from pot
geopapass87: doesn't show hand 
*** SUMMARY ***
Total pot $12.50 | Rake $0.62 
Board [Qh As Tc]
Seat 1: geopapass87 (big blind) collected ($11.88)
Seat 2: magzi777 folded on the Flop
Seat 3: habib beye folded before Flop (didn't bet)
Seat 4: DJNezz folded before Flop (didn't bet)
Seat 5: UnderC@t (button) folded on the Flop
Seat 6: Trojanovich (small blind) folded before Flop



PokerStars Hand #254607928293:  Hold'em No Limit ($0.50/$1.00 USD) - 2025/01/29 16:26:02 WET [2025/01/29 11:26:02 ET]
Table 'Renauxa' 6-max Seat #6 is the button
Seat 1: geopapass87 ($89.92 in chips) 
Seat 2: magzi777 ($216.88 in chips) 
Seat 3: habib beye ($126.79 in chips) 
Seat 4: DJNezz ($100 in chips) 
Seat 5: UnderC@t ($125.07 in chips) 
Seat 6: Trojanovich ($158.46 in chips) 
geopapass87: posts small blind $0.50
magzi777: posts big blind $1
*** HOLE CARDS ***
habib beye: folds 
DJNezz: folds 
UnderC@t: folds 
Trojanovich: raises $1.50 to $2.50
geopapass87: folds 
magzi777: folds 
Uncalled bet ($1.50) returned to Trojanovich
Trojanovich collected $2.50 from pot
Trojanovich: doesn't show hand 
*** SUMMARY ***
Total pot $2.50 | Rake $0 
Seat 1: geopapass87 (small blind) folded before Flop
Seat 2: magzi777 (big blind) folded before Flop
Seat 3: habib beye folded before Flop (didn't bet)
Seat 4: DJNezz folded before Flop (didn't bet)
Seat 5: UnderC@t folded before Flop (didn't bet)
Seat 6: Trojanovich (button) collected ($2.50)



PokerStars Hand #254607933254:  Hold'em No Limit ($0.50/$1.00 USD) - 2025/01/29 16:26:24 WET [2025/01/29 11:26:24 ET]
Table 'Renauxa' 6-max Seat #1 is the button
Seat 1: geopapass87 ($89.42 in chips) 
Seat 2: magzi777 ($215.88 in chips) 
Seat 3: habib beye ($126.79 in chips) 
Seat 4: DJNezz ($100 in chips) 
Seat 5: UnderC@t ($125.07 in chips) 
Seat 6: Trojanovich ($159.96 in chips) 
magzi777: posts small blind $0.50
habib beye: posts big blind $1
*** HOLE CARDS ***
DJNezz: folds 
UnderC@t: folds 
Trojanovich: folds 
geopapass87: raises $2 to $3
magzi777: calls $2.50
habib beye: folds 
*** FLOP *** [7h Kd Jh]
magzi777: checks 
geopapass87: bets $3.33
magzi777: folds 
Uncalled bet ($3.33) returned to geopapass87
geopapass87 collected $6.65 from pot
geopapass87: doesn't show hand 
*** SUMMARY ***
Total pot $7 | Rake $0.35 
Board [7h Kd Jh]
Seat 1: geopapass87 (button) collected ($6.65)
Seat 2: magzi777 (small blind) folded on the Flop
Seat 3: habib beye (big blind) folded before Flop
Seat 4: DJNezz folded before Flop (didn't bet)
Seat 5: UnderC@t folded before Flop (didn't bet)
Seat 6: Trojanovich folded before Flop (didn't bet)



PokerStars Hand #254607939402:  Hold'em No Limit ($0.50/$1.00 USD) - 2025/01/29 16:26:52 WET [2025/01/29 11:26:52 ET]
Table 'Renauxa' 6-max Seat #2 is the button
Seat 1: geopapass87 ($93.07 in chips) 
Seat 2: magzi777 ($212.88 in chips) 
Seat 3: habib beye ($125.79 in chips) 
Seat 4: DJNezz ($100 in chips) 
Seat 5: UnderC@t ($125.07 in chips) 
Seat 6: Trojanovich ($159.96 in chips) 
habib beye: posts small blind $0.50
DJNezz: posts big blind $1
*** HOLE CARDS ***
UnderC@t: raises $1.50 to $2.50
Trojanovich: folds 
geopapass87: calls $2.50
magzi777: folds 
habib beye: folds 
DJNezz: folds 
*** FLOP *** [7c 6d 6c]
UnderC@t: checks 
geopapass87: checks 
*** TURN *** [7c 6d 6c] [2s]
UnderC@t: bets $1.85
geopapass87: raises $3.94 to $5.79
UnderC@t: calls $3.94
*** RIVER *** [7c 6d 6c 2s] [9s]
UnderC@t: checks 
geopapass87: bets $17.18
UnderC@t: folds 
Uncalled bet ($17.18) returned to geopapass87
geopapass87 collected $17.18 from pot
geopapass87: doesn't show hand 
*** SUMMARY ***
Total pot $18.08 | Rake $0.90 
Board [7c 6d 6c 2s 9s]
Seat 1: geopapass87 collected ($17.18)
Seat 2: magzi777 (button) folded before Flop (didn't bet)
Seat 3: habib beye (small blind) folded before Flop
Seat 4: DJNezz (big blind) folded before Flop
Seat 5: UnderC@t folded on the River
Seat 6: Trojanovich folded before Flop (didn't bet)



PokerStars Hand #254607952893:  Hold'em No Limit ($0.50/$1.00 USD) - 2025/01/29 16:27:53 WET [2025/01/29 11:27:53 ET]
Table 'Renauxa' 6-max Seat #3 is the button
Seat 1: geopapass87 ($101.96 in chips) 
Seat 2: magzi777 ($212.88 in chips) 
Seat 3: habib beye ($125.29 in chips) 
Seat 4: DJNezz ($100 in chips) 
Seat 5: UnderC@t ($116.78 in chips) 
Seat 6: Trojanovich ($159.96 in chips) 
DJNezz: posts small blind $0.50
UnderC@t: posts big blind $1
*** HOLE CARDS ***
Trojanovich: raises $1.50 to $2.50
geopapass87: folds 
magzi777: folds 
habib beye: folds 
DJNezz: folds 
UnderC@t: folds 
Uncalled bet ($1.50) returned to Trojanovich
Trojanovich collected $2.50 from pot
Trojanovich: doesn't show hand 
*** SUMMARY ***
Total pot $2.50 | Rake $0 
Seat 1: geopapass87 folded before Flop (didn't bet)
Seat 2: magzi777 folded before Flop (didn't bet)
Seat 3: habib beye (button) folded before Flop (didn't bet)
Seat 4: DJNezz (small blind) folded before Flop
Seat 5: UnderC@t (big blind) folded before Flop
Seat 6: Trojanovich collected ($2.50)



PokerStars Hand #254607956397:  Hold'em No Limit ($0.50/$1.00 USD) - 2025/01/29 16:28:09 WET [2025/01/29 11:28:09 ET]
Table 'Renauxa' 6-max Seat #4 is the button
Seat 1: geopapass87 ($101.96 in chips) 
Seat 2: magzi777 ($212.88 in chips) 
Seat 3: habib beye ($125.29 in chips) 
Seat 4: DJNezz ($100 in chips) 
Seat 5: UnderC@t ($115.78 in chips) 
Seat 6: Trojanovich ($161.46 in chips) 
UnderC@t: posts small blind $0.50
Trojanovich: posts big blind $1
*** HOLE CARDS ***
geopapass87: folds 
magzi777: folds 
habib beye: raises $1.30 to $2.30
DJNezz: folds 
UnderC@t: folds 
Trojanovich: folds 
Uncalled bet ($1.30) returned to habib beye
habib beye collected $2.50 from pot
*** SUMMARY ***
Total pot $2.50 | Rake $0 
Seat 1: geopapass87 folded before Flop (didn't bet)
Seat 2: magzi777 folded before Flop (didn't bet)
Seat 3: habib beye collected ($2.50)
Seat 4: DJNezz (button) folded before Flop (didn't bet)
Seat 5: UnderC@t (small blind) folded before Flop
Seat 6: Trojanovich (big blind) folded before Flop



PokerStars Hand #254607961618:  Hold'em No Limit ($0.50/$1.00 USD) - 2025/01/29 16:28:33 WET [2025/01/29 11:28:33 ET]
Table 'Renauxa' 6-max Seat #5 is the button
Seat 1: geopapass87 ($101.96 in chips) 
Seat 2: magzi777 ($212.88 in chips) 
Seat 3: habib beye ($126.79 in chips) 
Seat 4: DJNezz ($100 in chips) 
Seat 5: UnderC@t ($115.28 in chips) 
Seat 6: Trojanovich ($160.46 in chips) 
Trojanovich: posts small blind $0.50
geopapass87: posts big blind $1
*** HOLE CARDS ***
magzi777: folds 
habib beye: raises $1.25 to $2.25
DJNezz: folds 
UnderC@t: folds 
Trojanovich: raises $8.75 to $11
geopapass87: folds 
habib beye: folds 
Uncalled bet ($8.75) returned to Trojanovich
Trojanovich collected $5.50 from pot
Trojanovich: doesn't show hand 
*** SUMMARY ***
Total pot $5.50 | Rake $0 
Seat 1: geopapass87 (big blind) folded before Flop
Seat 2: magzi777 folded before Flop (didn't bet)
Seat 3: habib beye folded before Flop
Seat 4: DJNezz folded before Flop (didn't bet)
Seat 5: UnderC@t (button) folded before Flop (didn't bet)
Seat 6: Trojanovich (small blind) collected ($5.50)



PokerStars Hand #254607965208:  Hold'em No Limit ($0.50/$1.00 USD) - 2025/01/29 16:28:50 WET [2025/01/29 11:28:50 ET]
Table 'Renauxa' 6-max Seat #6 is the button
Seat 1: geopapass87 ($100.96 in chips) 
Seat 2: magzi777 ($212.88 in chips) 
Seat 3: habib beye ($124.54 in chips) 
Seat 4: DJNezz ($100 in chips) 
Seat 5: UnderC@t ($115.28 in chips) 
Seat 6: Trojanovich ($163.71 in chips) 
geopapass87: posts small blind $0.50
magzi777: posts big blind $1
*** HOLE CARDS ***
habib beye: folds 
DJNezz: folds 
UnderC@t: folds 
Trojanovich: folds 
geopapass87: raises $2 to $3
magzi777: folds 
Uncalled bet ($2) returned to geopapass87
geopapass87 collected $2 from pot
geopapass87: doesn't show hand 
*** SUMMARY ***
Total pot $2 | Rake $0 
Seat 1: geopapass87 (small blind) collected ($2)
Seat 2: magzi777 (big blind) folded before Flop
Seat 3: habib beye folded before Flop (didn't bet)
Seat 4: DJNezz folded before Flop (didn't bet)
Seat 5: UnderC@t folded before Flop (didn't bet)
Seat 6: Trojanovich (button) folded before Flop (didn't bet)



PokerStars Hand #254607968378:  Hold'em No Limit ($0.50/$1.00 USD) - 2025/01/29 16:29:04 WET [2025/01/29 11:29:04 ET]
Table 'Renauxa' 6-max Seat #1 is the button
Seat 1: geopapass87 ($101.96 in chips) 
Seat 2: magzi777 ($211.88 in chips) 
Seat 3: habib beye ($124.54 in chips) 
Seat 4: DJNezz ($100 in chips) 
Seat 5: UnderC@t ($115.28 in chips) 
Seat 6: Trojanovich ($163.71 in chips) 
magzi777: posts small blind $0.50
habib beye: posts big blind $1
*** HOLE CARDS ***
DJNezz: folds 
UnderC@t: folds 
Trojanovich: folds 
geopapass87: raises $1 to $2
magzi777: calls $1.50
habib beye: raises $11 to $13
geopapass87: folds 
magzi777: folds 
Uncalled bet ($11) returned to habib beye
habib beye collected $6 from pot
*** SUMMARY ***
Total pot $6 | Rake $0 
Seat 1: geopapass87 (button) folded before Flop
Seat 2: magzi777 (small blind) folded before Flop
Seat 3: habib beye (big blind) collected ($6)
Seat 4: DJNezz folded before Flop (didn't bet)
Seat 5: UnderC@t folded before Flop (didn't bet)
Seat 6: Trojanovich folded before Flop (didn't bet)



PokerStars Hand #254607975102:  Hold'em No Limit ($0.50/$1.00 USD) - 2025/01/29 16:29:35 WET [2025/01/29 11:29:35 ET]
Table 'Renauxa' 6-max Seat #2 is the button
Seat 1: geopapass87 ($99.96 in chips) 
Seat 2: magzi777 ($209.88 in chips) 
Seat 3: habib beye ($128.54 in chips) 
Seat 4: DJNezz ($100 in chips) 
Seat 5: UnderC@t ($115.28 in chips) 
Seat 6: Trojanovich ($163.71 in chips) 
habib beye: posts small blind $0.50
DJNezz: posts big blind $1
*** HOLE CARDS ***
UnderC@t: folds 
Trojanovich: folds 
geopapass87: raises $1 to $2
magzi777: raises $4 to $6
habib beye: folds 
DJNezz: folds 
geopapass87: calls $4
*** FLOP *** [Ts 9c 7h]
geopapass87: checks 
magzi777: bets $4
geopapass87: calls $4
*** TURN *** [Ts 9c 7h] [9d]
geopapass87: checks 
magzi777: checks 
*** RIVER *** [Ts 9c 7h 9d] [4c]
geopapass87: checks 
magzi777: bets $6.74
geopapass87: calls $6.74
*** SHOW DOWN ***
magzi777: shows [8h Th] (two pair, Tens and Nines)
geopapass87: mucks hand 
magzi777 collected $33.23 from pot
*** SUMMARY ***
Total pot $34.98 | Rake $1.75 
Board [Ts 9c 7h 9d 4c]
Seat 1: geopapass87 mucked
Seat 2: magzi777 (button) showed [8h Th] and won ($33.23) with two pair, Tens and Nines
Seat 3: habib beye (small blind) folded before Flop
Seat 4: DJNezz (big blind) folded before Flop
Seat 5: UnderC@t folded before Flop (didn't bet)
Seat 6: Trojanovich folded before Flop (didn't bet)



PokerStars Hand #254607986957:  Hold'em No Limit ($0.50/$1.00 USD) - 2025/01/29 16:30:28 WET [2025/01/29 11:30:28 ET]
Table 'Renauxa' 6-max Seat #3 is the button
Seat 1: geopapass87 ($83.22 in chips) 
Seat 2: magzi777 ($226.37 in chips) 
Seat 3: habib beye ($128.04 in chips) 
Seat 4: DJNezz ($100 in chips) 
Seat 5: UnderC@t ($115.28 in chips) 
Seat 6: Trojanovich ($163.71 in chips) 
DJNezz: posts small blind $0.50
UnderC@t: posts big blind $1
*** HOLE CARDS ***
Trojanovich: raises $1.50 to $2.50
geopapass87: folds 
magzi777: folds 
habib beye: folds 
DJNezz: folds 
UnderC@t: calls $1.50
*** FLOP *** [Qc 2d Ah]
UnderC@t: checks 
Trojanovich: bets $1.72
UnderC@t: calls $1.72
*** TURN *** [Qc 2d Ah] [2s]
UnderC@t: checks 
Trojanovich: checks 
*** RIVER *** [Qc 2d Ah 2s] [Th]
UnderC@t: checks 
Trojanovich: checks 
*** SHOW DOWN ***
UnderC@t: shows [5h Qh] (two pair, Queens and Deuces)
Trojanovich: mucks hand 
UnderC@t collected $8.49 from pot
*** SUMMARY ***
Total pot $8.94 | Rake $0.45 
Board [Qc 2d Ah 2s Th]
Seat 1: geopapass87 folded before Flop (didn't bet)
Seat 2: magzi777 folded before Flop (didn't bet)
Seat 3: habib beye (button) folded before Flop (didn't bet)
Seat 4: DJNezz (small blind) folded before Flop
Seat 5: UnderC@t (big blind) showed [5h Qh] and won ($8.49) with two pair, Queens and Deuces
Seat 6: Trojanovich mucked



PokerStars Hand #254607999075:  Hold'em No Limit ($0.50/$1.00 USD) - 2025/01/29 16:31:22 WET [2025/01/29 11:31:22 ET]
Table 'Renauxa' 6-max Seat #4 is the button
Seat 1: geopapass87 ($83.22 in chips) 
Seat 2: magzi777 ($226.37 in chips) 
Seat 3: habib beye ($128.04 in chips) 
Seat 4: DJNezz ($100 in chips) 
Seat 5: UnderC@t ($119.55 in chips) 
Seat 6: Trojanovich ($159.49 in chips) 
UnderC@t: posts small blind $0.50
Trojanovich: posts big blind $1
*** HOLE CARDS ***
geopapass87: folds 
magzi777: folds 
habib beye: folds 
DJNezz: folds 
UnderC@t: folds 
Uncalled bet ($0.50) returned to Trojanovich
Trojanovich collected $1 from pot
Trojanovich: doesn't show hand 
*** SUMMARY ***
Total pot $1 | Rake $0 
Seat 1: geopapass87 folded before Flop (didn't bet)
Seat 2: magzi777 folded before Flop (didn't bet)
Seat 3: habib beye folded before Flop (didn't bet)
Seat 4: DJNezz (button) folded before Flop (didn't bet)
Seat 5: UnderC@t (small blind) folded before Flop
Seat 6: Trojanovich (big blind) collected ($1)



PokerStars Hand #254608005771:  Hold'em No Limit ($0.50/$1.00 USD) - 2025/01/29 16:31:53 WET [2025/01/29 11:31:53 ET]
Table 'Renauxa' 6-max Seat #5 is the button
Seat 1: geopapass87 ($83.22 in chips) 
Seat 2: magzi777 ($226.37 in chips) 
Seat 3: habib beye ($128.04 in chips) 
Seat 4: DJNezz ($100 in chips) 
Seat 5: UnderC@t ($119.05 in chips) 
Seat 6: Trojanovich ($159.99 in chips) 
Trojanovich: posts small blind $0.50
geopapass87: posts big blind $1
*** HOLE CARDS ***
magzi777: folds 
habib beye: folds 
DJNezz: raises $1.20 to $2.20
UnderC@t: folds 
Trojanovich: folds 
geopapass87: calls $1.20
*** FLOP *** [6c 7d 9d]
geopapass87: bets $2.33
DJNezz: raises $4.66 to $6.99
geopapass87: calls $4.66
*** TURN *** [6c 7d 9d] [6s]
geopapass87: checks 
DJNezz: bets $22.43
geopapass87: calls $22.43
*** RIVER *** [6c 7d 9d 6s] [Kc]
geopapass87: bets $51.60 and is all-in
DJNezz: calls $51.60
*** SHOW DOWN ***
geopapass87: shows [7h Td] (two pair, Sevens and Sixes)
DJNezz: shows [Qd Qs] (two pair, Queens and Sixes)
DJNezz collected $164.44 from pot
*** SUMMARY ***
Total pot $166.94 | Rake $2.50 
Board [6c 7d 9d 6s Kc]
Seat 1: geopapass87 (big blind) showed [7h Td] and lost with two pair, Sevens and Sixes
Seat 2: magzi777 folded before Flop (didn't bet)
Seat 3: habib beye folded before Flop (didn't bet)
Seat 4: DJNezz showed [Qd Qs] and won ($164.44) with two pair, Queens and Sixes
Seat 5: UnderC@t (button) folded before Flop (didn't bet)
Seat 6: Trojanovich (small blind) folded before Flop



PokerStars Hand #254608020473:  Hold'em No Limit ($0.50/$1.00 USD) - 2025/01/29 16:32:58 WET [2025/01/29 11:32:58 ET]
Table 'Renauxa' 6-max Seat #6 is the button
Seat 1: geopapass87 ($0 in chips) is sitting out
Seat 2: magzi777 ($226.37 in chips) 
Seat 3: habib beye ($128.04 in chips) 
Seat 4: DJNezz ($181.22 in chips) 
Seat 5: UnderC@t ($119.05 in chips) 
Seat 6: Trojanovich ($159.49 in chips) 
magzi777: posts small blind $0.50
habib beye: posts big blind $1
*** HOLE CARDS ***
DJNezz: raises $1.20 to $2.20
UnderC@t: folds 
Trojanovich: folds 
magzi777: folds 
habib beye: folds 
Uncalled bet ($1.20) returned to DJNezz
geopapass87 leaves the table
DJNezz collected $2.50 from pot
*** SUMMARY ***
Total pot $2.50 | Rake $0 
Seat 1: geopapass87
Seat 2: magzi777 (small blind) folded before Flop
Seat 3: habib beye (big blind) folded before Flop
Seat 4: DJNezz collected ($2.50)
Seat 5: UnderC@t folded before Flop (didn't bet)
Seat 6: Trojanovich (button) folded before Flop (didn't bet)



PokerStars Hand #254608023404:  Hold'em No Limit ($0.50/$1.00 USD) - 2025/01/29 16:33:13 WET [2025/01/29 11:33:13 ET]
Table 'Renauxa' 6-max Seat #2 is the button
Seat 2: magzi777 ($225.87 in chips) 
Seat 3: habib beye ($127.04 in chips) 
Seat 4: DJNezz ($182.72 in chips) 
Seat 5: UnderC@t ($119.05 in chips) 
Seat 6: Trojanovich ($159.49 in chips) 
habib beye: posts small blind $0.50
DJNezz: posts big blind $1
*** HOLE CARDS ***
UnderC@t: folds 
Trojanovich: folds 
magzi777: folds 
habib beye: folds 
Uncalled bet ($0.50) returned to DJNezz
DJNezz collected $1 from pot
*** SUMMARY ***
Total pot $1 | Rake $0 
Seat 2: magzi777 (button) folded before Flop (didn't bet)
Seat 3: habib beye (small blind) folded before Flop
Seat 4: DJNezz (big blind) collected ($1)
Seat 5: UnderC@t folded before Flop (didn't bet)
Seat 6: Trojanovich folded before Flop (didn't bet)



PokerStars Hand #254608025079:  Hold'em No Limit ($0.50/$1.00 USD) - 2025/01/29 16:33:21 WET [2025/01/29 11:33:21 ET]
Table 'Renauxa' 6-max Seat #3 is the button
Seat 2: magzi777 ($225.87 in chips) 
Seat 3: habib beye ($126.54 in chips) 
Seat 4: DJNezz ($183.22 in chips) 
Seat 5: UnderC@t ($119.05 in chips) 
Seat 6: Trojanovich ($159.49 in chips) 
DJNezz: posts small blind $0.50
UnderC@t: posts big blind $1
*** HOLE CARDS ***
Trojanovich: raises $1.50 to $2.50
magzi777: folds 
habib beye: folds 
DJNezz: folds 
UnderC@t: folds 
Uncalled bet ($1.50) returned to Trojanovich
Trojanovich collected $2.50 from pot
Trojanovich: doesn't show hand 
*** SUMMARY ***
Total pot $2.50 | Rake $0 
Seat 2: magzi777 folded before Flop (didn't bet)
Seat 3: habib beye (button) folded before Flop (didn't bet)
Seat 4: DJNezz (small blind) folded before Flop
Seat 5: UnderC@t (big blind) folded before Flop
Seat 6: Trojanovich collected ($2.50)



PokerStars Hand #254608029645:  Hold'em No Limit ($0.50/$1.00 USD) - 2025/01/29 16:33:41 WET [2025/01/29 11:33:41 ET]
Table 'Renauxa' 6-max Seat #4 is the button
Seat 2: magzi777 ($225.87 in chips) is sitting out
Seat 6: Trojanovich ($160.99 in chips) is sitting out
Seat 3: habib beye ($126.54 in chips) 
Seat 4: DJNezz ($182.72 in chips) 
Seat 5: UnderC@t ($118.05 in chips) 
UnderC@t: posts small blind $0.50
Trojanovich: is sitting out 
magzi777: is sitting out 
Trojanovich leaves the table
habib beye: posts big blind $1
*** HOLE CARDS ***
DJNezz: folds 
UnderC@t: folds 
Uncalled bet ($0.50) returned to habib beye
magzi777 leaves the table
habib beye collected $1 from pot
*** SUMMARY ***
Total pot $1 | Rake $0 
Seat 2: magzi777
Seat 6: Trojanovich
Seat 3: habib beye (big blind) collected ($1)
Seat 4: DJNezz (button) folded before Flop (didn't bet)
Seat 5: UnderC@t (small blind) folded before Flop



PokerStars Hand #254608031554:  Hold'em No Limit ($0.50/$1.00 USD) - 2025/01/29 16:33:50 WET [2025/01/29 11:33:50 ET]
Table 'Renauxa' 6-max Seat #3 is the button
Seat 4: DJNezz ($182.72 in chips) is sitting out
Seat 3: habib beye ($127.04 in chips) 
Seat 5: UnderC@t ($117.55 in chips) 
habib beye: posts small blind $0.50
DJNezz: is sitting out 
UnderC@t: posts big blind $1
*** HOLE CARDS ***
habib beye: raises $1.50 to $2.50
DJNezz leaves the table
UnderC@t: raises $9.50 to $12
habib beye: folds 
Uncalled bet ($9.50) returned to UnderC@t
UnderC@t collected $5 from pot
UnderC@t: doesn't show hand 
*** SUMMARY ***
Total pot $5 | Rake $0 
Seat 4: DJNezz
Seat 3: habib beye (button) (small blind) folded before Flop
Seat 5: UnderC@t (big blind) collected ($5)



PokerStars Hand #254608035487:  Hold'em No Limit ($0.50/$1.00 USD) - 2025/01/29 16:34:07 WET [2025/01/29 11:34:07 ET]
Table 'Renauxa' 6-max Seat #5 is the button
Seat 3: habib beye ($124.54 in chips) 
Seat 5: UnderC@t ($120.05 in chips) 
UnderC@t: posts small blind $0.50
habib beye: posts big blind $1
*** HOLE CARDS ***
UnderC@t: raises $1.50 to $2.50
habib beye: folds 
Uncalled bet ($1.50) returned to UnderC@t
UnderC@t collected $2 from pot
UnderC@t: doesn't show hand 
habib beye leaves the table
*** SUMMARY ***
Total pot $2 | Rake $0 
Seat 3: habib beye (big blind) folded before Flop
Seat 5: UnderC@t (button) (small blind) collected ($2)



