PokerStars Hand #254602765716:  Hold'em No Limit ($0.50/$1.00 USD) - 2025/01/29 4:52:58 WET [2025/01/28 23:52:58 ET]
Table 'Cyane' 6-max Seat #4 is the button
Seat 3: steelNike ($40 in chips) is sitting out
Seat 5: garrettmoose ($67.38 in chips) is sitting out
Seat 1: EasyGamerrr ($100 in chips) 
Seat 2: 7bekon7 ($110.41 in chips) 
Seat 4: uuzka ($100 in chips) 
Seat 6: CEPTT ($106.27 in chips) 
CEPTT: posts small blind $0.50
EasyGamerrr: posts big blind $1
steelNike: sits out 
*** HOLE CARDS ***
7bekon7: folds 
uuzka: raises $1.50 to $2.50
CEPTT: folds 
EasyGamerrr: folds 
Uncalled bet ($1.50) returned to uuzka
uuzka collected $2.50 from pot
uuzka: doesn't show hand 
*** SUMMARY ***
Total pot $2.50 | Rake $0 
Seat 3: steelNike
Seat 5: garrettmoose
Seat 1: EasyGamerrr (big blind) folded before Flop
Seat 2: 7bekon7 folded before Flop (didn't bet)
Seat 4: uuzka (button) collected ($2.50)
Seat 6: CEPTT (small blind) folded before Flop



PokerStars Hand #254602908571:  Hold'em No Limit ($0.50/$1.00 USD) - 2025/01/29 5:21:50 WET [2025/01/29 0:21:50 ET]
Table 'Cyane' 6-max Seat #4 is the button
Seat 1: XneferX ($100 in chips) 
Seat 2: Manifestorr ($100 in chips) 
Seat 3: AlexEliseev7 ($101.50 in chips) 
Seat 4: anthoslr ($78.58 in chips) 
Seat 5: EasyGamerrr ($158.14 in chips) 
Seat 6: CEPTT ($104.03 in chips) 
EasyGamerrr: posts small blind $0.50
CEPTT: posts big blind $1
*** HOLE CARDS ***
XneferX: folds 
Manifestorr: folds 
AlexEliseev7: raises $1.50 to $2.50
anthoslr: folds 
EasyGamerrr: folds 
CEPTT: calls $1.50
*** FLOP *** [Jh Jc Qd]
CEPTT: checks 
AlexEliseev7: bets $1.72
CEPTT: folds 
Uncalled bet ($1.72) returned to AlexEliseev7
AlexEliseev7 collected $5.22 from pot
AlexEliseev7: doesn't show hand 
*** SUMMARY ***
Total pot $5.50 | Rake $0.28 
Board [Jh Jc Qd]
Seat 1: XneferX folded before Flop (didn't bet)
Seat 2: Manifestorr folded before Flop (didn't bet)
Seat 3: AlexEliseev7 collected ($5.22)
Seat 4: anthoslr (button) folded before Flop (didn't bet)
Seat 5: EasyGamerrr (small blind) folded before Flop
Seat 6: CEPTT (big blind) folded on the Flop



PokerStars Hand #254602912479:  Hold'em No Limit ($0.50/$1.00 USD) - 2025/01/29 5:22:35 WET [2025/01/29 0:22:35 ET]
Table 'Cyane' 6-max Seat #5 is the button
Seat 1: XneferX ($100 in chips) 
Seat 2: Manifestorr ($100 in chips) 
Seat 3: AlexEliseev7 ($104.22 in chips) 
Seat 4: anthoslr ($78.58 in chips) 
Seat 5: EasyGamerrr ($157.64 in chips) 
Seat 6: CEPTT ($101.53 in chips) 
CEPTT: posts small blind $0.50
XneferX: posts big blind $1
*** HOLE CARDS ***
Manifestorr: folds 
AlexEliseev7: folds 
anthoslr: raises $2 to $3
EasyGamerrr: folds 
CEPTT: folds 
XneferX: calls $2
*** FLOP *** [2c Ac 7h]
XneferX: checks 
anthoslr: checks 
*** TURN *** [2c Ac 7h] [3d]
XneferX: checks 
anthoslr: bets $3
XneferX: folds 
Uncalled bet ($3) returned to anthoslr
anthoslr collected $6.18 from pot
*** SUMMARY ***
Total pot $6.50 | Rake $0.32 
Board [2c Ac 7h 3d]
Seat 1: XneferX (big blind) folded on the Turn
Seat 2: Manifestorr folded before Flop (didn't bet)
Seat 3: AlexEliseev7 folded before Flop (didn't bet)
Seat 4: anthoslr collected ($6.18)
Seat 5: EasyGamerrr (button) folded before Flop (didn't bet)
Seat 6: CEPTT (small blind) folded before Flop



PokerStars Hand #254602917932:  Hold'em No Limit ($0.50/$1.00 USD) - 2025/01/29 5:23:37 WET [2025/01/29 0:23:37 ET]
Table 'Cyane' 6-max Seat #6 is the button
Seat 1: XneferX ($100 in chips) 
Seat 2: Manifestorr ($100 in chips) 
Seat 3: AlexEliseev7 ($104.22 in chips) 
Seat 4: anthoslr ($81.76 in chips) 
Seat 5: EasyGamerrr ($157.64 in chips) 
Seat 6: CEPTT ($101.03 in chips) 
XneferX: posts small blind $0.50
Manifestorr: posts big blind $1
*** HOLE CARDS ***
AlexEliseev7: folds 
anthoslr: folds 
EasyGamerrr: folds 
CEPTT: folds 
XneferX: folds 
Uncalled bet ($0.50) returned to Manifestorr
Manifestorr collected $1 from pot
*** SUMMARY ***
Total pot $1 | Rake $0 
Seat 1: XneferX (small blind) folded before Flop
Seat 2: Manifestorr (big blind) collected ($1)
Seat 3: AlexEliseev7 folded before Flop (didn't bet)
Seat 4: anthoslr folded before Flop (didn't bet)
Seat 5: EasyGamerrr folded before Flop (didn't bet)
Seat 6: CEPTT (button) folded before Flop (didn't bet)



PokerStars Hand #254602919411:  Hold'em No Limit ($0.50/$1.00 USD) - 2025/01/29 5:23:55 WET [2025/01/29 0:23:55 ET]
Table 'Cyane' 6-max Seat #1 is the button
Seat 1: XneferX ($100 in chips) 
Seat 2: Manifestorr ($100.50 in chips) 
Seat 3: AlexEliseev7 ($104.22 in chips) 
Seat 4: anthoslr ($81.76 in chips) 
Seat 5: EasyGamerrr ($157.64 in chips) 
Seat 6: CEPTT ($101.03 in chips) 
Manifestorr: posts small blind $0.50
AlexEliseev7: posts big blind $1
*** HOLE CARDS ***
anthoslr: folds 
EasyGamerrr: folds 
CEPTT: folds 
XneferX: raises $1.77 to $2.77
Manifestorr: folds 
AlexEliseev7: calls $1.77
*** FLOP *** [Qs 7c Qh]
AlexEliseev7: checks 
XneferX: bets $1.49
AlexEliseev7: folds 
Uncalled bet ($1.49) returned to XneferX
XneferX collected $5.74 from pot
XneferX: doesn't show hand 
*** SUMMARY ***
Total pot $6.04 | Rake $0.30 
Board [Qs 7c Qh]
Seat 1: XneferX (button) collected ($5.74)
Seat 2: Manifestorr (small blind) folded before Flop
Seat 3: AlexEliseev7 (big blind) folded on the Flop
Seat 4: anthoslr folded before Flop (didn't bet)
Seat 5: EasyGamerrr folded before Flop (didn't bet)
Seat 6: CEPTT folded before Flop (didn't bet)



PokerStars Hand #254602923293:  Hold'em No Limit ($0.50/$1.00 USD) - 2025/01/29 5:24:41 WET [2025/01/29 0:24:41 ET]
Table 'Cyane' 6-max Seat #2 is the button
Seat 1: XneferX ($102.97 in chips) 
Seat 2: Manifestorr ($100 in chips) 
Seat 3: AlexEliseev7 ($101.45 in chips) 
Seat 4: anthoslr ($81.76 in chips) 
Seat 5: EasyGamerrr ($157.64 in chips) 
Seat 6: CEPTT ($101.03 in chips) 
AlexEliseev7: posts small blind $0.50
anthoslr: posts big blind $1
*** HOLE CARDS ***
EasyGamerrr: folds 
CEPTT: folds 
XneferX: folds 
Manifestorr: folds 
AlexEliseev7: folds 
Uncalled bet ($0.50) returned to anthoslr
anthoslr collected $1 from pot
*** SUMMARY ***
Total pot $1 | Rake $0 
Seat 1: XneferX folded before Flop (didn't bet)
Seat 2: Manifestorr (button) folded before Flop (didn't bet)
Seat 3: AlexEliseev7 (small blind) folded before Flop
Seat 4: anthoslr (big blind) collected ($1)
Seat 5: EasyGamerrr folded before Flop (didn't bet)
Seat 6: CEPTT folded before Flop (didn't bet)



PokerStars Hand #254602925391:  Hold'em No Limit ($0.50/$1.00 USD) - 2025/01/29 5:25:05 WET [2025/01/29 0:25:05 ET]
Table 'Cyane' 6-max Seat #3 is the button
Seat 1: XneferX ($102.97 in chips) 
Seat 2: Manifestorr ($100 in chips) 
Seat 3: AlexEliseev7 ($100.95 in chips) 
Seat 4: anthoslr ($82.26 in chips) 
Seat 5: EasyGamerrr ($157.64 in chips) 
Seat 6: CEPTT ($101.03 in chips) 
anthoslr: posts small blind $0.50
EasyGamerrr: posts big blind $1
*** HOLE CARDS ***
CEPTT: folds 
XneferX: folds 
Manifestorr: folds 
AlexEliseev7: raises $1.50 to $2.50
anthoslr: raises $8.50 to $11
EasyGamerrr: folds 
AlexEliseev7: folds 
Uncalled bet ($8.50) returned to anthoslr
anthoslr collected $6 from pot
*** SUMMARY ***
Total pot $6 | Rake $0 
Seat 1: XneferX folded before Flop (didn't bet)
Seat 2: Manifestorr folded before Flop (didn't bet)
Seat 3: AlexEliseev7 (button) folded before Flop
Seat 4: anthoslr (small blind) collected ($6)
Seat 5: EasyGamerrr (big blind) folded before Flop
Seat 6: CEPTT folded before Flop (didn't bet)



PokerStars Hand #254602928306:  Hold'em No Limit ($0.50/$1.00 USD) - 2025/01/29 5:25:39 WET [2025/01/29 0:25:39 ET]
Table 'Cyane' 6-max Seat #4 is the button
Seat 1: XneferX ($102.97 in chips) 
Seat 2: Manifestorr ($100 in chips) 
Seat 3: AlexEliseev7 ($100 in chips) 
Seat 4: anthoslr ($85.76 in chips) 
Seat 5: EasyGamerrr ($156.64 in chips) 
Seat 6: CEPTT ($101.03 in chips) 
EasyGamerrr: posts small blind $0.50
CEPTT: posts big blind $1
*** HOLE CARDS ***
XneferX: folds 
Manifestorr: folds 
AlexEliseev7: folds 
anthoslr: folds 
EasyGamerrr: raises $2 to $3
CEPTT: raises $6 to $9
XneferX leaves the table
EasyGamerrr: calls $6
*** FLOP *** [3d Th Qd]
EasyGamerrr: checks 
CEPTT: checks 
*** TURN *** [3d Th Qd] [8c]
EasyGamerrr: checks 
CEPTT: checks 
*** RIVER *** [3d Th Qd 8c] [2c]
EasyGamerrr: checks 
CEPTT: checks 
*** SHOW DOWN ***
EasyGamerrr: shows [8d 7d] (a pair of Eights)
CEPTT: shows [9s 9d] (a pair of Nines)
CEPTT collected $17.10 from pot
*** SUMMARY ***
Total pot $18 | Rake $0.90 
Board [3d Th Qd 8c 2c]
Seat 1: XneferX folded before Flop (didn't bet)
Seat 2: Manifestorr folded before Flop (didn't bet)
Seat 3: AlexEliseev7 folded before Flop (didn't bet)
Seat 4: anthoslr (button) folded before Flop (didn't bet)
Seat 5: EasyGamerrr (small blind) showed [8d 7d] and lost with a pair of Eights
Seat 6: CEPTT (big blind) showed [9s 9d] and won ($17.10) with a pair of Nines



PokerStars Hand #254602936367:  Hold'em No Limit ($0.50/$1.00 USD) - 2025/01/29 5:27:13 WET [2025/01/29 0:27:13 ET]
Table 'Cyane' 6-max Seat #5 is the button
Seat 2: Manifestorr ($100 in chips) 
Seat 3: AlexEliseev7 ($100 in chips) 
Seat 4: anthoslr ($85.76 in chips) 
Seat 5: EasyGamerrr ($147.64 in chips) 
Seat 6: CEPTT ($109.13 in chips) 
CEPTT: posts small blind $0.50
Manifestorr: posts big blind $1
*** HOLE CARDS ***
AlexEliseev7: folds 
7bekon7 joins the table at seat #1 
anthoslr: raises $1 to $2
EasyGamerrr: folds 
CEPTT: folds 
Manifestorr: raises $9 to $11
anthoslr: raises $9 to $20
Manifestorr: raises $80 to $100 and is all-in
anthoslr: calls $65.76 and is all-in
Uncalled bet ($14.24) returned to Manifestorr
*** FLOP *** [Jh 2s As]
*** TURN *** [Jh 2s As] [7d]
*** RIVER *** [Jh 2s As 7d] [Kc]
*** SHOW DOWN ***
Manifestorr: shows [Qc Qh] (a pair of Queens)
anthoslr: shows [Js Jd] (three of a kind, Jacks)
anthoslr collected $169.52 from pot
*** SUMMARY ***
Total pot $172.02 | Rake $2.50 
Board [Jh 2s As 7d Kc]
Seat 2: Manifestorr (big blind) showed [Qc Qh] and lost with a pair of Queens
Seat 3: AlexEliseev7 folded before Flop (didn't bet)
Seat 4: anthoslr showed [Js Jd] and won ($169.52) with three of a kind, Jacks
Seat 5: EasyGamerrr (button) folded before Flop (didn't bet)
Seat 6: CEPTT (small blind) folded before Flop



PokerStars Hand #254602939611:  Hold'em No Limit ($0.50/$1.00 USD) - 2025/01/29 5:27:51 WET [2025/01/29 0:27:51 ET]
Table 'Cyane' 6-max Seat #6 is the button
Seat 1: 7bekon7 ($186.91 in chips) is sitting out
Seat 2: Manifestorr ($100 in chips) 
Seat 3: AlexEliseev7 ($100 in chips) 
Seat 4: anthoslr ($169.52 in chips) 
Seat 5: EasyGamerrr ($147.64 in chips) 
Seat 6: CEPTT ($108.63 in chips) 
Manifestorr: posts small blind $0.50
AlexEliseev7: posts big blind $1
*** HOLE CARDS ***
anthoslr: folds 
EasyGamerrr: folds 
CEPTT: raises $1.85 to $2.85
Manifestorr: folds 
AlexEliseev7: folds 
Uncalled bet ($1.85) returned to CEPTT
CEPTT collected $2.50 from pot
CEPTT: doesn't show hand 
*** SUMMARY ***
Total pot $2.50 | Rake $0 
Seat 1: 7bekon7
Seat 2: Manifestorr (small blind) folded before Flop
Seat 3: AlexEliseev7 (big blind) folded before Flop
Seat 4: anthoslr folded before Flop (didn't bet)
Seat 5: EasyGamerrr folded before Flop (didn't bet)
Seat 6: CEPTT (button) collected ($2.50)



PokerStars Hand #254602942119:  Hold'em No Limit ($0.50/$1.00 USD) - 2025/01/29 5:28:21 WET [2025/01/29 0:28:21 ET]
Table 'Cyane' 6-max Seat #2 is the button
Seat 1: 7bekon7 ($186.91 in chips) is sitting out
Seat 2: Manifestorr ($100 in chips) 
Seat 3: AlexEliseev7 ($100 in chips) 
Seat 4: anthoslr ($169.52 in chips) 
Seat 5: EasyGamerrr ($147.64 in chips) 
Seat 6: CEPTT ($110.13 in chips) 
AlexEliseev7: posts small blind $0.50
anthoslr: posts big blind $1
7bekon7: sits out 
*** HOLE CARDS ***
EasyGamerrr: folds 
CEPTT: folds 
Manifestorr: raises $1.20 to $2.20
AlexEliseev7: folds 
anthoslr: calls $1.20
*** FLOP *** [6c Ks Qd]
anthoslr: checks 
Manifestorr: bets $1.54
anthoslr: calls $1.54
*** TURN *** [6c Ks Qd] [6s]
anthoslr: checks 
7bekon7 leaves the table
Manifestorr: bets $10.50
anthoslr: calls $10.50
*** RIVER *** [6c Ks Qd 6s] [9d]
anthoslr: checks 
Manifestorr: checks 
*** SHOW DOWN ***
anthoslr: shows [5d Kc] (two pair, Kings and Sixes)
Manifestorr: mucks hand 
anthoslr collected $27.53 from pot
*** SUMMARY ***
Total pot $28.98 | Rake $1.45 
Board [6c Ks Qd 6s 9d]
Seat 1: 7bekon7
Seat 2: Manifestorr (button) mucked
Seat 3: AlexEliseev7 (small blind) folded before Flop
Seat 4: anthoslr (big blind) showed [5d Kc] and won ($27.53) with two pair, Kings and Sixes
Seat 5: EasyGamerrr folded before Flop (didn't bet)
Seat 6: CEPTT folded before Flop (didn't bet)



PokerStars Hand #254602947240:  Hold'em No Limit ($0.50/$1.00 USD) - 2025/01/29 5:29:20 WET [2025/01/29 0:29:20 ET]
Table 'Cyane' 6-max Seat #3 is the button
Seat 2: Manifestorr ($100 in chips) 
Seat 3: AlexEliseev7 ($100 in chips) 
Seat 4: anthoslr ($182.81 in chips) 
Seat 5: EasyGamerrr ($147.64 in chips) 
Seat 6: CEPTT ($110.13 in chips) 
anthoslr: posts small blind $0.50
EasyGamerrr: posts big blind $1
*** HOLE CARDS ***
CEPTT: folds 
Manifestorr: raises $1.20 to $2.20
Calabazaking joins the table at seat #1 
AlexEliseev7: raises $4.80 to $7
anthoslr: folds 
EasyGamerrr: folds 
Manifestorr: raises $16 to $23
AlexEliseev7: folds 
Uncalled bet ($16) returned to Manifestorr
Manifestorr collected $15.50 from pot
*** SUMMARY ***
Total pot $15.50 | Rake $0 
Seat 2: Manifestorr collected ($15.50)
Seat 3: AlexEliseev7 (button) folded before Flop
Seat 4: anthoslr (small blind) folded before Flop
Seat 5: EasyGamerrr (big blind) folded before Flop
Seat 6: CEPTT folded before Flop (didn't bet)



PokerStars Hand #254602950943:  Hold'em No Limit ($0.50/$1.00 USD) - 2025/01/29 5:30:04 WET [2025/01/29 0:30:04 ET]
Table 'Cyane' 6-max Seat #4 is the button
Seat 6: CEPTT ($110.13 in chips) is sitting out
Seat 1: Calabazaking ($100 in chips) 
Seat 2: Manifestorr ($108.50 in chips) 
Seat 3: AlexEliseev7 ($100 in chips) 
Seat 4: anthoslr ($182.31 in chips) 
Seat 5: EasyGamerrr ($146.64 in chips) 
EasyGamerrr: posts small blind $0.50
CEPTT: is sitting out 
Calabazaking: posts big blind $1
*** HOLE CARDS ***
Manifestorr: folds 
AlexEliseev7: folds 
anthoslr: folds 
EasyGamerrr: folds 
Uncalled bet ($0.50) returned to Calabazaking
Calabazaking collected $1 from pot
*** SUMMARY ***
Total pot $1 | Rake $0 
Seat 6: CEPTT
Seat 1: Calabazaking (big blind) collected ($1)
Seat 2: Manifestorr folded before Flop (didn't bet)
Seat 3: AlexEliseev7 folded before Flop (didn't bet)
Seat 4: anthoslr (button) folded before Flop (didn't bet)
Seat 5: EasyGamerrr (small blind) folded before Flop



PokerStars Hand #254602951861:  Hold'em No Limit ($0.50/$1.00 USD) - 2025/01/29 5:30:14 WET [2025/01/29 0:30:14 ET]
Table 'Cyane' 6-max Seat #5 is the button
Seat 6: CEPTT ($110.13 in chips) is sitting out
Seat 1: Calabazaking ($100.50 in chips) 
Seat 2: Manifestorr ($108.50 in chips) 
Seat 3: AlexEliseev7 ($100 in chips) 
Seat 4: anthoslr ($182.31 in chips) 
Seat 5: EasyGamerrr ($146.14 in chips) 
Calabazaking: posts small blind $0.50
Manifestorr: posts big blind $1
*** HOLE CARDS ***
AlexEliseev7: raises $1.50 to $2.50
anthoslr: folds 
EasyGamerrr: folds 
Calabazaking: folds 
Manifestorr: folds 
Uncalled bet ($1.50) returned to AlexEliseev7
AlexEliseev7 collected $2.50 from pot
AlexEliseev7: doesn't show hand 
*** SUMMARY ***
Total pot $2.50 | Rake $0 
Seat 6: CEPTT
Seat 1: Calabazaking (small blind) folded before Flop
Seat 2: Manifestorr (big blind) folded before Flop
Seat 3: AlexEliseev7 collected ($2.50)
Seat 4: anthoslr folded before Flop (didn't bet)
Seat 5: EasyGamerrr (button) folded before Flop (didn't bet)



PokerStars Hand #254602953062:  Hold'em No Limit ($0.50/$1.00 USD) - 2025/01/29 5:30:29 WET [2025/01/29 0:30:29 ET]
Table 'Cyane' 6-max Seat #1 is the button
Seat 6: CEPTT ($110.13 in chips) is sitting out
Seat 1: Calabazaking ($100 in chips) 
Seat 2: Manifestorr ($107.50 in chips) 
Seat 3: AlexEliseev7 ($101.50 in chips) 
Seat 4: anthoslr ($182.31 in chips) 
Seat 5: EasyGamerrr ($146.14 in chips) 
Manifestorr: posts small blind $0.50
AlexEliseev7: posts big blind $1
CEPTT: sits out 
*** HOLE CARDS ***
anthoslr: folds 
EasyGamerrr: folds 
Calabazaking: folds 
Manifestorr: folds 
Uncalled bet ($0.50) returned to AlexEliseev7
AlexEliseev7 collected $1 from pot
*** SUMMARY ***
Total pot $1 | Rake $0 
Seat 6: CEPTT
Seat 1: Calabazaking (button) folded before Flop (didn't bet)
Seat 2: Manifestorr (small blind) folded before Flop
Seat 3: AlexEliseev7 (big blind) collected ($1)
Seat 4: anthoslr folded before Flop (didn't bet)
Seat 5: EasyGamerrr folded before Flop (didn't bet)



PokerStars Hand #254602954513:  Hold'em No Limit ($0.50/$1.00 USD) - 2025/01/29 5:30:46 WET [2025/01/29 0:30:46 ET]
Table 'Cyane' 6-max Seat #2 is the button
Seat 6: CEPTT ($110.13 in chips) is sitting out
Seat 1: Calabazaking ($100 in chips) 
Seat 2: Manifestorr ($107 in chips) 
Seat 3: AlexEliseev7 ($102 in chips) 
Seat 4: anthoslr ($182.31 in chips) 
Seat 5: EasyGamerrr ($146.14 in chips) 
AlexEliseev7: posts small blind $0.50
anthoslr: posts big blind $1
CEPTT: sits out 
*** HOLE CARDS ***
EasyGamerrr: folds 
Calabazaking: folds 
Manifestorr: folds 
AlexEliseev7: folds 
Uncalled bet ($0.50) returned to anthoslr
anthoslr collected $1 from pot
*** SUMMARY ***
Total pot $1 | Rake $0 
Seat 6: CEPTT
Seat 1: Calabazaking folded before Flop (didn't bet)
Seat 2: Manifestorr (button) folded before Flop (didn't bet)
Seat 3: AlexEliseev7 (small blind) folded before Flop
Seat 4: anthoslr (big blind) collected ($1)
Seat 5: EasyGamerrr folded before Flop (didn't bet)



PokerStars Hand #254602955683:  Hold'em No Limit ($0.50/$1.00 USD) - 2025/01/29 5:31:00 WET [2025/01/29 0:31:00 ET]
Table 'Cyane' 6-max Seat #3 is the button
Seat 6: CEPTT ($110.13 in chips) is sitting out
Seat 1: Calabazaking ($100 in chips) 
Seat 2: Manifestorr ($107 in chips) 
Seat 3: AlexEliseev7 ($101.50 in chips) 
Seat 4: anthoslr ($182.81 in chips) 
Seat 5: EasyGamerrr ($146.14 in chips) 
anthoslr: posts small blind $0.50
EasyGamerrr: posts big blind $1
CEPTT: sits out 
*** HOLE CARDS ***
Calabazaking: folds 
Manifestorr: raises $1.20 to $2.20
AlexEliseev7: folds 
anthoslr: folds 
EasyGamerrr: folds 
Uncalled bet ($1.20) returned to Manifestorr
Manifestorr collected $2.50 from pot
*** SUMMARY ***
Total pot $2.50 | Rake $0 
Seat 6: CEPTT
Seat 1: Calabazaking folded before Flop (didn't bet)
Seat 2: Manifestorr collected ($2.50)
Seat 3: AlexEliseev7 (button) folded before Flop (didn't bet)
Seat 4: anthoslr (small blind) folded before Flop
Seat 5: EasyGamerrr (big blind) folded before Flop



PokerStars Hand #254602957461:  Hold'em No Limit ($0.50/$1.00 USD) - 2025/01/29 5:31:21 WET [2025/01/29 0:31:21 ET]
Table 'Cyane' 6-max Seat #4 is the button
Seat 1: Calabazaking ($100 in chips) 
Seat 2: Manifestorr ($108.50 in chips) 
Seat 3: AlexEliseev7 ($101.50 in chips) 
Seat 4: anthoslr ($182.31 in chips) 
Seat 5: EasyGamerrr ($145.14 in chips) 
Seat 6: CEPTT ($110.13 in chips) 
EasyGamerrr: posts small blind $0.50
CEPTT: posts big blind $1
*** HOLE CARDS ***
Calabazaking: raises $1.50 to $2.50
Manifestorr: folds 
AlexEliseev7: folds 
anthoslr: calls $2.50
EasyGamerrr: folds 
CEPTT: folds 
*** FLOP *** [9d 4s 2h]
Calabazaking: checks 
anthoslr: checks 
*** TURN *** [9d 4s 2h] [5d]
Calabazaking: bets $3.40
anthoslr: calls $3.40
*** RIVER *** [9d 4s 2h 5d] [7h]
Calabazaking: bets $18.96
anthoslr: folds 
Uncalled bet ($18.96) returned to Calabazaking
Calabazaking collected $12.64 from pot
*** SUMMARY ***
Total pot $13.30 | Rake $0.66 
Board [9d 4s 2h 5d 7h]
Seat 1: Calabazaking collected ($12.64)
Seat 2: Manifestorr folded before Flop (didn't bet)
Seat 3: AlexEliseev7 folded before Flop (didn't bet)
Seat 4: anthoslr (button) folded on the River
Seat 5: EasyGamerrr (small blind) folded before Flop
Seat 6: CEPTT (big blind) folded before Flop



PokerStars Hand #254602961108:  Hold'em No Limit ($0.50/$1.00 USD) - 2025/01/29 5:32:06 WET [2025/01/29 0:32:06 ET]
Table 'Cyane' 6-max Seat #5 is the button
Seat 1: Calabazaking ($106.74 in chips) 
Seat 2: Manifestorr ($108.50 in chips) 
Seat 3: AlexEliseev7 ($101.50 in chips) 
Seat 4: anthoslr ($176.41 in chips) 
Seat 5: EasyGamerrr ($144.64 in chips) 
Seat 6: CEPTT ($109.13 in chips) 
CEPTT: posts small blind $0.50
Calabazaking: posts big blind $1
*** HOLE CARDS ***
Manifestorr: folds 
AlexEliseev7: folds 
anthoslr: raises $2 to $3
EasyGamerrr: folds 
CEPTT: folds 
Calabazaking: folds 
Uncalled bet ($2) returned to anthoslr
anthoslr collected $2.50 from pot
*** SUMMARY ***
Total pot $2.50 | Rake $0 
Seat 1: Calabazaking (big blind) folded before Flop
Seat 2: Manifestorr folded before Flop (didn't bet)
Seat 3: AlexEliseev7 folded before Flop (didn't bet)
Seat 4: anthoslr collected ($2.50)
Seat 5: EasyGamerrr (button) folded before Flop (didn't bet)
Seat 6: CEPTT (small blind) folded before Flop



PokerStars Hand #254602963189:  Hold'em No Limit ($0.50/$1.00 USD) - 2025/01/29 5:32:31 WET [2025/01/29 0:32:31 ET]
Table 'Cyane' 6-max Seat #6 is the button
Seat 1: Calabazaking ($105.74 in chips) 
Seat 2: Manifestorr ($108.50 in chips) 
Seat 3: AlexEliseev7 ($101.50 in chips) 
Seat 4: anthoslr ($177.91 in chips) 
Seat 5: EasyGamerrr ($144.64 in chips) 
Seat 6: CEPTT ($108.63 in chips) 
Calabazaking: posts small blind $0.50
Manifestorr: posts big blind $1
*** HOLE CARDS ***
AlexEliseev7: folds 
anthoslr: raises $2 to $3
EasyGamerrr: folds 
CEPTT: folds 
Calabazaking: folds 
Manifestorr: raises $11 to $14
anthoslr: calls $11
*** FLOP *** [8d 9d 2s]
Manifestorr: bets $13.54
anthoslr: calls $13.54
*** TURN *** [8d 9d 2s] [9c]
Manifestorr: bets $26.54
anthoslr: folds 
Uncalled bet ($26.54) returned to Manifestorr
Manifestorr collected $53.08 from pot
*** SUMMARY ***
Total pot $55.58 | Rake $2.50 
Board [8d 9d 2s 9c]
Seat 1: Calabazaking (small blind) folded before Flop
Seat 2: Manifestorr (big blind) collected ($53.08)
Seat 3: AlexEliseev7 folded before Flop (didn't bet)
Seat 4: anthoslr folded on the Turn
Seat 5: EasyGamerrr folded before Flop (didn't bet)
Seat 6: CEPTT (button) folded before Flop (didn't bet)



PokerStars Hand #254602968545:  Hold'em No Limit ($0.50/$1.00 USD) - 2025/01/29 5:33:34 WET [2025/01/29 0:33:34 ET]
Table 'Cyane' 6-max Seat #1 is the button
Seat 1: Calabazaking ($105.24 in chips) 
Seat 2: Manifestorr ($134.04 in chips) 
Seat 3: AlexEliseev7 ($101.50 in chips) 
Seat 4: anthoslr ($150.37 in chips) 
Seat 5: EasyGamerrr ($144.64 in chips) 
Seat 6: CEPTT ($108.63 in chips) 
Manifestorr: posts small blind $0.50
AlexEliseev7: posts big blind $1
*** HOLE CARDS ***
anthoslr: calls $1
EasyGamerrr: folds 
CEPTT: raises $3 to $4
Calabazaking: folds 
Manifestorr: folds 
AlexEliseev7: folds 
anthoslr: calls $3
*** FLOP *** [Qd As Qs]
anthoslr: checks 
CEPTT: checks 
*** TURN *** [Qd As Qs] [7s]
anthoslr: bets $4
CEPTT: calls $4
*** RIVER *** [Qd As Qs 7s] [4s]
anthoslr: bets $9
CEPTT: raises $91.63 to $100.63 and is all-in
anthoslr: folds 
Uncalled bet ($91.63) returned to CEPTT
CEPTT collected $33.72 from pot
CEPTT: doesn't show hand 
*** SUMMARY ***
Total pot $35.50 | Rake $1.78 
Board [Qd As Qs 7s 4s]
Seat 1: Calabazaking (button) folded before Flop (didn't bet)
Seat 2: Manifestorr (small blind) folded before Flop
Seat 3: AlexEliseev7 (big blind) folded before Flop
Seat 4: anthoslr folded on the River
Seat 5: EasyGamerrr folded before Flop (didn't bet)
Seat 6: CEPTT collected ($33.72)



PokerStars Hand #254602975857:  Hold'em No Limit ($0.50/$1.00 USD) - 2025/01/29 5:35:02 WET [2025/01/29 0:35:02 ET]
Table 'Cyane' 6-max Seat #2 is the button
Seat 1: Calabazaking ($105.24 in chips) 
Seat 2: Manifestorr ($133.54 in chips) 
Seat 3: AlexEliseev7 ($100.50 in chips) 
Seat 4: anthoslr ($133.37 in chips) 
Seat 5: EasyGamerrr ($144.64 in chips) 
Seat 6: CEPTT ($125.35 in chips) 
AlexEliseev7: posts small blind $0.50
anthoslr: posts big blind $1
*** HOLE CARDS ***
EasyGamerrr: folds 
CEPTT: folds 
Calabazaking: raises $1.50 to $2.50
Manifestorr: folds 
AlexEliseev7: folds 
anthoslr: calls $1.50
*** FLOP *** [2d 7c 5d]
anthoslr: checks 
Calabazaking: checks 
*** TURN *** [2d 7c 5d] [8c]
anthoslr: checks 
Calabazaking: bets $7.83
anthoslr: folds 
Uncalled bet ($7.83) returned to Calabazaking
Calabazaking collected $5.22 from pot
*** SUMMARY ***
Total pot $5.50 | Rake $0.28 
Board [2d 7c 5d 8c]
Seat 1: Calabazaking collected ($5.22)
Seat 2: Manifestorr (button) folded before Flop (didn't bet)
Seat 3: AlexEliseev7 (small blind) folded before Flop
Seat 4: anthoslr (big blind) folded on the Turn
Seat 5: EasyGamerrr folded before Flop (didn't bet)
Seat 6: CEPTT folded before Flop (didn't bet)



PokerStars Hand #254602979606:  Hold'em No Limit ($0.50/$1.00 USD) - 2025/01/29 5:35:47 WET [2025/01/29 0:35:47 ET]
Table 'Cyane' 6-max Seat #3 is the button
Seat 1: Calabazaking ($107.96 in chips) 
Seat 2: Manifestorr ($133.54 in chips) 
Seat 3: AlexEliseev7 ($100 in chips) 
Seat 4: anthoslr ($130.87 in chips) 
Seat 5: EasyGamerrr ($144.64 in chips) 
Seat 6: CEPTT ($125.35 in chips) 
anthoslr: posts small blind $0.50
EasyGamerrr: posts big blind $1
*** HOLE CARDS ***
CEPTT: raises $1.25 to $2.25
Calabazaking: calls $2.25
Manifestorr: folds 
AlexEliseev7: folds 
anthoslr: raises $5.25 to $7.50
EasyGamerrr: folds 
CEPTT: calls $5.25
Calabazaking: calls $5.25
*** FLOP *** [Qd As Jd]
anthoslr: checks 
CEPTT: checks 
Calabazaking: checks 
*** TURN *** [Qd As Jd] [4s]
anthoslr: checks 
CEPTT: checks 
Calabazaking: checks 
*** RIVER *** [Qd As Jd 4s] [Jc]
anthoslr: bets $9
CEPTT: folds 
Calabazaking: raises $29.68 to $38.68
anthoslr: calls $29.68
*** SHOW DOWN ***
Calabazaking: shows [5h 5d] (two pair, Jacks and Fives)
anthoslr: shows [Ks Kd] (two pair, Kings and Jacks)
anthoslr collected $98.36 from pot
*** SUMMARY ***
Total pot $100.86 | Rake $2.50 
Board [Qd As Jd 4s Jc]
Seat 1: Calabazaking showed [5h 5d] and lost with two pair, Jacks and Fives
Seat 2: Manifestorr folded before Flop (didn't bet)
Seat 3: AlexEliseev7 (button) folded before Flop (didn't bet)
Seat 4: anthoslr (small blind) showed [Ks Kd] and won ($98.36) with two pair, Kings and Jacks
Seat 5: EasyGamerrr (big blind) folded before Flop
Seat 6: CEPTT folded on the River



PokerStars Hand #254602987770:  Hold'em No Limit ($0.50/$1.00 USD) - 2025/01/29 5:37:24 WET [2025/01/29 0:37:24 ET]
Table 'Cyane' 6-max Seat #4 is the button
Seat 1: Calabazaking ($100 in chips) 
Seat 2: Manifestorr ($133.54 in chips) 
Seat 3: AlexEliseev7 ($100 in chips) 
Seat 4: anthoslr ($183.05 in chips) 
Seat 5: EasyGamerrr ($143.64 in chips) 
Seat 6: CEPTT ($117.85 in chips) 
EasyGamerrr: posts small blind $0.50
CEPTT: posts big blind $1
*** HOLE CARDS ***
Calabazaking: folds 
Manifestorr: folds 
AlexEliseev7: folds 
anthoslr: folds 
EasyGamerrr: folds 
Uncalled bet ($0.50) returned to CEPTT
CEPTT collected $1 from pot
CEPTT: doesn't show hand 
*** SUMMARY ***
Total pot $1 | Rake $0 
Seat 1: Calabazaking folded before Flop (didn't bet)
Seat 2: Manifestorr folded before Flop (didn't bet)
Seat 3: AlexEliseev7 folded before Flop (didn't bet)
Seat 4: anthoslr (button) folded before Flop (didn't bet)
Seat 5: EasyGamerrr (small blind) folded before Flop
Seat 6: CEPTT (big blind) collected ($1)



PokerStars Hand #254602989946:  Hold'em No Limit ($0.50/$1.00 USD) - 2025/01/29 5:37:50 WET [2025/01/29 0:37:50 ET]
Table 'Cyane' 6-max Seat #5 is the button
Seat 1: Calabazaking ($100 in chips) 
Seat 2: Manifestorr ($133.54 in chips) 
Seat 3: AlexEliseev7 ($100 in chips) 
Seat 4: anthoslr ($183.05 in chips) 
Seat 5: EasyGamerrr ($143.14 in chips) 
Seat 6: CEPTT ($118.35 in chips) 
CEPTT: posts small blind $0.50
Calabazaking: posts big blind $1
*** HOLE CARDS ***
Manifestorr: folds 
AlexEliseev7: folds 
anthoslr: folds 
EasyGamerrr: folds 
CEPTT: raises $2 to $3
Calabazaking: folds 
Uncalled bet ($2) returned to CEPTT
CEPTT collected $2 from pot
CEPTT: doesn't show hand 
*** SUMMARY ***
Total pot $2 | Rake $0 
Seat 1: Calabazaking (big blind) folded before Flop
Seat 2: Manifestorr folded before Flop (didn't bet)
Seat 3: AlexEliseev7 folded before Flop (didn't bet)
Seat 4: anthoslr folded before Flop (didn't bet)
Seat 5: EasyGamerrr (button) folded before Flop (didn't bet)
Seat 6: CEPTT (small blind) collected ($2)



PokerStars Hand #254602991125:  Hold'em No Limit ($0.50/$1.00 USD) - 2025/01/29 5:38:04 WET [2025/01/29 0:38:04 ET]
Table 'Cyane' 6-max Seat #6 is the button
Seat 1: Calabazaking ($100 in chips) 
Seat 2: Manifestorr ($133.54 in chips) 
Seat 3: AlexEliseev7 ($100 in chips) 
Seat 4: anthoslr ($183.05 in chips) 
Seat 5: EasyGamerrr ($143.14 in chips) 
Seat 6: CEPTT ($119.35 in chips) 
Calabazaking: posts small blind $0.50
Manifestorr: posts big blind $1
*** HOLE CARDS ***
AlexEliseev7: folds 
anthoslr: folds 
EasyGamerrr: folds 
CEPTT: folds 
Calabazaking: raises $2 to $3
Manifestorr: raises $6 to $9
Calabazaking: folds 
Uncalled bet ($6) returned to Manifestorr
Manifestorr collected $6 from pot
*** SUMMARY ***
Total pot $6 | Rake $0 
Seat 1: Calabazaking (small blind) folded before Flop
Seat 2: Manifestorr (big blind) collected ($6)
Seat 3: AlexEliseev7 folded before Flop (didn't bet)
Seat 4: anthoslr folded before Flop (didn't bet)
Seat 5: EasyGamerrr folded before Flop (didn't bet)
Seat 6: CEPTT (button) folded before Flop (didn't bet)



PokerStars Hand #254603000379:  Hold'em No Limit ($0.50/$1.00 USD) - 2025/01/29 5:39:56 WET [2025/01/29 0:39:56 ET]
Table 'Cyane' 6-max Seat #5 is the button
Seat 3: AlexEliseev7 ($111.98 in chips) is sitting out
Seat 1: Calabazaking ($100 in chips) 
Seat 2: Manifestorr ($138.97 in chips) 
Seat 4: anthoslr ($168.07 in chips) 
Seat 5: EasyGamerrr ($141.64 in chips) 
Seat 6: CEPTT ($119.85 in chips) 
CEPTT: posts small blind $0.50
Calabazaking: posts big blind $1
AlexEliseev7: sits out 
*** HOLE CARDS ***
Manifestorr: folds 
anthoslr: folds 
EasyGamerrr: folds 
CEPTT: raises $2 to $3
Calabazaking: folds 
Uncalled bet ($2) returned to CEPTT
CEPTT collected $2 from pot
CEPTT: doesn't show hand 
*** SUMMARY ***
Total pot $2 | Rake $0 
Seat 3: AlexEliseev7
Seat 1: Calabazaking (big blind) folded before Flop
Seat 2: Manifestorr folded before Flop (didn't bet)
Seat 4: anthoslr folded before Flop (didn't bet)
Seat 5: EasyGamerrr (button) folded before Flop (didn't bet)
Seat 6: CEPTT (small blind) collected ($2)



PokerStars Hand #254603001472:  Hold'em No Limit ($0.50/$1.00 USD) - 2025/01/29 5:40:08 WET [2025/01/29 0:40:08 ET]
Table 'Cyane' 6-max Seat #6 is the button
Seat 3: AlexEliseev7 ($111.98 in chips) is sitting out
Seat 1: Calabazaking ($100 in chips) 
Seat 2: Manifestorr ($138.97 in chips) 
Seat 4: anthoslr ($168.07 in chips) 
Seat 5: EasyGamerrr ($141.64 in chips) 
Seat 6: CEPTT ($120.85 in chips) 
Calabazaking: posts small blind $0.50
Manifestorr: posts big blind $1
AlexEliseev7: sits out 
*** HOLE CARDS ***
anthoslr: raises $2 to $3
EasyGamerrr: raises $6 to $9
CEPTT: folds 
Calabazaking: folds 
Manifestorr: folds 
anthoslr: calls $6
*** FLOP *** [3h 5d 7h]
anthoslr: checks 
EasyGamerrr: checks 
*** TURN *** [3h 5d 7h] [5h]
anthoslr: checks 
EasyGamerrr: bets $13.89
anthoslr: calls $13.89
*** RIVER *** [3h 5d 7h 5h] [4h]
anthoslr: checks 
EasyGamerrr: checks 
*** SHOW DOWN ***
anthoslr: shows [Ks Ac] (a pair of Fives)
EasyGamerrr: shows [Th Td] (a flush, Ten high)
EasyGamerrr collected $44.92 from pot
*** SUMMARY ***
Total pot $47.28 | Rake $2.36 
Board [3h 5d 7h 5h 4h]
Seat 3: AlexEliseev7
Seat 1: Calabazaking (small blind) folded before Flop
Seat 2: Manifestorr (big blind) folded before Flop
Seat 4: anthoslr showed [Ks Ac] and lost with a pair of Fives
Seat 5: EasyGamerrr showed [Th Td] and won ($44.92) with a flush, Ten high
Seat 6: CEPTT (button) folded before Flop (didn't bet)



PokerStars Hand #254603005969:  Hold'em No Limit ($0.50/$1.00 USD) - 2025/01/29 5:41:03 WET [2025/01/29 0:41:03 ET]
Table 'Cyane' 6-max Seat #1 is the button
Seat 1: Calabazaking ($100 in chips) 
Seat 2: Manifestorr ($137.97 in chips) 
Seat 3: AlexEliseev7 ($111.98 in chips) 
Seat 4: anthoslr ($145.18 in chips) 
Seat 5: EasyGamerrr ($163.67 in chips) 
Seat 6: CEPTT ($120.85 in chips) 
Manifestorr: posts small blind $0.50
AlexEliseev7: posts big blind $1
*** HOLE CARDS ***
anthoslr: folds 
EasyGamerrr: folds 
CEPTT: folds 
Calabazaking: raises $1.50 to $2.50
Manifestorr: folds 
AlexEliseev7: folds 
Uncalled bet ($1.50) returned to Calabazaking
Calabazaking collected $2.50 from pot
*** SUMMARY ***
Total pot $2.50 | Rake $0 
Seat 1: Calabazaking (button) collected ($2.50)
Seat 2: Manifestorr (small blind) folded before Flop
Seat 3: AlexEliseev7 (big blind) folded before Flop
Seat 4: anthoslr folded before Flop (didn't bet)
Seat 5: EasyGamerrr folded before Flop (didn't bet)
Seat 6: CEPTT folded before Flop (didn't bet)



PokerStars Hand #254603008338:  Hold'em No Limit ($0.50/$1.00 USD) - 2025/01/29 5:41:31 WET [2025/01/29 0:41:31 ET]
Table 'Cyane' 6-max Seat #2 is the button
Seat 1: Calabazaking ($101.50 in chips) 
Seat 2: Manifestorr ($137.47 in chips) 
Seat 3: AlexEliseev7 ($110.98 in chips) 
Seat 4: anthoslr ($145.18 in chips) 
Seat 5: EasyGamerrr ($163.67 in chips) 
Seat 6: CEPTT ($120.85 in chips) 
AlexEliseev7: posts small blind $0.50
anthoslr: posts big blind $1
*** HOLE CARDS ***
EasyGamerrr: folds 
CEPTT: folds 
Calabazaking: folds 
Manifestorr: raises $1.20 to $2.20
AlexEliseev7: folds 
anthoslr: calls $1.20
*** FLOP *** [5h 8c 5s]
anthoslr: checks 
Manifestorr: bets $3.50
anthoslr: folds 
Uncalled bet ($3.50) returned to Manifestorr
Manifestorr collected $4.66 from pot
*** SUMMARY ***
Total pot $4.90 | Rake $0.24 
Board [5h 8c 5s]
Seat 1: Calabazaking folded before Flop (didn't bet)
Seat 2: Manifestorr (button) collected ($4.66)
Seat 3: AlexEliseev7 (small blind) folded before Flop
Seat 4: anthoslr (big blind) folded on the Flop
Seat 5: EasyGamerrr folded before Flop (didn't bet)
Seat 6: CEPTT folded before Flop (didn't bet)



PokerStars Hand #254603013281:  Hold'em No Limit ($0.50/$1.00 USD) - 2025/01/29 5:42:30 WET [2025/01/29 0:42:30 ET]
Table 'Cyane' 6-max Seat #3 is the button
Seat 1: Calabazaking ($101.50 in chips) 
Seat 2: Manifestorr ($139.93 in chips) 
Seat 3: AlexEliseev7 ($110.48 in chips) 
Seat 4: anthoslr ($142.98 in chips) 
Seat 5: EasyGamerrr ($163.67 in chips) 
Seat 6: CEPTT ($120.85 in chips) 
anthoslr: posts small blind $0.50
EasyGamerrr: posts big blind $1
*** HOLE CARDS ***
CEPTT: folds 
Calabazaking: raises $1.50 to $2.50
Manifestorr: folds 
AlexEliseev7: folds 
anthoslr: calls $2
EasyGamerrr: calls $1.50
*** FLOP *** [Kc 6c 9d]
anthoslr: checks 
EasyGamerrr: checks 
Calabazaking: bets $10.68
anthoslr: folds 
EasyGamerrr: folds 
Uncalled bet ($10.68) returned to Calabazaking
Calabazaking collected $7.12 from pot
*** SUMMARY ***
Total pot $7.50 | Rake $0.38 
Board [Kc 6c 9d]
Seat 1: Calabazaking collected ($7.12)
Seat 2: Manifestorr folded before Flop (didn't bet)
Seat 3: AlexEliseev7 (button) folded before Flop (didn't bet)
Seat 4: anthoslr (small blind) folded on the Flop
Seat 5: EasyGamerrr (big blind) folded on the Flop
Seat 6: CEPTT folded before Flop (didn't bet)



PokerStars Hand #254603017713:  Hold'em No Limit ($0.50/$1.00 USD) - 2025/01/29 5:43:24 WET [2025/01/29 0:43:24 ET]
Table 'Cyane' 6-max Seat #4 is the button
Seat 1: Calabazaking ($106.12 in chips) 
Seat 2: Manifestorr ($139.93 in chips) 
Seat 3: AlexEliseev7 ($110.48 in chips) 
Seat 4: anthoslr ($140.48 in chips) 
Seat 5: EasyGamerrr ($161.17 in chips) 
Seat 6: CEPTT ($120.85 in chips) 
EasyGamerrr: posts small blind $0.50
CEPTT: posts big blind $1
*** HOLE CARDS ***
Calabazaking: raises $1.50 to $2.50
Manifestorr: folds 
AlexEliseev7: raises $4.50 to $7
anthoslr: calls $7
EasyGamerrr: folds 
CEPTT: folds 
Calabazaking: calls $4.50
*** FLOP *** [Kh 3d 9c]
Calabazaking: checks 
AlexEliseev7: checks 
anthoslr: bets $20
Calabazaking: folds 
AlexEliseev7: folds 
Uncalled bet ($20) returned to anthoslr
anthoslr collected $21.38 from pot
*** SUMMARY ***
Total pot $22.50 | Rake $1.12 
Board [Kh 3d 9c]
Seat 1: Calabazaking folded on the Flop
Seat 2: Manifestorr folded before Flop (didn't bet)
Seat 3: AlexEliseev7 folded on the Flop
Seat 4: anthoslr (button) collected ($21.38)
Seat 5: EasyGamerrr (small blind) folded before Flop
Seat 6: CEPTT (big blind) folded before Flop



PokerStars Hand #254603022046:  Hold'em No Limit ($0.50/$1.00 USD) - 2025/01/29 5:44:17 WET [2025/01/29 0:44:17 ET]
Table 'Cyane' 6-max Seat #5 is the button
Seat 1: Calabazaking ($100 in chips) 
Seat 2: Manifestorr ($139.93 in chips) 
Seat 3: AlexEliseev7 ($103.48 in chips) 
Seat 4: anthoslr ($154.86 in chips) 
Seat 5: EasyGamerrr ($160.67 in chips) 
Seat 6: CEPTT ($119.85 in chips) 
CEPTT: posts small blind $0.50
Calabazaking: posts big blind $1
*** HOLE CARDS ***
Manifestorr: folds 
Manifestorr leaves the table
AlexEliseev7: folds 
anthoslr: folds 
EasyGamerrr: folds 
CEPTT: folds 
Uncalled bet ($0.50) returned to Calabazaking
Calabazaking collected $1 from pot
*** SUMMARY ***
Total pot $1 | Rake $0 
Seat 1: Calabazaking (big blind) collected ($1)
Seat 2: Manifestorr folded before Flop (didn't bet)
Seat 3: AlexEliseev7 folded before Flop (didn't bet)
Seat 4: anthoslr folded before Flop (didn't bet)
Seat 5: EasyGamerrr (button) folded before Flop (didn't bet)
Seat 6: CEPTT (small blind) folded before Flop



PokerStars Hand #254603023037:  Hold'em No Limit ($0.50/$1.00 USD) - 2025/01/29 5:44:29 WET [2025/01/29 0:44:29 ET]
Table 'Cyane' 6-max Seat #6 is the button
Seat 1: Calabazaking ($100.50 in chips) 
Seat 3: AlexEliseev7 ($103.48 in chips) 
Seat 4: anthoslr ($154.86 in chips) 
Seat 5: EasyGamerrr ($160.67 in chips) 
Seat 6: CEPTT ($119.35 in chips) 
Calabazaking: posts small blind $0.50
AlexEliseev7: posts big blind $1
*** HOLE CARDS ***
anthoslr: folds 
EasyGamerrr: folds 
CEPTT: folds 
Calabazaking: folds 
Uncalled bet ($0.50) returned to AlexEliseev7
AlexEliseev7 collected $1 from pot
AlexEliseev7: doesn't show hand 
*** SUMMARY ***
Total pot $1 | Rake $0 
Seat 1: Calabazaking (small blind) folded before Flop
Seat 3: AlexEliseev7 (big blind) collected ($1)
Seat 4: anthoslr folded before Flop (didn't bet)
Seat 5: EasyGamerrr folded before Flop (didn't bet)
Seat 6: CEPTT (button) folded before Flop (didn't bet)



PokerStars Hand #254603023891:  Hold'em No Limit ($0.50/$1.00 USD) - 2025/01/29 5:44:40 WET [2025/01/29 0:44:40 ET]
Table 'Cyane' 6-max Seat #1 is the button
Seat 1: Calabazaking ($100 in chips) 
Seat 3: AlexEliseev7 ($103.98 in chips) 
Seat 4: anthoslr ($154.86 in chips) 
Seat 5: EasyGamerrr ($160.67 in chips) 
Seat 6: CEPTT ($119.35 in chips) 
AlexEliseev7: posts small blind $0.50
anthoslr: posts big blind $1
*** HOLE CARDS ***
EasyGamerrr: folds 
CEPTT: raises $1.25 to $2.25
Calabazaking: raises $4.25 to $6.50
AlexEliseev7: folds 
anthoslr: folds 
Timonessb joins the table at seat #2 
CEPTT: folds 
Uncalled bet ($4.25) returned to Calabazaking
Calabazaking collected $6 from pot
*** SUMMARY ***
Total pot $6 | Rake $0 
Seat 1: Calabazaking (button) collected ($6)
Seat 3: AlexEliseev7 (small blind) folded before Flop
Seat 4: anthoslr (big blind) folded before Flop
Seat 5: EasyGamerrr folded before Flop (didn't bet)
Seat 6: CEPTT folded before Flop



PokerStars Hand #254603027580:  Hold'em No Limit ($0.50/$1.00 USD) - 2025/01/29 5:45:25 WET [2025/01/29 0:45:25 ET]
Table 'Cyane' 6-max Seat #3 is the button
Seat 2: Timonessb ($100 in chips) is sitting out
Seat 1: Calabazaking ($103.75 in chips) 
Seat 3: AlexEliseev7 ($103.48 in chips) 
Seat 4: anthoslr ($153.86 in chips) 
Seat 5: EasyGamerrr ($160.67 in chips) 
Seat 6: CEPTT ($117.10 in chips) 
anthoslr: posts small blind $0.50
EasyGamerrr: posts big blind $1
Timonessb: sits out 
*** HOLE CARDS ***
CEPTT: raises $1.25 to $2.25
Calabazaking: folds 
AlexEliseev7: folds 
anthoslr: calls $1.75
EasyGamerrr: calls $1.25
*** FLOP *** [2c Th 9d]
anthoslr: checks 
EasyGamerrr: checks 
CEPTT: bets $4.81
anthoslr: folds 
EasyGamerrr: calls $4.81
*** TURN *** [2c Th 9d] [Ah]
EasyGamerrr: checks 
CEPTT: bets $23.33
EasyGamerrr: folds 
Uncalled bet ($23.33) returned to CEPTT
CEPTT collected $15.55 from pot
CEPTT: doesn't show hand 
*** SUMMARY ***
Total pot $16.37 | Rake $0.82 
Board [2c Th 9d Ah]
Seat 2: Timonessb
Seat 1: Calabazaking folded before Flop (didn't bet)
Seat 3: AlexEliseev7 (button) folded before Flop (didn't bet)
Seat 4: anthoslr (small blind) folded on the Flop
Seat 5: EasyGamerrr (big blind) folded on the Turn
Seat 6: CEPTT collected ($15.55)



PokerStars Hand #254603032979:  Hold'em No Limit ($0.50/$1.00 USD) - 2025/01/29 5:46:32 WET [2025/01/29 0:46:32 ET]
Table 'Cyane' 6-max Seat #4 is the button
Seat 2: Timonessb ($100 in chips) is sitting out
Seat 1: Calabazaking ($103.75 in chips) 
Seat 3: AlexEliseev7 ($103.48 in chips) 
Seat 4: anthoslr ($151.61 in chips) 
Seat 5: EasyGamerrr ($153.61 in chips) 
Seat 6: CEPTT ($125.59 in chips) 
EasyGamerrr: posts small blind $0.50
CEPTT: posts big blind $1
Timonessb: sits out 
*** HOLE CARDS ***
Calabazaking: folds 
AlexEliseev7: raises $1.50 to $2.50
anthoslr: folds 
EasyGamerrr: folds 
CEPTT: folds 
Uncalled bet ($1.50) returned to AlexEliseev7
AlexEliseev7 collected $2.50 from pot
AlexEliseev7: doesn't show hand 
*** SUMMARY ***
Total pot $2.50 | Rake $0 
Seat 2: Timonessb
Seat 1: Calabazaking folded before Flop (didn't bet)
Seat 3: AlexEliseev7 collected ($2.50)
Seat 4: anthoslr (button) folded before Flop (didn't bet)
Seat 5: EasyGamerrr (small blind) folded before Flop
Seat 6: CEPTT (big blind) folded before Flop



PokerStars Hand #254603034375:  Hold'em No Limit ($0.50/$1.00 USD) - 2025/01/29 5:46:50 WET [2025/01/29 0:46:50 ET]
Table 'Cyane' 6-max Seat #5 is the button
Seat 2: Timonessb ($100 in chips) is sitting out
Seat 1: Calabazaking ($103.75 in chips) 
Seat 3: AlexEliseev7 ($104.98 in chips) 
Seat 4: anthoslr ($151.61 in chips) 
Seat 5: EasyGamerrr ($153.11 in chips) 
Seat 6: CEPTT ($124.59 in chips) 
CEPTT: posts small blind $0.50
Calabazaking: posts big blind $1
Timonessb: sits out 
*** HOLE CARDS ***
AlexEliseev7: raises $1.50 to $2.50
anthoslr: raises $6.50 to $9
EasyGamerrr: folds 
CEPTT: folds 
Calabazaking: raises $13 to $22
AlexEliseev7: folds 
anthoslr: calls $13
*** FLOP *** [7d 9c 6d]
Calabazaking: checks 
anthoslr: checks 
*** TURN *** [7d 9c 6d] [2h]
Calabazaking: checks 
anthoslr: bets $5
Calabazaking: calls $5
*** RIVER *** [7d 9c 6d 2h] [5h]
Calabazaking: checks 
anthoslr: bets $11
Calabazaking: calls $11
*** SHOW DOWN ***
anthoslr: shows [9d 9h] (three of a kind, Nines)
Calabazaking: mucks hand 
anthoslr collected $76.50 from pot
*** SUMMARY ***
Total pot $79 | Rake $2.50 
Board [7d 9c 6d 2h 5h]
Seat 2: Timonessb
Seat 1: Calabazaking (big blind) mucked
Seat 3: AlexEliseev7 folded before Flop
Seat 4: anthoslr showed [9d 9h] and won ($76.50) with three of a kind, Nines
Seat 5: EasyGamerrr (button) folded before Flop (didn't bet)
Seat 6: CEPTT (small blind) folded before Flop



PokerStars Hand #254603039816:  Hold'em No Limit ($0.50/$1.00 USD) - 2025/01/29 5:47:59 WET [2025/01/29 0:47:59 ET]
Table 'Cyane' 6-max Seat #6 is the button
Seat 1: Calabazaking ($100 in chips) 
Seat 2: Timonessb ($100 in chips) 
Seat 3: AlexEliseev7 ($102.48 in chips) 
Seat 4: anthoslr ($190.11 in chips) 
Seat 5: EasyGamerrr ($153.11 in chips) 
Seat 6: CEPTT ($124.09 in chips) 
Calabazaking: posts small blind $0.50
Timonessb: posts big blind $1
*** HOLE CARDS ***
AlexEliseev7: folds 
anthoslr: folds 
EasyGamerrr: folds 
CEPTT: folds 
Calabazaking: folds 
Uncalled bet ($0.50) returned to Timonessb
Timonessb collected $1 from pot
*** SUMMARY ***
Total pot $1 | Rake $0 
Seat 1: Calabazaking (small blind) folded before Flop
Seat 2: Timonessb (big blind) collected ($1)
Seat 3: AlexEliseev7 folded before Flop (didn't bet)
Seat 4: anthoslr folded before Flop (didn't bet)
Seat 5: EasyGamerrr folded before Flop (didn't bet)
Seat 6: CEPTT (button) folded before Flop (didn't bet)



PokerStars Hand #254603040689:  Hold'em No Limit ($0.50/$1.00 USD) - 2025/01/29 5:48:10 WET [2025/01/29 0:48:10 ET]
Table 'Cyane' 6-max Seat #1 is the button
Seat 1: Calabazaking ($100 in chips) 
Seat 2: Timonessb ($100.50 in chips) 
Seat 3: AlexEliseev7 ($102.48 in chips) 
Seat 4: anthoslr ($190.11 in chips) 
Seat 5: EasyGamerrr ($153.11 in chips) 
Seat 6: CEPTT ($124.09 in chips) 
Timonessb: posts small blind $0.50
AlexEliseev7: posts big blind $1
*** HOLE CARDS ***
anthoslr: raises $2 to $3
EasyGamerrr: folds 
CEPTT: folds 
Calabazaking: folds 
Timonessb: raises $9 to $12
AlexEliseev7: folds 
anthoslr: calls $9
*** FLOP *** [3d Tc 3h]
Timonessb: bets $15.91
anthoslr: folds 
Uncalled bet ($15.91) returned to Timonessb
Timonessb collected $23.75 from pot
*** SUMMARY ***
Total pot $25 | Rake $1.25 
Board [3d Tc 3h]
Seat 1: Calabazaking (button) folded before Flop (didn't bet)
Seat 2: Timonessb (small blind) collected ($23.75)
Seat 3: AlexEliseev7 (big blind) folded before Flop
Seat 4: anthoslr folded on the Flop
Seat 5: EasyGamerrr folded before Flop (didn't bet)
Seat 6: CEPTT folded before Flop (didn't bet)



PokerStars Hand #254603043370:  Hold'em No Limit ($0.50/$1.00 USD) - 2025/01/29 5:48:43 WET [2025/01/29 0:48:43 ET]
Table 'Cyane' 6-max Seat #2 is the button
Seat 1: Calabazaking ($100 in chips) 
Seat 2: Timonessb ($112.25 in chips) 
Seat 3: AlexEliseev7 ($101.48 in chips) 
Seat 4: anthoslr ($178.11 in chips) 
Seat 5: EasyGamerrr ($153.11 in chips) 
Seat 6: CEPTT ($124.09 in chips) 
AlexEliseev7: posts small blind $0.50
anthoslr: posts big blind $1
*** HOLE CARDS ***
EasyGamerrr: folds 
CEPTT: folds 
Calabazaking: folds 
Timonessb: raises $1.50 to $2.50
AlexEliseev7: folds 
anthoslr: calls $1.50
*** FLOP *** [Ah 4c 9s]
anthoslr: checks 
Timonessb: bets $1.72
anthoslr: folds 
Uncalled bet ($1.72) returned to Timonessb
Timonessb collected $5.22 from pot
*** SUMMARY ***
Total pot $5.50 | Rake $0.28 
Board [Ah 4c 9s]
Seat 1: Calabazaking folded before Flop (didn't bet)
Seat 2: Timonessb (button) collected ($5.22)
Seat 3: AlexEliseev7 (small blind) folded before Flop
Seat 4: anthoslr (big blind) folded on the Flop
Seat 5: EasyGamerrr folded before Flop (didn't bet)
Seat 6: CEPTT folded before Flop (didn't bet)



PokerStars Hand #254603045866:  Hold'em No Limit ($0.50/$1.00 USD) - 2025/01/29 5:49:15 WET [2025/01/29 0:49:15 ET]
Table 'Cyane' 6-max Seat #3 is the button
Seat 1: Calabazaking ($100 in chips) 
Seat 2: Timonessb ($114.97 in chips) 
Seat 3: AlexEliseev7 ($100.98 in chips) 
Seat 4: anthoslr ($175.61 in chips) 
Seat 5: EasyGamerrr ($153.11 in chips) 
Seat 6: CEPTT ($124.09 in chips) 
anthoslr: posts small blind $0.50
EasyGamerrr: posts big blind $1
*** HOLE CARDS ***
CEPTT: folds 
Calabazaking: folds 
Timonessb: folds 
AlexEliseev7: folds 
anthoslr: folds 
Uncalled bet ($0.50) returned to EasyGamerrr
EasyGamerrr collected $1 from pot
EasyGamerrr: doesn't show hand 
*** SUMMARY ***
Total pot $1 | Rake $0 
Seat 1: Calabazaking folded before Flop (didn't bet)
Seat 2: Timonessb folded before Flop (didn't bet)
Seat 3: AlexEliseev7 (button) folded before Flop (didn't bet)
Seat 4: anthoslr (small blind) folded before Flop
Seat 5: EasyGamerrr (big blind) collected ($1)
Seat 6: CEPTT folded before Flop (didn't bet)



PokerStars Hand #254603047310:  Hold'em No Limit ($0.50/$1.00 USD) - 2025/01/29 5:49:33 WET [2025/01/29 0:49:33 ET]
Table 'Cyane' 6-max Seat #4 is the button
Seat 1: Calabazaking ($100 in chips) 
Seat 2: Timonessb ($114.97 in chips) 
Seat 3: AlexEliseev7 ($100.98 in chips) 
Seat 4: anthoslr ($175.11 in chips) 
Seat 5: EasyGamerrr ($153.61 in chips) 
Seat 6: CEPTT ($124.09 in chips) 
EasyGamerrr: posts small blind $0.50
CEPTT: posts big blind $1
*** HOLE CARDS ***
Calabazaking: folds 
Timonessb: folds 
AlexEliseev7: folds 
anthoslr: raises $4 to $5
EasyGamerrr: folds 
CEPTT: folds 
Uncalled bet ($4) returned to anthoslr
anthoslr collected $2.50 from pot
*** SUMMARY ***
Total pot $2.50 | Rake $0 
Seat 1: Calabazaking folded before Flop (didn't bet)
Seat 2: Timonessb folded before Flop (didn't bet)
Seat 3: AlexEliseev7 folded before Flop (didn't bet)
Seat 4: anthoslr (button) collected ($2.50)
Seat 5: EasyGamerrr (small blind) folded before Flop
Seat 6: CEPTT (big blind) folded before Flop



PokerStars Hand #254603050002:  Hold'em No Limit ($0.50/$1.00 USD) - 2025/01/29 5:50:07 WET [2025/01/29 0:50:07 ET]
Table 'Cyane' 6-max Seat #5 is the button
Seat 1: Calabazaking ($100 in chips) 
Seat 2: Timonessb ($114.97 in chips) 
Seat 3: AlexEliseev7 ($100.98 in chips) 
Seat 4: anthoslr ($176.61 in chips) 
Seat 5: EasyGamerrr ($153.11 in chips) 
Seat 6: CEPTT ($123.09 in chips) 
CEPTT: posts small blind $0.50
Calabazaking: posts big blind $1
*** HOLE CARDS ***
Timonessb: raises $1.30 to $2.30
AlexEliseev7: folds 
anthoslr: folds 
EasyGamerrr: folds 
CEPTT: folds 
Calabazaking: folds 
Uncalled bet ($1.30) returned to Timonessb
Timonessb collected $2.50 from pot
*** SUMMARY ***
Total pot $2.50 | Rake $0 
Seat 1: Calabazaking (big blind) folded before Flop
Seat 2: Timonessb collected ($2.50)
Seat 3: AlexEliseev7 folded before Flop (didn't bet)
Seat 4: anthoslr folded before Flop (didn't bet)
Seat 5: EasyGamerrr (button) folded before Flop (didn't bet)
Seat 6: CEPTT (small blind) folded before Flop



PokerStars Hand #254603050999:  Hold'em No Limit ($0.50/$1.00 USD) - 2025/01/29 5:50:20 WET [2025/01/29 0:50:20 ET]
Table 'Cyane' 6-max Seat #6 is the button
Seat 1: Calabazaking ($100 in chips) 
Seat 2: Timonessb ($116.47 in chips) 
Seat 3: AlexEliseev7 ($100.98 in chips) 
Seat 4: anthoslr ($176.61 in chips) 
Seat 5: EasyGamerrr ($153.11 in chips) 
Seat 6: CEPTT ($122.59 in chips) 
Calabazaking: posts small blind $0.50
Timonessb: posts big blind $1
*** HOLE CARDS ***
AlexEliseev7: folds 
anthoslr: raises $2 to $3
EasyGamerrr: folds 
CEPTT: folds 
Calabazaking: raises $9 to $12
Timonessb: folds 
anthoslr: calls $9
*** FLOP *** [8s 9h 7c]
Calabazaking: checks 
anthoslr: bets $9
Calabazaking: folds 
Uncalled bet ($9) returned to anthoslr
anthoslr collected $23.75 from pot
*** SUMMARY ***
Total pot $25 | Rake $1.25 
Board [8s 9h 7c]
Seat 1: Calabazaking (small blind) folded on the Flop
Seat 2: Timonessb (big blind) folded before Flop
Seat 3: AlexEliseev7 folded before Flop (didn't bet)
Seat 4: anthoslr collected ($23.75)
Seat 5: EasyGamerrr folded before Flop (didn't bet)
Seat 6: CEPTT (button) folded before Flop (didn't bet)



PokerStars Hand #254603053857:  Hold'em No Limit ($0.50/$1.00 USD) - 2025/01/29 5:50:57 WET [2025/01/29 0:50:57 ET]
Table 'Cyane' 6-max Seat #1 is the button
Seat 1: Calabazaking ($100 in chips) 
Seat 2: Timonessb ($115.47 in chips) 
Seat 3: AlexEliseev7 ($100.98 in chips) 
Seat 4: anthoslr ($188.36 in chips) 
Seat 5: EasyGamerrr ($153.11 in chips) 
Seat 6: CEPTT ($122.59 in chips) 
Timonessb: posts small blind $0.50
AlexEliseev7: posts big blind $1
*** HOLE CARDS ***
anthoslr: raises $2 to $3
EasyGamerrr: folds 
CEPTT: folds 
Calabazaking: folds 
Timonessb: folds 
AlexEliseev7: folds 
Uncalled bet ($2) returned to anthoslr
anthoslr collected $2.50 from pot
*** SUMMARY ***
Total pot $2.50 | Rake $0 
Seat 1: Calabazaking (button) folded before Flop (didn't bet)
Seat 2: Timonessb (small blind) folded before Flop
Seat 3: AlexEliseev7 (big blind) folded before Flop
Seat 4: anthoslr collected ($2.50)
Seat 5: EasyGamerrr folded before Flop (didn't bet)
Seat 6: CEPTT folded before Flop (didn't bet)



PokerStars Hand #254603055367:  Hold'em No Limit ($0.50/$1.00 USD) - 2025/01/29 5:51:16 WET [2025/01/29 0:51:16 ET]
Table 'Cyane' 6-max Seat #2 is the button
Seat 1: Calabazaking ($100 in chips) 
Seat 2: Timonessb ($114.97 in chips) 
Seat 3: AlexEliseev7 ($100 in chips) 
Seat 4: anthoslr ($189.86 in chips) 
Seat 5: EasyGamerrr ($153.11 in chips) 
Seat 6: CEPTT ($122.59 in chips) 
AlexEliseev7: posts small blind $0.50
anthoslr: posts big blind $1
*** HOLE CARDS ***
EasyGamerrr: folds 
CEPTT: folds 
Calabazaking: folds 
Timonessb: raises $1.50 to $2.50
AlexEliseev7: folds 
anthoslr: raises $4.50 to $7
Timonessb: calls $4.50
*** FLOP *** [6d Qs 8d]
anthoslr: checks 
Timonessb: checks 
*** TURN *** [6d Qs 8d] [6h]
anthoslr: bets $8
Timonessb: calls $8
*** RIVER *** [6d Qs 8d 6h] [Ac]
anthoslr: bets $13
Timonessb: folds 
Uncalled bet ($13) returned to anthoslr
anthoslr collected $28.98 from pot
*** SUMMARY ***
Total pot $30.50 | Rake $1.52 
Board [6d Qs 8d 6h Ac]
Seat 1: Calabazaking folded before Flop (didn't bet)
Seat 2: Timonessb (button) folded on the River
Seat 3: AlexEliseev7 (small blind) folded before Flop
Seat 4: anthoslr (big blind) collected ($28.98)
Seat 5: EasyGamerrr folded before Flop (didn't bet)
Seat 6: CEPTT folded before Flop (didn't bet)



PokerStars Hand #254603060455:  Hold'em No Limit ($0.50/$1.00 USD) - 2025/01/29 5:52:20 WET [2025/01/29 0:52:20 ET]
Table 'Cyane' 6-max Seat #3 is the button
Seat 1: Calabazaking ($100 in chips) 
Seat 2: Timonessb ($100 in chips) 
Seat 3: AlexEliseev7 ($100 in chips) 
Seat 4: anthoslr ($203.84 in chips) 
Seat 5: EasyGamerrr ($153.11 in chips) 
Seat 6: CEPTT ($122.59 in chips) 
anthoslr: posts small blind $0.50
EasyGamerrr: posts big blind $1
*** HOLE CARDS ***
CEPTT: folds 
Calabazaking: raises $1.50 to $2.50
Timonessb: folds 
AlexEliseev7: folds 
anthoslr: calls $2
EasyGamerrr: folds 
*** FLOP *** [4d 3d Qd]
anthoslr: checks 
Calabazaking: checks 
*** TURN *** [4d 3d Qd] [3s]
anthoslr: checks 
Calabazaking: checks 
*** RIVER *** [4d 3d Qd 3s] [Ac]
anthoslr: bets $5
Calabazaking: calls $5
*** SHOW DOWN ***
anthoslr: shows [9h Kc] (a pair of Threes)
Calabazaking: shows [Ks Js] (a pair of Threes)
anthoslr collected $7.60 from pot
Calabazaking collected $7.60 from pot
*** SUMMARY ***
Total pot $16 | Rake $0.80 
Board [4d 3d Qd 3s Ac]
Seat 1: Calabazaking showed [Ks Js] and won ($7.60) with a pair of Threes
Seat 2: Timonessb folded before Flop (didn't bet)
Seat 3: AlexEliseev7 (button) folded before Flop (didn't bet)
Seat 4: anthoslr (small blind) showed [9h Kc] and won ($7.60) with a pair of Threes
Seat 5: EasyGamerrr (big blind) folded before Flop
Seat 6: CEPTT folded before Flop (didn't bet)



PokerStars Hand #254603064217:  Hold'em No Limit ($0.50/$1.00 USD) - 2025/01/29 5:53:08 WET [2025/01/29 0:53:08 ET]
Table 'Cyane' 6-max Seat #4 is the button
Seat 6: CEPTT ($122.59 in chips) is sitting out
Seat 1: Calabazaking ($100.10 in chips) 
Seat 2: Timonessb ($100 in chips) 
Seat 3: AlexEliseev7 ($100 in chips) 
Seat 4: anthoslr ($203.94 in chips) 
Seat 5: EasyGamerrr ($152.11 in chips) 
EasyGamerrr: posts small blind $0.50
CEPTT: is sitting out 
Calabazaking: posts big blind $1
*** HOLE CARDS ***
Timonessb: folds 
CEPTT leaves the table
AlexEliseev7: folds 
anthoslr: folds 
EasyGamerrr: folds 
Uncalled bet ($0.50) returned to Calabazaking
Calabazaking collected $1 from pot
Pon4uk.ua joins the table at seat #6 
*** SUMMARY ***
Total pot $1 | Rake $0 
Seat 6: CEPTT
Seat 1: Calabazaking (big blind) collected ($1)
Seat 2: Timonessb folded before Flop (didn't bet)
Seat 3: AlexEliseev7 folded before Flop (didn't bet)
Seat 4: anthoslr (button) folded before Flop (didn't bet)
Seat 5: EasyGamerrr (small blind) folded before Flop



PokerStars Hand #254603065073:  Hold'em No Limit ($0.50/$1.00 USD) - 2025/01/29 5:53:19 WET [2025/01/29 0:53:19 ET]
Table 'Cyane' 6-max Seat #5 is the button
Seat 6: Pon4uk.ua ($100 in chips) is sitting out
Seat 1: Calabazaking ($100.60 in chips) 
Seat 2: Timonessb ($100 in chips) 
Seat 3: AlexEliseev7 ($100 in chips) 
Seat 4: anthoslr ($203.94 in chips) 
Seat 5: EasyGamerrr ($151.61 in chips) 
Calabazaking: posts small blind $0.50
Timonessb: posts big blind $1
*** HOLE CARDS ***
AlexEliseev7: folds 
anthoslr: raises $2 to $3
EasyGamerrr: raises $6 to $9
Calabazaking: folds 
Timonessb: raises $14 to $23
anthoslr: folds 
EasyGamerrr: calls $14
*** FLOP *** [Ks 3c 8s]
Timonessb: bets $6.58
EasyGamerrr: folds 
Uncalled bet ($6.58) returned to Timonessb
Timonessb collected $47.02 from pot
*** SUMMARY ***
Total pot $49.50 | Rake $2.48 
Board [Ks 3c 8s]
Seat 6: Pon4uk.ua
Seat 1: Calabazaking (small blind) folded before Flop
Seat 2: Timonessb (big blind) collected ($47.02)
Seat 3: AlexEliseev7 folded before Flop (didn't bet)
Seat 4: anthoslr folded before Flop
Seat 5: EasyGamerrr (button) folded on the Flop



PokerStars Hand #254603069493:  Hold'em No Limit ($0.50/$1.00 USD) - 2025/01/29 5:54:17 WET [2025/01/29 0:54:17 ET]
Table 'Cyane' 6-max Seat #1 is the button
Seat 6: Pon4uk.ua ($100 in chips) is sitting out
Seat 1: Calabazaking ($100.10 in chips) 
Seat 2: Timonessb ($124.02 in chips) 
Seat 3: AlexEliseev7 ($100 in chips) 
Seat 4: anthoslr ($200.94 in chips) 
Seat 5: EasyGamerrr ($128.61 in chips) 
Timonessb: posts small blind $0.50
AlexEliseev7: posts big blind $1
Pon4uk.ua: sits out 
*** HOLE CARDS ***
anthoslr: folds 
EasyGamerrr: folds 
anthoslr leaves the table
Calabazaking: raises $1.50 to $2.50
Timonessb: folds 
AlexEliseev7: folds 
Uncalled bet ($1.50) returned to Calabazaking
Calabazaking collected $2.50 from pot
*** SUMMARY ***
Total pot $2.50 | Rake $0 
Seat 6: Pon4uk.ua
Seat 1: Calabazaking (button) collected ($2.50)
Seat 2: Timonessb (small blind) folded before Flop
Seat 3: AlexEliseev7 (big blind) folded before Flop
Seat 4: anthoslr folded before Flop (didn't bet)
Seat 5: EasyGamerrr folded before Flop (didn't bet)



PokerStars Hand #254603070838:  Hold'em No Limit ($0.50/$1.00 USD) - 2025/01/29 5:54:34 WET [2025/01/29 0:54:34 ET]
Table 'Cyane' 6-max Seat #2 is the button
Seat 5: EasyGamerrr ($128.61 in chips) is sitting out
Seat 1: Calabazaking ($101.60 in chips) 
Seat 2: Timonessb ($123.52 in chips) 
Seat 3: AlexEliseev7 ($100 in chips) 
Seat 6: Pon4uk.ua ($100 in chips) 
AlexEliseev7: posts small blind $0.50
Pon4uk.ua: posts big blind $1
*** HOLE CARDS ***
EasyGamerrr leaves the table
Calabazaking: folds 
Timonessb: folds 
AlexEliseev7: raises $2 to $3
Pon4uk.ua: calls $2
*** FLOP *** [4h 6c Jd]
AlexEliseev7: checks 
Pon4uk.ua: checks 
*** TURN *** [4h 6c Jd] [9c]
AlexEliseev7: checks 
Pon4uk.ua is connected 
Pon4uk.ua: checks 
*** RIVER *** [4h 6c Jd 9c] [9h]
AlexEliseev7: checks 
Pon4uk.ua: checks 
*** SHOW DOWN ***
AlexEliseev7: shows [7c Ah] (a pair of Nines)
Pon4uk.ua: mucks hand 
AlexEliseev7 collected $5.70 from pot
*** SUMMARY ***
Total pot $6 | Rake $0.30 
Board [4h 6c Jd 9c 9h]
Seat 5: EasyGamerrr
Seat 1: Calabazaking folded before Flop (didn't bet)
Seat 2: Timonessb (button) folded before Flop (didn't bet)
Seat 3: AlexEliseev7 (small blind) showed [7c Ah] and won ($5.70) with a pair of Nines
Seat 6: Pon4uk.ua (big blind) mucked



PokerStars Hand #254603075510:  Hold'em No Limit ($0.50/$1.00 USD) - 2025/01/29 5:55:40 WET [2025/01/29 0:55:40 ET]
Table 'Cyane' 6-max Seat #3 is the button
Seat 1: Calabazaking ($101.60 in chips) 
Seat 2: Timonessb ($123.52 in chips) 
Seat 3: AlexEliseev7 ($102.70 in chips) 
Seat 6: Pon4uk.ua ($100 in chips) 
Pon4uk.ua: posts small blind $0.50
Calabazaking: posts big blind $1
*** HOLE CARDS ***
Timonessb: folds 
AlexEliseev7: raises $1.50 to $2.50
Pon4uk.ua: raises $8.50 to $11
Calabazaking: folds 
AlexEliseev7: folds 
Uncalled bet ($8.50) returned to Pon4uk.ua
Pon4uk.ua collected $6 from pot
Pon4uk.ua: doesn't show hand 
*** SUMMARY ***
Total pot $6 | Rake $0 
Seat 1: Calabazaking (big blind) folded before Flop
Seat 2: Timonessb folded before Flop (didn't bet)
Seat 3: AlexEliseev7 (button) folded before Flop
Seat 6: Pon4uk.ua (small blind) collected ($6)



PokerStars Hand #254603076577:  Hold'em No Limit ($0.50/$1.00 USD) - 2025/01/29 5:55:56 WET [2025/01/29 0:55:56 ET]
Table 'Cyane' 6-max Seat #1 is the button
Seat 2: Timonessb ($123.52 in chips) is sitting out
Seat 3: AlexEliseev7 ($100.20 in chips) is sitting out
Seat 1: Calabazaking ($100.60 in chips) 
Seat 6: Pon4uk.ua ($103.50 in chips) 
Calabazaking: posts small blind $0.50
Timonessb: is sitting out 
AlexEliseev7: is sitting out 
Pon4uk.ua: posts big blind $1
*** HOLE CARDS ***
Timonessb leaves the table
Calabazaking: raises $1.50 to $2.50
AlexEliseev7 leaves the table
Pon4uk.ua: calls $1.50
*** FLOP *** [8d 4h Td]
Pon4uk.ua: checks 
Calabazaking: checks 
*** TURN *** [8d 4h Td] [Qs]
Pon4uk.ua: checks 
Calabazaking: checks 
*** RIVER *** [8d 4h Td Qs] [7d]
Pon4uk.ua: bets $1.57
Calabazaking: folds 
Uncalled bet ($1.57) returned to Pon4uk.ua
Pon4uk.ua collected $4.75 from pot
Pon4uk.ua: doesn't show hand 
Calabazaking leaves the table
*** SUMMARY ***
Total pot $5 | Rake $0.25 
Board [8d 4h Td Qs 7d]
Seat 2: Timonessb
Seat 3: AlexEliseev7
Seat 1: Calabazaking (button) (small blind) folded on the River
Seat 6: Pon4uk.ua (big blind) collected ($4.75)



PokerStars Hand #254602797605:  Hold'em No Limit ($0.50/$1.00 USD) - 2025/01/29 4:59:57 WET [2025/01/28 23:59:57 ET]
Table 'Cyane' 6-max Seat #2 is the button
Seat 1: EasyGamerrr ($128.48 in chips) 
Seat 2: 7bekon7 ($100 in chips) 
Seat 3: steelNike ($97.50 in chips) 
Seat 4: uuzka ($124.25 in chips) 
Seat 5: garrettmoose ($106.84 in chips) 
Seat 6: CEPTT ($100 in chips) 
steelNike: posts small blind $0.50
uuzka: posts big blind $1
*** HOLE CARDS ***
garrettmoose: folds 
CEPTT: folds 
EasyGamerrr: folds 
7bekon7: raises $1.25 to $2.25
steelNike: folds 
uuzka: raises $10.15 to $12.40
7bekon7: folds 
Uncalled bet ($10.15) returned to uuzka
uuzka collected $5 from pot
uuzka: doesn't show hand 
*** SUMMARY ***
Total pot $5 | Rake $0 
Seat 1: EasyGamerrr folded before Flop (didn't bet)
Seat 2: 7bekon7 (button) folded before Flop
Seat 3: steelNike (small blind) folded before Flop
Seat 4: uuzka (big blind) collected ($5)
Seat 5: garrettmoose folded before Flop (didn't bet)
Seat 6: CEPTT folded before Flop (didn't bet)



PokerStars Hand #254602800245:  Hold'em No Limit ($0.50/$1.00 USD) - 2025/01/29 5:00:31 WET [2025/01/29 0:00:31 ET]
Table 'Cyane' 6-max Seat #3 is the button
Seat 1: EasyGamerrr ($128.48 in chips) 
Seat 2: 7bekon7 ($100 in chips) 
Seat 3: steelNike ($100 in chips) 
Seat 4: uuzka ($127 in chips) 
Seat 5: garrettmoose ($106.84 in chips) 
Seat 6: CEPTT ($100 in chips) 
uuzka: posts small blind $0.50
garrettmoose: posts big blind $1
*** HOLE CARDS ***
CEPTT: raises $1.25 to $2.25
EasyGamerrr: folds 
7bekon7: folds 
steelNike: calls $2.25
uuzka: folds 
garrettmoose: calls $1.25
*** FLOP *** [9c Kc 6h]
garrettmoose: checks 
CEPTT: bets $2.07
steelNike: raises $7.39 to $9.46
garrettmoose: folds 
CEPTT: folds 
Uncalled bet ($7.39) returned to steelNike
steelNike collected $10.82 from pot
*** SUMMARY ***
Total pot $11.39 | Rake $0.57 
Board [9c Kc 6h]
Seat 1: EasyGamerrr folded before Flop (didn't bet)
Seat 2: 7bekon7 folded before Flop (didn't bet)
Seat 3: steelNike (button) collected ($10.82)
Seat 4: uuzka (small blind) folded before Flop
Seat 5: garrettmoose (big blind) folded on the Flop
Seat 6: CEPTT folded on the Flop



PokerStars Hand #254602805019:  Hold'em No Limit ($0.50/$1.00 USD) - 2025/01/29 5:01:29 WET [2025/01/29 0:01:29 ET]
Table 'Cyane' 6-max Seat #4 is the button
Seat 1: EasyGamerrr ($128.48 in chips) 
Seat 2: 7bekon7 ($100 in chips) 
Seat 3: steelNike ($106.50 in chips) 
Seat 4: uuzka ($126.50 in chips) 
Seat 5: garrettmoose ($104.59 in chips) 
Seat 6: CEPTT ($100 in chips) 
garrettmoose: posts small blind $0.50
CEPTT: posts big blind $1
*** HOLE CARDS ***
EasyGamerrr: folds 
7bekon7: folds 
steelNike: folds 
uuzka: folds 
garrettmoose: calls $0.50
CEPTT: raises $2.50 to $3.50
garrettmoose: calls $2.50
*** FLOP *** [2s Ah 7s]
garrettmoose: checks 
CEPTT: bets $2
garrettmoose: folds 
Uncalled bet ($2) returned to CEPTT
CEPTT collected $6.65 from pot
CEPTT: doesn't show hand 
*** SUMMARY ***
Total pot $7 | Rake $0.35 
Board [2s Ah 7s]
Seat 1: EasyGamerrr folded before Flop (didn't bet)
Seat 2: 7bekon7 folded before Flop (didn't bet)
Seat 3: steelNike folded before Flop (didn't bet)
Seat 4: uuzka (button) folded before Flop (didn't bet)
Seat 5: garrettmoose (small blind) folded on the Flop
Seat 6: CEPTT (big blind) collected ($6.65)



PokerStars Hand #254602807351:  Hold'em No Limit ($0.50/$1.00 USD) - 2025/01/29 5:01:57 WET [2025/01/29 0:01:57 ET]
Table 'Cyane' 6-max Seat #5 is the button
Seat 1: EasyGamerrr ($128.48 in chips) 
Seat 2: 7bekon7 ($100 in chips) 
Seat 3: steelNike ($106.50 in chips) 
Seat 4: uuzka ($126.50 in chips) 
Seat 5: garrettmoose ($101.09 in chips) 
Seat 6: CEPTT ($103.15 in chips) 
CEPTT: posts small blind $0.50
EasyGamerrr: posts big blind $1
*** HOLE CARDS ***
7bekon7: folds 
steelNike: folds 
uuzka: raises $1.50 to $2.50
garrettmoose: raises $1.50 to $4
CEPTT: folds 
EasyGamerrr: folds 
uuzka: calls $1.50
*** FLOP *** [Jd 6d Ac]
uuzka: checks 
garrettmoose: bets $10
uuzka: folds 
Uncalled bet ($10) returned to garrettmoose
garrettmoose collected $9.02 from pot
*** SUMMARY ***
Total pot $9.50 | Rake $0.48 
Board [Jd 6d Ac]
Seat 1: EasyGamerrr (big blind) folded before Flop
Seat 2: 7bekon7 folded before Flop (didn't bet)
Seat 3: steelNike folded before Flop (didn't bet)
Seat 4: uuzka folded on the Flop
Seat 5: garrettmoose (button) collected ($9.02)
Seat 6: CEPTT (small blind) folded before Flop



PokerStars Hand #254602810281:  Hold'em No Limit ($0.50/$1.00 USD) - 2025/01/29 5:02:33 WET [2025/01/29 0:02:33 ET]
Table 'Cyane' 6-max Seat #6 is the button
Seat 1: EasyGamerrr ($127.48 in chips) 
Seat 2: 7bekon7 ($100 in chips) 
Seat 3: steelNike ($106.50 in chips) 
Seat 4: uuzka ($122.50 in chips) 
Seat 5: garrettmoose ($106.11 in chips) 
Seat 6: CEPTT ($102.65 in chips) 
EasyGamerrr: posts small blind $0.50
7bekon7: posts big blind $1
*** HOLE CARDS ***
steelNike: folds 
uuzka: folds 
garrettmoose: calls $1
CEPTT: raises $4 to $5
EasyGamerrr: folds 
7bekon7: folds 
garrettmoose: calls $4
*** FLOP *** [Ac Jd Jc]
garrettmoose: bets $12
CEPTT: folds 
Uncalled bet ($12) returned to garrettmoose
garrettmoose collected $10.92 from pot
*** SUMMARY ***
Total pot $11.50 | Rake $0.58 
Board [Ac Jd Jc]
Seat 1: EasyGamerrr (small blind) folded before Flop
Seat 2: 7bekon7 (big blind) folded before Flop
Seat 3: steelNike folded before Flop (didn't bet)
Seat 4: uuzka folded before Flop (didn't bet)
Seat 5: garrettmoose collected ($10.92)
Seat 6: CEPTT (button) folded on the Flop



PokerStars Hand #254602812925:  Hold'em No Limit ($0.50/$1.00 USD) - 2025/01/29 5:03:04 WET [2025/01/29 0:03:04 ET]
Table 'Cyane' 6-max Seat #1 is the button
Seat 1: EasyGamerrr ($126.98 in chips) 
Seat 2: 7bekon7 ($100 in chips) 
Seat 3: steelNike ($106.50 in chips) 
Seat 4: uuzka ($122.50 in chips) 
Seat 5: garrettmoose ($112.03 in chips) 
Seat 6: CEPTT ($100 in chips) 
7bekon7: posts small blind $0.50
steelNike: posts big blind $1
*** HOLE CARDS ***
uuzka: folds 
garrettmoose: folds 
CEPTT: folds 
EasyGamerrr: folds 
7bekon7: folds 
Uncalled bet ($0.50) returned to steelNike
steelNike collected $1 from pot
*** SUMMARY ***
Total pot $1 | Rake $0 
Seat 1: EasyGamerrr (button) folded before Flop (didn't bet)
Seat 2: 7bekon7 (small blind) folded before Flop
Seat 3: steelNike (big blind) collected ($1)
Seat 4: uuzka folded before Flop (didn't bet)
Seat 5: garrettmoose folded before Flop (didn't bet)
Seat 6: CEPTT folded before Flop (didn't bet)



PokerStars Hand #254602814347:  Hold'em No Limit ($0.50/$1.00 USD) - 2025/01/29 5:03:21 WET [2025/01/29 0:03:21 ET]
Table 'Cyane' 6-max Seat #2 is the button
Seat 1: EasyGamerrr ($126.98 in chips) 
Seat 2: 7bekon7 ($100 in chips) 
Seat 3: steelNike ($107 in chips) 
Seat 4: uuzka ($122.50 in chips) 
Seat 5: garrettmoose ($112.03 in chips) 
Seat 6: CEPTT ($100 in chips) 
steelNike: posts small blind $0.50
uuzka: posts big blind $1
*** HOLE CARDS ***
garrettmoose: calls $1
CEPTT: folds 
EasyGamerrr: folds 
7bekon7: raises $4 to $5
steelNike: folds 
uuzka: folds 
garrettmoose: calls $4
*** FLOP *** [2h 5h 6h]
garrettmoose: bets $107.03 and is all-in
7bekon7: folds 
Uncalled bet ($107.03) returned to garrettmoose
garrettmoose collected $10.92 from pot
*** SUMMARY ***
Total pot $11.50 | Rake $0.58 
Board [2h 5h 6h]
Seat 1: EasyGamerrr folded before Flop (didn't bet)
Seat 2: 7bekon7 (button) folded on the Flop
Seat 3: steelNike (small blind) folded before Flop
Seat 4: uuzka (big blind) folded before Flop
Seat 5: garrettmoose collected ($10.92)
Seat 6: CEPTT folded before Flop (didn't bet)



PokerStars Hand #254602817309:  Hold'em No Limit ($0.50/$1.00 USD) - 2025/01/29 5:03:56 WET [2025/01/29 0:03:56 ET]
Table 'Cyane' 6-max Seat #3 is the button
Seat 1: EasyGamerrr ($126.98 in chips) 
Seat 2: 7bekon7 ($100 in chips) 
Seat 3: steelNike ($106.50 in chips) 
Seat 4: uuzka ($121.50 in chips) 
Seat 5: garrettmoose ($117.95 in chips) 
Seat 6: CEPTT ($100 in chips) 
uuzka: posts small blind $0.50
garrettmoose: posts big blind $1
*** HOLE CARDS ***
CEPTT: folds 
EasyGamerrr: folds 
7bekon7: raises $3 to $4
steelNike: folds 
uuzka: folds 
garrettmoose: calls $3
*** FLOP *** [9h Js 4h]
garrettmoose: bets $6
7bekon7: raises $10.04 to $16.04
garrettmoose: calls $10.04
*** TURN *** [9h Js 4h] [Ks]
garrettmoose: checks 
7bekon7: bets $24.09
garrettmoose: folds 
Uncalled bet ($24.09) returned to 7bekon7
7bekon7 collected $38.55 from pot
7bekon7: doesn't show hand 
*** SUMMARY ***
Total pot $40.58 | Rake $2.03 
Board [9h Js 4h Ks]
Seat 1: EasyGamerrr folded before Flop (didn't bet)
Seat 2: 7bekon7 collected ($38.55)
Seat 3: steelNike (button) folded before Flop (didn't bet)
Seat 4: uuzka (small blind) folded before Flop
Seat 5: garrettmoose (big blind) folded on the Turn
Seat 6: CEPTT folded before Flop (didn't bet)



PokerStars Hand #254602823117:  Hold'em No Limit ($0.50/$1.00 USD) - 2025/01/29 5:05:05 WET [2025/01/29 0:05:05 ET]
Table 'Cyane' 6-max Seat #4 is the button
Seat 1: EasyGamerrr ($126.98 in chips) 
Seat 2: 7bekon7 ($118.51 in chips) 
Seat 3: steelNike ($106.50 in chips) 
Seat 4: uuzka ($121 in chips) 
Seat 5: garrettmoose ($97.91 in chips) 
Seat 6: CEPTT ($100 in chips) 
garrettmoose: posts small blind $0.50
CEPTT: posts big blind $1
*** HOLE CARDS ***
EasyGamerrr: folds 
7bekon7: folds 
steelNike: folds 
uuzka: folds 
garrettmoose: folds 
Uncalled bet ($0.50) returned to CEPTT
CEPTT collected $1 from pot
CEPTT: doesn't show hand 
*** SUMMARY ***
Total pot $1 | Rake $0 
Seat 1: EasyGamerrr folded before Flop (didn't bet)
Seat 2: 7bekon7 folded before Flop (didn't bet)
Seat 3: steelNike folded before Flop (didn't bet)
Seat 4: uuzka (button) folded before Flop (didn't bet)
Seat 5: garrettmoose (small blind) folded before Flop
Seat 6: CEPTT (big blind) collected ($1)



PokerStars Hand #254602824303:  Hold'em No Limit ($0.50/$1.00 USD) - 2025/01/29 5:05:20 WET [2025/01/29 0:05:20 ET]
Table 'Cyane' 6-max Seat #5 is the button
Seat 1: EasyGamerrr ($126.98 in chips) 
Seat 2: 7bekon7 ($118.51 in chips) 
Seat 3: steelNike ($106.50 in chips) 
Seat 4: uuzka ($121 in chips) 
Seat 5: garrettmoose ($97.41 in chips) 
Seat 6: CEPTT ($100.50 in chips) 
CEPTT: posts small blind $0.50
EasyGamerrr: posts big blind $1
*** HOLE CARDS ***
7bekon7: raises $1.50 to $2.50
steelNike: folds 
uuzka: folds 
garrettmoose: folds 
CEPTT: folds 
EasyGamerrr: calls $1.50
*** FLOP *** [Tc Ks Kc]
EasyGamerrr: checks 
7bekon7: checks 
*** TURN *** [Tc Ks Kc] [3h]
EasyGamerrr: bets $3.92
7bekon7: folds 
Uncalled bet ($3.92) returned to EasyGamerrr
EasyGamerrr collected $5.22 from pot
EasyGamerrr: doesn't show hand 
*** SUMMARY ***
Total pot $5.50 | Rake $0.28 
Board [Tc Ks Kc 3h]
Seat 1: EasyGamerrr (big blind) collected ($5.22)
Seat 2: 7bekon7 folded on the Turn
Seat 3: steelNike folded before Flop (didn't bet)
Seat 4: uuzka folded before Flop (didn't bet)
Seat 5: garrettmoose (button) folded before Flop (didn't bet)
Seat 6: CEPTT (small blind) folded before Flop



PokerStars Hand #254602827521:  Hold'em No Limit ($0.50/$1.00 USD) - 2025/01/29 5:05:58 WET [2025/01/29 0:05:58 ET]
Table 'Cyane' 6-max Seat #6 is the button
Seat 1: EasyGamerrr ($129.70 in chips) 
Seat 2: 7bekon7 ($116.01 in chips) 
Seat 3: steelNike ($106.50 in chips) 
Seat 4: uuzka ($121 in chips) 
Seat 5: garrettmoose ($97.41 in chips) 
Seat 6: CEPTT ($100 in chips) 
EasyGamerrr: posts small blind $0.50
7bekon7: posts big blind $1
*** HOLE CARDS ***
steelNike: folds 
uuzka: folds 
garrettmoose: folds 
CEPTT: folds 
EasyGamerrr: raises $2 to $3
7bekon7: calls $2
*** FLOP *** [9h Ks 6c]
EasyGamerrr: bets $1.88
7bekon7: calls $1.88
*** TURN *** [9h Ks 6c] [2s]
EasyGamerrr: bets $6.95
7bekon7: calls $6.95
*** RIVER *** [9h Ks 6c 2s] [Qh]
EasyGamerrr: bets $16.86
7bekon7: calls $16.86
*** SHOW DOWN ***
EasyGamerrr: shows [Ad Kd] (a pair of Kings)
7bekon7: mucks hand 
EasyGamerrr collected $54.88 from pot
*** SUMMARY ***
Total pot $57.38 | Rake $2.50 
Board [9h Ks 6c 2s Qh]
Seat 1: EasyGamerrr (small blind) showed [Ad Kd] and won ($54.88) with a pair of Kings
Seat 2: 7bekon7 (big blind) mucked
Seat 3: steelNike folded before Flop (didn't bet)
Seat 4: uuzka folded before Flop (didn't bet)
Seat 5: garrettmoose folded before Flop (didn't bet)
Seat 6: CEPTT (button) folded before Flop (didn't bet)



PokerStars Hand #254602835147:  Hold'em No Limit ($0.50/$1.00 USD) - 2025/01/29 5:07:29 WET [2025/01/29 0:07:29 ET]
Table 'Cyane' 6-max Seat #1 is the button
Seat 1: EasyGamerrr ($155.89 in chips) 
Seat 2: 7bekon7 ($100 in chips) 
Seat 3: steelNike ($106.50 in chips) 
Seat 4: uuzka ($121 in chips) 
Seat 5: garrettmoose ($97.41 in chips) 
Seat 6: CEPTT ($100 in chips) 
7bekon7: posts small blind $0.50
steelNike: posts big blind $1
*** HOLE CARDS ***
uuzka: folds 
garrettmoose: raises $1 to $2
CEPTT: calls $2
EasyGamerrr: folds 
7bekon7: folds 
steelNike: calls $1
*** FLOP *** [5d 8s 2c]
steelNike: checks 
garrettmoose: bets $6
CEPTT: calls $6
steelNike: folds 
*** TURN *** [5d 8s 2c] [6d]
garrettmoose: checks 
CEPTT: bets $17.93
garrettmoose: folds 
Uncalled bet ($17.93) returned to CEPTT
CEPTT collected $17.58 from pot
CEPTT: doesn't show hand 
*** SUMMARY ***
Total pot $18.50 | Rake $0.92 
Board [5d 8s 2c 6d]
Seat 1: EasyGamerrr (button) folded before Flop (didn't bet)
Seat 2: 7bekon7 (small blind) folded before Flop
Seat 3: steelNike (big blind) folded on the Flop
Seat 4: uuzka folded before Flop (didn't bet)
Seat 5: garrettmoose folded on the Turn
Seat 6: CEPTT collected ($17.58)



PokerStars Hand #254602840097:  Hold'em No Limit ($0.50/$1.00 USD) - 2025/01/29 5:08:27 WET [2025/01/29 0:08:27 ET]
Table 'Cyane' 6-max Seat #2 is the button
Seat 1: EasyGamerrr ($155.89 in chips) 
Seat 2: 7bekon7 ($100 in chips) 
Seat 3: steelNike ($104.50 in chips) 
Seat 4: uuzka ($121 in chips) 
Seat 5: garrettmoose ($89.41 in chips) 
Seat 6: CEPTT ($109.58 in chips) 
steelNike: posts small blind $0.50
uuzka: posts big blind $1
*** HOLE CARDS ***
garrettmoose: folds 
CEPTT: raises $1.25 to $2.25
EasyGamerrr: raises $4.75 to $7
7bekon7: folds 
steelNike: folds 
uuzka: folds 
CEPTT: folds 
Uncalled bet ($4.75) returned to EasyGamerrr
EasyGamerrr collected $6 from pot
EasyGamerrr: doesn't show hand 
*** SUMMARY ***
Total pot $6 | Rake $0 
Seat 1: EasyGamerrr collected ($6)
Seat 2: 7bekon7 (button) folded before Flop (didn't bet)
Seat 3: steelNike (small blind) folded before Flop
Seat 4: uuzka (big blind) folded before Flop
Seat 5: garrettmoose folded before Flop (didn't bet)
Seat 6: CEPTT folded before Flop



PokerStars Hand #254602842911:  Hold'em No Limit ($0.50/$1.00 USD) - 2025/01/29 5:09:00 WET [2025/01/29 0:09:00 ET]
Table 'Cyane' 6-max Seat #3 is the button
Seat 1: EasyGamerrr ($159.64 in chips) 
Seat 2: 7bekon7 ($100 in chips) 
Seat 3: steelNike ($104 in chips) 
Seat 4: uuzka ($120 in chips) 
Seat 5: garrettmoose ($89.41 in chips) 
Seat 6: CEPTT ($107.33 in chips) 
uuzka: posts small blind $0.50
garrettmoose: posts big blind $1
*** HOLE CARDS ***
CEPTT: folds 
EasyGamerrr: folds 
7bekon7: folds 
steelNike: folds 
uuzka: folds 
Uncalled bet ($0.50) returned to garrettmoose
garrettmoose collected $1 from pot
*** SUMMARY ***
Total pot $1 | Rake $0 
Seat 1: EasyGamerrr folded before Flop (didn't bet)
Seat 2: 7bekon7 folded before Flop (didn't bet)
Seat 3: steelNike (button) folded before Flop (didn't bet)
Seat 4: uuzka (small blind) folded before Flop
Seat 5: garrettmoose (big blind) collected ($1)
Seat 6: CEPTT folded before Flop (didn't bet)



PokerStars Hand #254602843730:  Hold'em No Limit ($0.50/$1.00 USD) - 2025/01/29 5:09:09 WET [2025/01/29 0:09:09 ET]
Table 'Cyane' 6-max Seat #4 is the button
Seat 1: EasyGamerrr ($159.64 in chips) 
Seat 2: 7bekon7 ($100 in chips) 
Seat 3: steelNike ($104 in chips) 
Seat 4: uuzka ($119.50 in chips) 
Seat 5: garrettmoose ($89.91 in chips) 
Seat 6: CEPTT ($107.33 in chips) 
garrettmoose: posts small blind $0.50
CEPTT: posts big blind $1
*** HOLE CARDS ***
EasyGamerrr: folds 
7bekon7: folds 
steelNike: folds 
uuzka: folds 
garrettmoose: folds 
Uncalled bet ($0.50) returned to CEPTT
CEPTT collected $1 from pot
CEPTT: doesn't show hand 
*** SUMMARY ***
Total pot $1 | Rake $0 
Seat 1: EasyGamerrr folded before Flop (didn't bet)
Seat 2: 7bekon7 folded before Flop (didn't bet)
Seat 3: steelNike folded before Flop (didn't bet)
Seat 4: uuzka (button) folded before Flop (didn't bet)
Seat 5: garrettmoose (small blind) folded before Flop
Seat 6: CEPTT (big blind) collected ($1)



PokerStars Hand #254602844530:  Hold'em No Limit ($0.50/$1.00 USD) - 2025/01/29 5:09:18 WET [2025/01/29 0:09:18 ET]
Table 'Cyane' 6-max Seat #5 is the button
Seat 1: EasyGamerrr ($159.64 in chips) 
Seat 2: 7bekon7 ($100 in chips) 
Seat 3: steelNike ($104 in chips) 
Seat 4: uuzka ($119.50 in chips) 
Seat 5: garrettmoose ($89.41 in chips) 
Seat 6: CEPTT ($107.83 in chips) 
CEPTT: posts small blind $0.50
EasyGamerrr: posts big blind $1
*** HOLE CARDS ***
7bekon7: raises $1.25 to $2.25
steelNike: folds 
uuzka: folds 
garrettmoose: calls $2.25
CEPTT: folds 
EasyGamerrr: folds 
*** FLOP *** [9h Ts 5d]
7bekon7: bets $2.85
garrettmoose: raises $2.85 to $5.70
7bekon7: calls $2.85
*** TURN *** [9h Ts 5d] [Qs]
7bekon7: checks 
garrettmoose: bets $40
7bekon7: calls $40
*** RIVER *** [9h Ts 5d Qs] [Jc]
7bekon7: bets $47.45
garrettmoose: calls $41.46 and is all-in
Uncalled bet ($5.99) returned to 7bekon7
*** SHOW DOWN ***
7bekon7: shows [Qh Kc] (a straight, Nine to King)
garrettmoose: shows [9c 5s] (two pair, Nines and Fives)
7bekon7 collected $177.82 from pot
*** SUMMARY ***
Total pot $180.32 | Rake $2.50 
Board [9h Ts 5d Qs Jc]
Seat 1: EasyGamerrr (big blind) folded before Flop
Seat 2: 7bekon7 showed [Qh Kc] and won ($177.82) with a straight, Nine to King
Seat 3: steelNike folded before Flop (didn't bet)
Seat 4: uuzka folded before Flop (didn't bet)
Seat 5: garrettmoose (button) showed [9c 5s] and lost with two pair, Nines and Fives
Seat 6: CEPTT (small blind) folded before Flop



PokerStars Hand #254602851147:  Hold'em No Limit ($0.50/$1.00 USD) - 2025/01/29 5:10:36 WET [2025/01/29 0:10:36 ET]
Table 'Cyane' 6-max Seat #6 is the button
Seat 5: garrettmoose ($0 in chips) is sitting out
Seat 1: EasyGamerrr ($158.64 in chips) 
Seat 2: 7bekon7 ($188.41 in chips) 
Seat 3: steelNike ($104 in chips) 
Seat 4: uuzka ($119.50 in chips) 
Seat 6: CEPTT ($107.33 in chips) 
EasyGamerrr: posts small blind $0.50
7bekon7: posts big blind $1
*** HOLE CARDS ***
garrettmoose is disconnected 
steelNike: folds 
uuzka: raises $1.50 to $2.50
CEPTT: folds 
EasyGamerrr: folds 
7bekon7: folds 
Uncalled bet ($1.50) returned to uuzka
uuzka collected $2.50 from pot
uuzka: doesn't show hand 
*** SUMMARY ***
Total pot $2.50 | Rake $0 
Seat 5: garrettmoose
Seat 1: EasyGamerrr (small blind) folded before Flop
Seat 2: 7bekon7 (big blind) folded before Flop
Seat 3: steelNike folded before Flop (didn't bet)
Seat 4: uuzka collected ($2.50)
Seat 6: CEPTT (button) folded before Flop (didn't bet)



PokerStars Hand #254602855675:  Hold'em No Limit ($0.50/$1.00 USD) - 2025/01/29 5:11:28 WET [2025/01/29 0:11:28 ET]
Table 'Cyane' 6-max Seat #1 is the button
Seat 3: steelNike ($104 in chips) is sitting out
Seat 5: garrettmoose ($0 in chips) is sitting out
Seat 1: EasyGamerrr ($158.14 in chips) 
Seat 2: 7bekon7 ($187.41 in chips) 
Seat 4: uuzka ($121 in chips) 
Seat 6: CEPTT ($107.33 in chips) 
7bekon7: posts small blind $0.50
steelNike: is sitting out 
uuzka: posts big blind $1
*** HOLE CARDS ***
CEPTT: folds 
steelNike leaves the table
EasyGamerrr: folds 
7bekon7: folds 
Uncalled bet ($0.50) returned to uuzka
uuzka collected $1 from pot
uuzka: doesn't show hand 
*** SUMMARY ***
Total pot $1 | Rake $0 
Seat 3: steelNike
Seat 5: garrettmoose
Seat 1: EasyGamerrr (button) folded before Flop (didn't bet)
Seat 2: 7bekon7 (small blind) folded before Flop
Seat 4: uuzka (big blind) collected ($1)
Seat 6: CEPTT folded before Flop (didn't bet)



PokerStars Hand #254602857464:  Hold'em No Limit ($0.50/$1.00 USD) - 2025/01/29 5:11:49 WET [2025/01/29 0:11:49 ET]
Table 'Cyane' 6-max Seat #2 is the button
Seat 5: garrettmoose ($0 in chips) is sitting out
Seat 1: EasyGamerrr ($158.14 in chips) 
Seat 2: 7bekon7 ($186.91 in chips) 
Seat 4: uuzka ($121.50 in chips) 
Seat 6: CEPTT ($107.33 in chips) 
uuzka: posts small blind $0.50
CEPTT: posts big blind $1
*** HOLE CARDS ***
EasyGamerrr: folds 
7bekon7: folds 
uuzka: raises $1.77 to $2.77
CEPTT: calls $1.77
*** FLOP *** [7c Kd 3d]
AlexEliseev7 joins the table at seat #3 
uuzka: bets $1.53
CEPTT: calls $1.53
*** TURN *** [7c Kd 3d] [Tc]
uuzka: bets $5.45
CEPTT: folds 
Uncalled bet ($5.45) returned to uuzka
uuzka collected $8.17 from pot
uuzka: doesn't show hand 
*** SUMMARY ***
Total pot $8.60 | Rake $0.43 
Board [7c Kd 3d Tc]
Seat 5: garrettmoose
Seat 1: EasyGamerrr folded before Flop (didn't bet)
Seat 2: 7bekon7 (button) folded before Flop (didn't bet)
Seat 4: uuzka (small blind) collected ($8.17)
Seat 6: CEPTT (big blind) folded on the Turn



PokerStars Hand #254602860187:  Hold'em No Limit ($0.50/$1.00 USD) - 2025/01/29 5:12:21 WET [2025/01/29 0:12:21 ET]
Table 'Cyane' 6-max Seat #4 is the button
Seat 1: EasyGamerrr ($158.14 in chips) is sitting out
Seat 2: 7bekon7 ($186.91 in chips) is sitting out
Seat 5: garrettmoose ($0 in chips) is sitting out
Seat 3: AlexEliseev7 ($100 in chips) 
Seat 4: uuzka ($125.37 in chips) 
Seat 6: CEPTT ($103.03 in chips) 
CEPTT: posts small blind $0.50
EasyGamerrr: is sitting out 
7bekon7: is sitting out 
AlexEliseev7: posts big blind $1
*** HOLE CARDS ***
EasyGamerrr leaves the table
uuzka: folds 
7bekon7 leaves the table
CEPTT: folds 
Uncalled bet ($0.50) returned to AlexEliseev7
AlexEliseev7 collected $1 from pot
AlexEliseev7: doesn't show hand 
*** SUMMARY ***
Total pot $1 | Rake $0 
Seat 1: EasyGamerrr
Seat 2: 7bekon7
Seat 5: garrettmoose
Seat 3: AlexEliseev7 (big blind) collected ($1)
Seat 4: uuzka (button) folded before Flop (didn't bet)
Seat 6: CEPTT (small blind) folded before Flop



PokerStars Hand #254602861190:  Hold'em No Limit ($0.50/$1.00 USD) - 2025/01/29 5:12:33 WET [2025/01/29 0:12:33 ET]
Table 'Cyane' 6-max Seat #6 is the button
Seat 5: garrettmoose ($0 in chips) is sitting out
Seat 3: AlexEliseev7 ($100.50 in chips) 
Seat 4: uuzka ($125.37 in chips) 
Seat 6: CEPTT ($102.53 in chips) 
AlexEliseev7: posts small blind $0.50
uuzka: posts big blind $1
*** HOLE CARDS ***
CEPTT: raises $1.85 to $2.85
AlexEliseev7: folds 
uuzka: folds 
Uncalled bet ($1.85) returned to CEPTT
CEPTT collected $2.50 from pot
CEPTT: doesn't show hand 
*** SUMMARY ***
Total pot $2.50 | Rake $0 
Seat 5: garrettmoose
Seat 3: AlexEliseev7 (small blind) folded before Flop
Seat 4: uuzka (big blind) folded before Flop
Seat 6: CEPTT (button) collected ($2.50)



PokerStars Hand #254602862218:  Hold'em No Limit ($0.50/$1.00 USD) - 2025/01/29 5:12:45 WET [2025/01/29 0:12:45 ET]
Table 'Cyane' 6-max Seat #4 is the button
Seat 5: garrettmoose ($0 in chips) is sitting out
Seat 6: CEPTT ($104.03 in chips) is sitting out
Seat 3: AlexEliseev7 ($100 in chips) 
Seat 4: uuzka ($124.37 in chips) 
uuzka: posts small blind $0.50
CEPTT: is sitting out 
AlexEliseev7: posts big blind $1
*** HOLE CARDS ***
CEPTT leaves the table
uuzka: folds 
Uncalled bet ($0.50) returned to AlexEliseev7
AlexEliseev7 collected $1 from pot
AlexEliseev7: doesn't show hand 
*** SUMMARY ***
Total pot $1 | Rake $0 
Seat 5: garrettmoose
Seat 6: CEPTT
Seat 3: AlexEliseev7 (big blind) collected ($1)
Seat 4: uuzka (button) (small blind) folded before Flop



PokerStars Hand #254602863323:  Hold'em No Limit ($0.50/$1.00 USD) - 2025/01/29 5:12:58 WET [2025/01/29 0:12:58 ET]
Table 'Cyane' 6-max Seat #3 is the button
Seat 5: garrettmoose ($0 in chips) is sitting out
Seat 3: AlexEliseev7 ($100.50 in chips) 
Seat 4: uuzka ($123.87 in chips) 
AlexEliseev7: posts small blind $0.50
uuzka: posts big blind $1
*** HOLE CARDS ***
AlexEliseev7: raises $1.50 to $2.50
uuzka: folds 
Uncalled bet ($1.50) returned to AlexEliseev7
AlexEliseev7 collected $2 from pot
AlexEliseev7: doesn't show hand 
uuzka leaves the table
*** SUMMARY ***
Total pot $2 | Rake $0 
Seat 5: garrettmoose
Seat 3: AlexEliseev7 (button) (small blind) collected ($2)
Seat 4: uuzka (big blind) folded before Flop



