PokerStars Hand #254611587664:  Hold'em No Limit ($0.50/$1.00 USD) - 2025/01/29 20:20:37 WET [2025/01/29 15:20:37 ET]
Table 'Nysa' 6-max Seat #2 is the button
Seat 4: Manifestorr ($103.50 in chips) is sitting out
Seat 1: sta$igk ($100 in chips) 
Seat 2: henri789 ($100 in chips) 
Seat 6: AigarsK ($19 in chips) 
AigarsK: posts small blind $0.50
sta$igk: posts big blind $1
*** HOLE CARDS ***
henri789 is connected 
Trente666 joins the table at seat #5 
Trente666 is disconnected 
henri789: folds 
AndreaBsAs joins the table at seat #3 
AigarsK: raises $2 to $3
sta$igk: folds 
Uncalled bet ($2) returned to AigarsK
AigarsK collected $2 from pot
AigarsK: doesn't show hand 
*** SUMMARY ***
Total pot $2 | Rake $0 
Seat 4: Manifestorr
Seat 1: sta$igk (big blind) folded before Flop
Seat 2: henri789 (button) folded before Flop (didn't bet)
Seat 6: AigarsK (small blind) collected ($2)



PokerStars Hand #254611592667:  Hold'em No Limit ($0.50/$1.00 USD) - 2025/01/29 20:20:55 WET [2025/01/29 15:20:55 ET]
Table 'Nysa' 6-max Seat #6 is the button
Seat 3: AndreaBsAs ($100 in chips) is sitting out
Seat 4: Manifestorr ($103.50 in chips) is sitting out
Seat 1: sta$igk ($100 in chips) 
Seat 2: henri789 ($100 in chips) 
Seat 5: Trente666 ($36.91 in chips) 
Seat 6: AigarsK ($20 in chips) 
sta$igk: posts small blind $0.50
henri789: posts big blind $1
AndreaBsAs: sits out 
Manifestorr: sits out 
Trente666: posts big blind $1
*** HOLE CARDS ***
Trente666: checks 
AigarsK: calls $1
sta$igk: calls $0.50
henri789: checks 
*** FLOP *** [8d 4h 7h]
sta$igk: checks 
henri789: checks 
Trente666: bets $3.80
AigarsK: folds 
AigarsK leaves the table
sta$igk: raises $11.40 to $15.20
henri789: folds 
Trente666: calls $11.40
*** TURN *** [8d 4h 7h] [Jd]
R.M.Farcas joins the table at seat #6 
sta$igk: bets $83.80 and is all-in
Trente666: calls $20.71 and is all-in
Uncalled bet ($63.09) returned to sta$igk
*** RIVER *** [8d 4h 7h Jd] [5s]
*** SHOW DOWN ***
sta$igk: shows [Ah 6h] (a straight, Four to Eight)
Trente666: shows [7s 4d] (two pair, Sevens and Fours)
sta$igk collected $74.82 from pot
*** SUMMARY ***
Total pot $75.82 | Rake $1 
Board [8d 4h 7h Jd 5s]
Seat 3: AndreaBsAs
Seat 4: Manifestorr
Seat 1: sta$igk (small blind) showed [Ah 6h] and won ($74.82) with a straight, Four to Eight
Seat 2: henri789 (big blind) folded on the Flop
Seat 5: Trente666 showed [7s 4d] and lost with two pair, Sevens and Fours
Seat 6: AigarsK (button) folded on the Flop



PokerStars Hand #254611611095:  Hold'em No Limit ($0.50/$1.00 USD) - 2025/01/29 20:21:59 WET [2025/01/29 15:21:59 ET]
Table 'Nysa' 6-max Seat #1 is the button
Seat 4: Manifestorr ($103.50 in chips) is sitting out
Seat 5: Trente666 ($0 in chips) is sitting out
Seat 6: R.M.Farcas ($70.36 in chips) is sitting out
Seat 1: sta$igk ($137.91 in chips) 
Seat 2: henri789 ($100 in chips) 
Seat 3: AndreaBsAs ($100 in chips) 
henri789: posts small blind $0.50
AndreaBsAs: posts big blind $1
Manifestorr: sits out 
R.M.Farcas: sits out 
*** HOLE CARDS ***
sta$igk: folds 
henri789: raises $2 to $3
Trente666 is disconnected 
AndreaBsAs: folds 
Uncalled bet ($2) returned to henri789
henri789 collected $2 from pot
henri789: doesn't show hand 
*** SUMMARY ***
Total pot $2 | Rake $0 
Seat 4: Manifestorr
Seat 5: Trente666
Seat 6: R.M.Farcas
Seat 1: sta$igk (button) folded before Flop (didn't bet)
Seat 2: henri789 (small blind) collected ($2)
Seat 3: AndreaBsAs (big blind) folded before Flop



PokerStars Hand #254611616228:  Hold'em No Limit ($0.50/$1.00 USD) - 2025/01/29 20:22:16 WET [2025/01/29 15:22:16 ET]
Table 'Nysa' 6-max Seat #2 is the button
Seat 5: Trente666 ($0 in chips) is sitting out
Seat 6: R.M.Farcas ($70.36 in chips) is sitting out
Seat 1: sta$igk ($137.91 in chips) 
Seat 2: henri789 ($101 in chips) 
Seat 3: AndreaBsAs ($100 in chips) 
Seat 4: Manifestorr ($103.50 in chips) 
AndreaBsAs: posts small blind $0.50
Manifestorr: posts big blind $1
R.M.Farcas: sits out 
*** HOLE CARDS ***
sta$igk: raises $1.50 to $2.50
henri789: folds 
AndreaBsAs: folds 
Manifestorr: folds 
Uncalled bet ($1.50) returned to sta$igk
sta$igk collected $2.50 from pot
sta$igk: doesn't show hand 
*** SUMMARY ***
Total pot $2.50 | Rake $0 
Seat 5: Trente666
Seat 6: R.M.Farcas
Seat 1: sta$igk collected ($2.50)
Seat 2: henri789 (button) folded before Flop (didn't bet)
Seat 3: AndreaBsAs (small blind) folded before Flop
Seat 4: Manifestorr (big blind) folded before Flop



PokerStars Hand #254611627026:  Hold'em No Limit ($0.50/$1.00 USD) - 2025/01/29 20:22:54 WET [2025/01/29 15:22:54 ET]
Table 'Nysa' 6-max Seat #3 is the button
Seat 5: Trente666 ($0 in chips) is sitting out
Seat 1: sta$igk ($139.41 in chips) 
Seat 2: henri789 ($101 in chips) 
Seat 3: AndreaBsAs ($100 in chips) 
Seat 4: Manifestorr ($102.50 in chips) 
Seat 6: R.M.Farcas ($70.36 in chips) 
Manifestorr: posts small blind $0.50
R.M.Farcas: posts big blind $1
*** HOLE CARDS ***
sta$igk: folds 
henri789: raises $1.10 to $2.10
AndreaBsAs: folds 
Manifestorr: folds 
R.M.Farcas: calls $1.10
*** FLOP *** [2h Qs Jd]
sta$igk leaves the table
R.M.Farcas: checks 
henri789: checks 
*** TURN *** [2h Qs Jd] [6h]
R.M.Farcas: checks 
henri789: bets $3.12
R.M.Farcas: folds 
Uncalled bet ($3.12) returned to henri789
henri789 collected $4.46 from pot
henri789: doesn't show hand 
*** SUMMARY ***
Total pot $4.70 | Rake $0.24 
Board [2h Qs Jd 6h]
Seat 5: Trente666
Seat 1: sta$igk folded before Flop (didn't bet)
Seat 2: henri789 collected ($4.46)
Seat 3: AndreaBsAs (button) folded before Flop (didn't bet)
Seat 4: Manifestorr (small blind) folded before Flop
Seat 6: R.M.Farcas (big blind) folded on the Turn



PokerStars Hand #254611643714:  Hold'em No Limit ($0.50/$1.00 USD) - 2025/01/29 20:23:52 WET [2025/01/29 15:23:52 ET]
Table 'Nysa' 6-max Seat #4 is the button
Seat 5: Trente666 ($0 in chips) is sitting out
Seat 2: henri789 ($103.36 in chips) 
Seat 3: AndreaBsAs ($100 in chips) 
Seat 4: Manifestorr ($102 in chips) 
Seat 6: R.M.Farcas ($68.26 in chips) 
R.M.Farcas: posts small blind $0.50
henri789: posts big blind $1
*** HOLE CARDS ***
AndreaBsAs: folds 
TCK2 joins the table at seat #1 
Manifestorr: raises $1.20 to $2.20
R.M.Farcas: folds 
henri789: calls $1.20
*** FLOP *** [8d Qd Qh]
henri789: checks 
Manifestorr: bets $1.54
henri789: raises $1.87 to $3.41
Manifestorr: calls $1.87
*** TURN *** [8d Qd Qh] [Js]
henri789: bets $3.67
Manifestorr: calls $3.67
*** RIVER *** [8d Qd Qh Js] [4c]
henri789: bets $12.68
Manifestorr: folds 
Uncalled bet ($12.68) returned to henri789
henri789 collected $18.11 from pot
henri789: doesn't show hand 
*** SUMMARY ***
Total pot $19.06 | Rake $0.95 
Board [8d Qd Qh Js 4c]
Seat 5: Trente666
Seat 2: henri789 (big blind) collected ($18.11)
Seat 3: AndreaBsAs folded before Flop (didn't bet)
Seat 4: Manifestorr (button) folded on the River
Seat 6: R.M.Farcas (small blind) folded before Flop



PokerStars Hand #254611666294:  Hold'em No Limit ($0.50/$1.00 USD) - 2025/01/29 20:25:11 WET [2025/01/29 15:25:11 ET]
Table 'Nysa' 6-max Seat #6 is the button
Seat 1: TCK2 ($10 in chips) is sitting out
Seat 5: Trente666 ($0 in chips) is sitting out
Seat 2: henri789 ($112.19 in chips) 
Seat 3: AndreaBsAs ($100 in chips) 
Seat 4: Manifestorr ($100 in chips) 
Seat 6: R.M.Farcas ($67.76 in chips) 
henri789: posts small blind $0.50
AndreaBsAs: posts big blind $1
*** HOLE CARDS ***
Manifestorr: raises $1.20 to $2.20
R.M.Farcas: folds 
henri789: folds 
AndreaBsAs: folds 
Uncalled bet ($1.20) returned to Manifestorr
Manifestorr collected $2.50 from pot
*** SUMMARY ***
Total pot $2.50 | Rake $0 
Seat 1: TCK2
Seat 5: Trente666
Seat 2: henri789 (small blind) folded before Flop
Seat 3: AndreaBsAs (big blind) folded before Flop
Seat 4: Manifestorr collected ($2.50)
Seat 6: R.M.Farcas (button) folded before Flop (didn't bet)



PokerStars Hand #254611669980:  Hold'em No Limit ($0.50/$1.00 USD) - 2025/01/29 20:25:24 WET [2025/01/29 15:25:24 ET]
Table 'Nysa' 6-max Seat #2 is the button
Seat 1: TCK2 ($10 in chips) is sitting out
Seat 4: Manifestorr ($101.50 in chips) is sitting out
Seat 5: Trente666 ($0 in chips) is sitting out
Seat 2: henri789 ($111.69 in chips) 
Seat 3: AndreaBsAs ($100 in chips) 
Seat 6: R.M.Farcas ($67.76 in chips) 
AndreaBsAs: posts small blind $0.50
Manifestorr: is sitting out 
R.M.Farcas: posts big blind $1
TCK2: sits out 
*** HOLE CARDS ***
Manifestorr leaves the table
henri789: folds 
AndreaBsAs: folds 
Uncalled bet ($0.50) returned to R.M.Farcas
R.M.Farcas collected $1 from pot
R.M.Farcas: doesn't show hand 
*** SUMMARY ***
Total pot $1 | Rake $0 
Seat 1: TCK2
Seat 4: Manifestorr
Seat 5: Trente666
Seat 2: henri789 (button) folded before Flop (didn't bet)
Seat 3: AndreaBsAs (small blind) folded before Flop
Seat 6: R.M.Farcas (big blind) collected ($1)



PokerStars Hand #254611674082:  Hold'em No Limit ($0.50/$1.00 USD) - 2025/01/29 20:25:38 WET [2025/01/29 15:25:38 ET]
Table 'Nysa' 6-max Seat #3 is the button
Seat 1: TCK2 ($10 in chips) is sitting out
Seat 5: Trente666 ($0 in chips) is sitting out
Seat 6: R.M.Farcas ($68.26 in chips) is sitting out
Seat 2: henri789 ($111.69 in chips) 
Seat 3: AndreaBsAs ($100 in chips) 
AndreaBsAs: posts small blind $0.50
henri789: posts big blind $1
*** HOLE CARDS ***
AndreaBsAs: raises $2 to $3
henri789: folds 
Uncalled bet ($2) returned to AndreaBsAs
R.M.Farcas leaves the table
AndreaBsAs collected $2 from pot
*** SUMMARY ***
Total pot $2 | Rake $0 
Seat 1: TCK2
Seat 5: Trente666
Seat 6: R.M.Farcas
Seat 2: henri789 (big blind) folded before Flop
Seat 3: AndreaBsAs (button) (small blind) collected ($2)



PokerStars Hand #254611677680:  Hold'em No Limit ($0.50/$1.00 USD) - 2025/01/29 20:25:51 WET [2025/01/29 15:25:51 ET]
Table 'Nysa' 6-max Seat #2 is the button
Seat 5: Trente666 ($0 in chips) is sitting out
Seat 1: TCK2 ($10 in chips) 
Seat 2: henri789 ($110.69 in chips) 
Seat 3: AndreaBsAs ($101 in chips) 
AndreaBsAs: posts small blind $0.50
TCK2: posts big blind $1
*** HOLE CARDS ***
henri789: raises $1.10 to $2.10
AndreaBsAs: calls $1.60
TCK2: folds 
*** FLOP *** [Td 9s 6s]
AndreaBsAs: checks 
henri789: checks 
*** TURN *** [Td 9s 6s] [9d]
AndreaBsAs: checks 
henri789: checks 
*** RIVER *** [Td 9s 6s 9d] [Tc]
AndreaBsAs: checks 
henri789: checks 
*** SHOW DOWN ***
AndreaBsAs: shows [5c As] (two pair, Tens and Nines)
henri789: shows [5s Ah] (two pair, Tens and Nines)
AndreaBsAs collected $2.47 from pot
henri789 collected $2.47 from pot
*** SUMMARY ***
Total pot $5.20 | Rake $0.26 
Board [Td 9s 6s 9d Tc]
Seat 5: Trente666
Seat 1: TCK2 (big blind) folded before Flop
Seat 2: henri789 (button) showed [5s Ah] and won ($2.47) with two pair, Tens and Nines
Seat 3: AndreaBsAs (small blind) showed [5c As] and won ($2.47) with two pair, Tens and Nines



PokerStars Hand #254611698774:  Hold'em No Limit ($0.50/$1.00 USD) - 2025/01/29 20:27:05 WET [2025/01/29 15:27:05 ET]
Table 'Nysa' 6-max Seat #1 is the button
Seat 5: Trente666 ($0 in chips) is sitting out
Seat 1: TCK2 ($9 in chips) 
Seat 3: AndreaBsAs ($101.37 in chips) 
TCK2: posts small blind $0.50
AndreaBsAs: posts big blind $1
*** HOLE CARDS ***
TCK2: folds 
Uncalled bet ($0.50) returned to AndreaBsAs
AndreaBsAs collected $1 from pot
*** SUMMARY ***
Total pot $1 | Rake $0 
Seat 5: Trente666
Seat 1: TCK2 (button) (small blind) folded before Flop
Seat 3: AndreaBsAs (big blind) collected ($1)



PokerStars Hand #254611701185:  Hold'em No Limit ($0.50/$1.00 USD) - 2025/01/29 20:27:14 WET [2025/01/29 15:27:14 ET]
Table 'Nysa' 6-max Seat #3 is the button
Seat 5: Trente666 ($0 in chips) is sitting out
Seat 1: TCK2 ($8.50 in chips) 
Seat 3: AndreaBsAs ($101.87 in chips) 
AndreaBsAs: posts small blind $0.50
TCK2: posts big blind $1
*** HOLE CARDS ***
AndreaBsAs: raises $8 to $9
TCK2: folds 
Uncalled bet ($8) returned to AndreaBsAs
AndreaBsAs collected $2 from pot
*** SUMMARY ***
Total pot $2 | Rake $0 
Seat 5: Trente666
Seat 1: TCK2 (big blind) folded before Flop
Seat 3: AndreaBsAs (button) (small blind) collected ($2)



PokerStars Hand #254611706297:  Hold'em No Limit ($0.50/$1.00 USD) - 2025/01/29 20:27:31 WET [2025/01/29 15:27:31 ET]
Table 'Nysa' 6-max Seat #1 is the button
Seat 5: Trente666 ($0 in chips) is sitting out
Seat 1: TCK2 ($7.50 in chips) 
Seat 3: AndreaBsAs ($102.87 in chips) 
TCK2: posts small blind $0.50
AndreaBsAs: posts big blind $1
*** HOLE CARDS ***
TCK2: calls $0.50
AndreaBsAs: checks 
*** FLOP *** [Jc Js 3d]
AndreaBsAs: checks 
TCK2: bets $1
AndreaBsAs: folds 
Uncalled bet ($1) returned to TCK2
TCK2 collected $1.90 from pot
*** SUMMARY ***
Total pot $2 | Rake $0.10 
Board [Jc Js 3d]
Seat 5: Trente666
Seat 1: TCK2 (button) (small blind) collected ($1.90)
Seat 3: AndreaBsAs (big blind) folded on the Flop



PokerStars Hand #254611713339:  Hold'em No Limit ($0.50/$1.00 USD) - 2025/01/29 20:27:56 WET [2025/01/29 15:27:56 ET]
Table 'Nysa' 6-max Seat #3 is the button
Seat 5: Trente666 ($0 in chips) is sitting out
Seat 1: TCK2 ($8.40 in chips) 
Seat 3: AndreaBsAs ($101.87 in chips) 
AndreaBsAs: posts small blind $0.50
TCK2: posts big blind $1
*** HOLE CARDS ***
AndreaBsAs: raises $2 to $3
TCK2: raises $5.40 to $8.40 and is all-in
AndreaBsAs: folds 
Uncalled bet ($5.40) returned to TCK2
TCK2 collected $6 from pot
Trente666 leaves the table
*** SUMMARY ***
Total pot $6 | Rake $0 
Seat 5: Trente666
Seat 1: TCK2 (big blind) collected ($6)
Seat 3: AndreaBsAs (button) (small blind) folded before Flop



