PokerStars Hand #254606288741:  Hold'em No Limit ($0.50/$1.00 USD) - 2025/01/29 14:05:58 WET [2025/01/29 9:05:58 ET]
Table 'Terentia' 6-max Seat #4 is the button
Seat 1: YeeesMan ($100 in chips) is sitting out
Seat 2: easy_sarcasm ($100 in chips) 
Seat 3: mr.Jckpot ($100 in chips) 
Seat 4: ARCTlCkiss ($100 in chips) 
Seat 6: D_style1905 ($20.77 in chips) 
D_style1905: posts small blind $0.50
easy_sarcasm: posts big blind $1
*** HOLE CARDS ***
mr.Jckpot: folds 
ARCTlCkiss: folds 
D_style1905 has timed out
D_style1905: folds 
Uncalled bet ($0.50) returned to easy_sarcasm
easy_sarcasm collected $1 from pot
*** SUMMARY ***
Total pot $1 | Rake $0 
Seat 1: YeeesMan
Seat 2: easy_sarcasm (big blind) collected ($1)
Seat 3: mr.Jckpot folded before Flop (didn't bet)
Seat 4: ARCTlCkiss (button) folded before Flop (didn't bet)
Seat 6: D_style1905 (small blind) folded before Flop



PokerStars Hand #254606294348:  Hold'em No Limit ($0.50/$1.00 USD) - 2025/01/29 14:06:31 WET [2025/01/29 9:06:31 ET]
Table 'Terentia' 6-max Seat #2 is the button
Seat 1: YeeesMan ($100 in chips) is sitting out
Seat 6: D_style1905 ($20.27 in chips) is sitting out
Seat 2: easy_sarcasm ($100.50 in chips) 
Seat 3: mr.Jckpot ($100 in chips) 
Seat 4: ARCTlCkiss ($100 in chips) 
mr.Jckpot: posts small blind $0.50
ARCTlCkiss: posts big blind $1
YeeesMan: sits out 
*** HOLE CARDS ***
easy_sarcasm: raises $1.20 to $2.20
mr.Jckpot: folds 
ARCTlCkiss: raises $8.80 to $11
easy_sarcasm: folds 
Uncalled bet ($8.80) returned to ARCTlCkiss
ARCTlCkiss collected $4.90 from pot
ARCTlCkiss: doesn't show hand 
*** SUMMARY ***
Total pot $4.90 | Rake $0 
Seat 1: YeeesMan
Seat 6: D_style1905
Seat 2: easy_sarcasm (button) folded before Flop
Seat 3: mr.Jckpot (small blind) folded before Flop
Seat 4: ARCTlCkiss (big blind) collected ($4.90)



PokerStars Hand #254606297424:  Hold'em No Limit ($0.50/$1.00 USD) - 2025/01/29 14:06:48 WET [2025/01/29 9:06:48 ET]
Table 'Terentia' 6-max Seat #3 is the button
Seat 6: D_style1905 ($20.27 in chips) is sitting out
Seat 1: YeeesMan ($100 in chips) 
Seat 2: easy_sarcasm ($100 in chips) 
Seat 3: mr.Jckpot ($100 in chips) 
Seat 4: ARCTlCkiss ($102.70 in chips) 
ARCTlCkiss: posts small blind $0.50
YeeesMan: posts big blind $1
*** HOLE CARDS ***
easy_sarcasm: raises $2 to $3
mr.Jckpot: folds 
ARCTlCkiss: folds 
elcutez joins the table at seat #5 
elcutez is disconnected 
YeeesMan: calls $2
*** FLOP *** [6h Kd Kh]
YeeesMan: checks 
easy_sarcasm: bets $2.04
YeeesMan: raises $6.08 to $8.12
easy_sarcasm: folds 
Uncalled bet ($6.08) returned to YeeesMan
YeeesMan collected $10.05 from pot
YeeesMan: doesn't show hand 
*** SUMMARY ***
Total pot $10.58 | Rake $0.53 
Board [6h Kd Kh]
Seat 6: D_style1905
Seat 1: YeeesMan (big blind) collected ($10.05)
Seat 2: easy_sarcasm folded on the Flop
Seat 3: mr.Jckpot (button) folded before Flop (didn't bet)
Seat 4: ARCTlCkiss (small blind) folded before Flop



PokerStars Hand #254606307772:  Hold'em No Limit ($0.50/$1.00 USD) - 2025/01/29 14:07:47 WET [2025/01/29 9:07:47 ET]
Table 'Terentia' 6-max Seat #4 is the button
Seat 5: elcutez ($100 in chips) is sitting out
Seat 6: D_style1905 ($20.27 in chips) is sitting out
Seat 1: YeeesMan ($105.01 in chips) 
Seat 2: easy_sarcasm ($100 in chips) 
Seat 3: mr.Jckpot ($100 in chips) 
Seat 4: ARCTlCkiss ($102.20 in chips) 
YeeesMan: posts small blind $0.50
easy_sarcasm: posts big blind $1
*** HOLE CARDS ***
mr.Jckpot: folds 
ARCTlCkiss: folds 
YeeesMan: folds 
Uncalled bet ($0.50) returned to easy_sarcasm
easy_sarcasm collected $1 from pot
*** SUMMARY ***
Total pot $1 | Rake $0 
Seat 5: elcutez
Seat 6: D_style1905
Seat 1: YeeesMan (small blind) folded before Flop
Seat 2: easy_sarcasm (big blind) collected ($1)
Seat 3: mr.Jckpot folded before Flop (didn't bet)
Seat 4: ARCTlCkiss (button) folded before Flop (didn't bet)



PokerStars Hand #254606310185:  Hold'em No Limit ($0.50/$1.00 USD) - 2025/01/29 14:08:01 WET [2025/01/29 9:08:01 ET]
Table 'Terentia' 6-max Seat #1 is the button
Seat 1: YeeesMan ($104.51 in chips) 
Seat 2: easy_sarcasm ($100.50 in chips) 
Seat 3: mr.Jckpot ($100 in chips) 
Seat 4: ARCTlCkiss ($102.20 in chips) 
Seat 5: elcutez ($100 in chips) 
Seat 6: D_style1905 ($20.27 in chips) 
easy_sarcasm: posts small blind $0.50
mr.Jckpot: posts big blind $1
elcutez: posts big blind $1
D_style1905: posts small & big blinds $1.50
*** HOLE CARDS ***
ARCTlCkiss: folds 
elcutez: checks 
D_style1905: checks 
YeeesMan: folds 
easy_sarcasm: calls $0.50
mr.Jckpot: raises $4.50 to $5.50
elcutez: folds 
D_style1905: folds 
easy_sarcasm: folds 
Uncalled bet ($4.50) returned to mr.Jckpot
mr.Jckpot collected $4.50 from pot
mr.Jckpot: doesn't show hand 
*** SUMMARY ***
Total pot $4.50 | Rake $0 
Seat 1: YeeesMan (button) folded before Flop (didn't bet)
Seat 2: easy_sarcasm (small blind) folded before Flop
Seat 3: mr.Jckpot (big blind) collected ($4.50)
Seat 4: ARCTlCkiss folded before Flop (didn't bet)
Seat 5: elcutez folded before Flop (didn't bet)
Seat 6: D_style1905 folded before Flop (didn't bet)



PokerStars Hand #254606316425:  Hold'em No Limit ($0.50/$1.00 USD) - 2025/01/29 14:08:36 WET [2025/01/29 9:08:36 ET]
Table 'Terentia' 6-max Seat #2 is the button
Seat 1: YeeesMan ($104.51 in chips) 
Seat 2: easy_sarcasm ($100 in chips) 
Seat 3: mr.Jckpot ($103.50 in chips) 
Seat 4: ARCTlCkiss ($102.20 in chips) 
Seat 5: elcutez ($99 in chips) 
Seat 6: D_style1905 ($18.77 in chips) 
mr.Jckpot: posts small blind $0.50
ARCTlCkiss: posts big blind $1
*** HOLE CARDS ***
elcutez: folds 
D_style1905: calls $1
YeeesMan: folds 
easy_sarcasm: folds 
mr.Jckpot: raises $2.50 to $3.50
ARCTlCkiss: folds 
D_style1905: calls $2.50
*** FLOP *** [4d As Js]
mr.Jckpot: checks 
D_style1905: bets $1
mr.Jckpot: calls $1
*** TURN *** [4d As Js] [6s]
mr.Jckpot: checks 
D_style1905: bets $4.75
mr.Jckpot: folds 
Uncalled bet ($4.75) returned to D_style1905
D_style1905 collected $9.50 from pot
D_style1905: doesn't show hand 
*** SUMMARY ***
Total pot $10 | Rake $0.50 
Board [4d As Js 6s]
Seat 1: YeeesMan folded before Flop (didn't bet)
Seat 2: easy_sarcasm (button) folded before Flop (didn't bet)
Seat 3: mr.Jckpot (small blind) folded on the Turn
Seat 4: ARCTlCkiss (big blind) folded before Flop
Seat 5: elcutez folded before Flop (didn't bet)
Seat 6: D_style1905 collected ($9.50)



PokerStars Hand #254606324190:  Hold'em No Limit ($0.50/$1.00 USD) - 2025/01/29 14:09:20 WET [2025/01/29 9:09:20 ET]
Table 'Terentia' 6-max Seat #3 is the button
Seat 1: YeeesMan ($104.51 in chips) 
Seat 2: easy_sarcasm ($100 in chips) 
Seat 3: mr.Jckpot ($100 in chips) 
Seat 4: ARCTlCkiss ($101.20 in chips) 
Seat 5: elcutez ($99 in chips) 
Seat 6: D_style1905 ($23.77 in chips) 
ARCTlCkiss: posts small blind $0.50
elcutez: posts big blind $1
*** HOLE CARDS ***
D_style1905: folds 
YeeesMan: folds 
easy_sarcasm: raises $2 to $3
mr.Jckpot: folds 
ARCTlCkiss: folds 
elcutez has timed out
elcutez: folds 
Uncalled bet ($2) returned to easy_sarcasm
easy_sarcasm collected $2.50 from pot
*** SUMMARY ***
Total pot $2.50 | Rake $0 
Seat 1: YeeesMan folded before Flop (didn't bet)
Seat 2: easy_sarcasm collected ($2.50)
Seat 3: mr.Jckpot (button) folded before Flop (didn't bet)
Seat 4: ARCTlCkiss (small blind) folded before Flop
Seat 5: elcutez (big blind) folded before Flop
Seat 6: D_style1905 folded before Flop (didn't bet)



PokerStars Hand #254606331734:  Hold'em No Limit ($0.50/$1.00 USD) - 2025/01/29 14:10:03 WET [2025/01/29 9:10:03 ET]
Table 'Terentia' 6-max Seat #4 is the button
Seat 5: elcutez ($98 in chips) is sitting out
Seat 1: YeeesMan ($104.51 in chips) 
Seat 2: easy_sarcasm ($101.50 in chips) 
Seat 3: mr.Jckpot ($100 in chips) 
Seat 4: ARCTlCkiss ($100.70 in chips) 
Seat 6: D_style1905 ($23.77 in chips) 
D_style1905: posts small blind $0.50
YeeesMan: posts big blind $1
*** HOLE CARDS ***
easy_sarcasm: folds 
mr.Jckpot: folds 
ARCTlCkiss: folds 
D_style1905: calls $0.50
YeeesMan: checks 
*** FLOP *** [Kd 5d Jd]
D_style1905: checks 
YeeesMan: checks 
*** TURN *** [Kd 5d Jd] [6s]
D_style1905: checks 
YeeesMan: checks 
*** RIVER *** [Kd 5d Jd 6s] [Ks]
D_style1905: checks 
YeeesMan: checks 
*** SHOW DOWN ***
D_style1905: shows [Qs 7d] (a pair of Kings)
YeeesMan: shows [8c 5s] (two pair, Kings and Fives)
YeeesMan collected $1.90 from pot
*** SUMMARY ***
Total pot $2 | Rake $0.10 
Board [Kd 5d Jd 6s Ks]
Seat 5: elcutez
Seat 1: YeeesMan (big blind) showed [8c 5s] and won ($1.90) with two pair, Kings and Fives
Seat 2: easy_sarcasm folded before Flop (didn't bet)
Seat 3: mr.Jckpot folded before Flop (didn't bet)
Seat 4: ARCTlCkiss (button) folded before Flop (didn't bet)
Seat 6: D_style1905 (small blind) showed [Qs 7d] and lost with a pair of Kings



PokerStars Hand #254606339556:  Hold'em No Limit ($0.50/$1.00 USD) - 2025/01/29 14:10:47 WET [2025/01/29 9:10:47 ET]
Table 'Terentia' 6-max Seat #6 is the button
Seat 5: elcutez ($98 in chips) is sitting out
Seat 1: YeeesMan ($105.41 in chips) 
Seat 2: easy_sarcasm ($101.50 in chips) 
Seat 3: mr.Jckpot ($100 in chips) 
Seat 4: ARCTlCkiss ($100.70 in chips) 
Seat 6: D_style1905 ($22.77 in chips) 
YeeesMan: posts small blind $0.50
easy_sarcasm: posts big blind $1
*** HOLE CARDS ***
mr.Jckpot: folds 
ARCTlCkiss: folds 
D_style1905: calls $1
YeeesMan: folds 
easy_sarcasm: checks 
*** FLOP *** [7s 3c Ks]
easy_sarcasm: checks 
D_style1905: checks 
*** TURN *** [7s 3c Ks] [4c]
elcutez is disconnected 
easy_sarcasm: checks 
D_style1905: checks 
*** RIVER *** [7s 3c Ks 4c] [Jc]
easy_sarcasm: checks 
D_style1905: bets $1
easy_sarcasm: calls $1
*** SHOW DOWN ***
D_style1905: shows [Js Td] (a pair of Jacks)
easy_sarcasm: mucks hand 
D_style1905 collected $4.28 from pot
*** SUMMARY ***
Total pot $4.50 | Rake $0.22 
Board [7s 3c Ks 4c Jc]
Seat 5: elcutez
Seat 1: YeeesMan (small blind) folded before Flop
Seat 2: easy_sarcasm (big blind) mucked
Seat 3: mr.Jckpot folded before Flop (didn't bet)
Seat 4: ARCTlCkiss folded before Flop (didn't bet)
Seat 6: D_style1905 (button) showed [Js Td] and won ($4.28) with a pair of Jacks



PokerStars Hand #254606346139:  Hold'em No Limit ($0.50/$1.00 USD) - 2025/01/29 14:11:24 WET [2025/01/29 9:11:24 ET]
Table 'Terentia' 6-max Seat #1 is the button
Seat 5: elcutez ($98 in chips) is sitting out
Seat 1: YeeesMan ($104.91 in chips) 
Seat 2: easy_sarcasm ($100 in chips) 
Seat 3: mr.Jckpot ($100 in chips) 
Seat 4: ARCTlCkiss ($100.70 in chips) 
Seat 6: D_style1905 ($25.05 in chips) 
easy_sarcasm: posts small blind $0.50
mr.Jckpot: posts big blind $1
*** HOLE CARDS ***
ARCTlCkiss: folds 
D_style1905: folds 
YeeesMan: raises $1.50 to $2.50
easy_sarcasm: raises $8.50 to $11
mr.Jckpot: folds 
YeeesMan: folds 
Uncalled bet ($8.50) returned to easy_sarcasm
easy_sarcasm collected $6 from pot
*** SUMMARY ***
Total pot $6 | Rake $0 
Seat 5: elcutez
Seat 1: YeeesMan (button) folded before Flop
Seat 2: easy_sarcasm (small blind) collected ($6)
Seat 3: mr.Jckpot (big blind) folded before Flop
Seat 4: ARCTlCkiss folded before Flop (didn't bet)
Seat 6: D_style1905 folded before Flop (didn't bet)



PokerStars Hand #254606349840:  Hold'em No Limit ($0.50/$1.00 USD) - 2025/01/29 14:11:45 WET [2025/01/29 9:11:45 ET]
Table 'Terentia' 6-max Seat #2 is the button
Seat 5: elcutez ($98 in chips) is sitting out
Seat 1: YeeesMan ($102.41 in chips) 
Seat 2: easy_sarcasm ($103.50 in chips) 
Seat 3: mr.Jckpot ($100 in chips) 
Seat 4: ARCTlCkiss ($100.70 in chips) 
Seat 6: D_style1905 ($25.05 in chips) 
mr.Jckpot: posts small blind $0.50
ARCTlCkiss: posts big blind $1
*** HOLE CARDS ***
D_style1905: folds 
YeeesMan: folds 
easy_sarcasm: raises $1.20 to $2.20
mr.Jckpot: folds 
D_style1905 leaves the table
ARCTlCkiss: folds 
Uncalled bet ($1.20) returned to easy_sarcasm
easy_sarcasm collected $2.50 from pot
*** SUMMARY ***
Total pot $2.50 | Rake $0 
Seat 5: elcutez
Seat 1: YeeesMan folded before Flop (didn't bet)
Seat 2: easy_sarcasm (button) collected ($2.50)
Seat 3: mr.Jckpot (small blind) folded before Flop
Seat 4: ARCTlCkiss (big blind) folded before Flop
Seat 6: D_style1905 folded before Flop (didn't bet)



PokerStars Hand #254606351950:  Hold'em No Limit ($0.50/$1.00 USD) - 2025/01/29 14:11:57 WET [2025/01/29 9:11:57 ET]
Table 'Terentia' 6-max Seat #4 is the button
Seat 1: YeeesMan ($102.41 in chips) is sitting out
Seat 2: easy_sarcasm ($105 in chips) is sitting out
Seat 5: elcutez ($98 in chips) is sitting out
Seat 3: mr.Jckpot ($100 in chips) 
Seat 4: ARCTlCkiss ($100 in chips) 
ARCTlCkiss: posts small blind $0.50
YeeesMan: is sitting out 
easy_sarcasm: is sitting out 
mr.Jckpot: posts big blind $1
*** HOLE CARDS ***
ARCTlCkiss: raises $1 to $2
easy_sarcasm leaves the table
mr.Jckpot: raises $5.50 to $7.50
ARCTlCkiss: calls $5.50
*** FLOP *** [6c 2d 8d]
YeeesMan leaves the table
mr.Jckpot: checks 
ARCTlCkiss: bets $4.99
mr.Jckpot: calls $4.99
*** TURN *** [6c 2d 8d] [Th]
mr.Jckpot: checks 
ARCTlCkiss: bets $12.47
mr.Jckpot: folds 
Uncalled bet ($12.47) returned to ARCTlCkiss
ARCTlCkiss collected $23.98 from pot
ARCTlCkiss: doesn't show hand 
*** SUMMARY ***
Total pot $24.98 | Rake $1 
Board [6c 2d 8d Th]
Seat 1: YeeesMan
Seat 2: easy_sarcasm
Seat 5: elcutez
Seat 3: mr.Jckpot (big blind) folded on the Turn
Seat 4: ARCTlCkiss (button) (small blind) collected ($23.98)



PokerStars Hand #254608634947:  Hold'em No Limit ($0.50/$1.00 USD) - 2025/01/29 17:17:44 WET [2025/01/29 12:17:44 ET]
Table 'Terentia' 6-max Seat #5 is the button
Seat 1: DJNezz ($100 in chips) is sitting out
Seat 6: Xenicide ($100 in chips) is sitting out
Seat 2: app1e_j@ck ($102.18 in chips) 
Seat 3: elcutez ($106.49 in chips) 
Seat 4: pipza05 ($40.16 in chips) 
Seat 5: Rezzonner ($100 in chips) 
app1e_j@ck: posts small blind $0.50
elcutez: posts big blind $1
*** HOLE CARDS ***
pipza05: folds 
Rezzonner: folds 
app1e_j@ck: folds 
Uncalled bet ($0.50) returned to elcutez
elcutez collected $1 from pot
*** SUMMARY ***
Total pot $1 | Rake $0 
Seat 1: DJNezz
Seat 6: Xenicide
Seat 2: app1e_j@ck (small blind) folded before Flop
Seat 3: elcutez (big blind) collected ($1)
Seat 4: pipza05 folded before Flop (didn't bet)
Seat 5: Rezzonner (button) folded before Flop (didn't bet)



PokerStars Hand #254608637555:  Hold'em No Limit ($0.50/$1.00 USD) - 2025/01/29 17:17:55 WET [2025/01/29 12:17:55 ET]
Table 'Terentia' 6-max Seat #2 is the button
Seat 1: DJNezz ($100 in chips) is sitting out
Seat 6: Xenicide ($100 in chips) is sitting out
Seat 2: app1e_j@ck ($101.68 in chips) 
Seat 3: elcutez ($106.99 in chips) 
Seat 4: pipza05 ($40.16 in chips) 
Seat 5: Rezzonner ($100 in chips) 
elcutez: posts small blind $0.50
pipza05: posts big blind $1
Xenicide: sits out 
DJNezz: sits out 
*** HOLE CARDS ***
Rezzonner: folds 
app1e_j@ck: raises $1.50 to $2.50
elcutez: folds 
pipza05: calls $1.50
*** FLOP *** [4c 6d 7c]
pipza05: checks 
app1e_j@ck: checks 
*** TURN *** [4c 6d 7c] [Qc]
pipza05: bets $1
app1e_j@ck: folds 
Uncalled bet ($1) returned to pipza05
pipza05 collected $5.15 from pot
*** SUMMARY ***
Total pot $5.50 | Rake $0.35 
Board [4c 6d 7c Qc]
Seat 1: DJNezz
Seat 6: Xenicide
Seat 2: app1e_j@ck (button) folded on the Turn
Seat 3: elcutez (small blind) folded before Flop
Seat 4: pipza05 (big blind) collected ($5.15)
Seat 5: Rezzonner folded before Flop (didn't bet)



PokerStars Hand #254608642776:  Hold'em No Limit ($0.50/$1.00 USD) - 2025/01/29 17:18:15 WET [2025/01/29 12:18:15 ET]
Table 'Terentia' 6-max Seat #3 is the button
Seat 1: DJNezz ($100 in chips) is sitting out
Seat 6: Xenicide ($100 in chips) is sitting out
Seat 2: app1e_j@ck ($100 in chips) 
Seat 3: elcutez ($106.49 in chips) 
Seat 4: pipza05 ($42.81 in chips) 
Seat 5: Rezzonner ($100 in chips) 
pipza05: posts small blind $0.50
Rezzonner: posts big blind $1
Xenicide: sits out 
DJNezz: sits out 
*** HOLE CARDS ***
app1e_j@ck: folds 
elcutez: folds 
pipza05: folds 
Uncalled bet ($0.50) returned to Rezzonner
Rezzonner collected $1 from pot
Rezzonner: doesn't show hand 
*** SUMMARY ***
Total pot $1 | Rake $0 
Seat 1: DJNezz
Seat 6: Xenicide
Seat 2: app1e_j@ck folded before Flop (didn't bet)
Seat 3: elcutez (button) folded before Flop (didn't bet)
Seat 4: pipza05 (small blind) folded before Flop
Seat 5: Rezzonner (big blind) collected ($1)



PokerStars Hand #254608727077:  Hold'em No Limit ($0.50/$1.00 USD) - 2025/01/29 17:23:46 WET [2025/01/29 12:23:46 ET]
Table 'Terentia' 6-max Seat #1 is the button
Seat 5: Joe_Li7 ($100 in chips) is sitting out
Seat 1: DJNezz ($100 in chips) 
Seat 2: UnderC@t ($133.58 in chips) 
Seat 3: MaikonAll ($100 in chips) 
Seat 4: pipza05 ($19.31 in chips) 
Seat 6: Xenicide ($101.78 in chips) 
UnderC@t: posts small blind $0.50
MaikonAll: posts big blind $1
Joe_Li7: sits out 
*** HOLE CARDS ***
pipza05 is disconnected 
pipza05 has timed out while disconnected
pipza05: folds 
Xenicide: folds 
DJNezz: folds 
UnderC@t: raises $2 to $3
MaikonAll: folds 
Uncalled bet ($2) returned to UnderC@t
UnderC@t collected $2 from pot
UnderC@t: doesn't show hand 
*** SUMMARY ***
Total pot $2 | Rake $0 
Seat 5: Joe_Li7
Seat 1: DJNezz (button) folded before Flop (didn't bet)
Seat 2: UnderC@t (small blind) collected ($2)
Seat 3: MaikonAll (big blind) folded before Flop
Seat 4: pipza05 folded before Flop (didn't bet)
Seat 6: Xenicide folded before Flop (didn't bet)



PokerStars Hand #254608740391:  Hold'em No Limit ($0.50/$1.00 USD) - 2025/01/29 17:24:38 WET [2025/01/29 12:24:38 ET]
Table 'Terentia' 6-max Seat #2 is the button
Seat 4: pipza05 ($19.31 in chips) is sitting out
Seat 1: DJNezz ($100 in chips) 
Seat 2: UnderC@t ($134.58 in chips) 
Seat 3: MaikonAll ($100 in chips) 
Seat 5: Joe_Li7 ($100 in chips) 
Seat 6: Xenicide ($101.78 in chips) 
MaikonAll: posts small blind $0.50
Joe_Li7: posts big blind $1
*** HOLE CARDS ***
Xenicide: folds 
DJNezz: folds 
UnderC@t: folds 
MaikonAll: raises $2 to $3
Joe_Li7: folds 
Uncalled bet ($2) returned to MaikonAll
MaikonAll collected $2 from pot
MaikonAll: doesn't show hand 
*** SUMMARY ***
Total pot $2 | Rake $0 
Seat 4: pipza05
Seat 1: DJNezz folded before Flop (didn't bet)
Seat 2: UnderC@t (button) folded before Flop (didn't bet)
Seat 3: MaikonAll (small blind) collected ($2)
Seat 5: Joe_Li7 (big blind) folded before Flop
Seat 6: Xenicide folded before Flop (didn't bet)



PokerStars Hand #254608745356:  Hold'em No Limit ($0.50/$1.00 USD) - 2025/01/29 17:24:58 WET [2025/01/29 12:24:58 ET]
Table 'Terentia' 6-max Seat #3 is the button
Seat 4: pipza05 ($19.31 in chips) is sitting out
Seat 1: DJNezz ($100 in chips) 
Seat 2: UnderC@t ($134.58 in chips) 
Seat 3: MaikonAll ($101 in chips) 
Seat 5: Joe_Li7 ($100 in chips) 
Seat 6: Xenicide ($101.78 in chips) 
Joe_Li7: posts small blind $0.50
Xenicide: posts big blind $1
*** HOLE CARDS ***
DJNezz: folds 
UnderC@t: raises $1.50 to $2.50
MaikonAll: folds 
Joe_Li7: folds 
Xenicide: raises $7.50 to $10
UnderC@t: calls $7.50
*** FLOP *** [8s Qs 2c]
Xenicide: bets $4.87
UnderC@t: calls $4.87
*** TURN *** [8s Qs 2c] [Qh]
Xenicide: checks 
UnderC@t: checks 
*** RIVER *** [8s Qs 2c Qh] [4h]
Xenicide: bets $86.91 and is all-in
UnderC@t: folds 
Uncalled bet ($86.91) returned to Xenicide
Xenicide collected $28.73 from pot
*** SUMMARY ***
Total pot $30.24 | Rake $1.51 
Board [8s Qs 2c Qh 4h]
Seat 4: pipza05
Seat 1: DJNezz folded before Flop (didn't bet)
Seat 2: UnderC@t folded on the River
Seat 3: MaikonAll (button) folded before Flop (didn't bet)
Seat 5: Joe_Li7 (small blind) folded before Flop
Seat 6: Xenicide (big blind) collected ($28.73)



PokerStars Hand #254608769179:  Hold'em No Limit ($0.50/$1.00 USD) - 2025/01/29 17:26:31 WET [2025/01/29 12:26:31 ET]
Table 'Terentia' 6-max Seat #5 is the button
Seat 4: pipza05 ($19.31 in chips) is sitting out
Seat 1: DJNezz ($100 in chips) 
Seat 2: UnderC@t ($119.71 in chips) 
Seat 3: MaikonAll ($101 in chips) 
Seat 5: Joe_Li7 ($100 in chips) 
Seat 6: Xenicide ($115.64 in chips) 
Xenicide: posts small blind $0.50
DJNezz: posts big blind $1
pipza05: sits out 
*** HOLE CARDS ***
UnderC@t: folds 
MaikonAll: folds 
Joe_Li7: raises $1.20 to $2.20
Xenicide: folds 
DJNezz: folds 
Uncalled bet ($1.20) returned to Joe_Li7
Joe_Li7 collected $2.50 from pot
*** SUMMARY ***
Total pot $2.50 | Rake $0 
Seat 4: pipza05
Seat 1: DJNezz (big blind) folded before Flop
Seat 2: UnderC@t folded before Flop (didn't bet)
Seat 3: MaikonAll folded before Flop (didn't bet)
Seat 5: Joe_Li7 (button) collected ($2.50)
Seat 6: Xenicide (small blind) folded before Flop



PokerStars Hand #254608773500:  Hold'em No Limit ($0.50/$1.00 USD) - 2025/01/29 17:26:47 WET [2025/01/29 12:26:47 ET]
Table 'Terentia' 6-max Seat #6 is the button
Seat 4: pipza05 ($19.31 in chips) is sitting out
Seat 1: DJNezz ($100 in chips) 
Seat 2: UnderC@t ($119.71 in chips) 
Seat 3: MaikonAll ($101 in chips) 
Seat 5: Joe_Li7 ($101.50 in chips) 
Seat 6: Xenicide ($115.14 in chips) 
DJNezz: posts small blind $0.50
UnderC@t: posts big blind $1
pipza05: sits out 
*** HOLE CARDS ***
MaikonAll: folds 
Joe_Li7: folds 
Xenicide: raises $1.25 to $2.25
DJNezz: folds 
UnderC@t: folds 
Uncalled bet ($1.25) returned to Xenicide
Xenicide collected $2.50 from pot
*** SUMMARY ***
Total pot $2.50 | Rake $0 
Seat 4: pipza05
Seat 1: DJNezz (small blind) folded before Flop
Seat 2: UnderC@t (big blind) folded before Flop
Seat 3: MaikonAll folded before Flop (didn't bet)
Seat 5: Joe_Li7 folded before Flop (didn't bet)
Seat 6: Xenicide (button) collected ($2.50)



PokerStars Hand #254608778972:  Hold'em No Limit ($0.50/$1.00 USD) - 2025/01/29 17:27:09 WET [2025/01/29 12:27:09 ET]
Table 'Terentia' 6-max Seat #1 is the button
Seat 4: pipza05 ($19.31 in chips) is sitting out
Seat 1: DJNezz ($100 in chips) 
Seat 2: UnderC@t ($118.71 in chips) 
Seat 3: MaikonAll ($101 in chips) 
Seat 5: Joe_Li7 ($101.50 in chips) 
Seat 6: Xenicide ($116.64 in chips) 
UnderC@t: posts small blind $0.50
MaikonAll: posts big blind $1
pipza05: sits out 
*** HOLE CARDS ***
Joe_Li7: folds 
Xenicide: folds 
DJNezz: folds 
UnderC@t: raises $2 to $3
MaikonAll: folds 
Uncalled bet ($2) returned to UnderC@t
UnderC@t collected $2 from pot
UnderC@t: doesn't show hand 
*** SUMMARY ***
Total pot $2 | Rake $0 
Seat 4: pipza05
Seat 1: DJNezz (button) folded before Flop (didn't bet)
Seat 2: UnderC@t (small blind) collected ($2)
Seat 3: MaikonAll (big blind) folded before Flop
Seat 5: Joe_Li7 folded before Flop (didn't bet)
Seat 6: Xenicide folded before Flop (didn't bet)



PokerStars Hand #254608783456:  Hold'em No Limit ($0.50/$1.00 USD) - 2025/01/29 17:27:26 WET [2025/01/29 12:27:26 ET]
Table 'Terentia' 6-max Seat #2 is the button
Seat 1: DJNezz ($100 in chips) 
Seat 2: UnderC@t ($119.71 in chips) 
Seat 3: MaikonAll ($100 in chips) 
Seat 4: pipza05 ($19.31 in chips) 
Seat 5: Joe_Li7 ($101.50 in chips) 
Seat 6: Xenicide ($116.64 in chips) 
MaikonAll: posts small blind $0.50
pipza05: posts big blind $1
*** HOLE CARDS ***
Joe_Li7: folds 
Xenicide: folds 
DJNezz: folds 
UnderC@t has timed out
UnderC@t: folds 
MaikonAll: folds 
Uncalled bet ($0.50) returned to pipza05
pipza05 collected $1 from pot
*** SUMMARY ***
Total pot $1 | Rake $0 
Seat 1: DJNezz folded before Flop (didn't bet)
Seat 2: UnderC@t (button) folded before Flop (didn't bet)
Seat 3: MaikonAll (small blind) folded before Flop
Seat 4: pipza05 (big blind) collected ($1)
Seat 5: Joe_Li7 folded before Flop (didn't bet)
Seat 6: Xenicide folded before Flop (didn't bet)



PokerStars Hand #254608788557:  Hold'em No Limit ($0.50/$1.00 USD) - 2025/01/29 17:27:46 WET [2025/01/29 12:27:46 ET]
Table 'Terentia' 6-max Seat #3 is the button
Seat 4: pipza05 ($19.81 in chips) is sitting out
Seat 1: DJNezz ($100 in chips) 
Seat 3: MaikonAll ($100 in chips) 
Seat 5: Joe_Li7 ($101.50 in chips) 
Seat 6: Xenicide ($116.64 in chips) 
UnderC@t leaves the table
pipza05 has timed out
pipza05: is sitting out 
Joe_Li7: posts small blind $0.50
Xenicide: posts big blind $1
*** HOLE CARDS ***
DJNezz: raises $1.20 to $2.20
MaikonAll: folds 
Joe_Li7: folds 
Xenicide: folds 
Uncalled bet ($1.20) returned to DJNezz
DJNezz collected $2.50 from pot
*** SUMMARY ***
Total pot $2.50 | Rake $0 
Seat 4: pipza05
Seat 1: DJNezz collected ($2.50)
Seat 3: MaikonAll (button) folded before Flop (didn't bet)
Seat 5: Joe_Li7 (small blind) folded before Flop
Seat 6: Xenicide (big blind) folded before Flop



PokerStars Hand #254608797376:  Hold'em No Limit ($0.50/$1.00 USD) - 2025/01/29 17:28:20 WET [2025/01/29 12:28:20 ET]
Table 'Terentia' 6-max Seat #5 is the button
Seat 4: pipza05 ($19.81 in chips) is sitting out
Seat 1: DJNezz ($101.50 in chips) 
Seat 3: MaikonAll ($100 in chips) 
Seat 5: Joe_Li7 ($101 in chips) 
Seat 6: Xenicide ($115.64 in chips) 
Xenicide: posts small blind $0.50
DJNezz: posts big blind $1
Aescul@pius joins the table at seat #2 
pipza05 has timed out
pipza05: is sitting out 
*** HOLE CARDS ***
MaikonAll: folds 
Joe_Li7: raises $1.20 to $2.20
Xenicide: folds 
DJNezz: calls $1.20
*** FLOP *** [4h 7s Qc]
pipza05 is disconnected 
DJNezz: checks 
Joe_Li7: checks 
*** TURN *** [4h 7s Qc] [4d]
DJNezz: checks 
Joe_Li7: checks 
*** RIVER *** [4h 7s Qc 4d] [7d]
DJNezz: checks 
Joe_Li7: bets $3.50
DJNezz: folds 
Uncalled bet ($3.50) returned to Joe_Li7
Joe_Li7 collected $4.66 from pot
*** SUMMARY ***
Total pot $4.90 | Rake $0.24 
Board [4h 7s Qc 4d 7d]
Seat 4: pipza05
Seat 1: DJNezz (big blind) folded on the River
Seat 3: MaikonAll folded before Flop (didn't bet)
Seat 5: Joe_Li7 (button) collected ($4.66)
Seat 6: Xenicide (small blind) folded before Flop



PokerStars Hand #254608859180:  Hold'em No Limit ($0.50/$1.00 USD) - 2025/01/29 17:32:22 WET [2025/01/29 12:32:22 ET]
Table 'Terentia' 6-max Seat #4 is the button
Seat 1: DJNezz ($100 in chips) 
Seat 2: Aescul@pius ($100 in chips) 
Seat 3: MaikonAll ($102 in chips) 
Seat 4: pipza05 ($24.79 in chips) 
Seat 5: Joe_Li7 ($106.61 in chips) 
Seat 6: Xenicide ($113.14 in chips) 
Joe_Li7: posts small blind $0.50
Xenicide: posts big blind $1
*** HOLE CARDS ***
DJNezz: folds 
Aescul@pius: folds 
MaikonAll: folds 
pipza05: calls $1
Joe_Li7: folds 
Xenicide: raises $7.50 to $8.50
pipza05: folds 
Uncalled bet ($7.50) returned to Xenicide
Xenicide collected $2.50 from pot
*** SUMMARY ***
Total pot $2.50 | Rake $0 
Seat 1: DJNezz folded before Flop (didn't bet)
Seat 2: Aescul@pius folded before Flop (didn't bet)
Seat 3: MaikonAll folded before Flop (didn't bet)
Seat 4: pipza05 (button) folded before Flop
Seat 5: Joe_Li7 (small blind) folded before Flop
Seat 6: Xenicide (big blind) collected ($2.50)



PokerStars Hand #254608868513:  Hold'em No Limit ($0.50/$1.00 USD) - 2025/01/29 17:32:58 WET [2025/01/29 12:32:58 ET]
Table 'Terentia' 6-max Seat #5 is the button
Seat 1: DJNezz ($100 in chips) is sitting out
Seat 2: Aescul@pius ($100 in chips) 
Seat 3: MaikonAll ($102 in chips) 
Seat 4: pipza05 ($23.79 in chips) 
Seat 5: Joe_Li7 ($106.11 in chips) 
Seat 6: Xenicide ($114.64 in chips) 
Xenicide: posts small blind $0.50
DJNezz: is sitting out 
Aescul@pius: posts big blind $1
*** HOLE CARDS ***
MaikonAll: folds 
pipza05: folds 
Joe_Li7: raises $1.50 to $2.50
Xenicide: raises $7 to $9.50
Aescul@pius: folds 
Joe_Li7: calls $7
*** FLOP *** [2h Qd 8s]
Xenicide: bets $4.75
DJNezz is disconnected 
Joe_Li7: calls $4.75
*** TURN *** [2h Qd 8s] [5d]
Xenicide: checks 
Joe_Li7: checks 
*** RIVER *** [2h Qd 8s 5d] [4s]
Xenicide: checks 
Joe_Li7: checks 
*** SHOW DOWN ***
Xenicide: shows [Ac Th] (high card Ace)
Joe_Li7: shows [7h 7d] (a pair of Sevens)
Joe_Li7 collected $28.02 from pot
*** SUMMARY ***
Total pot $29.50 | Rake $1.48 
Board [2h Qd 8s 5d 4s]
Seat 1: DJNezz
Seat 2: Aescul@pius (big blind) folded before Flop
Seat 3: MaikonAll folded before Flop (didn't bet)
Seat 4: pipza05 folded before Flop (didn't bet)
Seat 5: Joe_Li7 (button) showed [7h 7d] and won ($28.02) with a pair of Sevens
Seat 6: Xenicide (small blind) showed [Ac Th] and lost with high card Ace



PokerStars Hand #254608897722:  Hold'em No Limit ($0.50/$1.00 USD) - 2025/01/29 17:34:51 WET [2025/01/29 12:34:51 ET]
Table 'Terentia' 6-max Seat #6 is the button
Seat 1: DJNezz ($100 in chips) is sitting out
Seat 4: pipza05 ($23.79 in chips) is sitting out
Seat 2: Aescul@pius ($100 in chips) 
Seat 3: MaikonAll ($102 in chips) 
Seat 6: Xenicide ($100.39 in chips) 
Aescul@pius: posts small blind $0.50
MaikonAll: posts big blind $1
*** HOLE CARDS ***
ruSSotron joins the table at seat #5 
Xenicide: raises $1.25 to $2.25
Aescul@pius: folds 
MaikonAll: folds 
Uncalled bet ($1.25) returned to Xenicide
Xenicide collected $2.50 from pot
*** SUMMARY ***
Total pot $2.50 | Rake $0 
Seat 1: DJNezz
Seat 4: pipza05
Seat 2: Aescul@pius (small blind) folded before Flop
Seat 3: MaikonAll (big blind) folded before Flop
Seat 6: Xenicide (button) collected ($2.50)



PokerStars Hand #254608902768:  Hold'em No Limit ($0.50/$1.00 USD) - 2025/01/29 17:35:11 WET [2025/01/29 12:35:11 ET]
Table 'Terentia' 6-max Seat #2 is the button
Seat 1: DJNezz ($100 in chips) is sitting out
Seat 4: pipza05 ($23.79 in chips) is sitting out
Seat 2: Aescul@pius ($100 in chips) 
Seat 3: MaikonAll ($101 in chips) 
Seat 5: ruSSotron ($100 in chips) 
Seat 6: Xenicide ($101.89 in chips) 
MaikonAll: posts small blind $0.50
ruSSotron: posts big blind $1
*** HOLE CARDS ***
Xenicide: folds 
Aescul@pius: folds 
MaikonAll: folds 
Uncalled bet ($0.50) returned to ruSSotron
pipza05 is disconnected 
ruSSotron collected $1 from pot
*** SUMMARY ***
Total pot $1 | Rake $0 
Seat 1: DJNezz
Seat 4: pipza05
Seat 2: Aescul@pius (button) folded before Flop (didn't bet)
Seat 3: MaikonAll (small blind) folded before Flop
Seat 5: ruSSotron (big blind) collected ($1)
Seat 6: Xenicide folded before Flop (didn't bet)



PokerStars Hand #254608906504:  Hold'em No Limit ($0.50/$1.00 USD) - 2025/01/29 17:35:26 WET [2025/01/29 12:35:26 ET]
Table 'Terentia' 6-max Seat #3 is the button
Seat 1: DJNezz ($100 in chips) is sitting out
Seat 4: pipza05 ($23.79 in chips) is sitting out
Seat 2: Aescul@pius ($100 in chips) 
Seat 3: MaikonAll ($100.50 in chips) 
Seat 5: ruSSotron ($100.50 in chips) 
Seat 6: Xenicide ($101.89 in chips) 
ruSSotron: posts small blind $0.50
Xenicide: posts big blind $1
*** HOLE CARDS ***
Aescul@pius: folds 
MaikonAll: raises $1.50 to $2.50
ruSSotron: folds 
Xenicide: folds 
Uncalled bet ($1.50) returned to MaikonAll
MaikonAll collected $2.50 from pot
MaikonAll: doesn't show hand 
*** SUMMARY ***
Total pot $2.50 | Rake $0 
Seat 1: DJNezz
Seat 4: pipza05
Seat 2: Aescul@pius folded before Flop (didn't bet)
Seat 3: MaikonAll (button) collected ($2.50)
Seat 5: ruSSotron (small blind) folded before Flop
Seat 6: Xenicide (big blind) folded before Flop



PokerStars Hand #254608910646:  Hold'em No Limit ($0.50/$1.00 USD) - 2025/01/29 17:35:42 WET [2025/01/29 12:35:42 ET]
Table 'Terentia' 6-max Seat #5 is the button
Seat 1: DJNezz ($100 in chips) is sitting out
Seat 4: pipza05 ($23.79 in chips) is sitting out
Seat 2: Aescul@pius ($100 in chips) 
Seat 3: MaikonAll ($102 in chips) 
Seat 5: ruSSotron ($100 in chips) 
Seat 6: Xenicide ($100.89 in chips) 
Xenicide: posts small blind $0.50
Aescul@pius: posts big blind $1
*** HOLE CARDS ***
MaikonAll: folds 
ruSSotron: folds 
Xenicide: raises $2.50 to $3.50
Aescul@pius: folds 
Uncalled bet ($2.50) returned to Xenicide
Xenicide collected $2 from pot
*** SUMMARY ***
Total pot $2 | Rake $0 
Seat 1: DJNezz
Seat 4: pipza05
Seat 2: Aescul@pius (big blind) folded before Flop
Seat 3: MaikonAll folded before Flop (didn't bet)
Seat 5: ruSSotron (button) folded before Flop (didn't bet)
Seat 6: Xenicide (small blind) collected ($2)



PokerStars Hand #254608916137:  Hold'em No Limit ($0.50/$1.00 USD) - 2025/01/29 17:36:03 WET [2025/01/29 12:36:03 ET]
Table 'Terentia' 6-max Seat #6 is the button
Seat 1: DJNezz ($100 in chips) is sitting out
Seat 4: pipza05 ($23.79 in chips) is sitting out
Seat 2: Aescul@pius ($100 in chips) 
Seat 3: MaikonAll ($102 in chips) 
Seat 5: ruSSotron ($100 in chips) 
Seat 6: Xenicide ($101.89 in chips) 
Aescul@pius: posts small blind $0.50
MaikonAll: posts big blind $1
*** HOLE CARDS ***
ruSSotron: folds 
Xenicide: folds 
Aescul@pius: folds 
Uncalled bet ($0.50) returned to MaikonAll
MaikonAll collected $1 from pot
MaikonAll: doesn't show hand 
*** SUMMARY ***
Total pot $1 | Rake $0 
Seat 1: DJNezz
Seat 4: pipza05
Seat 2: Aescul@pius (small blind) folded before Flop
Seat 3: MaikonAll (big blind) collected ($1)
Seat 5: ruSSotron folded before Flop (didn't bet)
Seat 6: Xenicide (button) folded before Flop (didn't bet)



PokerStars Hand #254608918642:  Hold'em No Limit ($0.50/$1.00 USD) - 2025/01/29 17:36:13 WET [2025/01/29 12:36:13 ET]
Table 'Terentia' 6-max Seat #2 is the button
Seat 1: DJNezz ($100 in chips) is sitting out
Seat 2: Aescul@pius ($100 in chips) 
Seat 3: MaikonAll ($102.50 in chips) 
Seat 4: pipza05 ($23.79 in chips) 
Seat 5: ruSSotron ($100 in chips) 
Seat 6: Xenicide ($101.89 in chips) 
MaikonAll: posts small blind $0.50
pipza05: posts big blind $1
DJNezz: sits out 
*** HOLE CARDS ***
ruSSotron: folds 
Xenicide: raises $1 to $2
Aescul@pius: folds 
MaikonAll: raises $9 to $11
pipza05: folds 
Xenicide: calls $9
*** FLOP *** [Jc 6h 5h]
MaikonAll: bets $10.93
Xenicide: folds 
Uncalled bet ($10.93) returned to MaikonAll
MaikonAll collected $21.85 from pot
MaikonAll: doesn't show hand 
*** SUMMARY ***
Total pot $23 | Rake $1.15 
Board [Jc 6h 5h]
Seat 1: DJNezz
Seat 2: Aescul@pius (button) folded before Flop (didn't bet)
Seat 3: MaikonAll (small blind) collected ($21.85)
Seat 4: pipza05 (big blind) folded before Flop
Seat 5: ruSSotron folded before Flop (didn't bet)
Seat 6: Xenicide folded on the Flop



PokerStars Hand #254608934099:  Hold'em No Limit ($0.50/$1.00 USD) - 2025/01/29 17:37:13 WET [2025/01/29 12:37:13 ET]
Table 'Terentia' 6-max Seat #3 is the button
Seat 1: DJNezz ($100 in chips) is sitting out
Seat 2: Aescul@pius ($100 in chips) 
Seat 3: MaikonAll ($113.35 in chips) 
Seat 4: pipza05 ($22.79 in chips) 
Seat 5: ruSSotron ($100 in chips) 
Seat 6: Xenicide ($100 in chips) 
pipza05: posts small blind $0.50
ruSSotron: posts big blind $1
DJNezz: sits out 
*** HOLE CARDS ***
Xenicide: folds 
Aescul@pius: raises $1.20 to $2.20
MaikonAll: folds 
pipza05: calls $1.70
ruSSotron: folds 
*** FLOP *** [6s Ah 7d]
pipza05: checks 
Aescul@pius: checks 
*** TURN *** [6s Ah 7d] [3c]
pipza05: checks 
Aescul@pius: checks 
*** RIVER *** [6s Ah 7d 3c] [5c]
pipza05: checks 
Aescul@pius: bets $1.69
pipza05: folds 
Uncalled bet ($1.69) returned to Aescul@pius
Aescul@pius collected $5.13 from pot
Aescul@pius: doesn't show hand 
*** SUMMARY ***
Total pot $5.40 | Rake $0.27 
Board [6s Ah 7d 3c 5c]
Seat 1: DJNezz
Seat 2: Aescul@pius collected ($5.13)
Seat 3: MaikonAll (button) folded before Flop (didn't bet)
Seat 4: pipza05 (small blind) folded on the River
Seat 5: ruSSotron (big blind) folded before Flop
Seat 6: Xenicide folded before Flop (didn't bet)



PokerStars Hand #254608952879:  Hold'em No Limit ($0.50/$1.00 USD) - 2025/01/29 17:38:26 WET [2025/01/29 12:38:26 ET]
Table 'Terentia' 6-max Seat #4 is the button
Seat 1: DJNezz ($100 in chips) is sitting out
Seat 2: Aescul@pius ($102.93 in chips) 
Seat 3: MaikonAll ($113.35 in chips) 
Seat 4: pipza05 ($20.59 in chips) 
Seat 5: ruSSotron ($100 in chips) 
Seat 6: Xenicide ($100 in chips) 
ruSSotron: posts small blind $0.50
Xenicide: posts big blind $1
DJNezz: sits out 
*** HOLE CARDS ***
Aescul@pius: folds 
MaikonAll: raises $1.30 to $2.30
pipza05: calls $2.30
ruSSotron: folds 
Xenicide: folds 
*** FLOP *** [4s Jh Kh]
MaikonAll: checks 
pipza05: checks 
*** TURN *** [4s Jh Kh] [Js]
MaikonAll: bets $1.45
pipza05: calls $1.45
*** RIVER *** [4s Jh Kh Js] [8s]
MaikonAll: checks 
pipza05: checks 
*** SHOW DOWN ***
MaikonAll: shows [7s 7h] (two pair, Jacks and Sevens)
pipza05: mucks hand 
MaikonAll collected $8.55 from pot
*** SUMMARY ***
Total pot $9 | Rake $0.45 
Board [4s Jh Kh Js 8s]
Seat 1: DJNezz
Seat 2: Aescul@pius folded before Flop (didn't bet)
Seat 3: MaikonAll showed [7s 7h] and won ($8.55) with two pair, Jacks and Sevens
Seat 4: pipza05 (button) mucked
Seat 5: ruSSotron (small blind) folded before Flop
Seat 6: Xenicide (big blind) folded before Flop



PokerStars Hand #254608972514:  Hold'em No Limit ($0.50/$1.00 USD) - 2025/01/29 17:39:41 WET [2025/01/29 12:39:41 ET]
Table 'Terentia' 6-max Seat #5 is the button
Seat 1: DJNezz ($100 in chips) 
Seat 2: Aescul@pius ($102.93 in chips) 
Seat 3: MaikonAll ($118.15 in chips) 
Seat 4: pipza05 ($16.84 in chips) 
Seat 5: ruSSotron ($100 in chips) 
Seat 6: Xenicide ($100 in chips) 
Xenicide: posts small blind $0.50
DJNezz: posts big blind $1
*** HOLE CARDS ***
Aescul@pius: folds 
MaikonAll: raises $1.30 to $2.30
pipza05: folds 
ruSSotron: folds 
Xenicide: folds 
DJNezz: folds 
Uncalled bet ($1.30) returned to MaikonAll
MaikonAll collected $2.50 from pot
MaikonAll: doesn't show hand 
*** SUMMARY ***
Total pot $2.50 | Rake $0 
Seat 1: DJNezz (big blind) folded before Flop
Seat 2: Aescul@pius folded before Flop (didn't bet)
Seat 3: MaikonAll collected ($2.50)
Seat 4: pipza05 folded before Flop (didn't bet)
Seat 5: ruSSotron (button) folded before Flop (didn't bet)
Seat 6: Xenicide (small blind) folded before Flop



PokerStars Hand #254608980519:  Hold'em No Limit ($0.50/$1.00 USD) - 2025/01/29 17:40:12 WET [2025/01/29 12:40:12 ET]
Table 'Terentia' 6-max Seat #6 is the button
Seat 1: DJNezz ($100 in chips) 
Seat 2: Aescul@pius ($102.93 in chips) 
Seat 3: MaikonAll ($119.65 in chips) 
Seat 4: pipza05 ($16.84 in chips) 
Seat 5: ruSSotron ($100 in chips) 
Seat 6: Xenicide ($100 in chips) 
DJNezz: posts small blind $0.50
Aescul@pius: posts big blind $1
*** HOLE CARDS ***
MaikonAll: folds 
pipza05: folds 
ruSSotron: raises $1.20 to $2.20
Xenicide: folds 
DJNezz: folds 
Aescul@pius: folds 
Uncalled bet ($1.20) returned to ruSSotron
ruSSotron collected $2.50 from pot
*** SUMMARY ***
Total pot $2.50 | Rake $0 
Seat 1: DJNezz (small blind) folded before Flop
Seat 2: Aescul@pius (big blind) folded before Flop
Seat 3: MaikonAll folded before Flop (didn't bet)
Seat 4: pipza05 folded before Flop (didn't bet)
Seat 5: ruSSotron collected ($2.50)
Seat 6: Xenicide (button) folded before Flop (didn't bet)



PokerStars Hand #254608986329:  Hold'em No Limit ($0.50/$1.00 USD) - 2025/01/29 17:40:35 WET [2025/01/29 12:40:35 ET]
Table 'Terentia' 6-max Seat #1 is the button
Seat 1: DJNezz ($100 in chips) 
Seat 2: Aescul@pius ($101.93 in chips) 
Seat 3: MaikonAll ($119.65 in chips) 
Seat 4: pipza05 ($16.84 in chips) 
Seat 5: ruSSotron ($101.50 in chips) 
Seat 6: Xenicide ($100 in chips) 
Aescul@pius: posts small blind $0.50
MaikonAll: posts big blind $1
*** HOLE CARDS ***
pipza05: calls $1
ruSSotron: raises $3.50 to $4.50
Xenicide: folds 
DJNezz: folds 
Aescul@pius: folds 
MaikonAll: folds 
pipza05: raises $12.34 to $16.84 and is all-in
ruSSotron: calls $12.34
*** FLOP *** [Qh 5d Kd]
*** TURN *** [Qh 5d Kd] [Th]
*** RIVER *** [Qh 5d Kd Th] [Ks]
*** SHOW DOWN ***
pipza05: shows [Js Ts] (two pair, Kings and Tens)
ruSSotron: shows [Kh 7h] (three of a kind, Kings)
ruSSotron collected $33.42 from pot
*** SUMMARY ***
Total pot $35.18 | Rake $1.76 
Board [Qh 5d Kd Th Ks]
Seat 1: DJNezz (button) folded before Flop (didn't bet)
Seat 2: Aescul@pius (small blind) folded before Flop
Seat 3: MaikonAll (big blind) folded before Flop
Seat 4: pipza05 showed [Js Ts] and lost with two pair, Kings and Tens
Seat 5: ruSSotron showed [Kh 7h] and won ($33.42) with three of a kind, Kings
Seat 6: Xenicide folded before Flop (didn't bet)



PokerStars Hand #254608996277:  Hold'em No Limit ($0.50/$1.00 USD) - 2025/01/29 17:41:13 WET [2025/01/29 12:41:13 ET]
Table 'Terentia' 6-max Seat #2 is the button
Seat 4: pipza05 ($0 in chips) is sitting out
Seat 1: DJNezz ($100 in chips) 
Seat 2: Aescul@pius ($101.43 in chips) 
Seat 3: MaikonAll ($118.65 in chips) 
Seat 5: ruSSotron ($118.08 in chips) 
Seat 6: Xenicide ($100 in chips) 
MaikonAll: posts small blind $0.50
ruSSotron: posts big blind $1
*** HOLE CARDS ***
pipza05 is disconnected 
Xenicide: raises $1 to $2
DJNezz: folds 
Aescul@pius: folds 
MaikonAll: folds 
ruSSotron: calls $1
*** FLOP *** [2d 2h 3d]
ruSSotron: checks 
Xenicide: bets $1.07
ruSSotron: folds 
Uncalled bet ($1.07) returned to Xenicide
Xenicide collected $4.28 from pot
*** SUMMARY ***
Total pot $4.50 | Rake $0.22 
Board [2d 2h 3d]
Seat 4: pipza05
Seat 1: DJNezz folded before Flop (didn't bet)
Seat 2: Aescul@pius (button) folded before Flop (didn't bet)
Seat 3: MaikonAll (small blind) folded before Flop
Seat 5: ruSSotron (big blind) folded on the Flop
Seat 6: Xenicide collected ($4.28)



PokerStars Hand #254609004140:  Hold'em No Limit ($0.50/$1.00 USD) - 2025/01/29 17:41:44 WET [2025/01/29 12:41:44 ET]
Table 'Terentia' 6-max Seat #3 is the button
Seat 4: pipza05 ($0 in chips) is sitting out
Seat 1: DJNezz ($100 in chips) 
Seat 2: Aescul@pius ($101.43 in chips) 
Seat 3: MaikonAll ($118.15 in chips) 
Seat 5: ruSSotron ($116.08 in chips) 
Seat 6: Xenicide ($102.28 in chips) 
ruSSotron: posts small blind $0.50
Xenicide: posts big blind $1
*** HOLE CARDS ***
DJNezz: folds 
Aescul@pius: folds 
MaikonAll: folds 
ruSSotron: raises $2 to $3
Xenicide: raises $4.50 to $7.50
ruSSotron: calls $4.50
*** FLOP *** [7c 5c 8s]
ruSSotron: checks 
Xenicide: checks 
*** TURN *** [7c 5c 8s] [7h]
ruSSotron: bets $4.70
Xenicide: raises $13.01 to $17.71
ruSSotron: calls $13.01
*** RIVER *** [7c 5c 8s 7h] [4h]
ruSSotron: checks 
Xenicide: bets $14.86
ruSSotron: folds 
Uncalled bet ($14.86) returned to Xenicide
Xenicide collected $47.92 from pot
Xenicide: doesn't show hand 
*** SUMMARY ***
Total pot $50.42 | Rake $2.50 
Board [7c 5c 8s 7h 4h]
Seat 4: pipza05
Seat 1: DJNezz folded before Flop (didn't bet)
Seat 2: Aescul@pius folded before Flop (didn't bet)
Seat 3: MaikonAll (button) folded before Flop (didn't bet)
Seat 5: ruSSotron (small blind) folded on the River
Seat 6: Xenicide (big blind) collected ($47.92)



PokerStars Hand #254609025725:  Hold'em No Limit ($0.50/$1.00 USD) - 2025/01/29 17:43:08 WET [2025/01/29 12:43:08 ET]
Table 'Terentia' 6-max Seat #5 is the button
Seat 4: pipza05 ($0 in chips) is sitting out
Seat 1: DJNezz ($100 in chips) 
Seat 2: Aescul@pius ($101.43 in chips) 
Seat 3: MaikonAll ($118.15 in chips) 
Seat 5: ruSSotron ($100 in chips) 
Seat 6: Xenicide ($124.99 in chips) 
Xenicide: posts small blind $0.50
DJNezz: posts big blind $1
*** HOLE CARDS ***
Aescul@pius: folds 
MaikonAll: folds 
ruSSotron: folds 
Xenicide: folds 
Uncalled bet ($0.50) returned to DJNezz
DJNezz collected $1 from pot
*** SUMMARY ***
Total pot $1 | Rake $0 
Seat 4: pipza05
Seat 1: DJNezz (big blind) collected ($1)
Seat 2: Aescul@pius folded before Flop (didn't bet)
Seat 3: MaikonAll folded before Flop (didn't bet)
Seat 5: ruSSotron (button) folded before Flop (didn't bet)
Seat 6: Xenicide (small blind) folded before Flop



PokerStars Hand #254609030118:  Hold'em No Limit ($0.50/$1.00 USD) - 2025/01/29 17:43:25 WET [2025/01/29 12:43:25 ET]
Table 'Terentia' 6-max Seat #6 is the button
Seat 4: pipza05 ($0 in chips) is sitting out
Seat 1: DJNezz ($100.50 in chips) 
Seat 2: Aescul@pius ($101.43 in chips) 
Seat 3: MaikonAll ($118.15 in chips) 
Seat 5: ruSSotron ($100 in chips) 
Seat 6: Xenicide ($124.49 in chips) 
DJNezz: posts small blind $0.50
Aescul@pius: posts big blind $1
*** HOLE CARDS ***
MaikonAll: folds 
ruSSotron: folds 
Xenicide: folds 
DJNezz: folds 
Uncalled bet ($0.50) returned to Aescul@pius
Aescul@pius collected $1 from pot
Aescul@pius: doesn't show hand 
*** SUMMARY ***
Total pot $1 | Rake $0 
Seat 4: pipza05
Seat 1: DJNezz (small blind) folded before Flop
Seat 2: Aescul@pius (big blind) collected ($1)
Seat 3: MaikonAll folded before Flop (didn't bet)
Seat 5: ruSSotron folded before Flop (didn't bet)
Seat 6: Xenicide (button) folded before Flop (didn't bet)



PokerStars Hand #254609034881:  Hold'em No Limit ($0.50/$1.00 USD) - 2025/01/29 17:43:43 WET [2025/01/29 12:43:43 ET]
Table 'Terentia' 6-max Seat #1 is the button
Seat 4: pipza05 ($0 in chips) is sitting out
Seat 1: DJNezz ($100 in chips) 
Seat 2: Aescul@pius ($101.93 in chips) 
Seat 3: MaikonAll ($118.15 in chips) 
Seat 5: ruSSotron ($100 in chips) 
Seat 6: Xenicide ($124.49 in chips) 
Aescul@pius: posts small blind $0.50
MaikonAll: posts big blind $1
*** HOLE CARDS ***
ruSSotron: folds 
Xenicide: raises $1 to $2
DJNezz: folds 
Aescul@pius: calls $1.50
MaikonAll: folds 
*** FLOP *** [2s Jd 9h]
Aescul@pius: checks 
Xenicide: bets $1.19
Aescul@pius: calls $1.19
*** TURN *** [2s Jd 9h] [6h]
Aescul@pius: checks 
Xenicide: checks 
*** RIVER *** [2s Jd 9h 6h] [2c]
Aescul@pius: bets $2.31
Xenicide: raises $2.31 to $4.62
Aescul@pius: raises $9.34 to $13.96
Xenicide: folds 
Uncalled bet ($9.34) returned to Aescul@pius
Aescul@pius collected $15.79 from pot
Aescul@pius: doesn't show hand 
*** SUMMARY ***
Total pot $16.62 | Rake $0.83 
Board [2s Jd 9h 6h 2c]
Seat 4: pipza05
Seat 1: DJNezz (button) folded before Flop (didn't bet)
Seat 2: Aescul@pius (small blind) collected ($15.79)
Seat 3: MaikonAll (big blind) folded before Flop
Seat 5: ruSSotron folded before Flop (didn't bet)
Seat 6: Xenicide folded on the River



PokerStars Hand #254609072668:  Hold'em No Limit ($0.50/$1.00 USD) - 2025/01/29 17:46:10 WET [2025/01/29 12:46:10 ET]
Table 'Terentia' 6-max Seat #2 is the button
Seat 4: pipza05 ($0 in chips) is sitting out
Seat 1: DJNezz ($100 in chips) 
Seat 2: Aescul@pius ($109.91 in chips) 
Seat 3: MaikonAll ($117.15 in chips) 
Seat 5: ruSSotron ($100 in chips) 
Seat 6: Xenicide ($116.68 in chips) 
MaikonAll: posts small blind $0.50
ruSSotron: posts big blind $1
*** HOLE CARDS ***
Xenicide: folds 
DJNezz: raises $1.20 to $2.20
Aescul@pius: raises $5.30 to $7.50
MaikonAll: folds 
ruSSotron: folds 
DJNezz: raises $14.50 to $22
Aescul@pius: folds 
Uncalled bet ($14.50) returned to DJNezz
DJNezz collected $16.50 from pot
*** SUMMARY ***
Total pot $16.50 | Rake $0 
Seat 4: pipza05
Seat 1: DJNezz collected ($16.50)
Seat 2: Aescul@pius (button) folded before Flop
Seat 3: MaikonAll (small blind) folded before Flop
Seat 5: ruSSotron (big blind) folded before Flop
Seat 6: Xenicide folded before Flop (didn't bet)



PokerStars Hand #254609082099:  Hold'em No Limit ($0.50/$1.00 USD) - 2025/01/29 17:46:47 WET [2025/01/29 12:46:47 ET]
Table 'Terentia' 6-max Seat #3 is the button
Seat 4: pipza05 ($0 in chips) is sitting out
Seat 1: DJNezz ($109 in chips) 
Seat 2: Aescul@pius ($102.41 in chips) 
Seat 3: MaikonAll ($116.65 in chips) 
Seat 5: ruSSotron ($100 in chips) 
Seat 6: Xenicide ($116.68 in chips) 
ruSSotron: posts small blind $0.50
Xenicide: posts big blind $1
*** HOLE CARDS ***
DJNezz: folds 
Aescul@pius: folds 
MaikonAll: folds 
ruSSotron: raises $2 to $3
Xenicide: folds 
Uncalled bet ($2) returned to ruSSotron
ruSSotron collected $2 from pot
*** SUMMARY ***
Total pot $2 | Rake $0 
Seat 4: pipza05
Seat 1: DJNezz folded before Flop (didn't bet)
Seat 2: Aescul@pius folded before Flop (didn't bet)
Seat 3: MaikonAll (button) folded before Flop (didn't bet)
Seat 5: ruSSotron (small blind) collected ($2)
Seat 6: Xenicide (big blind) folded before Flop



PokerStars Hand #254609088854:  Hold'em No Limit ($0.50/$1.00 USD) - 2025/01/29 17:47:13 WET [2025/01/29 12:47:13 ET]
Table 'Terentia' 6-max Seat #5 is the button
Seat 4: pipza05 ($0 in chips) is sitting out
Seat 1: DJNezz ($109 in chips) 
Seat 2: Aescul@pius ($102.41 in chips) 
Seat 3: MaikonAll ($116.65 in chips) 
Seat 5: ruSSotron ($101 in chips) 
Seat 6: Xenicide ($115.68 in chips) 
Xenicide: posts small blind $0.50
DJNezz: posts big blind $1
*** HOLE CARDS ***
Aescul@pius: folds 
MaikonAll: folds 
ruSSotron: folds 
Xenicide: raises $2.50 to $3.50
DJNezz: calls $2.50
*** FLOP *** [6d 8h 3s]
Xenicide: checks 
DJNezz: checks 
*** TURN *** [6d 8h 3s] [7s]
Xenicide: checks 
DJNezz: checks 
*** RIVER *** [6d 8h 3s 7s] [Qd]
Xenicide: checks 
DJNezz: checks 
*** SHOW DOWN ***
Xenicide: shows [Ad 7h] (a pair of Sevens)
DJNezz: mucks hand 
Xenicide collected $6.65 from pot
*** SUMMARY ***
Total pot $7 | Rake $0.35 
Board [6d 8h 3s 7s Qd]
Seat 4: pipza05
Seat 1: DJNezz (big blind) mucked
Seat 2: Aescul@pius folded before Flop (didn't bet)
Seat 3: MaikonAll folded before Flop (didn't bet)
Seat 5: ruSSotron (button) folded before Flop (didn't bet)
Seat 6: Xenicide (small blind) showed [Ad 7h] and won ($6.65) with a pair of Sevens



PokerStars Hand #254609112522:  Hold'em No Limit ($0.50/$1.00 USD) - 2025/01/29 17:48:44 WET [2025/01/29 12:48:44 ET]
Table 'Terentia' 6-max Seat #6 is the button
Seat 4: pipza05 ($0 in chips) is sitting out
Seat 1: DJNezz ($105.50 in chips) 
Seat 2: Aescul@pius ($102.41 in chips) 
Seat 3: MaikonAll ($116.65 in chips) 
Seat 5: ruSSotron ($101 in chips) 
Seat 6: Xenicide ($118.83 in chips) 
DJNezz: posts small blind $0.50
Aescul@pius: posts big blind $1
*** HOLE CARDS ***
MaikonAll: folds 
ruSSotron: folds 
Xenicide: folds 
DJNezz: folds 
Uncalled bet ($0.50) returned to Aescul@pius
Aescul@pius collected $1 from pot
Aescul@pius: doesn't show hand 
*** SUMMARY ***
Total pot $1 | Rake $0 
Seat 4: pipza05
Seat 1: DJNezz (small blind) folded before Flop
Seat 2: Aescul@pius (big blind) collected ($1)
Seat 3: MaikonAll folded before Flop (didn't bet)
Seat 5: ruSSotron folded before Flop (didn't bet)
Seat 6: Xenicide (button) folded before Flop (didn't bet)



PokerStars Hand #254609116225:  Hold'em No Limit ($0.50/$1.00 USD) - 2025/01/29 17:48:58 WET [2025/01/29 12:48:58 ET]
Table 'Terentia' 6-max Seat #1 is the button
Seat 4: pipza05 ($0 in chips) is sitting out
Seat 1: DJNezz ($105 in chips) 
Seat 2: Aescul@pius ($102.91 in chips) 
Seat 3: MaikonAll ($116.65 in chips) 
Seat 5: ruSSotron ($101 in chips) 
Seat 6: Xenicide ($118.83 in chips) 
Aescul@pius: posts small blind $0.50
MaikonAll: posts big blind $1
*** HOLE CARDS ***
ruSSotron: raises $1.20 to $2.20
Xenicide: folds 
DJNezz: folds 
Aescul@pius: raises $8.80 to $11
MaikonAll: folds 
ruSSotron: folds 
Uncalled bet ($8.80) returned to Aescul@pius
Aescul@pius collected $5.40 from pot
Aescul@pius: doesn't show hand 
*** SUMMARY ***
Total pot $5.40 | Rake $0 
Seat 4: pipza05
Seat 1: DJNezz (button) folded before Flop (didn't bet)
Seat 2: Aescul@pius (small blind) collected ($5.40)
Seat 3: MaikonAll (big blind) folded before Flop
Seat 5: ruSSotron folded before Flop
Seat 6: Xenicide folded before Flop (didn't bet)



PokerStars Hand #254609126005:  Hold'em No Limit ($0.50/$1.00 USD) - 2025/01/29 17:49:35 WET [2025/01/29 12:49:35 ET]
Table 'Terentia' 6-max Seat #2 is the button
Seat 4: pipza05 ($0 in chips) is sitting out
Seat 1: DJNezz ($105 in chips) 
Seat 2: Aescul@pius ($106.11 in chips) 
Seat 3: MaikonAll ($115.65 in chips) 
Seat 5: ruSSotron ($100 in chips) 
Seat 6: Xenicide ($118.83 in chips) 
MaikonAll: posts small blind $0.50
ruSSotron: posts big blind $1
*** HOLE CARDS ***
Xenicide: folds 
DJNezz: folds 
Aescul@pius: raises $1.50 to $2.50
MaikonAll: folds 
ruSSotron: folds 
Uncalled bet ($1.50) returned to Aescul@pius
Aescul@pius collected $2.50 from pot
Aescul@pius: doesn't show hand 
*** SUMMARY ***
Total pot $2.50 | Rake $0 
Seat 4: pipza05
Seat 1: DJNezz folded before Flop (didn't bet)
Seat 2: Aescul@pius (button) collected ($2.50)
Seat 3: MaikonAll (small blind) folded before Flop
Seat 5: ruSSotron (big blind) folded before Flop
Seat 6: Xenicide folded before Flop (didn't bet)



PokerStars Hand #254609130366:  Hold'em No Limit ($0.50/$1.00 USD) - 2025/01/29 17:49:52 WET [2025/01/29 12:49:52 ET]
Table 'Terentia' 6-max Seat #3 is the button
Seat 4: pipza05 ($0 in chips) is sitting out
Seat 1: DJNezz ($105 in chips) 
Seat 2: Aescul@pius ($107.61 in chips) 
Seat 3: MaikonAll ($115.15 in chips) 
Seat 5: ruSSotron ($100 in chips) 
Seat 6: Xenicide ($118.83 in chips) 
ruSSotron: posts small blind $0.50
Xenicide: posts big blind $1
*** HOLE CARDS ***
DJNezz: folds 
Aescul@pius: folds 
MaikonAll: raises $1.50 to $2.50
ruSSotron: folds 
Xenicide: raises $7.50 to $10
MaikonAll: folds 
Uncalled bet ($7.50) returned to Xenicide
Xenicide collected $5.50 from pot
*** SUMMARY ***
Total pot $5.50 | Rake $0 
Seat 4: pipza05
Seat 1: DJNezz folded before Flop (didn't bet)
Seat 2: Aescul@pius folded before Flop (didn't bet)
Seat 3: MaikonAll (button) folded before Flop
Seat 5: ruSSotron (small blind) folded before Flop
Seat 6: Xenicide (big blind) collected ($5.50)



PokerStars Hand #254609136617:  Hold'em No Limit ($0.50/$1.00 USD) - 2025/01/29 17:50:16 WET [2025/01/29 12:50:16 ET]
Table 'Terentia' 6-max Seat #5 is the button
Seat 4: pipza05 ($0 in chips) is sitting out
Seat 1: DJNezz ($105 in chips) 
Seat 2: Aescul@pius ($107.61 in chips) 
Seat 3: MaikonAll ($112.65 in chips) 
Seat 5: ruSSotron ($100 in chips) 
Seat 6: Xenicide ($121.83 in chips) 
Xenicide: posts small blind $0.50
DJNezz: posts big blind $1
*** HOLE CARDS ***
Aescul@pius: folds 
MaikonAll: folds 
ruSSotron: raises $1.50 to $2.50
Xenicide: raises $7 to $9.50
DJNezz: folds 
ruSSotron: calls $7
*** FLOP *** [Kd 2h 2c]
Xenicide: bets $5.89
ruSSotron: calls $5.89
*** TURN *** [Kd 2h 2c] [Ac]
Xenicide: bets $22.64
ruSSotron: folds 
Uncalled bet ($22.64) returned to Xenicide
Xenicide collected $30.19 from pot
*** SUMMARY ***
Total pot $31.78 | Rake $1.59 
Board [Kd 2h 2c Ac]
Seat 4: pipza05
Seat 1: DJNezz (big blind) folded before Flop
Seat 2: Aescul@pius folded before Flop (didn't bet)
Seat 3: MaikonAll folded before Flop (didn't bet)
Seat 5: ruSSotron (button) folded on the Turn
Seat 6: Xenicide (small blind) collected ($30.19)



PokerStars Hand #254609149038:  Hold'em No Limit ($0.50/$1.00 USD) - 2025/01/29 17:51:04 WET [2025/01/29 12:51:04 ET]
Table 'Terentia' 6-max Seat #6 is the button
Seat 4: pipza05 ($0 in chips) is sitting out
Seat 1: DJNezz ($104 in chips) 
Seat 2: Aescul@pius ($107.61 in chips) 
Seat 3: MaikonAll ($112.65 in chips) 
Seat 5: ruSSotron ($100 in chips) 
Seat 6: Xenicide ($136.63 in chips) 
DJNezz: posts small blind $0.50
Aescul@pius: posts big blind $1
*** HOLE CARDS ***
MaikonAll: folds 
ruSSotron: folds 
Xenicide: folds 
DJNezz: folds 
Uncalled bet ($0.50) returned to Aescul@pius
Aescul@pius collected $1 from pot
Aescul@pius: doesn't show hand 
*** SUMMARY ***
Total pot $1 | Rake $0 
Seat 4: pipza05
Seat 1: DJNezz (small blind) folded before Flop
Seat 2: Aescul@pius (big blind) collected ($1)
Seat 3: MaikonAll folded before Flop (didn't bet)
Seat 5: ruSSotron folded before Flop (didn't bet)
Seat 6: Xenicide (button) folded before Flop (didn't bet)



PokerStars Hand #254609152072:  Hold'em No Limit ($0.50/$1.00 USD) - 2025/01/29 17:51:16 WET [2025/01/29 12:51:16 ET]
Table 'Terentia' 6-max Seat #1 is the button
Seat 4: pipza05 ($0 in chips) is sitting out
Seat 1: DJNezz ($103.50 in chips) 
Seat 2: Aescul@pius ($108.11 in chips) 
Seat 3: MaikonAll ($112.65 in chips) 
Seat 5: ruSSotron ($100 in chips) 
Seat 6: Xenicide ($136.63 in chips) 
Aescul@pius: posts small blind $0.50
MaikonAll: posts big blind $1
*** HOLE CARDS ***
pipza05 leaves the table
ruSSotron: folds 
Xenicide: folds 
DJNezz: raises $1.20 to $2.20
Aescul@pius: folds 
MaikonAll: folds 
Uncalled bet ($1.20) returned to DJNezz
DJNezz collected $2.50 from pot
*** SUMMARY ***
Total pot $2.50 | Rake $0 
Seat 4: pipza05
Seat 1: DJNezz (button) collected ($2.50)
Seat 2: Aescul@pius (small blind) folded before Flop
Seat 3: MaikonAll (big blind) folded before Flop
Seat 5: ruSSotron folded before Flop (didn't bet)
Seat 6: Xenicide folded before Flop (didn't bet)



PokerStars Hand #254609160959:  Hold'em No Limit ($0.50/$1.00 USD) - 2025/01/29 17:51:50 WET [2025/01/29 12:51:50 ET]
Table 'Terentia' 6-max Seat #2 is the button
Seat 1: DJNezz ($105 in chips) 
Seat 2: Aescul@pius ($107.61 in chips) 
Seat 3: MaikonAll ($111.65 in chips) 
Seat 5: ruSSotron ($100 in chips) 
Seat 6: Xenicide ($136.63 in chips) 
MaikonAll: posts small blind $0.50
ruSSotron: posts big blind $1
*** HOLE CARDS ***
Xenicide: folds 
DJNezz: folds 
Aescul@pius: folds 
MaikonAll: raises $2 to $3
ruSSotron: calls $2
*** FLOP *** [2c 6s 5h]
MaikonAll: checks 
BoyLoc0 joins the table at seat #4 
ruSSotron: bets $2.85
BoyLoc0 leaves the table
MaikonAll: calls $2.85
*** TURN *** [2c 6s 5h] [Ac]
MaikonAll: checks 
ruSSotron: checks 
*** RIVER *** [2c 6s 5h Ac] [8c]
MaikonAll: bets $2.77
ruSSotron: folds 
Uncalled bet ($2.77) returned to MaikonAll
MaikonAll collected $11.12 from pot
MaikonAll: doesn't show hand 
*** SUMMARY ***
Total pot $11.70 | Rake $0.58 
Board [2c 6s 5h Ac 8c]
Seat 1: DJNezz folded before Flop (didn't bet)
Seat 2: Aescul@pius (button) folded before Flop (didn't bet)
Seat 3: MaikonAll (small blind) collected ($11.12)
Seat 5: ruSSotron (big blind) folded on the River
Seat 6: Xenicide folded before Flop (didn't bet)



PokerStars Hand #254608644998:  Hold'em No Limit ($0.50/$1.00 USD) - 2025/01/29 17:18:24 WET [2025/01/29 12:18:24 ET]
Table 'Terentia' 6-max Seat #4 is the button
Seat 1: DJNezz ($100 in chips) is sitting out
Seat 2: app1e_j@ck ($100 in chips) 
Seat 3: elcutez ($106.49 in chips) 
Seat 4: pipza05 ($42.31 in chips) 
Seat 5: Rezzonner ($100.50 in chips) 
Seat 6: Xenicide ($100 in chips) 
Rezzonner: posts small blind $0.50
Xenicide: posts big blind $1
DJNezz: sits out 
*** HOLE CARDS ***
app1e_j@ck: folds 
elcutez: folds 
pipza05: calls $1
Rezzonner: raises $2 to $3
Xenicide: folds 
pipza05: calls $2
*** FLOP *** [4h 8h 2d]
Rezzonner: checks 
pipza05: bets $2
Rezzonner: calls $2
*** TURN *** [4h 8h 2d] [3c]
Rezzonner: checks 
pipza05: bets $3
Rezzonner: calls $3
*** RIVER *** [4h 8h 2d 3c] [8c]
Rezzonner: bets $14.50
pipza05: calls $14.50
*** SHOW DOWN ***
Rezzonner: shows [8d 7d] (three of a kind, Eights)
pipza05: mucks hand 
Rezzonner collected $43.70 from pot
*** SUMMARY ***
Total pot $46 | Rake $2.30 
Board [4h 8h 2d 3c 8c]
Seat 1: DJNezz
Seat 2: app1e_j@ck folded before Flop (didn't bet)
Seat 3: elcutez folded before Flop (didn't bet)
Seat 4: pipza05 (button) mucked
Seat 5: Rezzonner (small blind) showed [8d 7d] and won ($43.70) with three of a kind, Eights
Seat 6: Xenicide (big blind) folded before Flop



PokerStars Hand #254608656321:  Hold'em No Limit ($0.50/$1.00 USD) - 2025/01/29 17:19:08 WET [2025/01/29 12:19:08 ET]
Table 'Terentia' 6-max Seat #5 is the button
Seat 1: DJNezz ($100 in chips) 
Seat 2: app1e_j@ck ($100 in chips) 
Seat 3: elcutez ($106.49 in chips) 
Seat 4: pipza05 ($19.81 in chips) 
Seat 5: Rezzonner ($121.70 in chips) 
Seat 6: Xenicide ($100 in chips) 
Xenicide: posts small blind $0.50
DJNezz: posts big blind $1
*** HOLE CARDS ***
app1e_j@ck: folds 
elcutez: folds 
pipza05: raises $2 to $3
Rezzonner: folds 
Xenicide: folds 
DJNezz: folds 
Uncalled bet ($2) returned to pipza05
pipza05 collected $2.50 from pot
*** SUMMARY ***
Total pot $2.50 | Rake $0 
Seat 1: DJNezz (big blind) folded before Flop
Seat 2: app1e_j@ck folded before Flop (didn't bet)
Seat 3: elcutez folded before Flop (didn't bet)
Seat 4: pipza05 collected ($2.50)
Seat 5: Rezzonner (button) folded before Flop (didn't bet)
Seat 6: Xenicide (small blind) folded before Flop



PokerStars Hand #254608663490:  Hold'em No Limit ($0.50/$1.00 USD) - 2025/01/29 17:19:36 WET [2025/01/29 12:19:36 ET]
Table 'Terentia' 6-max Seat #6 is the button
Seat 2: app1e_j@ck ($100 in chips) is sitting out
Seat 1: DJNezz ($100 in chips) 
Seat 3: elcutez ($106.49 in chips) 
Seat 4: pipza05 ($21.31 in chips) 
Seat 5: Rezzonner ($121.70 in chips) 
Seat 6: Xenicide ($100 in chips) 
DJNezz: posts small blind $0.50
app1e_j@ck: is sitting out 
elcutez: posts big blind $1
*** HOLE CARDS ***
pipza05: folds 
app1e_j@ck leaves the table
Rezzonner: raises $1.50 to $2.50
Xenicide: folds 
DJNezz: folds 
elcutez: folds 
Uncalled bet ($1.50) returned to Rezzonner
Rezzonner collected $2.50 from pot
Rezzonner: doesn't show hand 
*** SUMMARY ***
Total pot $2.50 | Rake $0 
Seat 2: app1e_j@ck
Seat 1: DJNezz (small blind) folded before Flop
Seat 3: elcutez (big blind) folded before Flop
Seat 4: pipza05 folded before Flop (didn't bet)
Seat 5: Rezzonner collected ($2.50)
Seat 6: Xenicide (button) folded before Flop (didn't bet)



PokerStars Hand #254608667748:  Hold'em No Limit ($0.50/$1.00 USD) - 2025/01/29 17:19:53 WET [2025/01/29 12:19:53 ET]
Table 'Terentia' 6-max Seat #1 is the button
Seat 1: DJNezz ($100 in chips) 
Seat 3: elcutez ($105.49 in chips) 
Seat 4: pipza05 ($21.31 in chips) 
Seat 5: Rezzonner ($123.20 in chips) 
Seat 6: Xenicide ($100 in chips) 
elcutez: posts small blind $0.50
pipza05: posts big blind $1
*** HOLE CARDS ***
Rezzonner: folds 
UnderC@t joins the table at seat #2 
Xenicide: raises $1 to $2
DJNezz is disconnected 
DJNezz has timed out while disconnected
DJNezz: folds 
elcutez: folds 
pipza05: calls $1
*** FLOP *** [2h Ts 8d]
pipza05: checks 
Xenicide: bets $1.07
pipza05: folds 
Uncalled bet ($1.07) returned to Xenicide
Xenicide collected $4.28 from pot
*** SUMMARY ***
Total pot $4.50 | Rake $0.22 
Board [2h Ts 8d]
Seat 1: DJNezz (button) folded before Flop (didn't bet)
Seat 3: elcutez (small blind) folded before Flop
Seat 4: pipza05 (big blind) folded on the Flop
Seat 5: Rezzonner folded before Flop (didn't bet)
Seat 6: Xenicide collected ($4.28)



PokerStars Hand #254608680232:  Hold'em No Limit ($0.50/$1.00 USD) - 2025/01/29 17:20:41 WET [2025/01/29 12:20:41 ET]
Table 'Terentia' 6-max Seat #3 is the button
Seat 2: UnderC@t ($100 in chips) is sitting out
Seat 5: Rezzonner ($123.20 in chips) is sitting out
Seat 1: DJNezz ($100 in chips) 
Seat 3: elcutez ($104.99 in chips) 
Seat 4: pipza05 ($19.31 in chips) 
Seat 6: Xenicide ($102.28 in chips) 
pipza05: posts small blind $0.50
Rezzonner: is sitting out 
Xenicide: posts big blind $1
UnderC@t: sits out 
*** HOLE CARDS ***
Rezzonner leaves the table
DJNezz: folds 
elcutez: raises $2.50 to $3.50
pipza05: folds 
Xenicide: folds 
Uncalled bet ($2.50) returned to elcutez
Joe_Li7 joins the table at seat #5 
elcutez collected $2.50 from pot
*** SUMMARY ***
Total pot $2.50 | Rake $0 
Seat 2: UnderC@t
Seat 5: Rezzonner
Seat 1: DJNezz folded before Flop (didn't bet)
Seat 3: elcutez (button) collected ($2.50)
Seat 4: pipza05 (small blind) folded before Flop
Seat 6: Xenicide (big blind) folded before Flop



PokerStars Hand #254608684061:  Hold'em No Limit ($0.50/$1.00 USD) - 2025/01/29 17:20:56 WET [2025/01/29 12:20:56 ET]
Table 'Terentia' 6-max Seat #4 is the button
Seat 2: UnderC@t ($100 in chips) is sitting out
Seat 5: Joe_Li7 ($100 in chips) is sitting out
Seat 1: DJNezz ($100 in chips) 
Seat 3: elcutez ($106.49 in chips) 
Seat 4: pipza05 ($18.81 in chips) 
Seat 6: Xenicide ($101.28 in chips) 
Xenicide: posts small blind $0.50
DJNezz: posts big blind $1
UnderC@t: sits out 
*** HOLE CARDS ***
elcutez: folds 
pipza05: folds 
Xenicide: raises $2.50 to $3.50
DJNezz: folds 
Uncalled bet ($2.50) returned to Xenicide
Xenicide collected $2 from pot
*** SUMMARY ***
Total pot $2 | Rake $0 
Seat 2: UnderC@t
Seat 5: Joe_Li7
Seat 1: DJNezz (big blind) folded before Flop
Seat 3: elcutez folded before Flop (didn't bet)
Seat 4: pipza05 (button) folded before Flop (didn't bet)
Seat 6: Xenicide (small blind) collected ($2)



PokerStars Hand #254608689588:  Hold'em No Limit ($0.50/$1.00 USD) - 2025/01/29 17:21:19 WET [2025/01/29 12:21:19 ET]
Table 'Terentia' 6-max Seat #6 is the button
Seat 5: Joe_Li7 ($100 in chips) is sitting out
Seat 1: DJNezz ($100 in chips) 
Seat 2: UnderC@t ($100 in chips) 
Seat 3: elcutez ($106.49 in chips) 
Seat 4: pipza05 ($18.81 in chips) 
Seat 6: Xenicide ($102.28 in chips) 
DJNezz: posts small blind $0.50
UnderC@t: posts big blind $1
Joe_Li7: sits out 
*** HOLE CARDS ***
elcutez: folds 
pipza05: folds 
Xenicide: folds 
DJNezz: folds 
Uncalled bet ($0.50) returned to UnderC@t
UnderC@t collected $1 from pot
UnderC@t: doesn't show hand 
*** SUMMARY ***
Total pot $1 | Rake $0 
Seat 5: Joe_Li7
Seat 1: DJNezz (small blind) folded before Flop
Seat 2: UnderC@t (big blind) collected ($1)
Seat 3: elcutez folded before Flop (didn't bet)
Seat 4: pipza05 folded before Flop (didn't bet)
Seat 6: Xenicide (button) folded before Flop (didn't bet)



PokerStars Hand #254608695093:  Hold'em No Limit ($0.50/$1.00 USD) - 2025/01/29 17:21:40 WET [2025/01/29 12:21:40 ET]
Table 'Terentia' 6-max Seat #1 is the button
Seat 5: Joe_Li7 ($100 in chips) is sitting out
Seat 1: DJNezz ($100 in chips) 
Seat 2: UnderC@t ($100.50 in chips) 
Seat 3: elcutez ($106.49 in chips) 
Seat 4: pipza05 ($18.81 in chips) 
Seat 6: Xenicide ($102.28 in chips) 
UnderC@t: posts small blind $0.50
elcutez: posts big blind $1
Joe_Li7: sits out 
*** HOLE CARDS ***
pipza05: folds 
Xenicide: folds 
DJNezz: folds 
UnderC@t: folds 
Uncalled bet ($0.50) returned to elcutez
elcutez collected $1 from pot
*** SUMMARY ***
Total pot $1 | Rake $0 
Seat 5: Joe_Li7
Seat 1: DJNezz (button) folded before Flop (didn't bet)
Seat 2: UnderC@t (small blind) folded before Flop
Seat 3: elcutez (big blind) collected ($1)
Seat 4: pipza05 folded before Flop (didn't bet)
Seat 6: Xenicide folded before Flop (didn't bet)



PokerStars Hand #254608697313:  Hold'em No Limit ($0.50/$1.00 USD) - 2025/01/29 17:21:49 WET [2025/01/29 12:21:49 ET]
Table 'Terentia' 6-max Seat #2 is the button
Seat 5: Joe_Li7 ($100 in chips) is sitting out
Seat 1: DJNezz ($100 in chips) 
Seat 2: UnderC@t ($100 in chips) 
Seat 3: elcutez ($106.99 in chips) 
Seat 4: pipza05 ($18.81 in chips) 
Seat 6: Xenicide ($102.28 in chips) 
elcutez: posts small blind $0.50
pipza05: posts big blind $1
Joe_Li7: sits out 
*** HOLE CARDS ***
Xenicide: folds 
DJNezz: folds 
UnderC@t: folds 
elcutez: folds 
Uncalled bet ($0.50) returned to pipza05
pipza05 collected $1 from pot
elcutez leaves the table
*** SUMMARY ***
Total pot $1 | Rake $0 
Seat 5: Joe_Li7
Seat 1: DJNezz folded before Flop (didn't bet)
Seat 2: UnderC@t (button) folded before Flop (didn't bet)
Seat 3: elcutez (small blind) folded before Flop
Seat 4: pipza05 (big blind) collected ($1)
Seat 6: Xenicide folded before Flop (didn't bet)



PokerStars Hand #254608700885:  Hold'em No Limit ($0.50/$1.00 USD) - 2025/01/29 17:22:03 WET [2025/01/29 12:22:03 ET]
Table 'Terentia' 6-max Seat #4 is the button
Seat 5: Joe_Li7 ($100 in chips) is sitting out
Seat 1: DJNezz ($100 in chips) 
Seat 2: UnderC@t ($100 in chips) 
Seat 4: pipza05 ($19.31 in chips) 
Seat 6: Xenicide ($102.28 in chips) 
Xenicide: posts small blind $0.50
DJNezz: posts big blind $1
*** HOLE CARDS ***
UnderC@t: folds 
pipza05: folds 
MaikonAll joins the table at seat #3 
Xenicide: folds 
Uncalled bet ($0.50) returned to DJNezz
DJNezz collected $1 from pot
*** SUMMARY ***
Total pot $1 | Rake $0 
Seat 5: Joe_Li7
Seat 1: DJNezz (big blind) collected ($1)
Seat 2: UnderC@t folded before Flop (didn't bet)
Seat 4: pipza05 (button) folded before Flop (didn't bet)
Seat 6: Xenicide (small blind) folded before Flop



PokerStars Hand #254608704668:  Hold'em No Limit ($0.50/$1.00 USD) - 2025/01/29 17:22:18 WET [2025/01/29 12:22:18 ET]
Table 'Terentia' 6-max Seat #6 is the button
Seat 3: MaikonAll ($100 in chips) is sitting out
Seat 5: Joe_Li7 ($100 in chips) is sitting out
Seat 1: DJNezz ($100.50 in chips) 
Seat 2: UnderC@t ($100 in chips) 
Seat 4: pipza05 ($19.31 in chips) 
Seat 6: Xenicide ($101.78 in chips) 
DJNezz: posts small blind $0.50
UnderC@t: posts big blind $1
MaikonAll: sits out 
Joe_Li7: sits out 
*** HOLE CARDS ***
pipza05: folds 
Xenicide: folds 
DJNezz: raises $2 to $3
UnderC@t: raises $6 to $9
DJNezz: calls $6
*** FLOP *** [8c Qh Qs]
DJNezz: checks 
UnderC@t: bets $5.13
DJNezz: calls $5.13
*** TURN *** [8c Qh Qs] [8d]
DJNezz: checks 
UnderC@t: checks 
*** RIVER *** [8c Qh Qs 8d] [6h]
DJNezz: bets $20.45
UnderC@t: calls $20.45
*** SHOW DOWN ***
DJNezz: shows [9s 9c] (two pair, Queens and Nines)
UnderC@t: shows [Jc Jh] (two pair, Queens and Jacks)
UnderC@t collected $68.16 from pot
*** SUMMARY ***
Total pot $69.16 | Rake $1 
Board [8c Qh Qs 8d 6h]
Seat 3: MaikonAll
Seat 5: Joe_Li7
Seat 1: DJNezz (small blind) showed [9s 9c] and lost with two pair, Queens and Nines
Seat 2: UnderC@t (big blind) showed [Jc Jh] and won ($68.16) with two pair, Queens and Jacks
Seat 4: pipza05 folded before Flop (didn't bet)
Seat 6: Xenicide (button) folded before Flop (didn't bet)



PokerStars Hand #254608818609:  Hold'em No Limit ($0.50/$1.00 USD) - 2025/01/29 17:29:44 WET [2025/01/29 12:29:44 ET]
Table 'Terentia' 6-max Seat #6 is the button
Seat 4: pipza05 ($19.81 in chips) is sitting out
Seat 1: DJNezz ($100 in chips) 
Seat 2: Aescul@pius ($100 in chips) 
Seat 3: MaikonAll ($100 in chips) 
Seat 5: Joe_Li7 ($103.46 in chips) 
Seat 6: Xenicide ($115.14 in chips) 
DJNezz: posts small blind $0.50
Aescul@pius: posts big blind $1
*** HOLE CARDS ***
MaikonAll: folds 
Joe_Li7: folds 
Xenicide: folds 
DJNezz: folds 
Uncalled bet ($0.50) returned to Aescul@pius
Aescul@pius collected $1 from pot
Aescul@pius: doesn't show hand 
*** SUMMARY ***
Total pot $1 | Rake $0 
Seat 4: pipza05
Seat 1: DJNezz (small blind) folded before Flop
Seat 2: Aescul@pius (big blind) collected ($1)
Seat 3: MaikonAll folded before Flop (didn't bet)
Seat 5: Joe_Li7 folded before Flop (didn't bet)
Seat 6: Xenicide (button) folded before Flop (didn't bet)



PokerStars Hand #254608821383:  Hold'em No Limit ($0.50/$1.00 USD) - 2025/01/29 17:29:55 WET [2025/01/29 12:29:55 ET]
Table 'Terentia' 6-max Seat #1 is the button
Seat 4: pipza05 ($19.81 in chips) is sitting out
Seat 1: DJNezz ($100 in chips) 
Seat 2: Aescul@pius ($100.50 in chips) 
Seat 3: MaikonAll ($100 in chips) 
Seat 5: Joe_Li7 ($103.46 in chips) 
Seat 6: Xenicide ($115.14 in chips) 
Aescul@pius: posts small blind $0.50
MaikonAll: posts big blind $1
pipza05: sits out 
*** HOLE CARDS ***
Joe_Li7: folds 
Xenicide: raises $1 to $2
DJNezz: folds 
Aescul@pius: folds 
MaikonAll: raises $9 to $11
Xenicide: folds 
Uncalled bet ($9) returned to MaikonAll
MaikonAll collected $4.50 from pot
MaikonAll: doesn't show hand 
*** SUMMARY ***
Total pot $4.50 | Rake $0 
Seat 4: pipza05
Seat 1: DJNezz (button) folded before Flop (didn't bet)
Seat 2: Aescul@pius (small blind) folded before Flop
Seat 3: MaikonAll (big blind) collected ($4.50)
Seat 5: Joe_Li7 folded before Flop (didn't bet)
Seat 6: Xenicide folded before Flop



PokerStars Hand #254608828530:  Hold'em No Limit ($0.50/$1.00 USD) - 2025/01/29 17:30:22 WET [2025/01/29 12:30:22 ET]
Table 'Terentia' 6-max Seat #2 is the button
Seat 1: DJNezz ($100 in chips) 
Seat 2: Aescul@pius ($100 in chips) 
Seat 3: MaikonAll ($102.50 in chips) 
Seat 4: pipza05 ($19.81 in chips) 
Seat 5: Joe_Li7 ($103.46 in chips) 
Seat 6: Xenicide ($113.14 in chips) 
MaikonAll: posts small blind $0.50
pipza05: posts big blind $1
*** HOLE CARDS ***
Joe_Li7: folds 
Xenicide: folds 
DJNezz: raises $1.20 to $2.20
Aescul@pius: calls $2.20
MaikonAll: folds 
pipza05: calls $1.20
*** FLOP *** [Ks 4c Js]
pipza05: checks 
DJNezz: bets $2.22
Aescul@pius: calls $2.22
pipza05: raises $6.70 to $8.92
DJNezz: folds 
Aescul@pius: folds 
Uncalled bet ($6.70) returned to pipza05
pipza05 collected $12.90 from pot
*** SUMMARY ***
Total pot $13.76 | Rake $0.86 
Board [Ks 4c Js]
Seat 1: DJNezz folded on the Flop
Seat 2: Aescul@pius (button) folded on the Flop
Seat 3: MaikonAll (small blind) folded before Flop
Seat 4: pipza05 (big blind) collected ($12.90)
Seat 5: Joe_Li7 folded before Flop (didn't bet)
Seat 6: Xenicide folded before Flop (didn't bet)



PokerStars Hand #254608847909:  Hold'em No Limit ($0.50/$1.00 USD) - 2025/01/29 17:31:37 WET [2025/01/29 12:31:37 ET]
Table 'Terentia' 6-max Seat #3 is the button
Seat 1: DJNezz ($100 in chips) 
Seat 2: Aescul@pius ($100 in chips) 
Seat 3: MaikonAll ($102 in chips) 
Seat 4: pipza05 ($28.29 in chips) 
Seat 5: Joe_Li7 ($103.46 in chips) 
Seat 6: Xenicide ($113.14 in chips) 
pipza05: posts small blind $0.50
Joe_Li7: posts big blind $1
*** HOLE CARDS ***
Xenicide: folds 
DJNezz: folds 
Aescul@pius: folds 
MaikonAll: folds 
pipza05: calls $0.50
Joe_Li7: raises $2.50 to $3.50
pipza05: calls $2.50
*** FLOP *** [5h Ah Td]
pipza05: checks 
Joe_Li7: bets $2.19
pipza05: folds 
Uncalled bet ($2.19) returned to Joe_Li7
Joe_Li7 collected $6.65 from pot
*** SUMMARY ***
Total pot $7 | Rake $0.35 
Board [5h Ah Td]
Seat 1: DJNezz folded before Flop (didn't bet)
Seat 2: Aescul@pius folded before Flop (didn't bet)
Seat 3: MaikonAll (button) folded before Flop (didn't bet)
Seat 4: pipza05 (small blind) folded on the Flop
Seat 5: Joe_Li7 (big blind) collected ($6.65)
Seat 6: Xenicide folded before Flop (didn't bet)



