PokerStars Hand #254605300656:  Hold'em No Limit ($0.50/$1.00 USD) - 2025/01/29 12:21:52 WET [2025/01/29 7:21:52 ET]
Table 'Ulysses' 6-max Seat #6 is the button
Seat 1: LuckyShikari ($100 in chips) 
Seat 2: v.sting ($103.69 in chips) 
Seat 6: valmble ($9.50 in chips) 
LuckyShikari: posts small blind $0.50
v.sting: posts big blind $1
*** HOLE CARDS ***
valmble: folds 
LuckyShikari: raises $2 to $3
v.sting: calls $2
*** FLOP *** [Js 6c 5d]
LuckyShikari: checks 
v.sting: checks 
*** TURN *** [Js 6c 5d] [Kh]
LuckyShikari: checks 
v.sting: checks 
*** RIVER *** [Js 6c 5d Kh] [4s]
LuckyShikari: bets $3.50
v.sting: folds 
Uncalled bet ($3.50) returned to LuckyShikari
LuckyShikari collected $5.70 from pot
LuckyShikari: doesn't show hand 
*** SUMMARY ***
Total pot $6 | Rake $0.30 
Board [Js 6c 5d Kh 4s]
Seat 1: LuckyShikari (small blind) collected ($5.70)
Seat 2: v.sting (big blind) folded on the River
Seat 6: valmble (button) folded before Flop (didn't bet)



PokerStars Hand #254605309506:  Hold'em No Limit ($0.50/$1.00 USD) - 2025/01/29 12:22:53 WET [2025/01/29 7:22:53 ET]
Table 'Ulysses' 6-max Seat #1 is the button
Seat 1: LuckyShikari ($102.70 in chips) 
Seat 2: v.sting ($100.69 in chips) 
Seat 6: valmble ($9.50 in chips) 
v.sting: posts small blind $0.50
valmble: posts big blind $1
*** HOLE CARDS ***
LuckyShikari: raises $1 to $2
v.sting: folds 
valmble: folds 
Uncalled bet ($1) returned to LuckyShikari
LuckyShikari collected $2.50 from pot
LuckyShikari: doesn't show hand 
*** SUMMARY ***
Total pot $2.50 | Rake $0 
Seat 1: LuckyShikari (button) collected ($2.50)
Seat 2: v.sting (small blind) folded before Flop
Seat 6: valmble (big blind) folded before Flop



PokerStars Hand #254605312786:  Hold'em No Limit ($0.50/$1.00 USD) - 2025/01/29 12:23:15 WET [2025/01/29 7:23:15 ET]
Table 'Ulysses' 6-max Seat #2 is the button
Seat 1: LuckyShikari ($104.20 in chips) 
Seat 2: v.sting ($100.19 in chips) 
Seat 6: valmble ($8.50 in chips) 
valmble: posts small blind $0.50
LuckyShikari: posts big blind $1
*** HOLE CARDS ***
v.sting: raises $1.10 to $2.10
valmble: raises $6.40 to $8.50 and is all-in
LuckyShikari: folds 
v.sting: folds 
Uncalled bet ($6.40) returned to valmble
valmble collected $5.20 from pot
valmble: doesn't show hand 
*** SUMMARY ***
Total pot $5.20 | Rake $0 
Seat 1: LuckyShikari (big blind) folded before Flop
Seat 2: v.sting (button) folded before Flop
Seat 6: valmble (small blind) collected ($5.20)



PokerStars Hand #254605315935:  Hold'em No Limit ($0.50/$1.00 USD) - 2025/01/29 12:23:37 WET [2025/01/29 7:23:37 ET]
Table 'Ulysses' 6-max Seat #1 is the button
Seat 2: v.sting ($100 in chips) is sitting out
Seat 1: LuckyShikari ($103.20 in chips) 
Seat 6: valmble ($11.60 in chips) 
LuckyShikari: posts small blind $0.50
v.sting: is sitting out 
valmble: posts big blind $1
*** HOLE CARDS ***
LuckyShikari: raises $1 to $2
valmble: calls $1
*** FLOP *** [Ts 4c 2d]
v.sting leaves the table
valmble: checks 
LuckyShikari: checks 
*** TURN *** [Ts 4c 2d] [7s]
Timonessb joins the table at seat #2 
Mr_Dick666 joins the table at seat #3 
valmble: checks 
LuckyShikari: bets $3.50
valmble: folds 
Uncalled bet ($3.50) returned to LuckyShikari
LuckyShikari collected $3.80 from pot
LuckyShikari: doesn't show hand 
*** SUMMARY ***
Total pot $4 | Rake $0.20 
Board [Ts 4c 2d 7s]
Seat 2: v.sting
Seat 1: LuckyShikari (button) (small blind) collected ($3.80)
Seat 6: valmble (big blind) folded on the Turn



PokerStars Hand #254605324666:  Hold'em No Limit ($0.50/$1.00 USD) - 2025/01/29 12:24:37 WET [2025/01/29 7:24:37 ET]
Table 'Ulysses' 6-max Seat #6 is the button
Seat 3: Mr_Dick666 ($100 in chips) is sitting out
Seat 1: LuckyShikari ($105 in chips) 
Seat 2: Timonessb ($100 in chips) 
Seat 6: valmble ($9.60 in chips) 
LuckyShikari: posts small blind $0.50
Timonessb: posts big blind $1
Mr_Dick666: sits out 
*** HOLE CARDS ***
valmble: folds 
LuckyShikari: folds 
Uncalled bet ($0.50) returned to Timonessb
Timonessb collected $1 from pot
*** SUMMARY ***
Total pot $1 | Rake $0 
Seat 3: Mr_Dick666
Seat 1: LuckyShikari (small blind) folded before Flop
Seat 2: Timonessb (big blind) collected ($1)
Seat 6: valmble (button) folded before Flop (didn't bet)



PokerStars Hand #254605327069:  Hold'em No Limit ($0.50/$1.00 USD) - 2025/01/29 12:24:53 WET [2025/01/29 7:24:53 ET]
Table 'Ulysses' 6-max Seat #1 is the button
Seat 1: LuckyShikari ($104.50 in chips) 
Seat 2: Timonessb ($100.50 in chips) 
Seat 3: Mr_Dick666 ($100 in chips) 
Seat 6: valmble ($9.60 in chips) 
Timonessb: posts small blind $0.50
Mr_Dick666: posts big blind $1
*** HOLE CARDS ***
valmble: folds 
LuckyShikari: folds 
Timonessb: folds 
Uncalled bet ($0.50) returned to Mr_Dick666
Mr_Dick666 collected $1 from pot
Mr_Dick666: doesn't show hand 
*** SUMMARY ***
Total pot $1 | Rake $0 
Seat 1: LuckyShikari (button) folded before Flop (didn't bet)
Seat 2: Timonessb (small blind) folded before Flop
Seat 3: Mr_Dick666 (big blind) collected ($1)
Seat 6: valmble folded before Flop (didn't bet)



PokerStars Hand #254605331002:  Hold'em No Limit ($0.50/$1.00 USD) - 2025/01/29 12:25:21 WET [2025/01/29 7:25:21 ET]
Table 'Ulysses' 6-max Seat #2 is the button
Seat 6: valmble ($9.60 in chips) is sitting out
Seat 1: LuckyShikari ($104.50 in chips) 
Seat 2: Timonessb ($100 in chips) 
Seat 3: Mr_Dick666 ($100.50 in chips) 
Mr_Dick666: posts small blind $0.50
valmble: is sitting out 
LuckyShikari: posts big blind $1
*** HOLE CARDS ***
Timonessb: folds 
Mr_Dick666: raises $2 to $3
valmble leaves the table
LuckyShikari: folds 
Uncalled bet ($2) returned to Mr_Dick666
Mr_Dick666 collected $2 from pot
Mr_Dick666: doesn't show hand 
*** SUMMARY ***
Total pot $2 | Rake $0 
Seat 6: valmble
Seat 1: LuckyShikari (big blind) folded before Flop
Seat 2: Timonessb (button) folded before Flop (didn't bet)
Seat 3: Mr_Dick666 (small blind) collected ($2)



PokerStars Hand #254605332833:  Hold'em No Limit ($0.50/$1.00 USD) - 2025/01/29 12:25:33 WET [2025/01/29 7:25:33 ET]
Table 'Ulysses' 6-max Seat #3 is the button
Seat 1: LuckyShikari ($103.50 in chips) 
Seat 2: Timonessb ($100 in chips) 
Seat 3: Mr_Dick666 ($101.50 in chips) 
LuckyShikari: posts small blind $0.50
Timonessb: posts big blind $1
*** HOLE CARDS ***
Mr_Dick666: folds 
LuckyShikari: folds 
Uncalled bet ($0.50) returned to Timonessb
Timonessb collected $1 from pot
*** SUMMARY ***
Total pot $1 | Rake $0 
Seat 1: LuckyShikari (small blind) folded before Flop
Seat 2: Timonessb (big blind) collected ($1)
Seat 3: Mr_Dick666 (button) folded before Flop (didn't bet)



PokerStars Hand #254605333900:  Hold'em No Limit ($0.50/$1.00 USD) - 2025/01/29 12:25:40 WET [2025/01/29 7:25:40 ET]
Table 'Ulysses' 6-max Seat #2 is the button
Seat 3: Mr_Dick666 ($101.50 in chips) is sitting out
Seat 1: LuckyShikari ($103 in chips) 
Seat 2: Timonessb ($100.50 in chips) 
Timonessb: posts small blind $0.50
Mr_Dick666: is sitting out 
LuckyShikari: posts big blind $1
*** HOLE CARDS ***
Timonessb: raises $1.50 to $2.50
Mr_Dick666 leaves the table
LuckyShikari: folds 
Uncalled bet ($1.50) returned to Timonessb
Timonessb collected $2 from pot
*** SUMMARY ***
Total pot $2 | Rake $0 
Seat 3: Mr_Dick666
Seat 1: LuckyShikari (big blind) folded before Flop
Seat 2: Timonessb (button) (small blind) collected ($2)



PokerStars Hand #254605335396:  Hold'em No Limit ($0.50/$1.00 USD) - 2025/01/29 12:25:51 WET [2025/01/29 7:25:51 ET]
Table 'Ulysses' 6-max Seat #1 is the button
Seat 1: LuckyShikari ($102 in chips) 
Seat 2: Timonessb ($101.50 in chips) 
LuckyShikari: posts small blind $0.50
Timonessb: posts big blind $1
*** HOLE CARDS ***
LuckyShikari: calls $0.50
Timonessb: checks 
*** FLOP *** [5d Js 2c]
Timonessb: checks 
LuckyShikari: bets $1
Timonessb: folds 
Uncalled bet ($1) returned to LuckyShikari
LuckyShikari collected $1.90 from pot
LuckyShikari: doesn't show hand 
*** SUMMARY ***
Total pot $2 | Rake $0.10 
Board [5d Js 2c]
Seat 1: LuckyShikari (button) (small blind) collected ($1.90)
Seat 2: Timonessb (big blind) folded on the Flop



