PokerStars Hand #254604600763:  Hold'em No Limit ($0.50/$1.00 USD) - 2025/01/29 10:52:29 WET [2025/01/29 5:52:29 ET]
Table 'Icarion' 6-max Seat #4 is the button
Seat 1: SeEevg ($100 in chips) is sitting out
Seat 2: 3EPH ($101.50 in chips) 
Seat 3: Emily_GetMan ($114.58 in chips) 
Seat 4: Susupoki114 ($24.46 in chips) 
Seat 5: G.Andrei95 ($106.09 in chips) 
Seat 6: Dazburt123 ($100 in chips) 
G.Andrei95: posts small blind $0.50
Dazburt123: posts big blind $1
SeEevg: sits out 
*** HOLE CARDS ***
3EPH: folds 
Emily_GetMan: folds 
Susupoki114: raises $2 to $3
G.Andrei95: folds 
Dazburt123: folds 
Uncalled bet ($2) returned to Susupoki114
Susupoki114 collected $2.50 from pot
*** SUMMARY ***
Total pot $2.50 | Rake $0 
Seat 1: SeEevg
Seat 2: 3EPH folded before Flop (didn't bet)
Seat 3: Emily_GetMan folded before Flop (didn't bet)
Seat 4: Susupoki114 (button) collected ($2.50)
Seat 5: G.Andrei95 (small blind) folded before Flop
Seat 6: Dazburt123 (big blind) folded before Flop



PokerStars Hand #254604602734:  Hold'em No Limit ($0.50/$1.00 USD) - 2025/01/29 10:52:45 WET [2025/01/29 5:52:45 ET]
Table 'Icarion' 6-max Seat #5 is the button
Seat 1: SeEevg ($100 in chips) 
Seat 2: 3EPH ($101.50 in chips) 
Seat 3: Emily_GetMan ($114.58 in chips) 
Seat 4: Susupoki114 ($25.96 in chips) 
Seat 5: G.Andrei95 ($105.59 in chips) 
Seat 6: Dazburt123 ($100 in chips) 
Dazburt123: posts small blind $0.50
SeEevg: posts big blind $1
*** HOLE CARDS ***
3EPH: folds 
Emily_GetMan: raises $1 to $2
Susupoki114: folds 
G.Andrei95: folds 
Dazburt123: folds 
SeEevg: calls $1
*** FLOP *** [9h 3s 6s]
SeEevg: checks 
Emily_GetMan: checks 
*** TURN *** [9h 3s 6s] [9d]
SeEevg: bets $2.14
Emily_GetMan: folds 
Uncalled bet ($2.14) returned to SeEevg
SeEevg collected $4.28 from pot
SeEevg: doesn't show hand 
*** SUMMARY ***
Total pot $4.50 | Rake $0.22 
Board [9h 3s 6s 9d]
Seat 1: SeEevg (big blind) collected ($4.28)
Seat 2: 3EPH folded before Flop (didn't bet)
Seat 3: Emily_GetMan folded on the Turn
Seat 4: Susupoki114 folded before Flop (didn't bet)
Seat 5: G.Andrei95 (button) folded before Flop (didn't bet)
Seat 6: Dazburt123 (small blind) folded before Flop



PokerStars Hand #254604608884:  Hold'em No Limit ($0.50/$1.00 USD) - 2025/01/29 10:53:34 WET [2025/01/29 5:53:34 ET]
Table 'Icarion' 6-max Seat #6 is the button
Seat 1: SeEevg ($102.28 in chips) 
Seat 2: 3EPH ($101.50 in chips) 
Seat 3: Emily_GetMan ($112.58 in chips) 
Seat 4: Susupoki114 ($25.96 in chips) 
Seat 5: G.Andrei95 ($105.59 in chips) 
Seat 6: Dazburt123 ($100 in chips) 
SeEevg: posts small blind $0.50
3EPH: posts big blind $1
*** HOLE CARDS ***
Emily_GetMan: folds 
Susupoki114: folds 
G.Andrei95: folds 
Dazburt123: folds 
SeEevg: raises $2 to $3
3EPH: calls $2
*** FLOP *** [9c Td 6s]
SeEevg: checks 
3EPH: bets $1.88
SeEevg: folds 
Uncalled bet ($1.88) returned to 3EPH
3EPH collected $5.70 from pot
3EPH: doesn't show hand 
*** SUMMARY ***
Total pot $6 | Rake $0.30 
Board [9c Td 6s]
Seat 1: SeEevg (small blind) folded on the Flop
Seat 2: 3EPH (big blind) collected ($5.70)
Seat 3: Emily_GetMan folded before Flop (didn't bet)
Seat 4: Susupoki114 folded before Flop (didn't bet)
Seat 5: G.Andrei95 folded before Flop (didn't bet)
Seat 6: Dazburt123 (button) folded before Flop (didn't bet)



PokerStars Hand #254604615979:  Hold'em No Limit ($0.50/$1.00 USD) - 2025/01/29 10:54:34 WET [2025/01/29 5:54:34 ET]
Table 'Icarion' 6-max Seat #1 is the button
Seat 1: SeEevg ($100 in chips) 
Seat 2: 3EPH ($104.20 in chips) 
Seat 3: Emily_GetMan ($112.58 in chips) 
Seat 4: Susupoki114 ($25.96 in chips) 
Seat 5: G.Andrei95 ($105.59 in chips) 
Seat 6: Dazburt123 ($100 in chips) 
3EPH: posts small blind $0.50
Emily_GetMan: posts big blind $1
*** HOLE CARDS ***
Susupoki114: folds 
G.Andrei95: folds 
Dazburt123: raises $1.50 to $2.50
SeEevg: folds 
3EPH: folds 
Emily_GetMan: folds 
Uncalled bet ($1.50) returned to Dazburt123
Dazburt123 collected $2.50 from pot
Dazburt123: doesn't show hand 
*** SUMMARY ***
Total pot $2.50 | Rake $0 
Seat 1: SeEevg (button) folded before Flop (didn't bet)
Seat 2: 3EPH (small blind) folded before Flop
Seat 3: Emily_GetMan (big blind) folded before Flop
Seat 4: Susupoki114 folded before Flop (didn't bet)
Seat 5: G.Andrei95 folded before Flop (didn't bet)
Seat 6: Dazburt123 collected ($2.50)



PokerStars Hand #254604619968:  Hold'em No Limit ($0.50/$1.00 USD) - 2025/01/29 10:55:08 WET [2025/01/29 5:55:08 ET]
Table 'Icarion' 6-max Seat #2 is the button
Seat 1: SeEevg ($100 in chips) 
Seat 2: 3EPH ($103.70 in chips) 
Seat 3: Emily_GetMan ($111.58 in chips) 
Seat 4: Susupoki114 ($25.96 in chips) 
Seat 5: G.Andrei95 ($105.59 in chips) 
Seat 6: Dazburt123 ($101.50 in chips) 
Emily_GetMan: posts small blind $0.50
Susupoki114: posts big blind $1
*** HOLE CARDS ***
G.Andrei95: folds 
Dazburt123: raises $1 to $2
SeEevg: folds 
3EPH: folds 
Emily_GetMan: folds 
Susupoki114: calls $1
*** FLOP *** [Qs Jh 8h]
Susupoki114: checks 
Dazburt123: bets $3.21
Susupoki114: calls $3.21
*** TURN *** [Qs Jh 8h] [9s]
Susupoki114: checks 
Dazburt123: checks 
*** RIVER *** [Qs Jh 8h 9s] [4d]
Susupoki114: bets $20.75 and is all-in
Dazburt123: folds 
Uncalled bet ($20.75) returned to Susupoki114
Susupoki114 collected $10.37 from pot
*** SUMMARY ***
Total pot $10.92 | Rake $0.55 
Board [Qs Jh 8h 9s 4d]
Seat 1: SeEevg folded before Flop (didn't bet)
Seat 2: 3EPH (button) folded before Flop (didn't bet)
Seat 3: Emily_GetMan (small blind) folded before Flop
Seat 4: Susupoki114 (big blind) collected ($10.37)
Seat 5: G.Andrei95 folded before Flop (didn't bet)
Seat 6: Dazburt123 folded on the River



PokerStars Hand #254604625564:  Hold'em No Limit ($0.50/$1.00 USD) - 2025/01/29 10:56:03 WET [2025/01/29 5:56:03 ET]
Table 'Icarion' 6-max Seat #3 is the button
Seat 1: SeEevg ($100 in chips) 
Seat 2: 3EPH ($103.70 in chips) 
Seat 3: Emily_GetMan ($111.08 in chips) 
Seat 4: Susupoki114 ($31.12 in chips) 
Seat 5: G.Andrei95 ($105.59 in chips) 
Seat 6: Dazburt123 ($100 in chips) 
Susupoki114: posts small blind $0.50
G.Andrei95: posts big blind $1
*** HOLE CARDS ***
Dazburt123: raises $1 to $2
SeEevg: raises $5 to $7
3EPH: folds 
Emily_GetMan: folds 
Susupoki114: folds 
G.Andrei95: folds 
Dazburt123: calls $5
*** FLOP *** [8h 9s 7c]
Dazburt123: bets $4.86
SeEevg: calls $4.86
*** TURN *** [8h 9s 7c] [3s]
Dazburt123: bets $17.97
SeEevg: calls $17.97
*** RIVER *** [8h 9s 7c 3s] [Kc]
Dazburt123: bets $19.36
SeEevg: calls $19.36
*** SHOW DOWN ***
Dazburt123: shows [Td Kd] (a pair of Kings)
SeEevg: mucks hand 
Dazburt123 collected $97.38 from pot
*** SUMMARY ***
Total pot $99.88 | Rake $2.50 
Board [8h 9s 7c 3s Kc]
Seat 1: SeEevg mucked
Seat 2: 3EPH folded before Flop (didn't bet)
Seat 3: Emily_GetMan (button) folded before Flop (didn't bet)
Seat 4: Susupoki114 (small blind) folded before Flop
Seat 5: G.Andrei95 (big blind) folded before Flop
Seat 6: Dazburt123 showed [Td Kd] and won ($97.38) with a pair of Kings



PokerStars Hand #254604635281:  Hold'em No Limit ($0.50/$1.00 USD) - 2025/01/29 10:57:38 WET [2025/01/29 5:57:38 ET]
Table 'Icarion' 6-max Seat #4 is the button
Seat 1: SeEevg ($100 in chips) 
Seat 2: 3EPH ($103.70 in chips) 
Seat 3: Emily_GetMan ($111.08 in chips) 
Seat 4: Susupoki114 ($30.62 in chips) 
Seat 5: G.Andrei95 ($104.59 in chips) 
Seat 6: Dazburt123 ($148.19 in chips) 
G.Andrei95: posts small blind $0.50
Dazburt123: posts big blind $1
*** HOLE CARDS ***
SeEevg: folds 
3EPH: folds 
Emily_GetMan: raises $1 to $2
Susupoki114: folds 
G.Andrei95: folds 
Dazburt123: folds 
Uncalled bet ($1) returned to Emily_GetMan
Emily_GetMan collected $2.50 from pot
Emily_GetMan: doesn't show hand 
*** SUMMARY ***
Total pot $2.50 | Rake $0 
Seat 1: SeEevg folded before Flop (didn't bet)
Seat 2: 3EPH folded before Flop (didn't bet)
Seat 3: Emily_GetMan collected ($2.50)
Seat 4: Susupoki114 (button) folded before Flop (didn't bet)
Seat 5: G.Andrei95 (small blind) folded before Flop
Seat 6: Dazburt123 (big blind) folded before Flop



PokerStars Hand #254604637451:  Hold'em No Limit ($0.50/$1.00 USD) - 2025/01/29 10:57:59 WET [2025/01/29 5:57:59 ET]
Table 'Icarion' 6-max Seat #5 is the button
Seat 1: SeEevg ($100 in chips) 
Seat 2: 3EPH ($103.70 in chips) 
Seat 3: Emily_GetMan ($112.58 in chips) 
Seat 4: Susupoki114 ($30.62 in chips) 
Seat 5: G.Andrei95 ($104.09 in chips) 
Seat 6: Dazburt123 ($147.19 in chips) 
Dazburt123: posts small blind $0.50
SeEevg: posts big blind $1
*** HOLE CARDS ***
3EPH: folds 
Emily_GetMan: raises $1 to $2
Susupoki114: folds 
G.Andrei95: folds 
Dazburt123: folds 
SeEevg: folds 
Uncalled bet ($1) returned to Emily_GetMan
Emily_GetMan collected $2.50 from pot
Emily_GetMan: doesn't show hand 
*** SUMMARY ***
Total pot $2.50 | Rake $0 
Seat 1: SeEevg (big blind) folded before Flop
Seat 2: 3EPH folded before Flop (didn't bet)
Seat 3: Emily_GetMan collected ($2.50)
Seat 4: Susupoki114 folded before Flop (didn't bet)
Seat 5: G.Andrei95 (button) folded before Flop (didn't bet)
Seat 6: Dazburt123 (small blind) folded before Flop



PokerStars Hand #254604640028:  Hold'em No Limit ($0.50/$1.00 USD) - 2025/01/29 10:58:25 WET [2025/01/29 5:58:25 ET]
Table 'Icarion' 6-max Seat #6 is the button
Seat 2: 3EPH ($103.70 in chips) is sitting out
Seat 1: SeEevg ($100 in chips) 
Seat 3: Emily_GetMan ($114.08 in chips) 
Seat 4: Susupoki114 ($30.62 in chips) 
Seat 5: G.Andrei95 ($104.09 in chips) 
Seat 6: Dazburt123 ($146.69 in chips) 
SeEevg: posts small blind $0.50
3EPH: is sitting out 
Emily_GetMan: posts big blind $1
*** HOLE CARDS ***
Susupoki114: raises $2 to $3
3EPH leaves the table
G.Andrei95: folds 
Dazburt123: raises $4.50 to $7.50
SeEevg: folds 
Emily_GetMan: folds 
Susupoki114: calls $4.50
*** FLOP *** [8d 9c 3d]
Susupoki114: checks 
Dazburt123: checks 
*** TURN *** [8d 9c 3d] [Th]
Susupoki114: bets $7.84
Dazburt123: calls $7.84
*** RIVER *** [8d 9c 3d Th] [Jd]
coeeeelho joins the table at seat #2 
Susupoki114: bets $15.28 and is all-in
Dazburt123: calls $15.28
*** SHOW DOWN ***
Susupoki114: shows [7h 7d] (a straight, Seven to Jack)
Dazburt123: shows [As Qd] (a straight, Eight to Queen)
Dazburt123 collected $60.24 from pot
*** SUMMARY ***
Total pot $62.74 | Rake $2.50 
Board [8d 9c 3d Th Jd]
Seat 2: 3EPH
Seat 1: SeEevg (small blind) folded before Flop
Seat 3: Emily_GetMan (big blind) folded before Flop
Seat 4: Susupoki114 showed [7h 7d] and lost with a straight, Seven to Jack
Seat 5: G.Andrei95 folded before Flop (didn't bet)
Seat 6: Dazburt123 (button) showed [As Qd] and won ($60.24) with a straight, Eight to Queen



PokerStars Hand #254604644588:  Hold'em No Limit ($0.50/$1.00 USD) - 2025/01/29 10:59:10 WET [2025/01/29 5:59:10 ET]
Table 'Icarion' 6-max Seat #1 is the button
Seat 2: coeeeelho ($100 in chips) is sitting out
Seat 4: Susupoki114 ($0 in chips) is sitting out
Seat 1: SeEevg ($100 in chips) 
Seat 3: Emily_GetMan ($113.08 in chips) 
Seat 5: G.Andrei95 ($104.09 in chips) 
Seat 6: Dazburt123 ($176.31 in chips) 
Emily_GetMan: posts small blind $0.50
G.Andrei95: posts big blind $1
*** HOLE CARDS ***
Dazburt123: folds 
SeEevg: raises $1.50 to $2.50
Emily_GetMan: folds 
G.Andrei95: folds 
Uncalled bet ($1.50) returned to SeEevg
SeEevg collected $2.50 from pot
SeEevg: doesn't show hand 
*** SUMMARY ***
Total pot $2.50 | Rake $0 
Seat 2: coeeeelho
Seat 4: Susupoki114
Seat 1: SeEevg (button) collected ($2.50)
Seat 3: Emily_GetMan (small blind) folded before Flop
Seat 5: G.Andrei95 (big blind) folded before Flop
Seat 6: Dazburt123 folded before Flop (didn't bet)



PokerStars Hand #254604646887:  Hold'em No Limit ($0.50/$1.00 USD) - 2025/01/29 10:59:32 WET [2025/01/29 5:59:32 ET]
Table 'Icarion' 6-max Seat #3 is the button
Seat 2: coeeeelho ($100 in chips) is sitting out
Seat 4: Susupoki114 ($0 in chips) is sitting out
Seat 1: SeEevg ($101.50 in chips) 
Seat 3: Emily_GetMan ($112.58 in chips) 
Seat 5: G.Andrei95 ($103.09 in chips) 
Seat 6: Dazburt123 ($176.31 in chips) 
G.Andrei95: posts small blind $0.50
Dazburt123: posts big blind $1
coeeeelho: sits out 
*** HOLE CARDS ***
SeEevg: folds 
Emily_GetMan: folds 
Susupoki114 is disconnected 
G.Andrei95: folds 
Uncalled bet ($0.50) returned to Dazburt123
Dazburt123 collected $1 from pot
Dazburt123: doesn't show hand 
*** SUMMARY ***
Total pot $1 | Rake $0 
Seat 2: coeeeelho
Seat 4: Susupoki114
Seat 1: SeEevg folded before Flop (didn't bet)
Seat 3: Emily_GetMan (button) folded before Flop (didn't bet)
Seat 5: G.Andrei95 (small blind) folded before Flop
Seat 6: Dazburt123 (big blind) collected ($1)



PokerStars Hand #254604648507:  Hold'em No Limit ($0.50/$1.00 USD) - 2025/01/29 10:59:48 WET [2025/01/29 5:59:48 ET]
Table 'Icarion' 6-max Seat #5 is the button
Seat 2: coeeeelho ($100 in chips) is sitting out
Seat 4: Susupoki114 ($0 in chips) is sitting out
Seat 1: SeEevg ($101.50 in chips) 
Seat 3: Emily_GetMan ($112.58 in chips) 
Seat 5: G.Andrei95 ($102.59 in chips) 
Seat 6: Dazburt123 ($176.81 in chips) 
Dazburt123: posts small blind $0.50
SeEevg: posts big blind $1
coeeeelho: sits out 
*** HOLE CARDS ***
Emily_GetMan: folds 
G.Andrei95: folds 
Dazburt123: folds 
Uncalled bet ($0.50) returned to SeEevg
SeEevg collected $1 from pot
SeEevg: doesn't show hand 
*** SUMMARY ***
Total pot $1 | Rake $0 
Seat 2: coeeeelho
Seat 4: Susupoki114
Seat 1: SeEevg (big blind) collected ($1)
Seat 3: Emily_GetMan folded before Flop (didn't bet)
Seat 5: G.Andrei95 (button) folded before Flop (didn't bet)
Seat 6: Dazburt123 (small blind) folded before Flop



PokerStars Hand #254604649273:  Hold'em No Limit ($0.50/$1.00 USD) - 2025/01/29 10:59:56 WET [2025/01/29 5:59:56 ET]
Table 'Icarion' 6-max Seat #6 is the button
Seat 4: Susupoki114 ($0 in chips) is sitting out
Seat 1: SeEevg ($102 in chips) 
Seat 2: coeeeelho ($100 in chips) 
Seat 3: Emily_GetMan ($112.58 in chips) 
Seat 5: G.Andrei95 ($102.59 in chips) 
Seat 6: Dazburt123 ($176.31 in chips) 
SeEevg: posts small blind $0.50
coeeeelho: posts big blind $1
*** HOLE CARDS ***
Emily_GetMan: folds 
G.Andrei95: folds 
Dazburt123: raises $1.50 to $2.50
SeEevg: folds 
coeeeelho: folds 
Uncalled bet ($1.50) returned to Dazburt123
Dazburt123 collected $2.50 from pot
Dazburt123: doesn't show hand 
*** SUMMARY ***
Total pot $2.50 | Rake $0 
Seat 4: Susupoki114
Seat 1: SeEevg (small blind) folded before Flop
Seat 2: coeeeelho (big blind) folded before Flop
Seat 3: Emily_GetMan folded before Flop (didn't bet)
Seat 5: G.Andrei95 folded before Flop (didn't bet)
Seat 6: Dazburt123 (button) collected ($2.50)



PokerStars Hand #254604650863:  Hold'em No Limit ($0.50/$1.00 USD) - 2025/01/29 11:00:11 WET [2025/01/29 6:00:11 ET]
Table 'Icarion' 6-max Seat #1 is the button
Seat 4: Susupoki114 ($0 in chips) is sitting out
Seat 1: SeEevg ($101.50 in chips) 
Seat 2: coeeeelho ($100 in chips) 
Seat 3: Emily_GetMan ($112.58 in chips) 
Seat 5: G.Andrei95 ($102.59 in chips) 
Seat 6: Dazburt123 ($177.81 in chips) 
coeeeelho: posts small blind $0.50
Emily_GetMan: posts big blind $1
*** HOLE CARDS ***
G.Andrei95: folds 
Dazburt123: folds 
SeEevg: raises $1.50 to $2.50
coeeeelho: folds 
Emily_GetMan: raises $10 to $12.50
SeEevg: folds 
Uncalled bet ($10) returned to Emily_GetMan
Emily_GetMan collected $5.50 from pot
Emily_GetMan: doesn't show hand 
*** SUMMARY ***
Total pot $5.50 | Rake $0 
Seat 4: Susupoki114
Seat 1: SeEevg (button) folded before Flop
Seat 2: coeeeelho (small blind) folded before Flop
Seat 3: Emily_GetMan (big blind) collected ($5.50)
Seat 5: G.Andrei95 folded before Flop (didn't bet)
Seat 6: Dazburt123 folded before Flop (didn't bet)



PokerStars Hand #254604655538:  Hold'em No Limit ($0.50/$1.00 USD) - 2025/01/29 11:00:53 WET [2025/01/29 6:00:53 ET]
Table 'Icarion' 6-max Seat #2 is the button
Seat 4: Susupoki114 ($0 in chips) is sitting out
Seat 1: SeEevg ($100 in chips) 
Seat 2: coeeeelho ($100 in chips) 
Seat 3: Emily_GetMan ($115.58 in chips) 
Seat 5: G.Andrei95 ($102.59 in chips) 
Seat 6: Dazburt123 ($177.81 in chips) 
Emily_GetMan: posts small blind $0.50
G.Andrei95: posts big blind $1
*** HOLE CARDS ***
Dazburt123: folds 
Dazburt123 leaves the table
SeEevg: raises $1.50 to $2.50
coeeeelho: raises $5 to $7.50
Emily_GetMan: folds 
G.Andrei95: folds 
SeEevg: raises $12.50 to $20
coeeeelho: raises $80 to $100 and is all-in
SeEevg: folds 
Uncalled bet ($80) returned to coeeeelho
coeeeelho collected $41.50 from pot
*** SUMMARY ***
Total pot $41.50 | Rake $0 
Seat 4: Susupoki114
Seat 1: SeEevg folded before Flop
Seat 2: coeeeelho (button) collected ($41.50)
Seat 3: Emily_GetMan (small blind) folded before Flop
Seat 5: G.Andrei95 (big blind) folded before Flop
Seat 6: Dazburt123 folded before Flop (didn't bet)



PokerStars Hand #254604662783:  Hold'em No Limit ($0.50/$1.00 USD) - 2025/01/29 11:01:53 WET [2025/01/29 6:01:53 ET]
Table 'Icarion' 6-max Seat #3 is the button
Seat 1: SeEevg ($100 in chips) is sitting out
Seat 4: Susupoki114 ($0 in chips) is sitting out
Seat 2: coeeeelho ($121.50 in chips) 
Seat 3: Emily_GetMan ($115.08 in chips) 
Seat 5: G.Andrei95 ($101.59 in chips) 
G.Andrei95: posts small blind $0.50
SeEevg: is sitting out 
coeeeelho: posts big blind $1
*** HOLE CARDS ***
Emily_GetMan: folds 
SeEevg leaves the table
Emily_GetMan leaves the table
G.Andrei95: raises $2 to $3
coeeeelho: folds 
Uncalled bet ($2) returned to G.Andrei95
G.Andrei95 collected $2 from pot
G.Andrei95: doesn't show hand 
*** SUMMARY ***
Total pot $2 | Rake $0 
Seat 1: SeEevg
Seat 4: Susupoki114
Seat 2: coeeeelho (big blind) folded before Flop
Seat 3: Emily_GetMan (button) folded before Flop (didn't bet)
Seat 5: G.Andrei95 (small blind) collected ($2)



PokerStars Hand #254604665656:  Hold'em No Limit ($0.50/$1.00 USD) - 2025/01/29 11:02:17 WET [2025/01/29 6:02:17 ET]
Table 'Icarion' 6-max Seat #2 is the button
Seat 4: Susupoki114 ($0 in chips) is sitting out
Seat 2: coeeeelho ($120.50 in chips) 
Seat 5: G.Andrei95 ($102.59 in chips) 
coeeeelho: posts small blind $0.50
G.Andrei95: posts big blind $1
*** HOLE CARDS ***
rainielmd.surg joins the table at seat #3 
rainielmd.surg is disconnected 
coeeeelho: folds 
Uncalled bet ($0.50) returned to G.Andrei95
G.Andrei95 collected $1 from pot
G.Andrei95: doesn't show hand 
*** SUMMARY ***
Total pot $1 | Rake $0 
Seat 4: Susupoki114
Seat 2: coeeeelho (button) (small blind) folded before Flop
Seat 5: G.Andrei95 (big blind) collected ($1)



PokerStars Hand #254604667007:  Hold'em No Limit ($0.50/$1.00 USD) - 2025/01/29 11:02:28 WET [2025/01/29 6:02:28 ET]
Table 'Icarion' 6-max Seat #5 is the button
Seat 4: Susupoki114 ($0 in chips) is sitting out
Seat 2: coeeeelho ($120 in chips) 
Seat 3: rainielmd.surg ($53.73 in chips) 
Seat 5: G.Andrei95 ($103.09 in chips) 
coeeeelho: posts small blind $0.50
NoonTime1991 joins the table at seat #6 
rainielmd.surg: posts big blind $1
*** HOLE CARDS ***
G.Andrei95: folds 
coeeeelho: raises $2 to $3
rainielmd.surg: calls $2
*** FLOP *** [Jc 7s 2s]
coeeeelho: checks 
rainielmd.surg: checks 
*** TURN *** [Jc 7s 2s] [6s]
coeeeelho: bets $4.28
rainielmd.surg: folds 
Uncalled bet ($4.28) returned to coeeeelho
coeeeelho collected $5.70 from pot
*** SUMMARY ***
Total pot $6 | Rake $0.30 
Board [Jc 7s 2s 6s]
Seat 4: Susupoki114
Seat 2: coeeeelho (small blind) collected ($5.70)
Seat 3: rainielmd.surg (big blind) folded on the Turn
Seat 5: G.Andrei95 (button) folded before Flop (didn't bet)



PokerStars Hand #254604669201:  Hold'em No Limit ($0.50/$1.00 USD) - 2025/01/29 11:02:46 WET [2025/01/29 6:02:46 ET]
Table 'Icarion' 6-max Seat #2 is the button
Seat 4: Susupoki114 ($0 in chips) is sitting out
Seat 5: G.Andrei95 ($103.09 in chips) is sitting out
Seat 2: coeeeelho ($122.70 in chips) 
Seat 3: rainielmd.surg ($50.73 in chips) 
Seat 6: NoonTime1991 ($100 in chips) 
rainielmd.surg: posts small blind $0.50
G.Andrei95: is sitting out 
NoonTime1991: posts big blind $1
*** HOLE CARDS ***
coeeeelho: folds 
rainielmd.surg: raises $2 to $3
NoonTime1991: raises $6 to $9
rainielmd.surg: calls $6
*** FLOP *** [3s 4s Qd]
rainielmd.surg: checks 
NoonTime1991: bets $5.64
rainielmd.surg: calls $5.64
*** TURN *** [3s 4s Qd] [7c]
rainielmd.surg: checks 
NoonTime1991: bets $14.14
rainielmd.surg: raises $21.95 to $36.09 and is all-in
NoonTime1991: calls $21.95
*** RIVER *** [3s 4s Qd 7c] [9d]
*** SHOW DOWN ***
rainielmd.surg: shows [Jh Qc] (a pair of Queens)
NoonTime1991: shows [As Ad] (a pair of Aces)
NoonTime1991 collected $100.46 from pot
*** SUMMARY ***
Total pot $101.46 | Rake $1 
Board [3s 4s Qd 7c 9d]
Seat 4: Susupoki114
Seat 5: G.Andrei95
Seat 2: coeeeelho (button) folded before Flop (didn't bet)
Seat 3: rainielmd.surg (small blind) showed [Jh Qc] and lost with a pair of Queens
Seat 6: NoonTime1991 (big blind) showed [As Ad] and won ($100.46) with a pair of Aces



PokerStars Hand #254604675976:  Hold'em No Limit ($0.50/$1.00 USD) - 2025/01/29 11:03:41 WET [2025/01/29 6:03:41 ET]
Table 'Icarion' 6-max Seat #6 is the button
Seat 3: rainielmd.surg ($0 in chips) is sitting out
Seat 4: Susupoki114 ($0 in chips) is sitting out
Seat 5: G.Andrei95 ($103.09 in chips) is sitting out
Seat 2: coeeeelho ($122.70 in chips) 
Seat 6: NoonTime1991 ($149.73 in chips) 
NoonTime1991: posts small blind $0.50
coeeeelho: posts big blind $1
*** HOLE CARDS ***
G.Andrei95 leaves the table
rainielmd.surg leaves the table
NoonTime1991: folds 
Uncalled bet ($0.50) returned to coeeeelho
coeeeelho collected $1 from pot
Susupoki114 leaves the table
*** SUMMARY ***
Total pot $1 | Rake $0 
Seat 3: rainielmd.surg
Seat 4: Susupoki114
Seat 5: G.Andrei95
Seat 2: coeeeelho (big blind) collected ($1)
Seat 6: NoonTime1991 (button) (small blind) folded before Flop



PokerStars Hand #254604678200:  Hold'em No Limit ($0.50/$1.00 USD) - 2025/01/29 11:03:58 WET [2025/01/29 6:03:58 ET]
Table 'Icarion' 6-max Seat #2 is the button
Seat 2: coeeeelho ($123.20 in chips) 
Seat 6: NoonTime1991 ($149.23 in chips) 
coeeeelho: posts small blind $0.50
NoonTime1991: posts big blind $1
*** HOLE CARDS ***
coeeeelho: raises $1.50 to $2.50
NoonTime1991: folds 
Uncalled bet ($1.50) returned to coeeeelho
coeeeelho collected $2 from pot
*** SUMMARY ***
Total pot $2 | Rake $0 
Seat 2: coeeeelho (button) (small blind) collected ($2)
Seat 6: NoonTime1991 (big blind) folded before Flop



PokerStars Hand #254604685173:  Hold'em No Limit ($0.50/$1.00 USD) - 2025/01/29 11:04:55 WET [2025/01/29 6:04:55 ET]
Table 'Icarion' 6-max Seat #3 is the button
Seat 2: coeeeelho ($124.20 in chips) is sitting out
Seat 1: valmble ($10 in chips) 
Seat 3: G.Andrei95 ($103.09 in chips) 
Seat 4: v.sting ($100 in chips) 
Seat 6: NoonTime1991 ($148.23 in chips) 
v.sting: posts small blind $0.50
NoonTime1991: posts big blind $1
*** HOLE CARDS ***
valmble: raises $1 to $2
G.Andrei95: folds 
v.sting: folds 
NoonTime1991: folds 
Uncalled bet ($1) returned to valmble
valmble collected $2.50 from pot
valmble: doesn't show hand 
*** SUMMARY ***
Total pot $2.50 | Rake $0 
Seat 2: coeeeelho
Seat 1: valmble collected ($2.50)
Seat 3: G.Andrei95 (button) folded before Flop (didn't bet)
Seat 4: v.sting (small blind) folded before Flop
Seat 6: NoonTime1991 (big blind) folded before Flop



PokerStars Hand #254604688290:  Hold'em No Limit ($0.50/$1.00 USD) - 2025/01/29 11:05:20 WET [2025/01/29 6:05:20 ET]
Table 'Icarion' 6-max Seat #4 is the button
Seat 1: valmble ($11.50 in chips) is sitting out
Seat 2: coeeeelho ($124.20 in chips) is sitting out
Seat 3: G.Andrei95 ($103.09 in chips) 
Seat 4: v.sting ($100 in chips) 
Seat 6: NoonTime1991 ($147.23 in chips) 
NoonTime1991: posts small blind $0.50
valmble: is sitting out 
G.Andrei95: posts big blind $1
*** HOLE CARDS ***
valmble leaves the table
v.sting: folds 
NoonTime1991: raises $2 to $3
G.Andrei95: folds 
Uncalled bet ($2) returned to NoonTime1991
NoonTime1991 collected $2 from pot
NoonTime1991: doesn't show hand 
*** SUMMARY ***
Total pot $2 | Rake $0 
Seat 1: valmble
Seat 2: coeeeelho
Seat 3: G.Andrei95 (big blind) folded before Flop
Seat 4: v.sting (button) folded before Flop (didn't bet)
Seat 6: NoonTime1991 (small blind) collected ($2)



PokerStars Hand #254604689999:  Hold'em No Limit ($0.50/$1.00 USD) - 2025/01/29 11:05:33 WET [2025/01/29 6:05:33 ET]
Table 'Icarion' 6-max Seat #6 is the button
Seat 2: coeeeelho ($124.20 in chips) is sitting out
Seat 3: G.Andrei95 ($102.09 in chips) 
Seat 4: v.sting ($100 in chips) 
Seat 6: NoonTime1991 ($148.23 in chips) 
G.Andrei95: posts small blind $0.50
v.sting: posts big blind $1
*** HOLE CARDS ***
NoonTime1991: folds 
G.Andrei95: raises $2 to $3
v.sting: folds 
Uncalled bet ($2) returned to G.Andrei95
G.Andrei95 collected $2 from pot
G.Andrei95: doesn't show hand 
*** SUMMARY ***
Total pot $2 | Rake $0 
Seat 2: coeeeelho
Seat 3: G.Andrei95 (small blind) collected ($2)
Seat 4: v.sting (big blind) folded before Flop
Seat 6: NoonTime1991 (button) folded before Flop (didn't bet)



PokerStars Hand #254604692551:  Hold'em No Limit ($0.50/$1.00 USD) - 2025/01/29 11:05:54 WET [2025/01/29 6:05:54 ET]
Table 'Icarion' 6-max Seat #4 is the button
Seat 2: coeeeelho ($124.20 in chips) is sitting out
Seat 6: NoonTime1991 ($148.23 in chips) is sitting out
Seat 3: G.Andrei95 ($103.09 in chips) 
Seat 4: v.sting ($100 in chips) 
v.sting: posts small blind $0.50
NoonTime1991: is sitting out 
G.Andrei95: posts big blind $1
*** HOLE CARDS ***
v.sting: raises $2 to $3
G.Andrei95: folds 
Uncalled bet ($2) returned to v.sting
v.sting collected $2 from pot
v.sting: doesn't show hand 
NoonTime1991 leaves the table
*** SUMMARY ***
Total pot $2 | Rake $0 
Seat 2: coeeeelho
Seat 6: NoonTime1991
Seat 3: G.Andrei95 (big blind) folded before Flop
Seat 4: v.sting (button) (small blind) collected ($2)



PokerStars Hand #254604598779:  Hold'em No Limit ($0.50/$1.00 USD) - 2025/01/29 10:52:12 WET [2025/01/29 5:52:12 ET]
Table 'Icarion' 6-max Seat #3 is the button
Seat 1: SeEevg ($100 in chips) is sitting out
Seat 6: Dazburt123 ($100 in chips) is sitting out
Seat 2: 3EPH ($100 in chips) 
Seat 3: Emily_GetMan ($114.58 in chips) 
Seat 4: Susupoki114 ($24.96 in chips) 
Seat 5: G.Andrei95 ($107.09 in chips) 
Susupoki114: posts small blind $0.50
G.Andrei95: posts big blind $1
Dazburt123: sits out 
SeEevg: sits out 
*** HOLE CARDS ***
3EPH: raises $1.50 to $2.50
Emily_GetMan: folds 
Susupoki114: folds 
G.Andrei95: folds 
Uncalled bet ($1.50) returned to 3EPH
3EPH collected $2.50 from pot
3EPH: doesn't show hand 
*** SUMMARY ***
Total pot $2.50 | Rake $0 
Seat 1: SeEevg
Seat 6: Dazburt123
Seat 2: 3EPH collected ($2.50)
Seat 3: Emily_GetMan (button) folded before Flop (didn't bet)
Seat 4: Susupoki114 (small blind) folded before Flop
Seat 5: G.Andrei95 (big blind) folded before Flop



