PokerStars Hand #254604159909:  Hold'em No Limit ($0.50/$1.00 USD) - 2025/01/29 9:46:31 WET [2025/01/29 4:46:31 ET]
Table 'Unitas' 6-max Seat #1 is the button
Seat 1: Red4erT ($51.50 in chips) 
Seat 2: socito ($100.22 in chips) 
Seat 3: AlexEliseev7 ($134.07 in chips) 
Seat 4: Granit34 ($80.23 in chips) 
Seat 5: jeffy27dt1 ($139.72 in chips) 
Seat 6: ptolejmus ($10 in chips) 
socito: posts small blind $0.50
AlexEliseev7: posts big blind $1
*** HOLE CARDS ***
Granit34: calls $1
jeffy27dt1: folds 
ptolejmus: folds 
Red4erT: raises $2 to $3
socito: folds 
AlexEliseev7: calls $2
Granit34: calls $2
*** FLOP *** [Tc 8d 4c]
AlexEliseev7: checks 
Granit34: checks 
Red4erT: bets $2.26
AlexEliseev7: calls $2.26
Granit34: folds 
*** TURN *** [Tc 8d 4c] [Qh]
AlexEliseev7: checks 
Red4erT: bets $9.99
AlexEliseev7: calls $9.99
*** RIVER *** [Tc 8d 4c Qh] [3s]
AlexEliseev7: checks 
Red4erT: checks 
*** SHOW DOWN ***
AlexEliseev7: shows [Js Qc] (a pair of Queens)
Red4erT: mucks hand 
AlexEliseev7 collected $32.30 from pot
*** SUMMARY ***
Total pot $34 | Rake $1.70 
Board [Tc 8d 4c Qh 3s]
Seat 1: Red4erT (button) mucked
Seat 2: socito (small blind) folded before Flop
Seat 3: AlexEliseev7 (big blind) showed [Js Qc] and won ($32.30) with a pair of Queens
Seat 4: Granit34 folded on the Flop
Seat 5: jeffy27dt1 folded before Flop (didn't bet)
Seat 6: ptolejmus folded before Flop (didn't bet)



PokerStars Hand #254604169817:  Hold'em No Limit ($0.50/$1.00 USD) - 2025/01/29 9:48:04 WET [2025/01/29 4:48:04 ET]
Table 'Unitas' 6-max Seat #2 is the button
Seat 1: Red4erT ($36.25 in chips) 
Seat 2: socito ($100 in chips) 
Seat 3: AlexEliseev7 ($151.12 in chips) 
Seat 4: Granit34 ($77.23 in chips) 
Seat 5: jeffy27dt1 ($139.72 in chips) 
Seat 6: ptolejmus ($10 in chips) 
AlexEliseev7: posts small blind $0.50
Granit34: posts big blind $1
*** HOLE CARDS ***
jeffy27dt1: raises $1.50 to $2.50
ptolejmus: folds 
Red4erT: folds 
socito: folds 
AlexEliseev7: folds 
Granit34: folds 
Uncalled bet ($1.50) returned to jeffy27dt1
jeffy27dt1 collected $2.50 from pot
jeffy27dt1: doesn't show hand 
*** SUMMARY ***
Total pot $2.50 | Rake $0 
Seat 1: Red4erT folded before Flop (didn't bet)
Seat 2: socito (button) folded before Flop (didn't bet)
Seat 3: AlexEliseev7 (small blind) folded before Flop
Seat 4: Granit34 (big blind) folded before Flop
Seat 5: jeffy27dt1 collected ($2.50)
Seat 6: ptolejmus folded before Flop (didn't bet)



PokerStars Hand #254604172363:  Hold'em No Limit ($0.50/$1.00 USD) - 2025/01/29 9:48:28 WET [2025/01/29 4:48:28 ET]
Table 'Unitas' 6-max Seat #3 is the button
Seat 1: Red4erT ($36.25 in chips) 
Seat 2: socito ($100 in chips) 
Seat 3: AlexEliseev7 ($150.62 in chips) 
Seat 4: Granit34 ($76.23 in chips) 
Seat 5: jeffy27dt1 ($141.22 in chips) 
Seat 6: ptolejmus ($10 in chips) 
Granit34: posts small blind $0.50
jeffy27dt1: posts big blind $1
*** HOLE CARDS ***
ptolejmus: folds 
Red4erT: raises $1 to $2
socito: folds 
AlexEliseev7: folds 
Granit34: raises $2 to $4
jeffy27dt1: folds 
Red4erT: calls $2
*** FLOP *** [8h 8d Qh]
Granit34: bets $3
Red4erT: folds 
Uncalled bet ($3) returned to Granit34
Granit34 collected $8.44 from pot
*** SUMMARY ***
Total pot $9 | Rake $0.56 
Board [8h 8d Qh]
Seat 1: Red4erT folded on the Flop
Seat 2: socito folded before Flop (didn't bet)
Seat 3: AlexEliseev7 (button) folded before Flop (didn't bet)
Seat 4: Granit34 (small blind) collected ($8.44)
Seat 5: jeffy27dt1 (big blind) folded before Flop
Seat 6: ptolejmus folded before Flop (didn't bet)



PokerStars Hand #254604176651:  Hold'em No Limit ($0.50/$1.00 USD) - 2025/01/29 9:49:08 WET [2025/01/29 4:49:08 ET]
Table 'Unitas' 6-max Seat #4 is the button
Seat 1: Red4erT ($32.25 in chips) 
Seat 2: socito ($100 in chips) 
Seat 3: AlexEliseev7 ($150.62 in chips) 
Seat 4: Granit34 ($80.67 in chips) 
Seat 5: jeffy27dt1 ($140.22 in chips) 
Seat 6: ptolejmus ($10 in chips) 
jeffy27dt1: posts small blind $0.50
ptolejmus: posts big blind $1
*** HOLE CARDS ***
Red4erT: folds 
socito: folds 
AlexEliseev7: folds 
Granit34: calls $1
jeffy27dt1: folds 
ptolejmus: checks 
*** FLOP *** [4d 3c Qh]
ptolejmus: checks 
Granit34: checks 
*** TURN *** [4d 3c Qh] [Jd]
ptolejmus: checks 
Granit34: bets $1
ptolejmus: folds 
Uncalled bet ($1) returned to Granit34
Granit34 collected $2.35 from pot
*** SUMMARY ***
Total pot $2.50 | Rake $0.15 
Board [4d 3c Qh Jd]
Seat 1: Red4erT folded before Flop (didn't bet)
Seat 2: socito folded before Flop (didn't bet)
Seat 3: AlexEliseev7 folded before Flop (didn't bet)
Seat 4: Granit34 (button) collected ($2.35)
Seat 5: jeffy27dt1 (small blind) folded before Flop
Seat 6: ptolejmus (big blind) folded on the Turn



PokerStars Hand #254604196114:  Hold'em No Limit ($0.50/$1.00 USD) - 2025/01/29 9:52:10 WET [2025/01/29 4:52:10 ET]
Table 'Unitas' 6-max Seat #3 is the button
Seat 1: Red4erT ($28.75 in chips) 
Seat 2: socito ($112.48 in chips) 
Seat 3: AlexEliseev7 ($150.62 in chips) 
Seat 4: Granit34 ($81.02 in chips) 
Seat 5: jeffy27dt1 ($139.72 in chips) 
Seat 6: ptolejmus ($10 in chips) 
Granit34: posts small blind $0.50
jeffy27dt1: posts big blind $1
*** HOLE CARDS ***
ptolejmus: folds 
Red4erT: folds 
socito: folds 
AlexEliseev7: folds 
Granit34: raises $2 to $3
jeffy27dt1: folds 
Uncalled bet ($2) returned to Granit34
Granit34 collected $2 from pot
*** SUMMARY ***
Total pot $2 | Rake $0 
Seat 1: Red4erT folded before Flop (didn't bet)
Seat 2: socito folded before Flop (didn't bet)
Seat 3: AlexEliseev7 (button) folded before Flop (didn't bet)
Seat 4: Granit34 (small blind) collected ($2)
Seat 5: jeffy27dt1 (big blind) folded before Flop
Seat 6: ptolejmus folded before Flop (didn't bet)



PokerStars Hand #254604198853:  Hold'em No Limit ($0.50/$1.00 USD) - 2025/01/29 9:52:36 WET [2025/01/29 4:52:36 ET]
Table 'Unitas' 6-max Seat #4 is the button
Seat 1: Red4erT ($28.75 in chips) 
Seat 2: socito ($112.48 in chips) 
Seat 3: AlexEliseev7 ($150.62 in chips) 
Seat 4: Granit34 ($82.02 in chips) 
Seat 5: jeffy27dt1 ($138.72 in chips) 
Seat 6: ptolejmus ($10 in chips) 
jeffy27dt1: posts small blind $0.50
ptolejmus: posts big blind $1
*** HOLE CARDS ***
Red4erT: folds 
socito: folds 
AlexEliseev7: folds 
Granit34: folds 
jeffy27dt1: raises $2 to $3
ptolejmus: folds 
Uncalled bet ($2) returned to jeffy27dt1
jeffy27dt1 collected $2 from pot
jeffy27dt1: doesn't show hand 
*** SUMMARY ***
Total pot $2 | Rake $0 
Seat 1: Red4erT folded before Flop (didn't bet)
Seat 2: socito folded before Flop (didn't bet)
Seat 3: AlexEliseev7 folded before Flop (didn't bet)
Seat 4: Granit34 (button) folded before Flop (didn't bet)
Seat 5: jeffy27dt1 (small blind) collected ($2)
Seat 6: ptolejmus (big blind) folded before Flop



PokerStars Hand #254604094390:  Hold'em No Limit ($0.50/$1.00 USD) - 2025/01/29 9:35:49 WET [2025/01/29 4:35:49 ET]
Table 'Unitas' 6-max Seat #4 is the button
Seat 1: Red4erT ($49.50 in chips) is sitting out
Seat 2: socito ($100 in chips) is sitting out
Seat 3: AlexEliseev7 ($103 in chips) 
Seat 4: Granit34 ($67.89 in chips) 
Seat 6: steelNike ($17 in chips) 
steelNike: posts small blind $0.50
Red4erT: is sitting out 
AlexEliseev7: posts big blind $1
*** HOLE CARDS ***
Granit34: folds 
steelNike: raises $1 to $2
AlexEliseev7: folds 
Uncalled bet ($1) returned to steelNike
steelNike collected $2 from pot
*** SUMMARY ***
Total pot $2 | Rake $0 
Seat 1: Red4erT
Seat 2: socito
Seat 3: AlexEliseev7 (big blind) folded before Flop
Seat 4: Granit34 (button) folded before Flop (didn't bet)
Seat 6: steelNike (small blind) collected ($2)



PokerStars Hand #254604096576:  Hold'em No Limit ($0.50/$1.00 USD) - 2025/01/29 9:36:11 WET [2025/01/29 4:36:11 ET]
Table 'Unitas' 6-max Seat #6 is the button
Seat 1: Red4erT ($49.50 in chips) is sitting out
Seat 2: socito ($100 in chips) is sitting out
Seat 3: AlexEliseev7 ($102 in chips) 
Seat 4: Granit34 ($67.89 in chips) 
Seat 6: steelNike ($18 in chips) 
AlexEliseev7: posts small blind $0.50
Granit34: posts big blind $1
*** HOLE CARDS ***
steelNike: raises $17 to $18 and is all-in
AlexEliseev7: folds 
Granit34: folds 
Uncalled bet ($17) returned to steelNike
steelNike collected $2.50 from pot
*** SUMMARY ***
Total pot $2.50 | Rake $0 
Seat 1: Red4erT
Seat 2: socito
Seat 3: AlexEliseev7 (small blind) folded before Flop
Seat 4: Granit34 (big blind) folded before Flop
Seat 6: steelNike (button) collected ($2.50)



PokerStars Hand #254604098514:  Hold'em No Limit ($0.50/$1.00 USD) - 2025/01/29 9:36:30 WET [2025/01/29 4:36:30 ET]
Table 'Unitas' 6-max Seat #3 is the button
Seat 1: Red4erT ($49.50 in chips) is sitting out
Seat 3: AlexEliseev7 ($101.50 in chips) 
Seat 4: Granit34 ($66.89 in chips) 
Seat 6: steelNike ($19.50 in chips) 
socito leaves the table
Granit34: posts small blind $0.50
steelNike: posts big blind $1
*** HOLE CARDS ***
AlexEliseev7: folds 
Granit34: folds 
Uncalled bet ($0.50) returned to steelNike
steelNike collected $1 from pot
jeffy27dt1 joins the table at seat #5 
*** SUMMARY ***
Total pot $1 | Rake $0 
Seat 1: Red4erT
Seat 3: AlexEliseev7 (button) folded before Flop (didn't bet)
Seat 4: Granit34 (small blind) folded before Flop
Seat 6: steelNike (big blind) collected ($1)



PokerStars Hand #254604099296:  Hold'em No Limit ($0.50/$1.00 USD) - 2025/01/29 9:36:38 WET [2025/01/29 4:36:38 ET]
Table 'Unitas' 6-max Seat #4 is the button
Seat 1: Red4erT ($49.50 in chips) is sitting out
Seat 5: jeffy27dt1 ($100 in chips) is sitting out
Seat 3: AlexEliseev7 ($101.50 in chips) 
Seat 4: Granit34 ($66.39 in chips) 
Seat 6: steelNike ($20 in chips) 
steelNike: posts small blind $0.50
AlexEliseev7: posts big blind $1
*** HOLE CARDS ***
Granit34: folds 
steelNike: folds 
Uncalled bet ($0.50) returned to AlexEliseev7
AlexEliseev7 collected $1 from pot
AlexEliseev7: doesn't show hand 
socito joins the table at seat #2 
*** SUMMARY ***
Total pot $1 | Rake $0 
Seat 1: Red4erT
Seat 5: jeffy27dt1
Seat 3: AlexEliseev7 (big blind) collected ($1)
Seat 4: Granit34 (button) folded before Flop (didn't bet)
Seat 6: steelNike (small blind) folded before Flop



PokerStars Hand #254604100820:  Hold'em No Limit ($0.50/$1.00 USD) - 2025/01/29 9:36:53 WET [2025/01/29 4:36:53 ET]
Table 'Unitas' 6-max Seat #6 is the button
Seat 1: Red4erT ($49.50 in chips) is sitting out
Seat 2: socito ($100 in chips) is sitting out
Seat 5: jeffy27dt1 ($100 in chips) is sitting out
Seat 3: AlexEliseev7 ($102 in chips) 
Seat 4: Granit34 ($66.39 in chips) 
Seat 6: steelNike ($19.50 in chips) 
AlexEliseev7: posts small blind $0.50
Granit34: posts big blind $1
jeffy27dt1: sits out 
*** HOLE CARDS ***
steelNike: folds 
AlexEliseev7: folds 
Uncalled bet ($0.50) returned to Granit34
Granit34 collected $1 from pot
*** SUMMARY ***
Total pot $1 | Rake $0 
Seat 1: Red4erT
Seat 2: socito
Seat 5: jeffy27dt1
Seat 3: AlexEliseev7 (small blind) folded before Flop
Seat 4: Granit34 (big blind) collected ($1)
Seat 6: steelNike (button) folded before Flop (didn't bet)



PokerStars Hand #254604101904:  Hold'em No Limit ($0.50/$1.00 USD) - 2025/01/29 9:37:04 WET [2025/01/29 4:37:04 ET]
Table 'Unitas' 6-max Seat #3 is the button
Seat 1: Red4erT ($49.50 in chips) is sitting out
Seat 2: socito ($100 in chips) is sitting out
Seat 3: AlexEliseev7 ($101.50 in chips) 
Seat 4: Granit34 ($66.89 in chips) 
Seat 5: jeffy27dt1 ($100 in chips) 
Seat 6: steelNike ($19.50 in chips) 
Granit34: posts small blind $0.50
jeffy27dt1: posts big blind $1
socito: sits out 
*** HOLE CARDS ***
steelNike: folds 
AlexEliseev7: folds 
Granit34: raises $1 to $2
jeffy27dt1: calls $1
*** FLOP *** [Jc 2d 4d]
Granit34: checks 
jeffy27dt1: checks 
*** TURN *** [Jc 2d 4d] [9s]
Granit34: checks 
jeffy27dt1: checks 
*** RIVER *** [Jc 2d 4d 9s] [7h]
Granit34: checks 
jeffy27dt1: checks 
*** SHOW DOWN ***
Granit34: shows [5c Ad] (high card Ace)
jeffy27dt1: shows [3d 3c] (a pair of Threes)
jeffy27dt1 collected $3.80 from pot
*** SUMMARY ***
Total pot $4 | Rake $0.20 
Board [Jc 2d 4d 9s 7h]
Seat 1: Red4erT
Seat 2: socito
Seat 3: AlexEliseev7 (button) folded before Flop (didn't bet)
Seat 4: Granit34 (small blind) showed [5c Ad] and lost with high card Ace
Seat 5: jeffy27dt1 (big blind) showed [3d 3c] and won ($3.80) with a pair of Threes
Seat 6: steelNike folded before Flop (didn't bet)



PokerStars Hand #254604107747:  Hold'em No Limit ($0.50/$1.00 USD) - 2025/01/29 9:38:02 WET [2025/01/29 4:38:02 ET]
Table 'Unitas' 6-max Seat #4 is the button
Seat 1: Red4erT ($49.50 in chips) is sitting out
Seat 6: steelNike ($19.50 in chips) is sitting out
Seat 2: socito ($100 in chips) 
Seat 3: AlexEliseev7 ($101.50 in chips) 
Seat 4: Granit34 ($64.89 in chips) 
Seat 5: jeffy27dt1 ($101.80 in chips) 
jeffy27dt1: posts small blind $0.50
steelNike: is sitting out 
socito: posts big blind $1
*** HOLE CARDS ***
AlexEliseev7: raises $1.50 to $2.50
Granit34: folds 
jeffy27dt1: raises $9.50 to $12
socito: folds 
steelNike leaves the table
AlexEliseev7: calls $9.50
*** FLOP *** [As 3h 7s]
jeffy27dt1: bets $7.92
AlexEliseev7: calls $7.92
*** TURN *** [As 3h 7s] [4s]
jeffy27dt1: checks 
AlexEliseev7: bets $13.15
jeffy27dt1: calls $13.15
*** RIVER *** [As 3h 7s 4s] [Qs]
jeffy27dt1: checks 
AlexEliseev7: bets $68.43 and is all-in
jeffy27dt1: folds 
Uncalled bet ($68.43) returned to AlexEliseev7
AlexEliseev7 collected $66.14 from pot
AlexEliseev7: doesn't show hand 
*** SUMMARY ***
Total pot $67.14 | Rake $1 
Board [As 3h 7s 4s Qs]
Seat 1: Red4erT
Seat 6: steelNike
Seat 2: socito (big blind) folded before Flop
Seat 3: AlexEliseev7 collected ($66.14)
Seat 4: Granit34 (button) folded before Flop (didn't bet)
Seat 5: jeffy27dt1 (small blind) folded on the River



PokerStars Hand #254604122415:  Hold'em No Limit ($0.50/$1.00 USD) - 2025/01/29 9:40:28 WET [2025/01/29 4:40:28 ET]
Table 'Unitas' 6-max Seat #5 is the button
Seat 1: Red4erT ($49.50 in chips) is sitting out
Seat 2: socito ($100 in chips) 
Seat 3: AlexEliseev7 ($134.57 in chips) 
Seat 4: Granit34 ($64.89 in chips) 
Seat 5: jeffy27dt1 ($100 in chips) 
socito: posts small blind $0.50
AlexEliseev7: posts big blind $1
*** HOLE CARDS ***
Granit34: folds 
jeffy27dt1: raises $1.50 to $2.50
socito: folds 
AlexEliseev7: calls $1.50
*** FLOP *** [Td 4d Jc]
AlexEliseev7: checks 
jeffy27dt1: bets $3.92
AlexEliseev7: folds 
Uncalled bet ($3.92) returned to jeffy27dt1
jeffy27dt1 collected $5.22 from pot
jeffy27dt1: doesn't show hand 
*** SUMMARY ***
Total pot $5.50 | Rake $0.28 
Board [Td 4d Jc]
Seat 1: Red4erT
Seat 2: socito (small blind) folded before Flop
Seat 3: AlexEliseev7 (big blind) folded on the Flop
Seat 4: Granit34 folded before Flop (didn't bet)
Seat 5: jeffy27dt1 (button) collected ($5.22)



PokerStars Hand #254604125606:  Hold'em No Limit ($0.50/$1.00 USD) - 2025/01/29 9:40:59 WET [2025/01/29 4:40:59 ET]
Table 'Unitas' 6-max Seat #2 is the button
Seat 1: Red4erT ($49.50 in chips) is sitting out
Seat 2: socito ($100 in chips) 
Seat 3: AlexEliseev7 ($132.07 in chips) 
Seat 4: Granit34 ($64.89 in chips) 
Seat 5: jeffy27dt1 ($102.72 in chips) 
AlexEliseev7: posts small blind $0.50
Granit34: posts big blind $1
*** HOLE CARDS ***
jeffy27dt1: folds 
socito: raises $1.50 to $2.50
AlexEliseev7: folds 
Granit34: calls $1.50
*** FLOP *** [6s 4h 5d]
Granit34: checks 
socito: bets $2.61
Granit34: folds 
Uncalled bet ($2.61) returned to socito
SAMKOUK2516 joins the table at seat #6 
socito collected $5.22 from pot
socito: doesn't show hand 
*** SUMMARY ***
Total pot $5.50 | Rake $0.28 
Board [6s 4h 5d]
Seat 1: Red4erT
Seat 2: socito (button) collected ($5.22)
Seat 3: AlexEliseev7 (small blind) folded before Flop
Seat 4: Granit34 (big blind) folded on the Flop
Seat 5: jeffy27dt1 folded before Flop (didn't bet)



PokerStars Hand #254604128468:  Hold'em No Limit ($0.50/$1.00 USD) - 2025/01/29 9:41:28 WET [2025/01/29 4:41:28 ET]
Table 'Unitas' 6-max Seat #3 is the button
Seat 1: Red4erT ($49.50 in chips) is sitting out
Seat 6: SAMKOUK2516 ($41 in chips) is sitting out
Seat 2: socito ($102.72 in chips) 
Seat 3: AlexEliseev7 ($131.57 in chips) 
Seat 4: Granit34 ($62.39 in chips) 
Seat 5: jeffy27dt1 ($102.72 in chips) 
Granit34: posts small blind $0.50
jeffy27dt1: posts big blind $1
SAMKOUK2516: sits out 
Red4erT: sits out 
*** HOLE CARDS ***
socito: folds 
AlexEliseev7: folds 
Granit34: folds 
Uncalled bet ($0.50) returned to jeffy27dt1
jeffy27dt1 collected $1 from pot
jeffy27dt1: doesn't show hand 
*** SUMMARY ***
Total pot $1 | Rake $0 
Seat 1: Red4erT
Seat 6: SAMKOUK2516
Seat 2: socito folded before Flop (didn't bet)
Seat 3: AlexEliseev7 (button) folded before Flop (didn't bet)
Seat 4: Granit34 (small blind) folded before Flop
Seat 5: jeffy27dt1 (big blind) collected ($1)



PokerStars Hand #254604129208:  Hold'em No Limit ($0.50/$1.00 USD) - 2025/01/29 9:41:35 WET [2025/01/29 4:41:35 ET]
Table 'Unitas' 6-max Seat #4 is the button
Seat 1: Red4erT ($49.50 in chips) is sitting out
Seat 2: socito ($102.72 in chips) 
Seat 3: AlexEliseev7 ($131.57 in chips) 
Seat 4: Granit34 ($61.89 in chips) 
Seat 5: jeffy27dt1 ($103.22 in chips) 
Seat 6: SAMKOUK2516 ($41 in chips) 
jeffy27dt1: posts small blind $0.50
SAMKOUK2516: posts big blind $1
Red4erT: sits out 
*** HOLE CARDS ***
socito: folds 
AlexEliseev7: folds 
Granit34: folds 
jeffy27dt1: folds 
Uncalled bet ($0.50) returned to SAMKOUK2516
SAMKOUK2516 collected $1 from pot
SAMKOUK2516: doesn't show hand 
*** SUMMARY ***
Total pot $1 | Rake $0 
Seat 1: Red4erT
Seat 2: socito folded before Flop (didn't bet)
Seat 3: AlexEliseev7 folded before Flop (didn't bet)
Seat 4: Granit34 (button) folded before Flop (didn't bet)
Seat 5: jeffy27dt1 (small blind) folded before Flop
Seat 6: SAMKOUK2516 (big blind) collected ($1)



PokerStars Hand #254604130845:  Hold'em No Limit ($0.50/$1.00 USD) - 2025/01/29 9:41:51 WET [2025/01/29 4:41:51 ET]
Table 'Unitas' 6-max Seat #5 is the button
Seat 1: Red4erT ($49.50 in chips) 
Seat 2: socito ($102.72 in chips) 
Seat 3: AlexEliseev7 ($131.57 in chips) 
Seat 4: Granit34 ($61.89 in chips) 
Seat 5: jeffy27dt1 ($102.72 in chips) 
Seat 6: SAMKOUK2516 ($41.50 in chips) 
SAMKOUK2516: posts small blind $0.50
Red4erT: posts big blind $1
*** HOLE CARDS ***
socito: folds 
AlexEliseev7: folds 
Granit34: folds 
jeffy27dt1: folds 
SAMKOUK2516: calls $0.50
Red4erT: raises $2.50 to $3.50
SAMKOUK2516 is disconnected 
SAMKOUK2516 has timed out while disconnected
SAMKOUK2516: folds 
Uncalled bet ($2.50) returned to Red4erT
Red4erT collected $2 from pot
Red4erT: doesn't show hand 
*** SUMMARY ***
Total pot $2 | Rake $0 
Seat 1: Red4erT (big blind) collected ($2)
Seat 2: socito folded before Flop (didn't bet)
Seat 3: AlexEliseev7 folded before Flop (didn't bet)
Seat 4: Granit34 folded before Flop (didn't bet)
Seat 5: jeffy27dt1 (button) folded before Flop (didn't bet)
Seat 6: SAMKOUK2516 (small blind) folded before Flop



PokerStars Hand #254604134582:  Hold'em No Limit ($0.50/$1.00 USD) - 2025/01/29 9:42:27 WET [2025/01/29 4:42:27 ET]
Table 'Unitas' 6-max Seat #6 is the button
Seat 1: Red4erT ($50.50 in chips) 
Seat 2: socito ($102.72 in chips) 
Seat 3: AlexEliseev7 ($131.57 in chips) 
Seat 4: Granit34 ($61.89 in chips) 
Seat 5: jeffy27dt1 ($102.72 in chips) 
Seat 6: SAMKOUK2516 ($40.50 in chips) 
Red4erT: posts small blind $0.50
socito: posts big blind $1
*** HOLE CARDS ***
AlexEliseev7: folds 
Granit34: folds 
jeffy27dt1: raises $1.50 to $2.50
SAMKOUK2516 is disconnected 
SAMKOUK2516 is connected 
SAMKOUK2516: calls $2.50
Red4erT: folds 
socito: folds 
*** FLOP *** [3c 5c Td]
jeffy27dt1: checks 
SAMKOUK2516: bets $6.18
jeffy27dt1: calls $6.18
*** TURN *** [3c 5c Td] [Qs]
jeffy27dt1: checks 
SAMKOUK2516: checks 
*** RIVER *** [3c 5c Td Qs] [Kh]
jeffy27dt1: bets $13.43
SAMKOUK2516: raises $18.39 to $31.82 and is all-in
jeffy27dt1: calls $18.39
*** SHOW DOWN ***
SAMKOUK2516: shows [Kd 5h] (two pair, Kings and Fives)
jeffy27dt1: shows [Th Ks] (two pair, Kings and Tens)
jeffy27dt1 collected $80 from pot
*** SUMMARY ***
Total pot $82.50 | Rake $2.50 
Board [3c 5c Td Qs Kh]
Seat 1: Red4erT (small blind) folded before Flop
Seat 2: socito (big blind) folded before Flop
Seat 3: AlexEliseev7 folded before Flop (didn't bet)
Seat 4: Granit34 folded before Flop (didn't bet)
Seat 5: jeffy27dt1 showed [Th Ks] and won ($80) with two pair, Kings and Tens
Seat 6: SAMKOUK2516 (button) showed [Kd 5h] and lost with two pair, Kings and Fives



PokerStars Hand #254604143230:  Hold'em No Limit ($0.50/$1.00 USD) - 2025/01/29 9:43:52 WET [2025/01/29 4:43:52 ET]
Table 'Unitas' 6-max Seat #1 is the button
Seat 1: Red4erT ($50 in chips) 
Seat 2: socito ($101.72 in chips) 
Seat 3: AlexEliseev7 ($131.57 in chips) 
Seat 4: Granit34 ($61.89 in chips) 
Seat 5: jeffy27dt1 ($142.22 in chips) 
socito: posts small blind $0.50
AlexEliseev7: posts big blind $1
*** HOLE CARDS ***
Granit34: folds 
jeffy27dt1: raises $1.50 to $2.50
Red4erT: folds 
socito: folds 
AlexEliseev7: raises $10.50 to $13
ptolejmus joins the table at seat #6 
jeffy27dt1: folds 
Uncalled bet ($10.50) returned to AlexEliseev7
AlexEliseev7 collected $5.50 from pot
AlexEliseev7: doesn't show hand 
*** SUMMARY ***
Total pot $5.50 | Rake $0 
Seat 1: Red4erT (button) folded before Flop (didn't bet)
Seat 2: socito (small blind) folded before Flop
Seat 3: AlexEliseev7 (big blind) collected ($5.50)
Seat 4: Granit34 folded before Flop (didn't bet)
Seat 5: jeffy27dt1 folded before Flop



PokerStars Hand #254604147163:  Hold'em No Limit ($0.50/$1.00 USD) - 2025/01/29 9:44:29 WET [2025/01/29 4:44:29 ET]
Table 'Unitas' 6-max Seat #2 is the button
Seat 6: ptolejmus ($10 in chips) is sitting out
Seat 1: Red4erT ($50 in chips) 
Seat 2: socito ($101.22 in chips) 
Seat 3: AlexEliseev7 ($134.57 in chips) 
Seat 4: Granit34 ($61.89 in chips) 
Seat 5: jeffy27dt1 ($139.72 in chips) 
AlexEliseev7: posts small blind $0.50
Granit34: posts big blind $1
ptolejmus: sits out 
*** HOLE CARDS ***
jeffy27dt1: folds 
Red4erT: raises $1 to $2
socito: folds 
AlexEliseev7: folds 
Granit34: folds 
Uncalled bet ($1) returned to Red4erT
Red4erT collected $2.50 from pot
Red4erT: doesn't show hand 
*** SUMMARY ***
Total pot $2.50 | Rake $0 
Seat 6: ptolejmus
Seat 1: Red4erT collected ($2.50)
Seat 2: socito (button) folded before Flop (didn't bet)
Seat 3: AlexEliseev7 (small blind) folded before Flop
Seat 4: Granit34 (big blind) folded before Flop
Seat 5: jeffy27dt1 folded before Flop (didn't bet)



PokerStars Hand #254604148799:  Hold'em No Limit ($0.50/$1.00 USD) - 2025/01/29 9:44:45 WET [2025/01/29 4:44:45 ET]
Table 'Unitas' 6-max Seat #3 is the button
Seat 6: ptolejmus ($10 in chips) is sitting out
Seat 1: Red4erT ($51.50 in chips) 
Seat 2: socito ($101.22 in chips) 
Seat 3: AlexEliseev7 ($134.07 in chips) 
Seat 4: Granit34 ($60.89 in chips) 
Seat 5: jeffy27dt1 ($139.72 in chips) 
Granit34: posts small blind $0.50
jeffy27dt1: posts big blind $1
ptolejmus: sits out 
*** HOLE CARDS ***
Red4erT: raises $1 to $2
socito: folds 
AlexEliseev7: folds 
Granit34: folds 
jeffy27dt1: folds 
Uncalled bet ($1) returned to Red4erT
Red4erT collected $2.50 from pot
Red4erT: doesn't show hand 
*** SUMMARY ***
Total pot $2.50 | Rake $0 
Seat 6: ptolejmus
Seat 1: Red4erT collected ($2.50)
Seat 2: socito folded before Flop (didn't bet)
Seat 3: AlexEliseev7 (button) folded before Flop (didn't bet)
Seat 4: Granit34 (small blind) folded before Flop
Seat 5: jeffy27dt1 (big blind) folded before Flop



PokerStars Hand #254604150933:  Hold'em No Limit ($0.50/$1.00 USD) - 2025/01/29 9:45:05 WET [2025/01/29 4:45:05 ET]
Table 'Unitas' 6-max Seat #4 is the button
Seat 1: Red4erT ($53 in chips) 
Seat 2: socito ($101.22 in chips) 
Seat 3: AlexEliseev7 ($134.07 in chips) 
Seat 4: Granit34 ($60.39 in chips) 
Seat 5: jeffy27dt1 ($138.72 in chips) 
Seat 6: ptolejmus ($10 in chips) 
jeffy27dt1: posts small blind $0.50
ptolejmus: posts big blind $1
*** HOLE CARDS ***
Red4erT: folds 
socito: folds 
AlexEliseev7: folds 
Granit34: folds 
jeffy27dt1: raises $2 to $3
ptolejmus: folds 
Uncalled bet ($2) returned to jeffy27dt1
jeffy27dt1 collected $2 from pot
jeffy27dt1: doesn't show hand 
*** SUMMARY ***
Total pot $2 | Rake $0 
Seat 1: Red4erT folded before Flop (didn't bet)
Seat 2: socito folded before Flop (didn't bet)
Seat 3: AlexEliseev7 folded before Flop (didn't bet)
Seat 4: Granit34 (button) folded before Flop (didn't bet)
Seat 5: jeffy27dt1 (small blind) collected ($2)
Seat 6: ptolejmus (big blind) folded before Flop



PokerStars Hand #254604153423:  Hold'em No Limit ($0.50/$1.00 USD) - 2025/01/29 9:45:29 WET [2025/01/29 4:45:29 ET]
Table 'Unitas' 6-max Seat #5 is the button
Seat 1: Red4erT ($53 in chips) 
Seat 2: socito ($101.22 in chips) 
Seat 3: AlexEliseev7 ($134.07 in chips) 
Seat 4: Granit34 ($60.39 in chips) 
Seat 5: jeffy27dt1 ($139.72 in chips) 
Seat 6: ptolejmus ($10 in chips) 
ptolejmus: posts small blind $0.50
Red4erT: posts big blind $1
*** HOLE CARDS ***
socito: folds 
AlexEliseev7: folds 
Granit34: raises $1.50 to $2.50
jeffy27dt1: folds 
ptolejmus: raises $7.50 to $10 and is all-in
Red4erT: folds 
Granit34: calls $7.50
*** FLOP *** [5c 3h Jd]
*** TURN *** [5c 3h Jd] [9s]
*** RIVER *** [5c 3h Jd 9s] [9d]
*** SHOW DOWN ***
ptolejmus: shows [Ad Qs] (a pair of Nines)
Granit34: shows [Ac As] (two pair, Aces and Nines)
Granit34 collected $19.69 from pot
*** SUMMARY ***
Total pot $21 | Rake $1.31 
Board [5c 3h Jd 9s 9d]
Seat 1: Red4erT (big blind) folded before Flop
Seat 2: socito folded before Flop (didn't bet)
Seat 3: AlexEliseev7 folded before Flop (didn't bet)
Seat 4: Granit34 showed [Ac As] and won ($19.69) with two pair, Aces and Nines
Seat 5: jeffy27dt1 (button) folded before Flop (didn't bet)
Seat 6: ptolejmus (small blind) showed [Ad Qs] and lost with a pair of Nines



PokerStars Hand #254604156896:  Hold'em No Limit ($0.50/$1.00 USD) - 2025/01/29 9:46:03 WET [2025/01/29 4:46:03 ET]
Table 'Unitas' 6-max Seat #6 is the button
Seat 1: Red4erT ($52 in chips) 
Seat 2: socito ($101.22 in chips) 
Seat 3: AlexEliseev7 ($134.07 in chips) 
Seat 4: Granit34 ($70.08 in chips) 
Seat 5: jeffy27dt1 ($139.72 in chips) 
Seat 6: ptolejmus ($10 in chips) 
Red4erT: posts small blind $0.50
socito: posts big blind $1
*** HOLE CARDS ***
AlexEliseev7: folds 
Granit34: calls $1
jeffy27dt1: folds 
ptolejmus: raises $9 to $10 and is all-in
Red4erT: folds 
socito: folds 
Granit34: calls $9
*** FLOP *** [3d 2c 8d]
*** TURN *** [3d 2c 8d] [7c]
*** RIVER *** [3d 2c 8d 7c] [2s]
*** SHOW DOWN ***
Granit34: shows [Ac 7h] (two pair, Sevens and Deuces)
ptolejmus: shows [As Ts] (a pair of Deuces)
Granit34 collected $20.15 from pot
*** SUMMARY ***
Total pot $21.50 | Rake $1.35 
Board [3d 2c 8d 7c 2s]
Seat 1: Red4erT (small blind) folded before Flop
Seat 2: socito (big blind) folded before Flop
Seat 3: AlexEliseev7 folded before Flop (didn't bet)
Seat 4: Granit34 showed [Ac 7h] and won ($20.15) with two pair, Sevens and Deuces
Seat 5: jeffy27dt1 folded before Flop (didn't bet)
Seat 6: ptolejmus (button) showed [As Ts] and lost with a pair of Deuces



PokerStars Hand #254604200642:  Hold'em No Limit ($0.50/$1.00 USD) - 2025/01/29 9:52:52 WET [2025/01/29 4:52:52 ET]
Table 'Unitas' 6-max Seat #5 is the button
Seat 1: Red4erT ($28.75 in chips) 
Seat 2: socito ($112.48 in chips) 
Seat 3: AlexEliseev7 ($150.62 in chips) 
Seat 4: Granit34 ($82.02 in chips) 
Seat 5: jeffy27dt1 ($139.72 in chips) 
Seat 6: ptolejmus ($10 in chips) 
ptolejmus: posts small blind $0.50
Red4erT: posts big blind $1
*** HOLE CARDS ***
socito: folds 
AlexEliseev7: folds 
Granit34: folds 
jeffy27dt1: raises $1.50 to $2.50
ptolejmus: folds 
Red4erT: folds 
Uncalled bet ($1.50) returned to jeffy27dt1
jeffy27dt1 collected $2.50 from pot
jeffy27dt1: doesn't show hand 
*** SUMMARY ***
Total pot $2.50 | Rake $0 
Seat 1: Red4erT (big blind) folded before Flop
Seat 2: socito folded before Flop (didn't bet)
Seat 3: AlexEliseev7 folded before Flop (didn't bet)
Seat 4: Granit34 folded before Flop (didn't bet)
Seat 5: jeffy27dt1 (button) collected ($2.50)
Seat 6: ptolejmus (small blind) folded before Flop



PokerStars Hand #254604202290:  Hold'em No Limit ($0.50/$1.00 USD) - 2025/01/29 9:53:07 WET [2025/01/29 4:53:07 ET]
Table 'Unitas' 6-max Seat #6 is the button
Seat 1: Red4erT ($27.75 in chips) 
Seat 2: socito ($112.48 in chips) 
Seat 3: AlexEliseev7 ($150.62 in chips) 
Seat 4: Granit34 ($82.02 in chips) 
Seat 5: jeffy27dt1 ($141.22 in chips) 
Seat 6: ptolejmus ($10 in chips) 
Red4erT: posts small blind $0.50
socito: posts big blind $1
*** HOLE CARDS ***
AlexEliseev7: folds 
Granit34: folds 
jeffy27dt1: folds 
ptolejmus: folds 
Red4erT: raises $2 to $3
socito: folds 
Uncalled bet ($2) returned to Red4erT
Red4erT collected $2 from pot
Red4erT: doesn't show hand 
*** SUMMARY ***
Total pot $2 | Rake $0 
Seat 1: Red4erT (small blind) collected ($2)
Seat 2: socito (big blind) folded before Flop
Seat 3: AlexEliseev7 folded before Flop (didn't bet)
Seat 4: Granit34 folded before Flop (didn't bet)
Seat 5: jeffy27dt1 folded before Flop (didn't bet)
Seat 6: ptolejmus (button) folded before Flop (didn't bet)



PokerStars Hand #254604204185:  Hold'em No Limit ($0.50/$1.00 USD) - 2025/01/29 9:53:25 WET [2025/01/29 4:53:25 ET]
Table 'Unitas' 6-max Seat #1 is the button
Seat 1: Red4erT ($28.75 in chips) 
Seat 2: socito ($111.48 in chips) 
Seat 3: AlexEliseev7 ($150.62 in chips) 
Seat 4: Granit34 ($82.02 in chips) 
Seat 5: jeffy27dt1 ($141.22 in chips) 
Seat 6: ptolejmus ($10 in chips) 
socito: posts small blind $0.50
AlexEliseev7: posts big blind $1
*** HOLE CARDS ***
Granit34: folds 
jeffy27dt1: folds 
ptolejmus: folds 
Red4erT: raises $1 to $2
socito: folds 
AlexEliseev7: calls $1
*** FLOP *** [6h 4s Ks]
AlexEliseev7: checks 
Red4erT: bets $1.07
AlexEliseev7: raises $5.01 to $6.08
Red4erT: calls $5.01
*** TURN *** [6h 4s Ks] [Td]
AlexEliseev7: bets $23.90
Red4erT: calls $20.67 and is all-in
Uncalled bet ($3.23) returned to AlexEliseev7
AlexEliseev7 has timed out
*** RIVER *** [6h 4s Ks Td] [Ad]
*** SHOW DOWN ***
AlexEliseev7: shows [4c 6c] (two pair, Sixes and Fours)
Red4erT: shows [Ts 7s] (a pair of Tens)
AlexEliseev7 collected $55.50 from pot
*** SUMMARY ***
Total pot $58 | Rake $2.50 
Board [6h 4s Ks Td Ad]
Seat 1: Red4erT (button) showed [Ts 7s] and lost with a pair of Tens
Seat 2: socito (small blind) folded before Flop
Seat 3: AlexEliseev7 (big blind) showed [4c 6c] and won ($55.50) with two pair, Sixes and Fours
Seat 4: Granit34 folded before Flop (didn't bet)
Seat 5: jeffy27dt1 folded before Flop (didn't bet)
Seat 6: ptolejmus folded before Flop (didn't bet)



PokerStars Hand #254604212264:  Hold'em No Limit ($0.50/$1.00 USD) - 2025/01/29 9:54:40 WET [2025/01/29 4:54:40 ET]
Table 'Unitas' 6-max Seat #2 is the button
Seat 1: Red4erT ($10 in chips) 
Seat 2: socito ($110.98 in chips) 
Seat 4: Granit34 ($82.02 in chips) 
Seat 5: jeffy27dt1 ($141.22 in chips) 
Seat 6: ptolejmus ($10 in chips) 
Granit34: posts small blind $0.50
jeffy27dt1: posts big blind $1
*** HOLE CARDS ***
ptolejmus: folds 
Red4erT: folds 
socito: raises $1.50 to $2.50
Granit34: calls $2
jeffy27dt1: folds 
*** FLOP *** [6c 4h 3d]
ptolejmus leaves the table
Granit34: checks 
socito: checks 
*** TURN *** [6c 4h 3d] [2s]
Granit34: bets $3
socito: folds 
Uncalled bet ($3) returned to Granit34
Granit34 collected $5.62 from pot
*** SUMMARY ***
Total pot $6 | Rake $0.38 
Board [6c 4h 3d 2s]
Seat 1: Red4erT folded before Flop (didn't bet)
Seat 2: socito (button) folded on the Turn
Seat 4: Granit34 (small blind) collected ($5.62)
Seat 5: jeffy27dt1 (big blind) folded before Flop
Seat 6: ptolejmus folded before Flop (didn't bet)



PokerStars Hand #254604216360:  Hold'em No Limit ($0.50/$1.00 USD) - 2025/01/29 9:55:22 WET [2025/01/29 4:55:22 ET]
Table 'Unitas' 6-max Seat #4 is the button
Seat 1: Red4erT ($10 in chips) 
Seat 2: socito ($108.48 in chips) 
Seat 4: Granit34 ($85.14 in chips) 
Seat 5: jeffy27dt1 ($140.22 in chips) 
jeffy27dt1: posts small blind $0.50
Red4erT: posts big blind $1
*** HOLE CARDS ***
socito: folds 
Granit34: calls $1
socito leaves the table
jeffy27dt1: raises $4 to $5
Red4erT: folds 
Granit34: folds 
Uncalled bet ($4) returned to jeffy27dt1
jeffy27dt1 collected $3 from pot
jeffy27dt1: doesn't show hand 
*** SUMMARY ***
Total pot $3 | Rake $0 
Seat 1: Red4erT (big blind) folded before Flop
Seat 2: socito folded before Flop (didn't bet)
Seat 4: Granit34 (button) folded before Flop
Seat 5: jeffy27dt1 (small blind) collected ($3)



PokerStars Hand #254604218425:  Hold'em No Limit ($0.50/$1.00 USD) - 2025/01/29 9:55:45 WET [2025/01/29 4:55:45 ET]
Table 'Unitas' 6-max Seat #5 is the button
Seat 1: Red4erT ($10 in chips) 
Seat 4: Granit34 ($84.14 in chips) 
Seat 5: jeffy27dt1 ($142.22 in chips) 
Red4erT: posts small blind $0.50
Granit34: posts big blind $1
*** HOLE CARDS ***
jeffy27dt1: raises $1.50 to $2.50
Red4erT: raises $7.50 to $10 and is all-in
Granit34: folds 
jeffy27dt1: folds 
Uncalled bet ($7.50) returned to Red4erT
socito joins the table at seat #6 
Red4erT collected $6 from pot
Red4erT: doesn't show hand 
*** SUMMARY ***
Total pot $6 | Rake $0 
Seat 1: Red4erT (small blind) collected ($6)
Seat 4: Granit34 (big blind) folded before Flop
Seat 5: jeffy27dt1 (button) folded before Flop



PokerStars Hand #254604220673:  Hold'em No Limit ($0.50/$1.00 USD) - 2025/01/29 9:56:11 WET [2025/01/29 4:56:11 ET]
Table 'Unitas' 6-max Seat #1 is the button
Seat 6: socito ($108.48 in chips) is sitting out
Seat 1: Red4erT ($13.50 in chips) 
Seat 4: Granit34 ($83.14 in chips) 
Seat 5: jeffy27dt1 ($139.72 in chips) 
Granit34: posts small blind $0.50
jeffy27dt1: posts big blind $1
socito: sits out 
*** HOLE CARDS ***
Red4erT: folds 
Granit34: folds 
Uncalled bet ($0.50) returned to jeffy27dt1
jeffy27dt1 collected $1 from pot
jeffy27dt1: doesn't show hand 
*** SUMMARY ***
Total pot $1 | Rake $0 
Seat 6: socito
Seat 1: Red4erT (button) folded before Flop (didn't bet)
Seat 4: Granit34 (small blind) folded before Flop
Seat 5: jeffy27dt1 (big blind) collected ($1)



PokerStars Hand #254604222999:  Hold'em No Limit ($0.50/$1.00 USD) - 2025/01/29 9:56:37 WET [2025/01/29 4:56:37 ET]
Table 'Unitas' 6-max Seat #4 is the button
Seat 1: Red4erT ($13.50 in chips) 
Seat 4: Granit34 ($82.64 in chips) 
Seat 5: jeffy27dt1 ($140.22 in chips) 
Seat 6: socito ($108.48 in chips) 
jeffy27dt1: posts small blind $0.50
socito: posts big blind $1
*** HOLE CARDS ***
Red4erT: folds 
Granit34: folds 
jeffy27dt1: folds 
Uncalled bet ($0.50) returned to socito
socito collected $1 from pot
socito: doesn't show hand 
*** SUMMARY ***
Total pot $1 | Rake $0 
Seat 1: Red4erT folded before Flop (didn't bet)
Seat 4: Granit34 (button) folded before Flop (didn't bet)
Seat 5: jeffy27dt1 (small blind) folded before Flop
Seat 6: socito (big blind) collected ($1)



PokerStars Hand #254604223628:  Hold'em No Limit ($0.50/$1.00 USD) - 2025/01/29 9:56:44 WET [2025/01/29 4:56:44 ET]
Table 'Unitas' 6-max Seat #5 is the button
Seat 1: Red4erT ($13.50 in chips) 
Seat 4: Granit34 ($82.64 in chips) 
Seat 5: jeffy27dt1 ($139.72 in chips) 
Seat 6: socito ($108.98 in chips) 
socito: posts small blind $0.50
Red4erT: posts big blind $1
*** HOLE CARDS ***
Granit34: folds 
jeffy27dt1: raises $1.50 to $2.50
socito: folds 
Red4erT: folds 
Uncalled bet ($1.50) returned to jeffy27dt1
jeffy27dt1 collected $2.50 from pot
jeffy27dt1: doesn't show hand 
*** SUMMARY ***
Total pot $2.50 | Rake $0 
Seat 1: Red4erT (big blind) folded before Flop
Seat 4: Granit34 folded before Flop (didn't bet)
Seat 5: jeffy27dt1 (button) collected ($2.50)
Seat 6: socito (small blind) folded before Flop



PokerStars Hand #254604227853:  Hold'em No Limit ($0.50/$1.00 USD) - 2025/01/29 9:57:32 WET [2025/01/29 4:57:32 ET]
Table 'Unitas' 6-max Seat #6 is the button
Seat 1: Red4erT ($12.50 in chips) 
Seat 4: Granit34 ($82.64 in chips) 
Seat 5: jeffy27dt1 ($141.22 in chips) 
Seat 6: socito ($108.48 in chips) 
Red4erT: posts small blind $0.50
Granit34: posts big blind $1
*** HOLE CARDS ***
jeffy27dt1: raises $1.50 to $2.50
socito: folds 
Red4erT: folds 
Granit34: folds 
Uncalled bet ($1.50) returned to jeffy27dt1
jeffy27dt1 collected $2.50 from pot
jeffy27dt1: doesn't show hand 
*** SUMMARY ***
Total pot $2.50 | Rake $0 
Seat 1: Red4erT (small blind) folded before Flop
Seat 4: Granit34 (big blind) folded before Flop
Seat 5: jeffy27dt1 collected ($2.50)
Seat 6: socito (button) folded before Flop (didn't bet)



PokerStars Hand #254604229378:  Hold'em No Limit ($0.50/$1.00 USD) - 2025/01/29 9:57:49 WET [2025/01/29 4:57:49 ET]
Table 'Unitas' 6-max Seat #1 is the button
Seat 1: Red4erT ($12 in chips) 
Seat 4: Granit34 ($81.64 in chips) 
Seat 5: jeffy27dt1 ($142.72 in chips) 
Seat 6: socito ($108.48 in chips) 
Granit34: posts small blind $0.50
jeffy27dt1: posts big blind $1
*** HOLE CARDS ***
socito: folds 
Red4erT: folds 
Granit34: folds 
Uncalled bet ($0.50) returned to jeffy27dt1
jeffy27dt1 collected $1 from pot
jeffy27dt1: doesn't show hand 
*** SUMMARY ***
Total pot $1 | Rake $0 
Seat 1: Red4erT (button) folded before Flop (didn't bet)
Seat 4: Granit34 (small blind) folded before Flop
Seat 5: jeffy27dt1 (big blind) collected ($1)
Seat 6: socito folded before Flop (didn't bet)



PokerStars Hand #254604231595:  Hold'em No Limit ($0.50/$1.00 USD) - 2025/01/29 9:58:14 WET [2025/01/29 4:58:14 ET]
Table 'Unitas' 6-max Seat #4 is the button
Seat 1: Red4erT ($12 in chips) 
Seat 4: Granit34 ($81.14 in chips) 
Seat 5: jeffy27dt1 ($143.22 in chips) 
Seat 6: socito ($108.48 in chips) 
jeffy27dt1: posts small blind $0.50
socito: posts big blind $1
*** HOLE CARDS ***
Pon4uk.ua joins the table at seat #3 
Red4erT: folds 
Granit34: folds 
jeffy27dt1: raises $2 to $3
socito: folds 
Uncalled bet ($2) returned to jeffy27dt1
jeffy27dt1 collected $2 from pot
jeffy27dt1: doesn't show hand 
*** SUMMARY ***
Total pot $2 | Rake $0 
Seat 1: Red4erT folded before Flop (didn't bet)
Seat 4: Granit34 (button) folded before Flop (didn't bet)
Seat 5: jeffy27dt1 (small blind) collected ($2)
Seat 6: socito (big blind) folded before Flop



PokerStars Hand #254604234858:  Hold'em No Limit ($0.50/$1.00 USD) - 2025/01/29 9:58:50 WET [2025/01/29 4:58:50 ET]
Table 'Unitas' 6-max Seat #5 is the button
Seat 3: Pon4uk.ua ($100 in chips) is sitting out
Seat 1: Red4erT ($12 in chips) 
Seat 4: Granit34 ($81.14 in chips) 
Seat 5: jeffy27dt1 ($144.22 in chips) 
Seat 6: socito ($107.48 in chips) 
socito: posts small blind $0.50
Red4erT: posts big blind $1
Pon4uk.ua: sits out 
*** HOLE CARDS ***
Granit34: folds 
jeffy27dt1: folds 
socito: folds 
Uncalled bet ($0.50) returned to Red4erT
razor2778 joins the table at seat #2 
razor2778 is disconnected 
Red4erT collected $1 from pot
Red4erT: doesn't show hand 
*** SUMMARY ***
Total pot $1 | Rake $0 
Seat 3: Pon4uk.ua
Seat 1: Red4erT (big blind) collected ($1)
Seat 4: Granit34 folded before Flop (didn't bet)
Seat 5: jeffy27dt1 (button) folded before Flop (didn't bet)
Seat 6: socito (small blind) folded before Flop



PokerStars Hand #254604235914:  Hold'em No Limit ($0.50/$1.00 USD) - 2025/01/29 9:59:02 WET [2025/01/29 4:59:02 ET]
Table 'Unitas' 6-max Seat #6 is the button
Seat 3: Pon4uk.ua ($100 in chips) is sitting out
Seat 1: Red4erT ($12.50 in chips) 
Seat 2: razor2778 ($60.54 in chips) 
Seat 4: Granit34 ($81.14 in chips) 
Seat 5: jeffy27dt1 ($144.22 in chips) 
Seat 6: socito ($106.98 in chips) 
Red4erT: posts small blind $0.50
razor2778: posts big blind $1
Pon4uk.ua: sits out 
*** HOLE CARDS ***
Granit34: folds 
jeffy27dt1: folds 
socito: raises $1.50 to $2.50
Red4erT: folds 
razor2778: folds 
Uncalled bet ($1.50) returned to socito
socito collected $2.50 from pot
socito: doesn't show hand 
*** SUMMARY ***
Total pot $2.50 | Rake $0 
Seat 3: Pon4uk.ua
Seat 1: Red4erT (small blind) folded before Flop
Seat 2: razor2778 (big blind) folded before Flop
Seat 4: Granit34 folded before Flop (didn't bet)
Seat 5: jeffy27dt1 folded before Flop (didn't bet)
Seat 6: socito (button) collected ($2.50)



PokerStars Hand #254604237723:  Hold'em No Limit ($0.50/$1.00 USD) - 2025/01/29 9:59:22 WET [2025/01/29 4:59:22 ET]
Table 'Unitas' 6-max Seat #1 is the button
Seat 1: Red4erT ($12 in chips) 
Seat 2: razor2778 ($59.54 in chips) 
Seat 3: Pon4uk.ua ($100 in chips) 
Seat 4: Granit34 ($81.14 in chips) 
Seat 5: jeffy27dt1 ($144.22 in chips) 
Seat 6: socito ($108.48 in chips) 
razor2778: posts small blind $0.50
Pon4uk.ua: posts big blind $1
*** HOLE CARDS ***
Granit34: folds 
jeffy27dt1: folds 
socito: folds 
Granit34 leaves the table
Red4erT: raises $11 to $12 and is all-in
razor2778: folds 
Pon4uk.ua: folds 
Uncalled bet ($11) returned to Red4erT
Red4erT collected $2.50 from pot
Red4erT: doesn't show hand 
*** SUMMARY ***
Total pot $2.50 | Rake $0 
Seat 1: Red4erT (button) collected ($2.50)
Seat 2: razor2778 (small blind) folded before Flop
Seat 3: Pon4uk.ua (big blind) folded before Flop
Seat 4: Granit34 folded before Flop (didn't bet)
Seat 5: jeffy27dt1 folded before Flop (didn't bet)
Seat 6: socito folded before Flop (didn't bet)



PokerStars Hand #254604239599:  Hold'em No Limit ($0.50/$1.00 USD) - 2025/01/29 9:59:43 WET [2025/01/29 4:59:43 ET]
Table 'Unitas' 6-max Seat #2 is the button
Seat 1: Red4erT ($13.50 in chips) 
Seat 2: razor2778 ($59.04 in chips) 
Seat 3: Pon4uk.ua ($100 in chips) 
Seat 5: jeffy27dt1 ($144.22 in chips) 
Seat 6: socito ($108.48 in chips) 
Pon4uk.ua: posts small blind $0.50
jeffy27dt1: posts big blind $1
*** HOLE CARDS ***
socito: folds 
Red4erT: folds 
razor2778: raises $1 to $2
Pon4uk.ua: folds 
CashfishT joins the table at seat #4 
jeffy27dt1: calls $1
*** FLOP *** [7c 8d 5d]
jeffy27dt1: checks 
razor2778: checks 
*** TURN *** [7c 8d 5d] [2d]
jeffy27dt1: bets $3.21
razor2778: raises $6.05 to $9.26
jeffy27dt1: calls $6.05
*** RIVER *** [7c 8d 5d 2d] [8s]
jeffy27dt1: checks 
razor2778: bets $15.74
jeffy27dt1: raises $117.22 to $132.96 and is all-in
razor2778: folds 
Uncalled bet ($117.22) returned to jeffy27dt1
jeffy27dt1 collected $52 from pot
jeffy27dt1: doesn't show hand 
*** SUMMARY ***
Total pot $54.50 | Rake $2.50 
Board [7c 8d 5d 2d 8s]
Seat 1: Red4erT folded before Flop (didn't bet)
Seat 2: razor2778 (button) folded on the River
Seat 3: Pon4uk.ua (small blind) folded before Flop
Seat 5: jeffy27dt1 (big blind) collected ($52)
Seat 6: socito folded before Flop (didn't bet)



PokerStars Hand #254604247765:  Hold'em No Limit ($0.50/$1.00 USD) - 2025/01/29 10:01:07 WET [2025/01/29 5:01:07 ET]
Table 'Unitas' 6-max Seat #3 is the button
Seat 4: CashfishT ($100 in chips) is sitting out
Seat 1: Red4erT ($41.50 in chips) 
Seat 2: razor2778 ($32.04 in chips) 
Seat 3: Pon4uk.ua ($100 in chips) 
Seat 5: jeffy27dt1 ($169.22 in chips) 
Seat 6: socito ($108.48 in chips) 
jeffy27dt1: posts small blind $0.50
socito: posts big blind $1
*** HOLE CARDS ***
Red4erT: raises $1 to $2
razor2778: raises $30.04 to $32.04 and is all-in
Pon4uk.ua: folds 
jeffy27dt1: folds 
socito: folds 
Red4erT: folds 
Uncalled bet ($30.04) returned to razor2778
razor2778 collected $5.50 from pot
*** SUMMARY ***
Total pot $5.50 | Rake $0 
Seat 4: CashfishT
Seat 1: Red4erT folded before Flop
Seat 2: razor2778 collected ($5.50)
Seat 3: Pon4uk.ua (button) folded before Flop (didn't bet)
Seat 5: jeffy27dt1 (small blind) folded before Flop
Seat 6: socito (big blind) folded before Flop



PokerStars Hand #254604250852:  Hold'em No Limit ($0.50/$1.00 USD) - 2025/01/29 10:01:36 WET [2025/01/29 5:01:36 ET]
Table 'Unitas' 6-max Seat #5 is the button
Seat 4: CashfishT ($100 in chips) is sitting out
Seat 1: Red4erT ($39.50 in chips) 
Seat 2: razor2778 ($35.54 in chips) 
Seat 3: Pon4uk.ua ($100 in chips) 
Seat 5: jeffy27dt1 ($168.72 in chips) 
Seat 6: socito ($107.48 in chips) 
socito: posts small blind $0.50
Red4erT: posts big blind $1
CashfishT: sits out 
*** HOLE CARDS ***
razor2778: folds 
Pon4uk.ua: raises $1.50 to $2.50
jeffy27dt1: raises $5 to $7.50
socito: folds 
Red4erT: folds 
Pon4uk.ua: folds 
Uncalled bet ($5) returned to jeffy27dt1
jeffy27dt1 collected $6.50 from pot
jeffy27dt1: doesn't show hand 
*** SUMMARY ***
Total pot $6.50 | Rake $0 
Seat 4: CashfishT
Seat 1: Red4erT (big blind) folded before Flop
Seat 2: razor2778 folded before Flop (didn't bet)
Seat 3: Pon4uk.ua folded before Flop
Seat 5: jeffy27dt1 (button) collected ($6.50)
Seat 6: socito (small blind) folded before Flop



PokerStars Hand #254604253437:  Hold'em No Limit ($0.50/$1.00 USD) - 2025/01/29 10:02:00 WET [2025/01/29 5:02:00 ET]
Table 'Unitas' 6-max Seat #6 is the button
Seat 4: CashfishT ($100 in chips) is sitting out
Seat 1: Red4erT ($38.50 in chips) 
Seat 2: razor2778 ($35.54 in chips) 
Seat 3: Pon4uk.ua ($100 in chips) 
Seat 5: jeffy27dt1 ($172.72 in chips) 
Seat 6: socito ($106.98 in chips) 
Red4erT: posts small blind $0.50
razor2778: posts big blind $1
CashfishT: sits out 
*** HOLE CARDS ***
Pon4uk.ua: folds 
jeffy27dt1: folds 
socito: folds 
Red4erT: raises $1.50 to $2.50
razor2778: calls $1.50
*** FLOP *** [2s Kd 5s]
Red4erT: bets $2.38
razor2778: calls $2.38
*** TURN *** [2s Kd 5s] [5h]
Red4erT: checks 
razor2778: bets $6
Red4erT: folds 
Uncalled bet ($6) returned to razor2778
razor2778 collected $9.27 from pot
*** SUMMARY ***
Total pot $9.76 | Rake $0.49 
Board [2s Kd 5s 5h]
Seat 4: CashfishT
Seat 1: Red4erT (small blind) folded on the Turn
Seat 2: razor2778 (big blind) collected ($9.27)
Seat 3: Pon4uk.ua folded before Flop (didn't bet)
Seat 5: jeffy27dt1 folded before Flop (didn't bet)
Seat 6: socito (button) folded before Flop (didn't bet)



PokerStars Hand #254604258719:  Hold'em No Limit ($0.50/$1.00 USD) - 2025/01/29 10:02:50 WET [2025/01/29 5:02:50 ET]
Table 'Unitas' 6-max Seat #1 is the button
Seat 4: CashfishT ($100 in chips) is sitting out
Seat 1: Red4erT ($33.62 in chips) 
Seat 2: razor2778 ($39.93 in chips) 
Seat 3: Pon4uk.ua ($100 in chips) 
Seat 5: jeffy27dt1 ($172.72 in chips) 
Seat 6: socito ($106.98 in chips) 
razor2778: posts small blind $0.50
Pon4uk.ua: posts big blind $1
CashfishT: sits out 
*** HOLE CARDS ***
jeffy27dt1: folds 
socito: folds 
Red4erT: raises $1 to $2
razor2778: raises $10 to $12
Pon4uk.ua: folds 
Red4erT: calls $10
*** FLOP *** [Tc Qc 6s]
razor2778: bets $27.93 and is all-in
Red4erT: calls $21.62 and is all-in
Uncalled bet ($6.31) returned to razor2778
*** TURN *** [Tc Qc 6s] [2h]
*** RIVER *** [Tc Qc 6s 2h] [3c]
*** SHOW DOWN ***
razor2778: shows [Jc Jd] (a pair of Jacks)
Red4erT: shows [Jh Kh] (high card King)
razor2778 collected $65.74 from pot
*** SUMMARY ***
Total pot $68.24 | Rake $2.50 
Board [Tc Qc 6s 2h 3c]
Seat 4: CashfishT
Seat 1: Red4erT (button) showed [Jh Kh] and lost with high card King
Seat 2: razor2778 (small blind) showed [Jc Jd] and won ($65.74) with a pair of Jacks
Seat 3: Pon4uk.ua (big blind) folded before Flop
Seat 5: jeffy27dt1 folded before Flop (didn't bet)
Seat 6: socito folded before Flop (didn't bet)



PokerStars Hand #254604263382:  Hold'em No Limit ($0.50/$1.00 USD) - 2025/01/29 10:03:32 WET [2025/01/29 5:03:32 ET]
Table 'Unitas' 6-max Seat #2 is the button
Seat 1: Red4erT ($10 in chips) 
Seat 2: razor2778 ($72.05 in chips) 
Seat 3: Pon4uk.ua ($100 in chips) 
Seat 4: CashfishT ($100 in chips) 
Seat 5: jeffy27dt1 ($172.72 in chips) 
Seat 6: socito ($106.98 in chips) 
Pon4uk.ua: posts small blind $0.50
CashfishT: posts big blind $1
*** HOLE CARDS ***
jeffy27dt1: folds 
socito: folds 
Red4erT: raises $9 to $10 and is all-in
razor2778: calls $10
Pon4uk.ua: folds 
CashfishT: folds 
*** FLOP *** [Jh 3s 3d]
*** TURN *** [Jh 3s 3d] [2s]
*** RIVER *** [Jh 3s 3d 2s] [6d]
*** SHOW DOWN ***
Red4erT: shows [Th Ts] (two pair, Tens and Threes)
razor2778: shows [5h 4h] (a straight, Deuce to Six)
razor2778 cashed out the hand for $4.31 | Cash Out Fee $0.09
*** SUMMARY ***
Total pot $21.50 | Rake $1.08 
Board [Jh 3s 3d 2s 6d]
Seat 1: Red4erT showed [Th Ts] and lost with two pair, Tens and Threes
Seat 2: razor2778 (button) showed [5h 4h] and won ($20.42) with a straight, Deuce to Six (pot not awarded as player cashed out)
Seat 3: Pon4uk.ua (small blind) folded before Flop
Seat 4: CashfishT (big blind) folded before Flop
Seat 5: jeffy27dt1 folded before Flop (didn't bet)
Seat 6: socito folded before Flop (didn't bet)



PokerStars Hand #254604267122:  Hold'em No Limit ($0.50/$1.00 USD) - 2025/01/29 10:04:07 WET [2025/01/29 5:04:07 ET]
Table 'Unitas' 6-max Seat #3 is the button
Seat 1: Red4erT ($40 in chips) 
Seat 2: razor2778 ($66.36 in chips) 
Seat 3: Pon4uk.ua ($100 in chips) 
Seat 4: CashfishT ($100 in chips) 
Seat 5: jeffy27dt1 ($172.72 in chips) 
Seat 6: socito ($106.98 in chips) 
CashfishT: posts small blind $0.50
jeffy27dt1: posts big blind $1
*** HOLE CARDS ***
socito: folds 
Red4erT: folds 
razor2778: folds 
Pon4uk.ua: calls $1
CashfishT: folds 
jeffy27dt1: checks 
*** FLOP *** [8c 3c 8d]
jeffy27dt1: checks 
Pon4uk.ua: bets $1.19
jeffy27dt1: folds 
Uncalled bet ($1.19) returned to Pon4uk.ua
Pon4uk.ua collected $2.38 from pot
Pon4uk.ua: doesn't show hand 
*** SUMMARY ***
Total pot $2.50 | Rake $0.12 
Board [8c 3c 8d]
Seat 1: Red4erT folded before Flop (didn't bet)
Seat 2: razor2778 folded before Flop (didn't bet)
Seat 3: Pon4uk.ua (button) collected ($2.38)
Seat 4: CashfishT (small blind) folded before Flop
Seat 5: jeffy27dt1 (big blind) folded on the Flop
Seat 6: socito folded before Flop (didn't bet)



PokerStars Hand #254604271566:  Hold'em No Limit ($0.50/$1.00 USD) - 2025/01/29 10:04:48 WET [2025/01/29 5:04:48 ET]
Table 'Unitas' 6-max Seat #4 is the button
Seat 1: Red4erT ($40 in chips) 
Seat 2: razor2778 ($66.36 in chips) 
Seat 3: Pon4uk.ua ($101.38 in chips) 
Seat 4: CashfishT ($100 in chips) 
Seat 5: jeffy27dt1 ($171.72 in chips) 
Seat 6: socito ($106.98 in chips) 
jeffy27dt1: posts small blind $0.50
socito: posts big blind $1
*** HOLE CARDS ***
Red4erT: folds 
razor2778: raises $2 to $3
Pon4uk.ua: folds 
CashfishT: calls $3
jeffy27dt1: folds 
socito: folds 
*** FLOP *** [7h 4d 7c]
razor2778: bets $3
CashfishT: raises $6.56 to $9.56
razor2778: calls $6.56
*** TURN *** [7h 4d 7c] [2s]
razor2778: checks 
CashfishT: bets $8.35
razor2778: calls $8.35
*** RIVER *** [7h 4d 7c 2s] [Ah]
razor2778: checks 
CashfishT: bets $41.15
razor2778: calls $41.15
*** SHOW DOWN ***
CashfishT: shows [Ks 7s] (three of a kind, Sevens)
razor2778: mucks hand 
CashfishT collected $123.12 from pot
*** SUMMARY ***
Total pot $125.62 | Rake $2.50 
Board [7h 4d 7c 2s Ah]
Seat 1: Red4erT folded before Flop (didn't bet)
Seat 2: razor2778 mucked
Seat 3: Pon4uk.ua folded before Flop (didn't bet)
Seat 4: CashfishT (button) showed [Ks 7s] and won ($123.12) with three of a kind, Sevens
Seat 5: jeffy27dt1 (small blind) folded before Flop
Seat 6: socito (big blind) folded before Flop



PokerStars Hand #254604281772:  Hold'em No Limit ($0.50/$1.00 USD) - 2025/01/29 10:06:22 WET [2025/01/29 5:06:22 ET]
Table 'Unitas' 6-max Seat #5 is the button
Seat 1: Red4erT ($40 in chips) 
Seat 2: razor2778 ($4.30 in chips) 
Seat 3: Pon4uk.ua ($101.38 in chips) 
Seat 4: CashfishT ($161.06 in chips) 
Seat 5: jeffy27dt1 ($171.22 in chips) 
Seat 6: socito ($105.98 in chips) 
socito: posts small blind $0.50
Red4erT: posts big blind $1
*** HOLE CARDS ***
razor2778: raises $3.30 to $4.30 and is all-in
Pon4uk.ua: folds 
CashfishT: folds 
jeffy27dt1: folds 
socito: calls $3.80
Red4erT: folds 
*** FLOP *** [6s 5d 4s]
*** TURN *** [6s 5d 4s] [7d]
*** RIVER *** [6s 5d 4s 7d] [3s]
*** SHOW DOWN ***
socito: shows [As Ah] (a straight, Three to Seven)
razor2778: shows [7s Jc] (a straight, Three to Seven)
socito collected $4.56 from pot
razor2778 collected $4.56 from pot
*** SUMMARY ***
Total pot $9.60 | Rake $0.48 
Board [6s 5d 4s 7d 3s]
Seat 1: Red4erT (big blind) folded before Flop
Seat 2: razor2778 showed [7s Jc] and won ($4.56) with a straight, Three to Seven
Seat 3: Pon4uk.ua folded before Flop (didn't bet)
Seat 4: CashfishT folded before Flop (didn't bet)
Seat 5: jeffy27dt1 (button) folded before Flop (didn't bet)
Seat 6: socito (small blind) showed [As Ah] and won ($4.56) with a straight, Three to Seven



PokerStars Hand #254604285815:  Hold'em No Limit ($0.50/$1.00 USD) - 2025/01/29 10:07:00 WET [2025/01/29 5:07:00 ET]
Table 'Unitas' 6-max Seat #6 is the button
Seat 1: Red4erT ($39 in chips) 
Seat 2: razor2778 ($4.56 in chips) 
Seat 3: Pon4uk.ua ($101.38 in chips) 
Seat 4: CashfishT ($161.06 in chips) 
Seat 5: jeffy27dt1 ($171.22 in chips) 
Seat 6: socito ($106.24 in chips) 
Red4erT: posts small blind $0.50
razor2778: posts big blind $1
*** HOLE CARDS ***
Pon4uk.ua: folds 
CashfishT: folds 
jeffy27dt1: folds 
socito: raises $1.50 to $2.50
Red4erT: folds 
razor2778: raises $2.06 to $4.56 and is all-in
socito: calls $2.06
*** FLOP *** [Qd 8s Ks]
*** TURN *** [Qd 8s Ks] [6s]
*** RIVER *** [Qd 8s Ks 6s] [Kc]
*** SHOW DOWN ***
razor2778: shows [8h 3c] (two pair, Kings and Eights)
socito: shows [As 4c] (a pair of Kings)
razor2778 collected $9.14 from pot
*** SUMMARY ***
Total pot $9.62 | Rake $0.48 
Board [Qd 8s Ks 6s Kc]
Seat 1: Red4erT (small blind) folded before Flop
Seat 2: razor2778 (big blind) showed [8h 3c] and won ($9.14) with two pair, Kings and Eights
Seat 3: Pon4uk.ua folded before Flop (didn't bet)
Seat 4: CashfishT folded before Flop (didn't bet)
Seat 5: jeffy27dt1 folded before Flop (didn't bet)
Seat 6: socito (button) showed [As 4c] and lost with a pair of Kings



PokerStars Hand #254604289032:  Hold'em No Limit ($0.50/$1.00 USD) - 2025/01/29 10:07:30 WET [2025/01/29 5:07:30 ET]
Table 'Unitas' 6-max Seat #1 is the button
Seat 1: Red4erT ($38.50 in chips) 
Seat 2: razor2778 ($9.14 in chips) 
Seat 3: Pon4uk.ua ($101.38 in chips) 
Seat 4: CashfishT ($161.06 in chips) 
Seat 5: jeffy27dt1 ($171.22 in chips) 
Seat 6: socito ($101.68 in chips) 
razor2778: posts small blind $0.50
Pon4uk.ua: posts big blind $1
*** HOLE CARDS ***
CashfishT: folds 
jeffy27dt1: folds 
socito: folds 
Red4erT: folds 
razor2778: raises $8.14 to $9.14 and is all-in
Pon4uk.ua: folds 
Uncalled bet ($8.14) returned to razor2778
razor2778 collected $2 from pot
*** SUMMARY ***
Total pot $2 | Rake $0 
Seat 1: Red4erT (button) folded before Flop (didn't bet)
Seat 2: razor2778 (small blind) collected ($2)
Seat 3: Pon4uk.ua (big blind) folded before Flop
Seat 4: CashfishT folded before Flop (didn't bet)
Seat 5: jeffy27dt1 folded before Flop (didn't bet)
Seat 6: socito folded before Flop (didn't bet)



PokerStars Hand #254604291641:  Hold'em No Limit ($0.50/$1.00 USD) - 2025/01/29 10:07:54 WET [2025/01/29 5:07:54 ET]
Table 'Unitas' 6-max Seat #2 is the button
Seat 1: Red4erT ($38.50 in chips) 
Seat 2: razor2778 ($10.14 in chips) 
Seat 3: Pon4uk.ua ($100.38 in chips) 
Seat 4: CashfishT ($161.06 in chips) 
Seat 5: jeffy27dt1 ($171.22 in chips) 
Seat 6: socito ($101.68 in chips) 
Pon4uk.ua: posts small blind $0.50
CashfishT: posts big blind $1
*** HOLE CARDS ***
jeffy27dt1: folds 
socito: folds 
Red4erT: folds 
razor2778: raises $9.14 to $10.14 and is all-in
Pon4uk.ua: folds 
CashfishT: calls $9.14
*** FIRST FLOP *** [3d 6d As]
*** FIRST TURN *** [3d 6d As] [Kh]
*** FIRST RIVER *** [3d 6d As Kh] [Th]
*** SECOND FLOP *** [7c 9h 2c]
*** SECOND TURN *** [7c 9h 2c] [Tc]
*** SECOND RIVER *** [7c 9h 2c Tc] [9s]
*** FIRST SHOW DOWN ***
CashfishT: shows [Ad Ts] (two pair, Aces and Tens)
razor2778: shows [4h 3h] (a pair of Threes)
CashfishT collected $9.87 from pot
*** SECOND SHOW DOWN ***
CashfishT: shows [Ad Ts] (two pair, Tens and Nines)
razor2778: shows [4h 3h] (a pair of Nines)
CashfishT collected $9.87 from pot
*** SUMMARY ***
Total pot $20.78 | Rake $1.04 
Hand was run twice
FIRST Board [3d 6d As Kh Th]
SECOND Board [7c 9h 2c Tc 9s]
Seat 1: Red4erT folded before Flop (didn't bet)
Seat 2: razor2778 (button) showed [4h 3h] and lost with a pair of Threes, and lost with a pair of Nines
Seat 3: Pon4uk.ua (small blind) folded before Flop
Seat 4: CashfishT (big blind) showed [Ad Ts] and won ($9.87) with two pair, Aces and Tens, and won ($9.87) with two pair, Tens and Nines
Seat 5: jeffy27dt1 folded before Flop (didn't bet)
Seat 6: socito folded before Flop (didn't bet)



PokerStars Hand #254604295080:  Hold'em No Limit ($0.50/$1.00 USD) - 2025/01/29 10:08:26 WET [2025/01/29 5:08:26 ET]
Table 'Unitas' 6-max Seat #3 is the button
Seat 2: razor2778 ($0 in chips) is sitting out
Seat 1: Red4erT ($38.50 in chips) 
Seat 3: Pon4uk.ua ($100 in chips) 
Seat 4: CashfishT ($170.66 in chips) 
Seat 5: jeffy27dt1 ($171.22 in chips) 
Seat 6: socito ($101.68 in chips) 
CashfishT: posts small blind $0.50
jeffy27dt1: posts big blind $1
*** HOLE CARDS ***
razor2778 leaves the table
socito: folds 
Red4erT: folds 
socito leaves the table
Pon4uk.ua: folds 
CashfishT: raises $2 to $3
jeffy27dt1: raises $7 to $10
CashfishT: folds 
Uncalled bet ($7) returned to jeffy27dt1
jeffy27dt1 collected $6 from pot
jeffy27dt1: doesn't show hand 
*** SUMMARY ***
Total pot $6 | Rake $0 
Seat 2: razor2778
Seat 1: Red4erT folded before Flop (didn't bet)
Seat 3: Pon4uk.ua (button) folded before Flop (didn't bet)
Seat 4: CashfishT (small blind) folded before Flop
Seat 5: jeffy27dt1 (big blind) collected ($6)
Seat 6: socito folded before Flop (didn't bet)



PokerStars Hand #254604298560:  Hold'em No Limit ($0.50/$1.00 USD) - 2025/01/29 10:08:58 WET [2025/01/29 5:08:58 ET]
Table 'Unitas' 6-max Seat #4 is the button
Seat 1: Red4erT ($38.50 in chips) 
Seat 3: Pon4uk.ua ($100 in chips) 
Seat 4: CashfishT ($167.66 in chips) 
Seat 5: jeffy27dt1 ($174.22 in chips) 
jeffy27dt1: posts small blind $0.50
Red4erT: posts big blind $1
*** HOLE CARDS ***
Pon4uk.ua: folds 
CashfishT: folds 
jeffy27dt1: folds 
Uncalled bet ($0.50) returned to Red4erT
Red4erT collected $1 from pot
Red4erT: doesn't show hand 
*** SUMMARY ***
Total pot $1 | Rake $0 
Seat 1: Red4erT (big blind) collected ($1)
Seat 3: Pon4uk.ua folded before Flop (didn't bet)
Seat 4: CashfishT (button) folded before Flop (didn't bet)
Seat 5: jeffy27dt1 (small blind) folded before Flop



PokerStars Hand #254604300230:  Hold'em No Limit ($0.50/$1.00 USD) - 2025/01/29 10:09:14 WET [2025/01/29 5:09:14 ET]
Table 'Unitas' 6-max Seat #5 is the button
Seat 1: Red4erT ($39 in chips) 
Seat 3: Pon4uk.ua ($100 in chips) 
Seat 4: CashfishT ($167.66 in chips) 
Seat 5: jeffy27dt1 ($173.72 in chips) 
Red4erT: posts small blind $0.50
Pon4uk.ua: posts big blind $1
*** HOLE CARDS ***
CashfishT: raises $1.20 to $2.20
jeffy27dt1: folds 
Red4erT: folds 
Pon4uk.ua: folds 
Uncalled bet ($1.20) returned to CashfishT
CashfishT collected $2.50 from pot
CashfishT: doesn't show hand 
*** SUMMARY ***
Total pot $2.50 | Rake $0 
Seat 1: Red4erT (small blind) folded before Flop
Seat 3: Pon4uk.ua (big blind) folded before Flop
Seat 4: CashfishT collected ($2.50)
Seat 5: jeffy27dt1 (button) folded before Flop (didn't bet)



PokerStars Hand #254604303150:  Hold'em No Limit ($0.50/$1.00 USD) - 2025/01/29 10:09:42 WET [2025/01/29 5:09:42 ET]
Table 'Unitas' 6-max Seat #1 is the button
Seat 1: Red4erT ($38.50 in chips) 
Seat 3: Pon4uk.ua ($100 in chips) 
Seat 4: CashfishT ($169.16 in chips) 
Seat 5: jeffy27dt1 ($173.72 in chips) 
Pon4uk.ua: posts small blind $0.50
CashfishT: posts big blind $1
*** HOLE CARDS ***
jeffy27dt1: folds 
Red4erT: raises $1 to $2
Pon4uk.ua: folds 
CashfishT: calls $1
*** FLOP *** [9c 6d 4h]
CashfishT: checks 
Red4erT: bets $3.21
CashfishT: folds 
Uncalled bet ($3.21) returned to Red4erT
Red4erT collected $4.28 from pot
Red4erT: doesn't show hand 
*** SUMMARY ***
Total pot $4.50 | Rake $0.22 
Board [9c 6d 4h]
Seat 1: Red4erT (button) collected ($4.28)
Seat 3: Pon4uk.ua (small blind) folded before Flop
Seat 4: CashfishT (big blind) folded on the Flop
Seat 5: jeffy27dt1 folded before Flop (didn't bet)



PokerStars Hand #254604306663:  Hold'em No Limit ($0.50/$1.00 USD) - 2025/01/29 10:10:15 WET [2025/01/29 5:10:15 ET]
Table 'Unitas' 6-max Seat #3 is the button
Seat 5: jeffy27dt1 ($173.72 in chips) is sitting out
Seat 1: Red4erT ($40.78 in chips) 
Seat 3: Pon4uk.ua ($100 in chips) 
Seat 4: CashfishT ($167.16 in chips) 
CashfishT: posts small blind $0.50
Red4erT: posts big blind $1
*** HOLE CARDS ***
Pon4uk.ua: folds 
CashfishT: folds 
Uncalled bet ($0.50) returned to Red4erT
Red4erT collected $1 from pot
Red4erT: doesn't show hand 
*** SUMMARY ***
Total pot $1 | Rake $0 
Seat 5: jeffy27dt1
Seat 1: Red4erT (big blind) collected ($1)
Seat 3: Pon4uk.ua (button) folded before Flop (didn't bet)
Seat 4: CashfishT (small blind) folded before Flop



PokerStars Hand #254604307548:  Hold'em No Limit ($0.50/$1.00 USD) - 2025/01/29 10:10:23 WET [2025/01/29 5:10:23 ET]
Table 'Unitas' 6-max Seat #4 is the button
Seat 5: jeffy27dt1 ($173.72 in chips) is sitting out
Seat 1: Red4erT ($41.28 in chips) 
Seat 3: Pon4uk.ua ($100 in chips) 
Seat 4: CashfishT ($166.66 in chips) 
Red4erT: posts small blind $0.50
Pon4uk.ua: posts big blind $1
*** HOLE CARDS ***
CashfishT: raises $1.20 to $2.20
Red4erT: folds 
Pon4uk.ua: folds 
Uncalled bet ($1.20) returned to CashfishT
CashfishT collected $2.50 from pot
CashfishT: doesn't show hand 
*** SUMMARY ***
Total pot $2.50 | Rake $0 
Seat 5: jeffy27dt1
Seat 1: Red4erT (small blind) folded before Flop
Seat 3: Pon4uk.ua (big blind) folded before Flop
Seat 4: CashfishT (button) collected ($2.50)



PokerStars Hand #254604309311:  Hold'em No Limit ($0.50/$1.00 USD) - 2025/01/29 10:10:39 WET [2025/01/29 5:10:39 ET]
Table 'Unitas' 6-max Seat #3 is the button
Seat 4: CashfishT ($168.16 in chips) is sitting out
Seat 5: jeffy27dt1 ($173.72 in chips) is sitting out
Seat 1: Red4erT ($40.78 in chips) 
Seat 3: Pon4uk.ua ($100 in chips) 
Pon4uk.ua: posts small blind $0.50
CashfishT: is sitting out 
Red4erT: posts big blind $1
*** HOLE CARDS ***
CashfishT leaves the table
Pon4uk.ua: raises $1.50 to $2.50
Red4erT: raises $38.28 to $40.78 and is all-in
Pon4uk.ua: folds 
Uncalled bet ($38.28) returned to Red4erT
Red4erT collected $5 from pot
Red4erT: doesn't show hand 
*** SUMMARY ***
Total pot $5 | Rake $0 
Seat 4: CashfishT
Seat 5: jeffy27dt1
Seat 1: Red4erT (big blind) collected ($5)
Seat 3: Pon4uk.ua (button) (small blind) folded before Flop



PokerStars Hand #254604311839:  Hold'em No Limit ($0.50/$1.00 USD) - 2025/01/29 10:11:02 WET [2025/01/29 5:11:02 ET]
Table 'Unitas' 6-max Seat #1 is the button
Seat 5: jeffy27dt1 ($173.72 in chips) is sitting out
Seat 1: Red4erT ($43.28 in chips) 
Seat 3: Pon4uk.ua ($100 in chips) 
Red4erT: posts small blind $0.50
Pon4uk.ua: posts big blind $1
*** HOLE CARDS ***
Red4erT: raises $1 to $2
Pon4uk.ua: folds 
Uncalled bet ($1) returned to Red4erT
Red4erT collected $2 from pot
Red4erT: doesn't show hand 
*** SUMMARY ***
Total pot $2 | Rake $0 
Seat 5: jeffy27dt1
Seat 1: Red4erT (button) (small blind) collected ($2)
Seat 3: Pon4uk.ua (big blind) folded before Flop



PokerStars Hand #254604181925:  Hold'em No Limit ($0.50/$1.00 USD) - 2025/01/29 9:49:57 WET [2025/01/29 4:49:57 ET]
Table 'Unitas' 6-max Seat #5 is the button
Seat 1: Red4erT ($32.25 in chips) 
Seat 2: socito ($100 in chips) 
Seat 3: AlexEliseev7 ($150.62 in chips) 
Seat 4: Granit34 ($82.02 in chips) 
Seat 5: jeffy27dt1 ($139.72 in chips) 
Seat 6: ptolejmus ($10 in chips) 
ptolejmus: posts small blind $0.50
Red4erT: posts big blind $1
*** HOLE CARDS ***
socito: raises $1.50 to $2.50
AlexEliseev7: folds 
Granit34: folds 
jeffy27dt1: folds 
ptolejmus: folds 
Red4erT: calls $1.50
*** FLOP *** [4c Th Jc]
Red4erT: checks 
socito: bets $1.72
Red4erT: raises $4.78 to $6.50
socito: raises $91 to $97.50 and is all-in
Red4erT: calls $23.25 and is all-in
Uncalled bet ($67.75) returned to socito
*** TURN *** [4c Th Jc] [8d]
*** RIVER *** [4c Th Jc 8d] [8h]
*** SHOW DOWN ***
Red4erT: shows [Ac Js] (two pair, Jacks and Eights)
socito: shows [Jh Ah] (two pair, Jacks and Eights)
Red4erT collected $31.25 from pot
socito collected $31.25 from pot
*** SUMMARY ***
Total pot $65 | Rake $2.50 
Board [4c Th Jc 8d 8h]
Seat 1: Red4erT (big blind) showed [Ac Js] and won ($31.25) with two pair, Jacks and Eights
Seat 2: socito showed [Jh Ah] and won ($31.25) with two pair, Jacks and Eights
Seat 3: AlexEliseev7 folded before Flop (didn't bet)
Seat 4: Granit34 folded before Flop (didn't bet)
Seat 5: jeffy27dt1 (button) folded before Flop (didn't bet)
Seat 6: ptolejmus (small blind) folded before Flop



PokerStars Hand #254604187445:  Hold'em No Limit ($0.50/$1.00 USD) - 2025/01/29 9:50:49 WET [2025/01/29 4:50:49 ET]
Table 'Unitas' 6-max Seat #6 is the button
Seat 1: Red4erT ($31.25 in chips) 
Seat 2: socito ($100 in chips) 
Seat 3: AlexEliseev7 ($150.62 in chips) 
Seat 4: Granit34 ($82.02 in chips) 
Seat 5: jeffy27dt1 ($139.72 in chips) 
Seat 6: ptolejmus ($10 in chips) 
Red4erT: posts small blind $0.50
socito: posts big blind $1
*** HOLE CARDS ***
AlexEliseev7: folds 
Granit34: folds 
jeffy27dt1: folds 
ptolejmus: raises $1 to $2
Red4erT: folds 
socito: raises $9 to $11
ptolejmus: calls $8 and is all-in
Uncalled bet ($1) returned to socito
*** FLOP *** [2c 3d 9c]
*** TURN *** [2c 3d 9c] [3c]
*** RIVER *** [2c 3d 9c 3c] [4c]
*** SHOW DOWN ***
socito: shows [Ac Qs] (a flush, Ace high)
ptolejmus: shows [Ad Ts] (a pair of Threes)
socito collected $19.48 from pot
*** SUMMARY ***
Total pot $20.50 | Rake $1.02 
Board [2c 3d 9c 3c 4c]
Seat 1: Red4erT (small blind) folded before Flop
Seat 2: socito (big blind) showed [Ac Qs] and won ($19.48) with a flush, Ace high
Seat 3: AlexEliseev7 folded before Flop (didn't bet)
Seat 4: Granit34 folded before Flop (didn't bet)
Seat 5: jeffy27dt1 folded before Flop (didn't bet)
Seat 6: ptolejmus (button) showed [Ad Ts] and lost with a pair of Threes



PokerStars Hand #254604191804:  Hold'em No Limit ($0.50/$1.00 USD) - 2025/01/29 9:51:30 WET [2025/01/29 4:51:30 ET]
Table 'Unitas' 6-max Seat #1 is the button
Seat 1: Red4erT ($30.75 in chips) 
Seat 2: socito ($109.48 in chips) 
Seat 3: AlexEliseev7 ($150.62 in chips) 
Seat 4: Granit34 ($82.02 in chips) 
Seat 5: jeffy27dt1 ($139.72 in chips) 
Seat 6: ptolejmus ($10 in chips) 
socito: posts small blind $0.50
AlexEliseev7: posts big blind $1
*** HOLE CARDS ***
Granit34: folds 
jeffy27dt1: folds 
ptolejmus: folds 
Red4erT: folds 
socito: folds 
Uncalled bet ($0.50) returned to AlexEliseev7
AlexEliseev7 collected $1 from pot
AlexEliseev7: doesn't show hand 
*** SUMMARY ***
Total pot $1 | Rake $0 
Seat 1: Red4erT (button) folded before Flop (didn't bet)
Seat 2: socito (small blind) folded before Flop
Seat 3: AlexEliseev7 (big blind) collected ($1)
Seat 4: Granit34 folded before Flop (didn't bet)
Seat 5: jeffy27dt1 folded before Flop (didn't bet)
Seat 6: ptolejmus folded before Flop (didn't bet)



PokerStars Hand #254604193114:  Hold'em No Limit ($0.50/$1.00 USD) - 2025/01/29 9:51:42 WET [2025/01/29 4:51:42 ET]
Table 'Unitas' 6-max Seat #2 is the button
Seat 1: Red4erT ($30.75 in chips) 
Seat 2: socito ($108.98 in chips) 
Seat 3: AlexEliseev7 ($151.12 in chips) 
Seat 4: Granit34 ($82.02 in chips) 
Seat 5: jeffy27dt1 ($139.72 in chips) 
Seat 6: ptolejmus ($10 in chips) 
AlexEliseev7: posts small blind $0.50
Granit34: posts big blind $1
*** HOLE CARDS ***
jeffy27dt1: folds 
ptolejmus: folds 
Red4erT: raises $1 to $2
socito: raises $4 to $6
AlexEliseev7: folds 
Granit34: folds 
Red4erT: folds 
Uncalled bet ($4) returned to socito
socito collected $5.50 from pot
socito: doesn't show hand 
*** SUMMARY ***
Total pot $5.50 | Rake $0 
Seat 1: Red4erT folded before Flop
Seat 2: socito (button) collected ($5.50)
Seat 3: AlexEliseev7 (small blind) folded before Flop
Seat 4: Granit34 (big blind) folded before Flop
Seat 5: jeffy27dt1 folded before Flop (didn't bet)
Seat 6: ptolejmus folded before Flop (didn't bet)



