PokerStars Hand #254606401812:  Hold'em No Limit ($0.50/$1.00 USD) - 2025/01/29 14:16:42 WET [2025/01/29 9:16:42 ET]
Table 'Skat' 6-max Seat #5 is the button
Seat 2: tejas1309 ($0 in chips) is sitting out
Seat 1: joaquin612 ($100 in chips) 
Seat 3: Poker9803 ($100 in chips) 
Seat 4: mr.Jckpot ($100 in chips) 
Seat 5: easy_sarcasm ($100 in chips) 
Seat 6: tintin641 ($200.81 in chips) 
tintin641: posts small blind $0.50
joaquin612: posts big blind $1
*** HOLE CARDS ***
Poker9803: folds 
mr.Jckpot: folds 
easy_sarcasm: folds 
tejas1309 leaves the table
tintin641: raises $2 to $3
joaquin612: raises $6 to $9
tintin641: calls $6
*** FLOP *** [6d Ah Kh]
Quahrino joins the table at seat #2 
tintin641: checks 
joaquin612: bets $5.64
tintin641: calls $5.64
*** TURN *** [6d Ah Kh] [5d]
tintin641: checks 
joaquin612: checks 
*** RIVER *** [6d Ah Kh 5d] [Jc]
tintin641: checks 
joaquin612: checks 
*** SHOW DOWN ***
tintin641: shows [Ac 9c] (a pair of Aces)
joaquin612: mucks hand 
tintin641 collected $27.82 from pot
*** SUMMARY ***
Total pot $29.28 | Rake $1.46 
Board [6d Ah Kh 5d Jc]
Seat 2: tejas1309
Seat 1: joaquin612 (big blind) mucked
Seat 3: Poker9803 folded before Flop (didn't bet)
Seat 4: mr.Jckpot folded before Flop (didn't bet)
Seat 5: easy_sarcasm (button) folded before Flop (didn't bet)
Seat 6: tintin641 (small blind) showed [Ac 9c] and won ($27.82) with a pair of Aces



PokerStars Hand #254606415425:  Hold'em No Limit ($0.50/$1.00 USD) - 2025/01/29 14:18:00 WET [2025/01/29 9:18:00 ET]
Table 'Skat' 6-max Seat #6 is the button
Seat 1: joaquin612 ($100 in chips) 
Seat 2: Quahrino ($100 in chips) 
Seat 3: Poker9803 ($100 in chips) 
Seat 4: mr.Jckpot ($100 in chips) 
Seat 5: easy_sarcasm ($100 in chips) 
Seat 6: tintin641 ($213.99 in chips) 
joaquin612: posts small blind $0.50
Quahrino: posts big blind $1
*** HOLE CARDS ***
Poker9803: folds 
mr.Jckpot: folds 
easy_sarcasm: raises $2 to $3
tintin641: raises $6 to $9
joaquin612: folds 
Quahrino: folds 
easy_sarcasm: folds 
Uncalled bet ($6) returned to tintin641
tintin641 collected $7.50 from pot
tintin641: doesn't show hand 
*** SUMMARY ***
Total pot $7.50 | Rake $0 
Seat 1: joaquin612 (small blind) folded before Flop
Seat 2: Quahrino (big blind) folded before Flop
Seat 3: Poker9803 folded before Flop (didn't bet)
Seat 4: mr.Jckpot folded before Flop (didn't bet)
Seat 5: easy_sarcasm folded before Flop
Seat 6: tintin641 (button) collected ($7.50)



PokerStars Hand #254606418731:  Hold'em No Limit ($0.50/$1.00 USD) - 2025/01/29 14:18:19 WET [2025/01/29 9:18:19 ET]
Table 'Skat' 6-max Seat #1 is the button
Seat 3: Poker9803 ($100 in chips) is sitting out
Seat 4: mr.Jckpot ($100 in chips) is sitting out
Seat 1: joaquin612 ($100 in chips) 
Seat 2: Quahrino ($100 in chips) 
Seat 5: easy_sarcasm ($100 in chips) 
Seat 6: tintin641 ($218.49 in chips) 
Quahrino: posts small blind $0.50
Poker9803: is sitting out 
mr.Jckpot: is sitting out 
easy_sarcasm: posts big blind $1
*** HOLE CARDS ***
tintin641: folds 
Poker9803 leaves the table
mr.Jckpot leaves the table
joaquin612: raises $1.50 to $2.50
Quahrino: folds 
easy_sarcasm: folds 
Uncalled bet ($1.50) returned to joaquin612
joaquin612 collected $2.50 from pot
joaquin612: doesn't show hand 
*** SUMMARY ***
Total pot $2.50 | Rake $0 
Seat 3: Poker9803
Seat 4: mr.Jckpot
Seat 1: joaquin612 (button) collected ($2.50)
Seat 2: Quahrino (small blind) folded before Flop
Seat 5: easy_sarcasm (big blind) folded before Flop
Seat 6: tintin641 folded before Flop (didn't bet)



PokerStars Hand #254606420216:  Hold'em No Limit ($0.50/$1.00 USD) - 2025/01/29 14:18:27 WET [2025/01/29 9:18:27 ET]
Table 'Skat' 6-max Seat #5 is the button
Seat 1: joaquin612 ($101.50 in chips) is sitting out
Seat 6: tintin641 ($218.49 in chips) is sitting out
Seat 2: Quahrino ($100 in chips) 
Seat 5: easy_sarcasm ($100 in chips) 
easy_sarcasm: posts small blind $0.50
tintin641: is sitting out 
joaquin612: is sitting out 
Quahrino: posts big blind $1
*** HOLE CARDS ***
tintin641 leaves the table
joaquin612 leaves the table
easy_sarcasm: raises $2 to $3
Quahrino: folds 
Uncalled bet ($2) returned to easy_sarcasm
easy_sarcasm collected $2 from pot
*** SUMMARY ***
Total pot $2 | Rake $0 
Seat 1: joaquin612
Seat 6: tintin641
Seat 2: Quahrino (big blind) folded before Flop
Seat 5: easy_sarcasm (button) (small blind) collected ($2)



PokerStars Hand #254606422116:  Hold'em No Limit ($0.50/$1.00 USD) - 2025/01/29 14:18:38 WET [2025/01/29 9:18:38 ET]
Table 'Skat' 6-max Seat #2 is the button
Seat 2: Quahrino ($100 in chips) 
Seat 5: easy_sarcasm ($101 in chips) 
Quahrino: posts small blind $0.50
easy_sarcasm: posts big blind $1
*** HOLE CARDS ***
Quahrino: folds 
Uncalled bet ($0.50) returned to easy_sarcasm
easy_sarcasm collected $1 from pot
*** SUMMARY ***
Total pot $1 | Rake $0 
Seat 2: Quahrino (button) (small blind) folded before Flop
Seat 5: easy_sarcasm (big blind) collected ($1)



