PokerStars Hand #254604862979:  Hold'em No Limit ($0.50/$1.00 USD) - 2025/01/29 11:28:11 WET [2025/01/29 6:28:11 ET]
Table 'Arabella' 6-max Seat #4 is the button
Seat 1: Timonessb ($100 in chips) 
Seat 2: coeeeelho ($100 in chips) 
Seat 3: Dazburt123 ($100 in chips) 
Seat 4: SeEevg ($101.80 in chips) 
Seat 5: Megaways ($63.52 in chips) 
Seat 6: NoonTime1991 ($101 in chips) 
Megaways: posts small blind $0.50
NoonTime1991: posts big blind $1
*** HOLE CARDS ***
Timonessb: raises $1.30 to $2.30
coeeeelho: folds 
Dazburt123: folds 
SeEevg: folds 
Megaways: folds 
NoonTime1991: folds 
Uncalled bet ($1.30) returned to Timonessb
Timonessb collected $2.50 from pot
*** SUMMARY ***
Total pot $2.50 | Rake $0 
Seat 1: Timonessb collected ($2.50)
Seat 2: coeeeelho folded before Flop (didn't bet)
Seat 3: Dazburt123 folded before Flop (didn't bet)
Seat 4: SeEevg (button) folded before Flop (didn't bet)
Seat 5: Megaways (small blind) folded before Flop
Seat 6: NoonTime1991 (big blind) folded before Flop



PokerStars Hand #254604864552:  Hold'em No Limit ($0.50/$1.00 USD) - 2025/01/29 11:28:23 WET [2025/01/29 6:28:23 ET]
Table 'Arabella' 6-max Seat #5 is the button
Seat 1: Timonessb ($101.50 in chips) 
Seat 2: coeeeelho ($100 in chips) 
Seat 3: Dazburt123 ($100 in chips) 
Seat 4: SeEevg ($101.80 in chips) 
Seat 5: Megaways ($63.02 in chips) 
Seat 6: NoonTime1991 ($100 in chips) 
NoonTime1991: posts small blind $0.50
Timonessb: posts big blind $1
*** HOLE CARDS ***
coeeeelho: folds 
Dazburt123: folds 
SeEevg: folds 
Megaways is disconnected 
Megaways has timed out while disconnected
Megaways: folds 
NoonTime1991: raises $2 to $3
Timonessb: calls $2
*** FLOP *** [Jh 3d Qs]
NoonTime1991: checks 
Timonessb: bets $2.91
NoonTime1991: calls $2.91
*** TURN *** [Jh 3d Qs] [2c]
NoonTime1991: checks 
Timonessb: bets $6.23
NoonTime1991: folds 
Uncalled bet ($6.23) returned to Timonessb
Timonessb collected $11.23 from pot
*** SUMMARY ***
Total pot $11.82 | Rake $0.59 
Board [Jh 3d Qs 2c]
Seat 1: Timonessb (big blind) collected ($11.23)
Seat 2: coeeeelho folded before Flop (didn't bet)
Seat 3: Dazburt123 folded before Flop (didn't bet)
Seat 4: SeEevg folded before Flop (didn't bet)
Seat 5: Megaways (button) folded before Flop (didn't bet)
Seat 6: NoonTime1991 (small blind) folded on the Turn



PokerStars Hand #254604872561:  Hold'em No Limit ($0.50/$1.00 USD) - 2025/01/29 11:29:25 WET [2025/01/29 6:29:25 ET]
Table 'Arabella' 6-max Seat #6 is the button
Seat 1: Timonessb ($106.82 in chips) 
Seat 2: coeeeelho ($100 in chips) 
Seat 3: Dazburt123 ($100 in chips) 
Seat 4: SeEevg ($101.80 in chips) 
Seat 5: Megaways ($63.02 in chips) 
Seat 6: NoonTime1991 ($100 in chips) 
Timonessb: posts small blind $0.50
coeeeelho: posts big blind $1
*** HOLE CARDS ***
Dazburt123: folds 
SeEevg: raises $1.50 to $2.50
Megaways: folds 
Megaways leaves the table
NoonTime1991: folds 
Timonessb: folds 
coeeeelho: folds 
Uncalled bet ($1.50) returned to SeEevg
SeEevg collected $2.50 from pot
SeEevg: doesn't show hand 
*** SUMMARY ***
Total pot $2.50 | Rake $0 
Seat 1: Timonessb (small blind) folded before Flop
Seat 2: coeeeelho (big blind) folded before Flop
Seat 3: Dazburt123 folded before Flop (didn't bet)
Seat 4: SeEevg collected ($2.50)
Seat 5: Megaways folded before Flop (didn't bet)
Seat 6: NoonTime1991 (button) folded before Flop (didn't bet)



PokerStars Hand #254604877315:  Hold'em No Limit ($0.50/$1.00 USD) - 2025/01/29 11:30:01 WET [2025/01/29 6:30:01 ET]
Table 'Arabella' 6-max Seat #1 is the button
Seat 1: Timonessb ($106.32 in chips) 
Seat 2: coeeeelho ($100 in chips) 
Seat 3: Dazburt123 ($100 in chips) 
Seat 4: SeEevg ($103.30 in chips) 
Seat 6: NoonTime1991 ($100 in chips) 
coeeeelho: posts small blind $0.50
Dazburt123: posts big blind $1
*** HOLE CARDS ***
SeEevg: folds 
SeEevg leaves the table
NoonTime1991: raises $1.50 to $2.50
Timonessb: raises $5 to $7.50
coeeeelho: folds 
Dazburt123: folds 
NoonTime1991: calls $5
*** FLOP *** [8d Kh 6h]
NoonTime1991: checks 
Timonessb: checks 
*** TURN *** [8d Kh 6h] [Ks]
NoonTime1991: checks 
Timonessb: checks 
*** RIVER *** [8d Kh 6h Ks] [Jc]
NoonTime1991: bets $7.84
Timonessb: folds 
Uncalled bet ($7.84) returned to NoonTime1991
NoonTime1991 collected $15.68 from pot
NoonTime1991: doesn't show hand 
*** SUMMARY ***
Total pot $16.50 | Rake $0.82 
Board [8d Kh 6h Ks Jc]
Seat 1: Timonessb (button) folded on the River
Seat 2: coeeeelho (small blind) folded before Flop
Seat 3: Dazburt123 (big blind) folded before Flop
Seat 4: SeEevg folded before Flop (didn't bet)
Seat 6: NoonTime1991 collected ($15.68)



PokerStars Hand #254604884333:  Hold'em No Limit ($0.50/$1.00 USD) - 2025/01/29 11:30:56 WET [2025/01/29 6:30:56 ET]
Table 'Arabella' 6-max Seat #2 is the button
Seat 1: Timonessb ($100 in chips) 
Seat 2: coeeeelho ($100 in chips) 
Seat 3: Dazburt123 ($100 in chips) 
Seat 6: NoonTime1991 ($108.18 in chips) 
Dazburt123: posts small blind $0.50
NoonTime1991: posts big blind $1
*** HOLE CARDS ***
Timonessb: folds 
coeeeelho: folds 
Dazburt123: folds 
Uncalled bet ($0.50) returned to NoonTime1991
NoonTime1991 collected $1 from pot
NoonTime1991: doesn't show hand 
*** SUMMARY ***
Total pot $1 | Rake $0 
Seat 1: Timonessb folded before Flop (didn't bet)
Seat 2: coeeeelho (button) folded before Flop (didn't bet)
Seat 3: Dazburt123 (small blind) folded before Flop
Seat 6: NoonTime1991 (big blind) collected ($1)



PokerStars Hand #254604885727:  Hold'em No Limit ($0.50/$1.00 USD) - 2025/01/29 11:31:06 WET [2025/01/29 6:31:06 ET]
Table 'Arabella' 6-max Seat #3 is the button
Seat 1: Timonessb ($100 in chips) 
Seat 2: coeeeelho ($100 in chips) 
Seat 3: Dazburt123 ($100 in chips) 
Seat 6: NoonTime1991 ($108.68 in chips) 
NoonTime1991: posts small blind $0.50
Timonessb: posts big blind $1
*** HOLE CARDS ***
coeeeelho: folds 
Dazburt123: folds 
NoonTime1991: raises $2 to $3
Timonessb: raises $6 to $9
NoonTime1991: folds 
Uncalled bet ($6) returned to Timonessb
Timonessb collected $6 from pot
*** SUMMARY ***
Total pot $6 | Rake $0 
Seat 1: Timonessb (big blind) collected ($6)
Seat 2: coeeeelho folded before Flop (didn't bet)
Seat 3: Dazburt123 (button) folded before Flop (didn't bet)
Seat 6: NoonTime1991 (small blind) folded before Flop



PokerStars Hand #254604889011:  Hold'em No Limit ($0.50/$1.00 USD) - 2025/01/29 11:31:32 WET [2025/01/29 6:31:32 ET]
Table 'Arabella' 6-max Seat #1 is the button
Seat 2: coeeeelho ($100 in chips) is sitting out
Seat 3: Dazburt123 ($100 in chips) is sitting out
Seat 1: Timonessb ($103 in chips) 
Seat 6: NoonTime1991 ($105.68 in chips) 
Timonessb: posts small blind $0.50
coeeeelho: is sitting out 
Dazburt123: is sitting out 
NoonTime1991: posts big blind $1
*** HOLE CARDS ***
Timonessb: folds 
Uncalled bet ($0.50) returned to NoonTime1991
NoonTime1991 collected $1 from pot
NoonTime1991: doesn't show hand 
*** SUMMARY ***
Total pot $1 | Rake $0 
Seat 2: coeeeelho
Seat 3: Dazburt123
Seat 1: Timonessb (button) (small blind) folded before Flop
Seat 6: NoonTime1991 (big blind) collected ($1)



PokerStars Hand #254604890075:  Hold'em No Limit ($0.50/$1.00 USD) - 2025/01/29 11:31:40 WET [2025/01/29 6:31:40 ET]
Table 'Arabella' 6-max Seat #6 is the button
Seat 2: coeeeelho ($100 in chips) is sitting out
Seat 3: Dazburt123 ($100 in chips) is sitting out
Seat 1: Timonessb ($102.50 in chips) 
Seat 6: NoonTime1991 ($106.18 in chips) 
NoonTime1991: posts small blind $0.50
Timonessb: posts big blind $1
*** HOLE CARDS ***
NoonTime1991: raises $1.50 to $2.50
Timonessb: calls $1.50
*** FLOP *** [7d 3h 9h]
Timonessb: checks 
NoonTime1991: bets $6.41
Dazburt123 leaves the table
coeeeelho leaves the table
Timonessb: folds 
Uncalled bet ($6.41) returned to NoonTime1991
NoonTime1991 collected $4.75 from pot
NoonTime1991: doesn't show hand 
*** SUMMARY ***
Total pot $5 | Rake $0.25 
Board [7d 3h 9h]
Seat 2: coeeeelho
Seat 3: Dazburt123
Seat 1: Timonessb (big blind) folded on the Flop
Seat 6: NoonTime1991 (button) (small blind) collected ($4.75)



