PokerStars Hand #254616774019:  Hold'em No Limit ($0.50/$1.00 USD) - 2025/01/29 2:41:53 WET [2025/01/29 21:41:53 ET]
Table 'Laetitia' 6-max Seat #1 is the button
Seat 4: KeR888 ($100 in chips) is sitting out
Seat 1: gooders624 ($63.13 in chips) 
Seat 2: 7bekon7 ($110.99 in chips) 
Seat 3: EasyGamerrr ($100 in chips) 
Seat 5: Manifestorr ($100 in chips) 
Seat 6: BeauParleur ($100 in chips) 
7bekon7: posts small blind $0.50
EasyGamerrr: posts big blind $1
KeR888: sits out 
*** HOLE CARDS ***
Manifestorr: folds 
BeauParleur: raises $1.25 to $2.25
gooders624: folds 
7bekon7: folds 
EasyGamerrr: calls $1.25
*** FLOP *** [2c Kc Jc]
EasyGamerrr: checks 
BeauParleur: bets $1
EasyGamerrr: calls $1
*** TURN *** [2c Kc Jc] [Tc]
EasyGamerrr: checks 
BeauParleur: checks 
*** RIVER *** [2c Kc Jc Tc] [5h]
EasyGamerrr: checks 
BeauParleur: checks 
*** SHOW DOWN ***
EasyGamerrr: shows [3c 3d] (a flush, King high)
BeauParleur: mucks hand 
EasyGamerrr collected $6.65 from pot
*** SUMMARY ***
Total pot $7 | Rake $0.35 
Board [2c Kc Jc Tc 5h]
Seat 4: KeR888
Seat 1: gooders624 (button) folded before Flop (didn't bet)
Seat 2: 7bekon7 (small blind) folded before Flop
Seat 3: EasyGamerrr (big blind) showed [3c 3d] and won ($6.65) with a flush, King high
Seat 5: Manifestorr folded before Flop (didn't bet)
Seat 6: BeauParleur mucked



PokerStars Hand #254616780870:  Hold'em No Limit ($0.50/$1.00 USD) - 2025/01/29 2:42:42 WET [2025/01/29 21:42:42 ET]
Table 'Laetitia' 6-max Seat #2 is the button
Seat 1: gooders624 ($63.13 in chips) 
Seat 2: 7bekon7 ($110.49 in chips) 
Seat 3: EasyGamerrr ($103.40 in chips) 
Seat 4: KeR888 ($100 in chips) 
Seat 5: Manifestorr ($100 in chips) 
Seat 6: BeauParleur ($100 in chips) 
EasyGamerrr: posts small blind $0.50
KeR888: posts big blind $1
*** HOLE CARDS ***
Manifestorr: folds 
BeauParleur: folds 
gooders624: raises $1 to $2
7bekon7: folds 
EasyGamerrr: folds 
KeR888: folds 
Uncalled bet ($1) returned to gooders624
gooders624 collected $2.50 from pot
*** SUMMARY ***
Total pot $2.50 | Rake $0 
Seat 1: gooders624 collected ($2.50)
Seat 2: 7bekon7 (button) folded before Flop (didn't bet)
Seat 3: EasyGamerrr (small blind) folded before Flop
Seat 4: KeR888 (big blind) folded before Flop
Seat 5: Manifestorr folded before Flop (didn't bet)
Seat 6: BeauParleur folded before Flop (didn't bet)



PokerStars Hand #254616782734:  Hold'em No Limit ($0.50/$1.00 USD) - 2025/01/29 2:42:55 WET [2025/01/29 21:42:55 ET]
Table 'Laetitia' 6-max Seat #3 is the button
Seat 1: gooders624 ($64.63 in chips) 
Seat 2: 7bekon7 ($110.49 in chips) 
Seat 3: EasyGamerrr ($102.90 in chips) 
Seat 4: KeR888 ($100 in chips) 
Seat 5: Manifestorr ($100 in chips) 
Seat 6: BeauParleur ($100 in chips) 
KeR888: posts small blind $0.50
Manifestorr: posts big blind $1
*** HOLE CARDS ***
BeauParleur: folds 
gooders624: raises $2.50 to $3.50
7bekon7: folds 
EasyGamerrr: folds 
KeR888: folds 
Manifestorr: folds 
Uncalled bet ($2.50) returned to gooders624
gooders624 collected $2.50 from pot
*** SUMMARY ***
Total pot $2.50 | Rake $0 
Seat 1: gooders624 collected ($2.50)
Seat 2: 7bekon7 folded before Flop (didn't bet)
Seat 3: EasyGamerrr (button) folded before Flop (didn't bet)
Seat 4: KeR888 (small blind) folded before Flop
Seat 5: Manifestorr (big blind) folded before Flop
Seat 6: BeauParleur folded before Flop (didn't bet)



PokerStars Hand #254616785111:  Hold'em No Limit ($0.50/$1.00 USD) - 2025/01/29 2:43:13 WET [2025/01/29 21:43:13 ET]
Table 'Laetitia' 6-max Seat #4 is the button
Seat 1: gooders624 ($66.13 in chips) 
Seat 2: 7bekon7 ($110.49 in chips) 
Seat 3: EasyGamerrr ($102.90 in chips) 
Seat 4: KeR888 ($100 in chips) 
Seat 5: Manifestorr ($100 in chips) 
Seat 6: BeauParleur ($100 in chips) 
Manifestorr: posts small blind $0.50
BeauParleur: posts big blind $1
*** HOLE CARDS ***
gooders624: calls $1
7bekon7: raises $3 to $4
EasyGamerrr: folds 
KeR888: folds 
Manifestorr: folds 
BeauParleur: folds 
gooders624: folds 
Uncalled bet ($3) returned to 7bekon7
7bekon7 collected $3.50 from pot
7bekon7: doesn't show hand 
*** SUMMARY ***
Total pot $3.50 | Rake $0 
Seat 1: gooders624 folded before Flop
Seat 2: 7bekon7 collected ($3.50)
Seat 3: EasyGamerrr folded before Flop (didn't bet)
Seat 4: KeR888 (button) folded before Flop (didn't bet)
Seat 5: Manifestorr (small blind) folded before Flop
Seat 6: BeauParleur (big blind) folded before Flop



PokerStars Hand #254616789175:  Hold'em No Limit ($0.50/$1.00 USD) - 2025/01/29 2:43:42 WET [2025/01/29 21:43:42 ET]
Table 'Laetitia' 6-max Seat #5 is the button
Seat 1: gooders624 ($65.13 in chips) 
Seat 2: 7bekon7 ($112.99 in chips) 
Seat 3: EasyGamerrr ($102.90 in chips) 
Seat 4: KeR888 ($100 in chips) 
Seat 5: Manifestorr ($100 in chips) 
Seat 6: BeauParleur ($100 in chips) 
BeauParleur: posts small blind $0.50
gooders624: posts big blind $1
*** HOLE CARDS ***
7bekon7: folds 
EasyGamerrr: folds 
KeR888: raises $1.50 to $2.50
Manifestorr: folds 
BeauParleur: folds 
gooders624: calls $1.50
*** FLOP *** [9h 2c 7d]
gooders624: bets $1
KeR888: calls $1
*** TURN *** [9h 2c 7d] [2s]
gooders624: bets $1
KeR888: calls $1
*** RIVER *** [9h 2c 7d 2s] [5c]
gooders624: bets $9.02
KeR888: raises $86.48 to $95.50 and is all-in
gooders624: folds 
Uncalled bet ($86.48) returned to KeR888
KeR888 collected $26.16 from pot
KeR888: doesn't show hand 
*** SUMMARY ***
Total pot $27.54 | Rake $1.38 
Board [9h 2c 7d 2s 5c]
Seat 1: gooders624 (big blind) folded on the River
Seat 2: 7bekon7 folded before Flop (didn't bet)
Seat 3: EasyGamerrr folded before Flop (didn't bet)
Seat 4: KeR888 collected ($26.16)
Seat 5: Manifestorr (button) folded before Flop (didn't bet)
Seat 6: BeauParleur (small blind) folded before Flop



PokerStars Hand #254616795655:  Hold'em No Limit ($0.50/$1.00 USD) - 2025/01/29 2:44:28 WET [2025/01/29 21:44:28 ET]
Table 'Laetitia' 6-max Seat #6 is the button
Seat 1: gooders624 ($51.61 in chips) 
Seat 2: 7bekon7 ($112.99 in chips) 
Seat 3: EasyGamerrr ($102.90 in chips) 
Seat 4: KeR888 ($112.64 in chips) 
Seat 5: Manifestorr ($100 in chips) 
Seat 6: BeauParleur ($100 in chips) 
gooders624: posts small blind $0.50
7bekon7: posts big blind $1
*** HOLE CARDS ***
EasyGamerrr: raises $1.50 to $2.50
KeR888: folds 
Manifestorr: folds 
BeauParleur: raises $5 to $7.50
gooders624: folds 
7bekon7: folds 
EasyGamerrr: raises $15 to $22.50
BeauParleur: calls $15
*** FLOP *** [5d 2s 3d]
EasyGamerrr: bets $21.21
BeauParleur: folds 
Uncalled bet ($21.21) returned to EasyGamerrr
EasyGamerrr collected $44.18 from pot
EasyGamerrr: doesn't show hand 
*** SUMMARY ***
Total pot $46.50 | Rake $2.32 
Board [5d 2s 3d]
Seat 1: gooders624 (small blind) folded before Flop
Seat 2: 7bekon7 (big blind) folded before Flop
Seat 3: EasyGamerrr collected ($44.18)
Seat 4: KeR888 folded before Flop (didn't bet)
Seat 5: Manifestorr folded before Flop (didn't bet)
Seat 6: BeauParleur (button) folded on the Flop



PokerStars Hand #254616803738:  Hold'em No Limit ($0.50/$1.00 USD) - 2025/01/29 2:45:26 WET [2025/01/29 21:45:26 ET]
Table 'Laetitia' 6-max Seat #1 is the button
Seat 3: EasyGamerrr ($124.58 in chips) is sitting out
Seat 1: gooders624 ($51.11 in chips) 
Seat 2: 7bekon7 ($111.99 in chips) 
Seat 4: KeR888 ($112.64 in chips) 
Seat 5: Manifestorr ($100 in chips) 
Seat 6: BeauParleur ($100 in chips) 
7bekon7: posts small blind $0.50
EasyGamerrr: is sitting out 
KeR888: posts big blind $1
*** HOLE CARDS ***
Manifestorr: raises $1.20 to $2.20
EasyGamerrr leaves the table
50CandyJoe joins the table at seat #3 
BeauParleur: folds 
gooders624: folds 
7bekon7: folds 
KeR888: folds 
Uncalled bet ($1.20) returned to Manifestorr
Manifestorr collected $2.50 from pot
*** SUMMARY ***
Total pot $2.50 | Rake $0 
Seat 3: EasyGamerrr
Seat 1: gooders624 (button) folded before Flop (didn't bet)
Seat 2: 7bekon7 (small blind) folded before Flop
Seat 4: KeR888 (big blind) folded before Flop
Seat 5: Manifestorr collected ($2.50)
Seat 6: BeauParleur folded before Flop (didn't bet)



PokerStars Hand #254616808838:  Hold'em No Limit ($0.50/$1.00 USD) - 2025/01/29 2:46:04 WET [2025/01/29 21:46:04 ET]
Table 'Laetitia' 6-max Seat #2 is the button
Seat 3: 50CandyJoe ($100 in chips) is sitting out
Seat 1: gooders624 ($51.11 in chips) 
Seat 2: 7bekon7 ($111.49 in chips) 
Seat 4: KeR888 ($111.64 in chips) 
Seat 5: Manifestorr ($101.50 in chips) 
Seat 6: BeauParleur ($100 in chips) 
KeR888: posts small blind $0.50
Manifestorr: posts big blind $1
*** HOLE CARDS ***
BeauParleur: folds 
gooders624: calls $1
7bekon7: raises $3 to $4
KeR888: folds 
Manifestorr: folds 
gooders624: calls $3
*** FLOP *** [7h Ac 7c]
gooders624: checks 
7bekon7: checks 
*** TURN *** [7h Ac 7c] [Ks]
gooders624: checks 
7bekon7: checks 
*** RIVER *** [7h Ac 7c Ks] [5s]
gooders624: bets $19.02
7bekon7: folds 
Uncalled bet ($19.02) returned to gooders624
gooders624 collected $9.02 from pot
*** SUMMARY ***
Total pot $9.50 | Rake $0.48 
Board [7h Ac 7c Ks 5s]
Seat 3: 50CandyJoe
Seat 1: gooders624 collected ($9.02)
Seat 2: 7bekon7 (button) folded on the River
Seat 4: KeR888 (small blind) folded before Flop
Seat 5: Manifestorr (big blind) folded before Flop
Seat 6: BeauParleur folded before Flop (didn't bet)



PokerStars Hand #254616819160:  Hold'em No Limit ($0.50/$1.00 USD) - 2025/01/29 2:47:21 WET [2025/01/29 21:47:21 ET]
Table 'Laetitia' 6-max Seat #4 is the button
Seat 3: 50CandyJoe ($100 in chips) is sitting out
Seat 1: gooders624 ($56.13 in chips) 
Seat 2: 7bekon7 ($107.49 in chips) 
Seat 4: KeR888 ($111.14 in chips) 
Seat 5: Manifestorr ($100.50 in chips) 
Seat 6: BeauParleur ($100 in chips) 
Manifestorr: posts small blind $0.50
BeauParleur: posts big blind $1
50CandyJoe: sits out 
*** HOLE CARDS ***
gooders624: folds 
7bekon7: raises $1.25 to $2.25
KeR888: raises $5.50 to $7.75
Manifestorr: folds 
BeauParleur: folds 
7bekon7: folds 
Uncalled bet ($5.50) returned to KeR888
KeR888 collected $6 from pot
KeR888: doesn't show hand 
*** SUMMARY ***
Total pot $6 | Rake $0 
Seat 3: 50CandyJoe
Seat 1: gooders624 folded before Flop (didn't bet)
Seat 2: 7bekon7 folded before Flop
Seat 4: KeR888 (button) collected ($6)
Seat 5: Manifestorr (small blind) folded before Flop
Seat 6: BeauParleur (big blind) folded before Flop



PokerStars Hand #254616824281:  Hold'em No Limit ($0.50/$1.00 USD) - 2025/01/29 2:47:58 WET [2025/01/29 21:47:58 ET]
Table 'Laetitia' 6-max Seat #5 is the button
Seat 3: 50CandyJoe ($100 in chips) is sitting out
Seat 1: gooders624 ($56.13 in chips) 
Seat 2: 7bekon7 ($105.24 in chips) 
Seat 4: KeR888 ($114.89 in chips) 
Seat 5: Manifestorr ($100 in chips) 
Seat 6: BeauParleur ($100 in chips) 
BeauParleur: posts small blind $0.50
gooders624: posts big blind $1
50CandyJoe: sits out 
*** HOLE CARDS ***
7bekon7: folds 
KeR888: folds 
Manifestorr: raises $1.20 to $2.20
BeauParleur: raises $8.80 to $11
gooders624: calls $10
Manifestorr: folds 
*** FLOP *** [4d Td Kc]
BeauParleur: bets $4.50
gooders624: calls $4.50
*** TURN *** [4d Td Kc] [4s]
BeauParleur: checks 
gooders624: checks 
*** RIVER *** [4d Td Kc 4s] [As]
BeauParleur: bets $6.30
gooders624: raises $22.70 to $29
BeauParleur: calls $22.70
*** SHOW DOWN ***
gooders624: shows [Qh Ac] (two pair, Aces and Fours)
BeauParleur: shows [Ah 8h] (two pair, Aces and Fours)
BeauParleur collected $44.35 from pot
gooders624 collected $44.35 from pot
*** SUMMARY ***
Total pot $91.20 | Rake $2.50 
Board [4d Td Kc 4s As]
Seat 3: 50CandyJoe
Seat 1: gooders624 (big blind) showed [Qh Ac] and won ($44.35) with two pair, Aces and Fours
Seat 2: 7bekon7 folded before Flop (didn't bet)
Seat 4: KeR888 folded before Flop (didn't bet)
Seat 5: Manifestorr (button) folded before Flop
Seat 6: BeauParleur (small blind) showed [Ah 8h] and won ($44.35) with two pair, Aces and Fours



PokerStars Hand #254616839661:  Hold'em No Limit ($0.50/$1.00 USD) - 2025/01/29 2:49:51 WET [2025/01/29 21:49:51 ET]
Table 'Laetitia' 6-max Seat #6 is the button
Seat 3: 50CandyJoe ($100 in chips) is sitting out
Seat 1: gooders624 ($55.98 in chips) 
Seat 2: 7bekon7 ($105.24 in chips) 
Seat 4: KeR888 ($114.89 in chips) 
Seat 5: Manifestorr ($100 in chips) 
Seat 6: BeauParleur ($100 in chips) 
gooders624: posts small blind $0.50
7bekon7: posts big blind $1
50CandyJoe: sits out 
*** HOLE CARDS ***
KeR888: folds 
Manifestorr: folds 
BeauParleur: folds 
gooders624: calls $0.50
7bekon7: raises $3 to $4
gooders624: calls $3
*** FLOP *** [5s 9d Td]
gooders624: checks 
7bekon7: checks 
*** TURN *** [5s 9d Td] [3d]
gooders624: bets $7.60
7bekon7: folds 
Uncalled bet ($7.60) returned to gooders624
gooders624 collected $7.60 from pot
*** SUMMARY ***
Total pot $8 | Rake $0.40 
Board [5s 9d Td 3d]
Seat 3: 50CandyJoe
Seat 1: gooders624 (small blind) collected ($7.60)
Seat 2: 7bekon7 (big blind) folded on the Turn
Seat 4: KeR888 folded before Flop (didn't bet)
Seat 5: Manifestorr folded before Flop (didn't bet)
Seat 6: BeauParleur (button) folded before Flop (didn't bet)



PokerStars Hand #254616847116:  Hold'em No Limit ($0.50/$1.00 USD) - 2025/01/29 2:50:45 WET [2025/01/29 21:50:45 ET]
Table 'Laetitia' 6-max Seat #1 is the button
Seat 1: gooders624 ($59.58 in chips) 
Seat 2: 7bekon7 ($101.24 in chips) 
Seat 3: 50CandyJoe ($100 in chips) 
Seat 4: KeR888 ($114.89 in chips) 
Seat 5: Manifestorr ($100 in chips) 
Seat 6: BeauParleur ($100 in chips) 
7bekon7: posts small blind $0.50
50CandyJoe: posts big blind $1
*** HOLE CARDS ***
KeR888: folds 
Manifestorr: folds 
BeauParleur: folds 
gooders624: folds 
7bekon7: folds 
Uncalled bet ($0.50) returned to 50CandyJoe
50CandyJoe collected $1 from pot
50CandyJoe: doesn't show hand 
*** SUMMARY ***
Total pot $1 | Rake $0 
Seat 1: gooders624 (button) folded before Flop (didn't bet)
Seat 2: 7bekon7 (small blind) folded before Flop
Seat 3: 50CandyJoe (big blind) collected ($1)
Seat 4: KeR888 folded before Flop (didn't bet)
Seat 5: Manifestorr folded before Flop (didn't bet)
Seat 6: BeauParleur folded before Flop (didn't bet)



PokerStars Hand #254616849373:  Hold'em No Limit ($0.50/$1.00 USD) - 2025/01/29 2:51:01 WET [2025/01/29 21:51:01 ET]
Table 'Laetitia' 6-max Seat #2 is the button
Seat 1: gooders624 ($59.58 in chips) 
Seat 2: 7bekon7 ($100.74 in chips) 
Seat 3: 50CandyJoe ($100.50 in chips) 
Seat 4: KeR888 ($114.89 in chips) 
Seat 5: Manifestorr ($100 in chips) 
Seat 6: BeauParleur ($100 in chips) 
50CandyJoe: posts small blind $0.50
KeR888: posts big blind $1
*** HOLE CARDS ***
Manifestorr: folds 
BeauParleur: folds 
gooders624: raises $2.50 to $3.50
7bekon7: folds 
50CandyJoe: folds 
KeR888: folds 
Uncalled bet ($2.50) returned to gooders624
gooders624 collected $2.50 from pot
*** SUMMARY ***
Total pot $2.50 | Rake $0 
Seat 1: gooders624 collected ($2.50)
Seat 2: 7bekon7 (button) folded before Flop (didn't bet)
Seat 3: 50CandyJoe (small blind) folded before Flop
Seat 4: KeR888 (big blind) folded before Flop
Seat 5: Manifestorr folded before Flop (didn't bet)
Seat 6: BeauParleur folded before Flop (didn't bet)



PokerStars Hand #254616853384:  Hold'em No Limit ($0.50/$1.00 USD) - 2025/01/29 2:51:30 WET [2025/01/29 21:51:30 ET]
Table 'Laetitia' 6-max Seat #3 is the button
Seat 5: Manifestorr ($100 in chips) is sitting out
Seat 1: gooders624 ($61.08 in chips) 
Seat 2: 7bekon7 ($100.74 in chips) 
Seat 3: 50CandyJoe ($100 in chips) 
Seat 4: KeR888 ($113.89 in chips) 
Seat 6: BeauParleur ($100 in chips) 
KeR888: posts small blind $0.50
Manifestorr: is sitting out 
BeauParleur: posts big blind $1
*** HOLE CARDS ***
gooders624: folds 
Manifestorr leaves the table
7bekon7: folds 
50CandyJoe: raises $1.50 to $2.50
KeR888: folds 
BeauParleur: folds 
Uncalled bet ($1.50) returned to 50CandyJoe
50CandyJoe collected $2.50 from pot
50CandyJoe: doesn't show hand 
*** SUMMARY ***
Total pot $2.50 | Rake $0 
Seat 5: Manifestorr
Seat 1: gooders624 folded before Flop (didn't bet)
Seat 2: 7bekon7 folded before Flop (didn't bet)
Seat 3: 50CandyJoe (button) collected ($2.50)
Seat 4: KeR888 (small blind) folded before Flop
Seat 6: BeauParleur (big blind) folded before Flop



PokerStars Hand #254616855710:  Hold'em No Limit ($0.50/$1.00 USD) - 2025/01/29 2:51:48 WET [2025/01/29 21:51:48 ET]
Table 'Laetitia' 6-max Seat #4 is the button
Seat 1: gooders624 ($61.08 in chips) 
Seat 2: 7bekon7 ($100.74 in chips) 
Seat 3: 50CandyJoe ($101.50 in chips) 
Seat 4: KeR888 ($113.39 in chips) 
Seat 6: BeauParleur ($100 in chips) 
BeauParleur: posts small blind $0.50
gooders624: posts big blind $1
*** HOLE CARDS ***
7bekon7: raises $1.50 to $2.50
50CandyJoe: folds 
KeR888: folds 
BeauParleur: folds 
gooders624: calls $1.50
*** FLOP *** [Qs Th 8c]
gooders624: bets $1
Melenya joins the table at seat #5 
7bekon7: calls $1
*** TURN *** [Qs Th 8c] [4d]
gooders624: bets $7.12
7bekon7: calls $7.12
*** RIVER *** [Qs Th 8c 4d] [Qc]
gooders624: checks 
7bekon7: checks 
*** SHOW DOWN ***
gooders624: shows [Ts Jh] (two pair, Queens and Tens)
7bekon7: shows [Kh Tc] (two pair, Queens and Tens - King kicker)
7bekon7 collected $20.65 from pot
*** SUMMARY ***
Total pot $21.74 | Rake $1.09 
Board [Qs Th 8c 4d Qc]
Seat 1: gooders624 (big blind) showed [Ts Jh] and lost with two pair, Queens and Tens
Seat 2: 7bekon7 showed [Kh Tc] and won ($20.65) with two pair, Queens and Tens
Seat 3: 50CandyJoe folded before Flop (didn't bet)
Seat 4: KeR888 (button) folded before Flop (didn't bet)
Seat 6: BeauParleur (small blind) folded before Flop



PokerStars Hand #254616861922:  Hold'em No Limit ($0.50/$1.00 USD) - 2025/01/29 2:52:34 WET [2025/01/29 21:52:34 ET]
Table 'Laetitia' 6-max Seat #6 is the button
Seat 5: Melenya ($100 in chips) is sitting out
Seat 1: gooders624 ($50.46 in chips) 
Seat 2: 7bekon7 ($110.77 in chips) 
Seat 3: 50CandyJoe ($101.50 in chips) 
Seat 4: KeR888 ($113.39 in chips) 
Seat 6: BeauParleur ($100 in chips) 
gooders624: posts small blind $0.50
7bekon7: posts big blind $1
Melenya: sits out 
*** HOLE CARDS ***
50CandyJoe: folds 
KeR888: raises $1.50 to $2.50
BeauParleur: raises $5 to $7.50
gooders624: raises $5 to $12.50
7bekon7: folds 
KeR888: folds 
BeauParleur: calls $5
*** FLOP *** [4s Ts As]
gooders624: bets $37.96 and is all-in
BeauParleur: calls $37.96
*** TURN *** [4s Ts As] [4h]
*** RIVER *** [4s Ts As 4h] [2d]
*** SHOW DOWN ***
gooders624: shows [Jd Jc] (two pair, Jacks and Fours)
BeauParleur: shows [Td Ad] (two pair, Aces and Tens)
BeauParleur collected $101.92 from pot
gooders624 cashed out the hand for $11.25 | Cash Out Fee $0.23
*** SUMMARY ***
Total pot $104.42 | Rake $2.50 
Board [4s Ts As 4h 2d]
Seat 5: Melenya
Seat 1: gooders624 (small blind) showed [Jd Jc] and lost with two pair, Jacks and Fours (cashed out).
Seat 2: 7bekon7 (big blind) folded before Flop
Seat 3: 50CandyJoe folded before Flop (didn't bet)
Seat 4: KeR888 folded before Flop
Seat 6: BeauParleur (button) showed [Td Ad] and won ($101.92) with two pair, Aces and Tens



PokerStars Hand #254616869408:  Hold'em No Limit ($0.50/$1.00 USD) - 2025/01/29 2:53:30 WET [2025/01/29 21:53:30 ET]
Table 'Laetitia' 6-max Seat #1 is the button
Seat 5: Melenya ($100 in chips) is sitting out
Seat 1: gooders624 ($11.25 in chips) 
Seat 2: 7bekon7 ($109.77 in chips) 
Seat 3: 50CandyJoe ($101.50 in chips) 
Seat 4: KeR888 ($110.89 in chips) 
Seat 6: BeauParleur ($151.46 in chips) 
7bekon7: posts small blind $0.50
50CandyJoe: posts big blind $1
Melenya: sits out 
*** HOLE CARDS ***
KeR888: raises $1.20 to $2.20
BeauParleur: folds 
gooders624: calls $2.20
7bekon7: folds 
50CandyJoe: raises $11.30 to $13.50
KeR888: folds 
gooders624: calls $9.05 and is all-in
Uncalled bet ($2.25) returned to 50CandyJoe
*** FLOP *** [3c 4c Ks]
*** TURN *** [3c 4c Ks] [Js]
*** RIVER *** [3c 4c Ks Js] [Ad]
*** SHOW DOWN ***
50CandyJoe: shows [Ah As] (three of a kind, Aces)
gooders624: shows [Qd Ts] (a straight, Ten to Ace)
gooders624 collected $23.94 from pot
*** SUMMARY ***
Total pot $25.20 | Rake $1.26 
Board [3c 4c Ks Js Ad]
Seat 5: Melenya
Seat 1: gooders624 (button) showed [Qd Ts] and won ($23.94) with a straight, Ten to Ace
Seat 2: 7bekon7 (small blind) folded before Flop
Seat 3: 50CandyJoe (big blind) showed [Ah As] and lost with three of a kind, Aces
Seat 4: KeR888 folded before Flop
Seat 6: BeauParleur folded before Flop (didn't bet)



PokerStars Hand #254616873746:  Hold'em No Limit ($0.50/$1.00 USD) - 2025/01/29 2:54:03 WET [2025/01/29 21:54:03 ET]
Table 'Laetitia' 6-max Seat #2 is the button
Seat 5: Melenya ($100 in chips) is sitting out
Seat 1: gooders624 ($23.94 in chips) 
Seat 2: 7bekon7 ($109.27 in chips) 
Seat 3: 50CandyJoe ($100 in chips) 
Seat 4: KeR888 ($108.69 in chips) 
Seat 6: BeauParleur ($151.46 in chips) 
50CandyJoe: posts small blind $0.50
KeR888: posts big blind $1
Melenya: sits out 
*** HOLE CARDS ***
BeauParleur: raises $1 to $2
gooders624: calls $2
7bekon7: folds 
50CandyJoe: calls $1.50
KeR888: folds 
*** FLOP *** [Ts 5h 9h]
50CandyJoe: checks 
BeauParleur: bets $3.33
gooders624: folds 
50CandyJoe: folds 
Uncalled bet ($3.33) returned to BeauParleur
BeauParleur collected $6.65 from pot
BeauParleur: doesn't show hand 
*** SUMMARY ***
Total pot $7 | Rake $0.35 
Board [Ts 5h 9h]
Seat 5: Melenya
Seat 1: gooders624 folded on the Flop
Seat 2: 7bekon7 (button) folded before Flop (didn't bet)
Seat 3: 50CandyJoe (small blind) folded on the Flop
Seat 4: KeR888 (big blind) folded before Flop
Seat 6: BeauParleur collected ($6.65)



PokerStars Hand #254616880549:  Hold'em No Limit ($0.50/$1.00 USD) - 2025/01/29 2:54:54 WET [2025/01/29 21:54:54 ET]
Table 'Laetitia' 6-max Seat #3 is the button
Seat 1: gooders624 ($21.94 in chips) 
Seat 2: 7bekon7 ($109.27 in chips) 
Seat 3: 50CandyJoe ($100 in chips) 
Seat 4: KeR888 ($107.69 in chips) 
Seat 5: Melenya ($100 in chips) 
Seat 6: BeauParleur ($156.11 in chips) 
KeR888: posts small blind $0.50
Melenya: posts big blind $1
*** HOLE CARDS ***
BeauParleur: folds 
gooders624: folds 
7bekon7: folds 
50CandyJoe: raises $1.50 to $2.50
KeR888: folds 
Melenya: calls $1.50
*** FLOP *** [5d 5c 7s]
Melenya: checks 
50CandyJoe: bets $1.31
Melenya: raises $3.92 to $5.23
50CandyJoe: folds 
Uncalled bet ($3.92) returned to Melenya
Melenya collected $7.71 from pot
Melenya: doesn't show hand 
*** SUMMARY ***
Total pot $8.12 | Rake $0.41 
Board [5d 5c 7s]
Seat 1: gooders624 folded before Flop (didn't bet)
Seat 2: 7bekon7 folded before Flop (didn't bet)
Seat 3: 50CandyJoe (button) folded on the Flop
Seat 4: KeR888 (small blind) folded before Flop
Seat 5: Melenya (big blind) collected ($7.71)
Seat 6: BeauParleur folded before Flop (didn't bet)



PokerStars Hand #254616884833:  Hold'em No Limit ($0.50/$1.00 USD) - 2025/01/29 2:55:34 WET [2025/01/29 21:55:34 ET]
Table 'Laetitia' 6-max Seat #4 is the button
Seat 1: gooders624 ($21.94 in chips) 
Seat 2: 7bekon7 ($109.27 in chips) 
Seat 3: 50CandyJoe ($100 in chips) 
Seat 4: KeR888 ($107.19 in chips) 
Seat 5: Melenya ($103.90 in chips) 
Seat 6: BeauParleur ($156.11 in chips) 
Melenya: posts small blind $0.50
BeauParleur: posts big blind $1
*** HOLE CARDS ***
gooders624: raises $1 to $2
7bekon7: folds 
50CandyJoe: folds 
KeR888: folds 
Melenya: folds 
BeauParleur: folds 
Uncalled bet ($1) returned to gooders624
gooders624 collected $2.50 from pot
*** SUMMARY ***
Total pot $2.50 | Rake $0 
Seat 1: gooders624 collected ($2.50)
Seat 2: 7bekon7 folded before Flop (didn't bet)
Seat 3: 50CandyJoe folded before Flop (didn't bet)
Seat 4: KeR888 (button) folded before Flop (didn't bet)
Seat 5: Melenya (small blind) folded before Flop
Seat 6: BeauParleur (big blind) folded before Flop



PokerStars Hand #254616887227:  Hold'em No Limit ($0.50/$1.00 USD) - 2025/01/29 2:55:57 WET [2025/01/29 21:55:57 ET]
Table 'Laetitia' 6-max Seat #5 is the button
Seat 1: gooders624 ($23.44 in chips) 
Seat 2: 7bekon7 ($109.27 in chips) 
Seat 3: 50CandyJoe ($100 in chips) 
Seat 4: KeR888 ($107.19 in chips) 
Seat 5: Melenya ($103.40 in chips) 
Seat 6: BeauParleur ($155.11 in chips) 
BeauParleur: posts small blind $0.50
gooders624: posts big blind $1
*** HOLE CARDS ***
7bekon7: raises $2 to $3
50CandyJoe: folds 
KeR888: folds 
Melenya: folds 
BeauParleur: folds 
gooders624: calls $2
*** FLOP *** [4d Ad 2d]
gooders624: bets $6.18
7bekon7: calls $6.18
*** TURN *** [4d Ad 2d] [Ts]
gooders624: checks 
7bekon7: bets $4.48
gooders624: calls $4.48
*** RIVER *** [4d Ad 2d Ts] [7h]
gooders624: checks 
7bekon7: bets $13.22
gooders624: folds 
Uncalled bet ($13.22) returned to 7bekon7
7bekon7 collected $26.43 from pot
7bekon7: doesn't show hand 
*** SUMMARY ***
Total pot $27.82 | Rake $1.39 
Board [4d Ad 2d Ts 7h]
Seat 1: gooders624 (big blind) folded on the River
Seat 2: 7bekon7 collected ($26.43)
Seat 3: 50CandyJoe folded before Flop (didn't bet)
Seat 4: KeR888 folded before Flop (didn't bet)
Seat 5: Melenya (button) folded before Flop (didn't bet)
Seat 6: BeauParleur (small blind) folded before Flop



PokerStars Hand #254616894752:  Hold'em No Limit ($0.50/$1.00 USD) - 2025/01/29 2:57:09 WET [2025/01/29 21:57:09 ET]
Table 'Laetitia' 6-max Seat #6 is the button
Seat 1: gooders624 ($9.78 in chips) 
Seat 2: 7bekon7 ($122.04 in chips) 
Seat 3: 50CandyJoe ($100 in chips) 
Seat 4: KeR888 ($107.19 in chips) 
Seat 5: Melenya ($103.40 in chips) 
Seat 6: BeauParleur ($154.61 in chips) 
gooders624: posts small blind $0.50
7bekon7: posts big blind $1
*** HOLE CARDS ***
50CandyJoe: folds 
KeR888: folds 
Melenya: raises $1.30 to $2.30
BeauParleur: folds 
gooders624: folds 
7bekon7: raises $5.10 to $7.40
Melenya: calls $5.10
*** FLOP *** [6s Ks 9d]
gooders624 leaves the table
7bekon7: bets $7.27
Melenya: calls $7.27
*** TURN *** [6s Ks 9d] [7c]
7bekon7: bets $14.18
Melenya: raises $17.32 to $31.50
7bekon7: calls $17.32
*** RIVER *** [6s Ks 9d 7c] [9c]
7bekon7: checks 
Melenya: checks 
*** SHOW DOWN ***
7bekon7: shows [Kd Qd] (two pair, Kings and Nines)
Melenya: mucks hand 
7bekon7 collected $90.34 from pot
*** SUMMARY ***
Total pot $92.84 | Rake $2.50 
Board [6s Ks 9d 7c 9c]
Seat 1: gooders624 (small blind) folded before Flop
Seat 2: 7bekon7 (big blind) showed [Kd Qd] and won ($90.34) with two pair, Kings and Nines
Seat 3: 50CandyJoe folded before Flop (didn't bet)
Seat 4: KeR888 folded before Flop (didn't bet)
Seat 5: Melenya mucked
Seat 6: BeauParleur (button) folded before Flop (didn't bet)



PokerStars Hand #254616910516:  Hold'em No Limit ($0.50/$1.00 USD) - 2025/01/29 2:59:40 WET [2025/01/29 21:59:40 ET]
Table 'Laetitia' 6-max Seat #2 is the button
Seat 2: 7bekon7 ($166.21 in chips) 
Seat 3: 50CandyJoe ($100 in chips) 
Seat 4: KeR888 ($107.19 in chips) 
Seat 5: Melenya ($100 in chips) 
Seat 6: BeauParleur ($154.61 in chips) 
50CandyJoe: posts small blind $0.50
KeR888: posts big blind $1
*** HOLE CARDS ***
Melenya: raises $1 to $2
BeauParleur: folds 
7bekon7: folds 
50CandyJoe: folds 
KeR888: folds 
Uncalled bet ($1) returned to Melenya
Melenya collected $2.50 from pot
Melenya: doesn't show hand 
*** SUMMARY ***
Total pot $2.50 | Rake $0 
Seat 2: 7bekon7 (button) folded before Flop (didn't bet)
Seat 3: 50CandyJoe (small blind) folded before Flop
Seat 4: KeR888 (big blind) folded before Flop
Seat 5: Melenya collected ($2.50)
Seat 6: BeauParleur folded before Flop (didn't bet)



PokerStars Hand #254616912678:  Hold'em No Limit ($0.50/$1.00 USD) - 2025/01/29 3:00:01 WET [2025/01/29 22:00:01 ET]
Table 'Laetitia' 6-max Seat #3 is the button
Seat 2: 7bekon7 ($166.21 in chips) 
Seat 3: 50CandyJoe ($100 in chips) 
Seat 4: KeR888 ($106.19 in chips) 
Seat 5: Melenya ($101.50 in chips) 
Seat 6: BeauParleur ($154.61 in chips) 
KeR888: posts small blind $0.50
Melenya: posts big blind $1
*** HOLE CARDS ***
BeauParleur: folds 
7bekon7: raises $1.25 to $2.25
50CandyJoe: folds 
KeR888: folds 
Melenya: calls $1.25
*** FLOP *** [Jh 3c 7c]
Melenya: checks 
50CandyJoe leaves the table
7bekon7: checks 
*** TURN *** [Jh 3c 7c] [2d]
Melenya: checks 
7bekon7: bets $2.38
nastja336 joins the table at seat #3 
HenksLuck joins the table at seat #1 
HenksLuck is disconnected 
Melenya: folds 
Uncalled bet ($2.38) returned to 7bekon7
7bekon7 collected $4.75 from pot
7bekon7: doesn't show hand 
*** SUMMARY ***
Total pot $5 | Rake $0.25 
Board [Jh 3c 7c 2d]
Seat 2: 7bekon7 collected ($4.75)
Seat 3: 50CandyJoe (button) folded before Flop (didn't bet)
Seat 4: KeR888 (small blind) folded before Flop
Seat 5: Melenya (big blind) folded on the Turn
Seat 6: BeauParleur folded before Flop (didn't bet)



PokerStars Hand #254616923331:  Hold'em No Limit ($0.50/$1.00 USD) - 2025/01/29 3:01:26 WET [2025/01/29 22:01:26 ET]
Table 'Laetitia' 6-max Seat #4 is the button
Seat 3: nastja336 ($100 in chips) is sitting out
Seat 1: HenksLuck ($100 in chips) 
Seat 2: 7bekon7 ($168.71 in chips) 
Seat 4: KeR888 ($105.69 in chips) 
Seat 5: Melenya ($100 in chips) 
Seat 6: BeauParleur ($154.61 in chips) 
Melenya: posts small blind $0.50
BeauParleur: posts big blind $1
HenksLuck: posts big blind $1
nastja336: sits out 
*** HOLE CARDS ***
HenksLuck: checks 
7bekon7: folds 
KeR888: folds 
Melenya: folds 
BeauParleur: checks 
*** FLOP *** [Jd Qd 6s]
BeauParleur: checks 
HenksLuck: checks 
*** TURN *** [Jd Qd 6s] [As]
BeauParleur: checks 
HenksLuck: checks 
*** RIVER *** [Jd Qd 6s As] [5c]
BeauParleur: bets $2.98
HenksLuck: folds 
Uncalled bet ($2.98) returned to BeauParleur
BeauParleur collected $2.38 from pot
BeauParleur: doesn't show hand 
*** SUMMARY ***
Total pot $2.50 | Rake $0.12 
Board [Jd Qd 6s As 5c]
Seat 3: nastja336
Seat 1: HenksLuck folded on the River (didn't bet)
Seat 2: 7bekon7 folded before Flop (didn't bet)
Seat 4: KeR888 (button) folded before Flop (didn't bet)
Seat 5: Melenya (small blind) folded before Flop
Seat 6: BeauParleur (big blind) collected ($2.38)



PokerStars Hand #254616754325:  Hold'em No Limit ($0.50/$1.00 USD) - 2025/01/29 2:39:33 WET [2025/01/29 21:39:33 ET]
Table 'Laetitia' 6-max Seat #6 is the button
Seat 2: 7bekon7 ($100 in chips) 
Seat 5: Manifestorr ($101.50 in chips) 
Seat 6: BeauParleur ($100 in chips) 
7bekon7: posts small blind $0.50
Manifestorr: posts big blind $1
*** HOLE CARDS ***
BeauParleur: folds 
7bekon7: raises $2 to $3
Manifestorr: calls $2
*** FLOP *** [9s Jc 3c]
7bekon7: bets $2.85
Manifestorr: calls $2.85
*** TURN *** [9s Jc 3c] [Kh]
7bekon7: bets $8.34
Manifestorr: folds 
Uncalled bet ($8.34) returned to 7bekon7
7bekon7 collected $11.12 from pot
7bekon7: doesn't show hand 
*** SUMMARY ***
Total pot $11.70 | Rake $0.58 
Board [9s Jc 3c Kh]
Seat 2: 7bekon7 (small blind) collected ($11.12)
Seat 5: Manifestorr (big blind) folded on the Turn
Seat 6: BeauParleur (button) folded before Flop (didn't bet)



PokerStars Hand #254616762357:  Hold'em No Limit ($0.50/$1.00 USD) - 2025/01/29 2:40:30 WET [2025/01/29 21:40:30 ET]
Table 'Laetitia' 6-max Seat #2 is the button
Seat 2: 7bekon7 ($105.27 in chips) 
Seat 5: Manifestorr ($100 in chips) 
Seat 6: BeauParleur ($100 in chips) 
Manifestorr: posts small blind $0.50
BeauParleur: posts big blind $1
*** HOLE CARDS ***
7bekon7: raises $1.25 to $2.25
Manifestorr: folds 
BeauParleur: calls $1.25
*** FLOP *** [5h 2h 8s]
BeauParleur: checks 
EasyGamerrr joins the table at seat #3 
7bekon7: bets $2.38
gooders624 joins the table at seat #1 
gooders624 is disconnected 
BeauParleur: folds 
Uncalled bet ($2.38) returned to 7bekon7
7bekon7 collected $4.75 from pot
7bekon7: doesn't show hand 
KeR888 joins the table at seat #4 
*** SUMMARY ***
Total pot $5 | Rake $0.25 
Board [5h 2h 8s]
Seat 2: 7bekon7 (button) collected ($4.75)
Seat 5: Manifestorr (small blind) folded before Flop
Seat 6: BeauParleur (big blind) folded on the Flop



PokerStars Hand #254616765842:  Hold'em No Limit ($0.50/$1.00 USD) - 2025/01/29 2:40:55 WET [2025/01/29 21:40:55 ET]
Table 'Laetitia' 6-max Seat #5 is the button
Seat 3: EasyGamerrr ($100 in chips) is sitting out
Seat 4: KeR888 ($100 in chips) is sitting out
Seat 1: gooders624 ($66.13 in chips) 
Seat 2: 7bekon7 ($107.77 in chips) 
Seat 5: Manifestorr ($100 in chips) 
Seat 6: BeauParleur ($100 in chips) 
BeauParleur: posts small blind $0.50
gooders624: posts big blind $1
EasyGamerrr: sits out 
KeR888: sits out 
*** HOLE CARDS ***
7bekon7: raises $1.50 to $2.50
Manifestorr: folds 
BeauParleur: folds 
gooders624: calls $1.50
*** FLOP *** [Kd 7d Qc]
gooders624: checks 
7bekon7: bets $3.92
gooders624: folds 
Uncalled bet ($3.92) returned to 7bekon7
7bekon7 collected $5.22 from pot
7bekon7: doesn't show hand 
*** SUMMARY ***
Total pot $5.50 | Rake $0.28 
Board [Kd 7d Qc]
Seat 3: EasyGamerrr
Seat 4: KeR888
Seat 1: gooders624 (big blind) folded on the Flop
Seat 2: 7bekon7 collected ($5.22)
Seat 5: Manifestorr (button) folded before Flop (didn't bet)
Seat 6: BeauParleur (small blind) folded before Flop



PokerStars Hand #254616772417:  Hold'em No Limit ($0.50/$1.00 USD) - 2025/01/29 2:41:42 WET [2025/01/29 21:41:42 ET]
Table 'Laetitia' 6-max Seat #6 is the button
Seat 3: EasyGamerrr ($100 in chips) is sitting out
Seat 4: KeR888 ($100 in chips) is sitting out
Seat 1: gooders624 ($63.63 in chips) 
Seat 2: 7bekon7 ($110.49 in chips) 
Seat 5: Manifestorr ($100 in chips) 
Seat 6: BeauParleur ($100 in chips) 
gooders624: posts small blind $0.50
7bekon7: posts big blind $1
EasyGamerrr: sits out 
KeR888: sits out 
*** HOLE CARDS ***
Manifestorr: folds 
BeauParleur: folds 
gooders624: folds 
Uncalled bet ($0.50) returned to 7bekon7
7bekon7 collected $1 from pot
7bekon7: doesn't show hand 
*** SUMMARY ***
Total pot $1 | Rake $0 
Seat 3: EasyGamerrr
Seat 4: KeR888
Seat 1: gooders624 (small blind) folded before Flop
Seat 2: 7bekon7 (big blind) collected ($1)
Seat 5: Manifestorr folded before Flop (didn't bet)
Seat 6: BeauParleur (button) folded before Flop (didn't bet)



PokerStars Hand #254616927447:  Hold'em No Limit ($0.50/$1.00 USD) - 2025/01/29 3:01:58 WET [2025/01/29 22:01:58 ET]
Table 'Laetitia' 6-max Seat #5 is the button
Seat 3: nastja336 ($100 in chips) is sitting out
Seat 1: HenksLuck ($99 in chips) 
Seat 2: 7bekon7 ($168.71 in chips) 
Seat 4: KeR888 ($105.69 in chips) 
Seat 5: Melenya ($100 in chips) 
Seat 6: BeauParleur ($155.99 in chips) 
BeauParleur: posts small blind $0.50
HenksLuck: posts big blind $1
nastja336: sits out 
*** HOLE CARDS ***
7bekon7: folds 
KeR888: folds 
Melenya: raises $1.50 to $2.50
BeauParleur: folds 
HenksLuck: calls $1.50
*** FLOP *** [Js Ts 5s]
HenksLuck: bets $5.22
Melenya: calls $5.22
*** TURN *** [Js Ts 5s] [5d]
HenksLuck: bets $7.57
Melenya: calls $7.57
*** RIVER *** [Js Ts 5s 5d] [Qh]
HenksLuck: bets $29.53
Melenya: folds 
Uncalled bet ($29.53) returned to HenksLuck
HenksLuck collected $29.53 from pot
*** SUMMARY ***
Total pot $31.08 | Rake $1.55 
Board [Js Ts 5s 5d Qh]
Seat 3: nastja336
Seat 1: HenksLuck (big blind) collected ($29.53)
Seat 2: 7bekon7 folded before Flop (didn't bet)
Seat 4: KeR888 folded before Flop (didn't bet)
Seat 5: Melenya (button) folded on the River
Seat 6: BeauParleur (small blind) folded before Flop



PokerStars Hand #254616936120:  Hold'em No Limit ($0.50/$1.00 USD) - 2025/01/29 3:03:04 WET [2025/01/29 22:03:04 ET]
Table 'Laetitia' 6-max Seat #6 is the button
Seat 3: nastja336 ($100 in chips) is sitting out
Seat 1: HenksLuck ($113.24 in chips) 
Seat 2: 7bekon7 ($168.71 in chips) 
Seat 4: KeR888 ($105.69 in chips) 
Seat 5: Melenya ($100 in chips) 
Seat 6: BeauParleur ($155.49 in chips) 
HenksLuck: posts small blind $0.50
7bekon7: posts big blind $1
nastja336: sits out 
*** HOLE CARDS ***
KeR888: folds 
Melenya: raises $1.30 to $2.30
BeauParleur: folds 
HenksLuck: folds 
7bekon7: raises $5.10 to $7.40
Melenya: calls $5.10
*** FLOP *** [Qh Qc 6d]
7bekon7: checks 
Melenya: bets $3.64
7bekon7: calls $3.64
*** TURN *** [Qh Qc 6d] [Kd]
7bekon7: checks 
Melenya: checks 
*** RIVER *** [Qh Qc 6d Kd] [7d]
7bekon7: bets $5.36
Melenya: raises $32.17 to $37.53
7bekon7: calls $32.17
*** SHOW DOWN ***
Melenya: shows [5s 5d] (two pair, Queens and Fives)
7bekon7: shows [Ac Ad] (two pair, Aces and Queens)
7bekon7 collected $95.14 from pot
*** SUMMARY ***
Total pot $97.64 | Rake $2.50 
Board [Qh Qc 6d Kd 7d]
Seat 3: nastja336
Seat 1: HenksLuck (small blind) folded before Flop
Seat 2: 7bekon7 (big blind) showed [Ac Ad] and won ($95.14) with two pair, Aces and Queens
Seat 4: KeR888 folded before Flop (didn't bet)
Seat 5: Melenya showed [5s 5d] and lost with two pair, Queens and Fives
Seat 6: BeauParleur (button) folded before Flop (didn't bet)



PokerStars Hand #254616950482:  Hold'em No Limit ($0.50/$1.00 USD) - 2025/01/29 3:04:55 WET [2025/01/29 22:04:55 ET]
Table 'Laetitia' 6-max Seat #1 is the button
Seat 1: HenksLuck ($112.74 in chips) 
Seat 2: 7bekon7 ($215.28 in chips) 
Seat 3: nastja336 ($100 in chips) 
Seat 4: KeR888 ($105.69 in chips) 
Seat 5: Melenya ($100 in chips) 
Seat 6: BeauParleur ($155.49 in chips) 
7bekon7: posts small blind $0.50
nastja336: posts big blind $1
*** HOLE CARDS ***
KeR888: raises $1.20 to $2.20
Melenya: folds 
BeauParleur: folds 
HenksLuck: calls $2.20
7bekon7: folds 
nastja336: folds 
*** FLOP *** [Tc 9c Th]
KeR888: checks 
HenksLuck: checks 
*** TURN *** [Tc 9c Th] [4c]
KeR888: checks 
HenksLuck: bets $5.60
KeR888: folds 
Uncalled bet ($5.60) returned to HenksLuck
HenksLuck collected $5.60 from pot
*** SUMMARY ***
Total pot $5.90 | Rake $0.30 
Board [Tc 9c Th 4c]
Seat 1: HenksLuck (button) collected ($5.60)
Seat 2: 7bekon7 (small blind) folded before Flop
Seat 3: nastja336 (big blind) folded before Flop
Seat 4: KeR888 folded on the Turn
Seat 5: Melenya folded before Flop (didn't bet)
Seat 6: BeauParleur folded before Flop (didn't bet)



PokerStars Hand #254616956450:  Hold'em No Limit ($0.50/$1.00 USD) - 2025/01/29 3:05:40 WET [2025/01/29 22:05:40 ET]
Table 'Laetitia' 6-max Seat #2 is the button
Seat 1: HenksLuck ($116.14 in chips) 
Seat 2: 7bekon7 ($214.78 in chips) 
Seat 3: nastja336 ($100 in chips) 
Seat 4: KeR888 ($103.49 in chips) 
Seat 5: Melenya ($100 in chips) 
Seat 6: BeauParleur ($155.49 in chips) 
nastja336: posts small blind $0.50
KeR888: posts big blind $1
*** HOLE CARDS ***
Melenya: folds 
BeauParleur: folds 
HenksLuck: raises $2 to $3
7bekon7: folds 
nastja336: folds 
KeR888: folds 
Uncalled bet ($2) returned to HenksLuck
HenksLuck collected $2.50 from pot
*** SUMMARY ***
Total pot $2.50 | Rake $0 
Seat 1: HenksLuck collected ($2.50)
Seat 2: 7bekon7 (button) folded before Flop (didn't bet)
Seat 3: nastja336 (small blind) folded before Flop
Seat 4: KeR888 (big blind) folded before Flop
Seat 5: Melenya folded before Flop (didn't bet)
Seat 6: BeauParleur folded before Flop (didn't bet)



PokerStars Hand #254616959122:  Hold'em No Limit ($0.50/$1.00 USD) - 2025/01/29 3:06:01 WET [2025/01/29 22:06:01 ET]
Table 'Laetitia' 6-max Seat #3 is the button
Seat 5: Melenya ($100 in chips) is sitting out
Seat 1: HenksLuck ($117.64 in chips) 
Seat 2: 7bekon7 ($214.78 in chips) 
Seat 3: nastja336 ($100 in chips) 
Seat 4: KeR888 ($102.49 in chips) 
Seat 6: BeauParleur ($155.49 in chips) 
KeR888: posts small blind $0.50
Melenya: is sitting out 
BeauParleur: posts big blind $1
*** HOLE CARDS ***
HenksLuck: raises $2 to $3
7bekon7: folds 
Melenya leaves the table
nastja336: folds 
KeR888: folds 
BeauParleur: folds 
Uncalled bet ($2) returned to HenksLuck
HenksLuck collected $2.50 from pot
*** SUMMARY ***
Total pot $2.50 | Rake $0 
Seat 5: Melenya
Seat 1: HenksLuck collected ($2.50)
Seat 2: 7bekon7 folded before Flop (didn't bet)
Seat 3: nastja336 (button) folded before Flop (didn't bet)
Seat 4: KeR888 (small blind) folded before Flop
Seat 6: BeauParleur (big blind) folded before Flop



PokerStars Hand #254616963347:  Hold'em No Limit ($0.50/$1.00 USD) - 2025/01/29 3:06:35 WET [2025/01/29 22:06:35 ET]
Table 'Laetitia' 6-max Seat #4 is the button
Seat 1: HenksLuck ($119.14 in chips) 
Seat 2: 7bekon7 ($214.78 in chips) 
Seat 3: nastja336 ($100 in chips) 
Seat 4: KeR888 ($101.99 in chips) 
Seat 6: BeauParleur ($154.49 in chips) 
BeauParleur: posts small blind $0.50
HenksLuck: posts big blind $1
*** HOLE CARDS ***
7bekon7: folds 
nastja336: folds 
KeR888: raises $1.50 to $2.50
BeauParleur: folds 
HenksLuck: folds 
Uncalled bet ($1.50) returned to KeR888
KeR888 collected $2.50 from pot
KeR888: doesn't show hand 
*** SUMMARY ***
Total pot $2.50 | Rake $0 
Seat 1: HenksLuck (big blind) folded before Flop
Seat 2: 7bekon7 folded before Flop (didn't bet)
Seat 3: nastja336 folded before Flop (didn't bet)
Seat 4: KeR888 (button) collected ($2.50)
Seat 6: BeauParleur (small blind) folded before Flop



PokerStars Hand #254616965593:  Hold'em No Limit ($0.50/$1.00 USD) - 2025/01/29 3:06:52 WET [2025/01/29 22:06:52 ET]
Table 'Laetitia' 6-max Seat #6 is the button
Seat 1: HenksLuck ($118.14 in chips) 
Seat 2: 7bekon7 ($214.78 in chips) 
Seat 3: nastja336 ($100 in chips) 
Seat 4: KeR888 ($103.49 in chips) 
Seat 6: BeauParleur ($153.99 in chips) 
HenksLuck: posts small blind $0.50
7bekon7: posts big blind $1
*** HOLE CARDS ***
nastja336: folds 
KeR888: folds 
nastja336 leaves the table
b2k-Snick joins the table at seat #3 
BeauParleur: folds 
HenksLuck: calls $0.50
7bekon7: checks 
*** FLOP *** [5s 9d 5h]
HenksLuck: checks 
7bekon7: bets $1.43
50CandyJoe joins the table at seat #5 
HenksLuck: calls $1.43
*** TURN *** [5s 9d 5h] [8d]
HenksLuck: checks 
7bekon7: bets $4.62
HenksLuck: calls $4.62
*** RIVER *** [5s 9d 5h 8d] [Td]
HenksLuck: bets $8.70
7bekon7: calls $8.70
*** SHOW DOWN ***
HenksLuck: shows [8s Ks] (two pair, Eights and Fives)
7bekon7: shows [5c 2d] (three of a kind, Fives)
7bekon7 collected $29.92 from pot
*** SUMMARY ***
Total pot $31.50 | Rake $1.58 
Board [5s 9d 5h 8d Td]
Seat 1: HenksLuck (small blind) showed [8s Ks] and lost with two pair, Eights and Fives
Seat 2: 7bekon7 (big blind) showed [5c 2d] and won ($29.92) with three of a kind, Fives
Seat 3: nastja336 folded before Flop (didn't bet)
Seat 4: KeR888 folded before Flop (didn't bet)
Seat 6: BeauParleur (button) folded before Flop (didn't bet)



PokerStars Hand #254616975506:  Hold'em No Limit ($0.50/$1.00 USD) - 2025/01/29 3:08:10 WET [2025/01/29 22:08:10 ET]
Table 'Laetitia' 6-max Seat #1 is the button
Seat 5: 50CandyJoe ($100 in chips) is sitting out
Seat 1: HenksLuck ($102.39 in chips) 
Seat 2: 7bekon7 ($228.95 in chips) 
Seat 3: b2k-Snick ($100 in chips) 
Seat 4: KeR888 ($103.49 in chips) 
Seat 6: BeauParleur ($153.99 in chips) 
7bekon7: posts small blind $0.50
b2k-Snick: posts big blind $1
50CandyJoe: sits out 
*** HOLE CARDS ***
KeR888: folds 
BeauParleur: raises $1.25 to $2.25
HenksLuck: folds 
7bekon7: folds 
b2k-Snick: folds 
Uncalled bet ($1.25) returned to BeauParleur
BeauParleur collected $2.50 from pot
BeauParleur: doesn't show hand 
*** SUMMARY ***
Total pot $2.50 | Rake $0 
Seat 5: 50CandyJoe
Seat 1: HenksLuck (button) folded before Flop (didn't bet)
Seat 2: 7bekon7 (small blind) folded before Flop
Seat 3: b2k-Snick (big blind) folded before Flop
Seat 4: KeR888 folded before Flop (didn't bet)
Seat 6: BeauParleur collected ($2.50)



PokerStars Hand #254616979247:  Hold'em No Limit ($0.50/$1.00 USD) - 2025/01/29 3:08:40 WET [2025/01/29 22:08:40 ET]
Table 'Laetitia' 6-max Seat #2 is the button
Seat 5: 50CandyJoe ($100 in chips) is sitting out
Seat 1: HenksLuck ($102.39 in chips) 
Seat 2: 7bekon7 ($228.45 in chips) 
Seat 3: b2k-Snick ($100 in chips) 
Seat 4: KeR888 ($103.49 in chips) 
Seat 6: BeauParleur ($155.49 in chips) 
b2k-Snick: posts small blind $0.50
KeR888: posts big blind $1
50CandyJoe: sits out 
*** HOLE CARDS ***
BeauParleur: folds 
HenksLuck: folds 
7bekon7: raises $1.25 to $2.25
b2k-Snick: raises $7.75 to $10
KeR888: folds 
7bekon7: raises $16 to $26
b2k-Snick: calls $16
*** FLOP *** [Th Jd 4h]
b2k-Snick: checks 
7bekon7: checks 
*** TURN *** [Th Jd 4h] [8h]
b2k-Snick: bets $11.11
7bekon7: folds 
Uncalled bet ($11.11) returned to b2k-Snick
b2k-Snick collected $50.50 from pot
b2k-Snick: doesn't show hand 
*** SUMMARY ***
Total pot $53 | Rake $2.50 
Board [Th Jd 4h 8h]
Seat 5: 50CandyJoe
Seat 1: HenksLuck folded before Flop (didn't bet)
Seat 2: 7bekon7 (button) folded on the Turn
Seat 3: b2k-Snick (small blind) collected ($50.50)
Seat 4: KeR888 (big blind) folded before Flop
Seat 6: BeauParleur folded before Flop (didn't bet)



PokerStars Hand #254616987962:  Hold'em No Limit ($0.50/$1.00 USD) - 2025/01/29 3:09:48 WET [2025/01/29 22:09:48 ET]
Table 'Laetitia' 6-max Seat #3 is the button
Seat 1: HenksLuck ($102.39 in chips) 
Seat 2: 7bekon7 ($202.45 in chips) 
Seat 3: b2k-Snick ($124.50 in chips) 
Seat 4: KeR888 ($102.49 in chips) 
Seat 5: 50CandyJoe ($100 in chips) 
Seat 6: BeauParleur ($155.49 in chips) 
KeR888: posts small blind $0.50
50CandyJoe: posts big blind $1
*** HOLE CARDS ***
BeauParleur: raises $1 to $2
HenksLuck: folds 
7bekon7: folds 
b2k-Snick: folds 
KeR888: folds 
50CandyJoe: folds 
Uncalled bet ($1) returned to BeauParleur
BeauParleur collected $2.50 from pot
BeauParleur: doesn't show hand 
*** SUMMARY ***
Total pot $2.50 | Rake $0 
Seat 1: HenksLuck folded before Flop (didn't bet)
Seat 2: 7bekon7 folded before Flop (didn't bet)
Seat 3: b2k-Snick (button) folded before Flop (didn't bet)
Seat 4: KeR888 (small blind) folded before Flop
Seat 5: 50CandyJoe (big blind) folded before Flop
Seat 6: BeauParleur collected ($2.50)



PokerStars Hand #254616990420:  Hold'em No Limit ($0.50/$1.00 USD) - 2025/01/29 3:10:07 WET [2025/01/29 22:10:07 ET]
Table 'Laetitia' 6-max Seat #4 is the button
Seat 1: HenksLuck ($102.39 in chips) 
Seat 2: 7bekon7 ($202.45 in chips) 
Seat 3: b2k-Snick ($124.50 in chips) 
Seat 4: KeR888 ($101.99 in chips) 
Seat 5: 50CandyJoe ($100 in chips) 
Seat 6: BeauParleur ($156.99 in chips) 
50CandyJoe: posts small blind $0.50
BeauParleur: posts big blind $1
*** HOLE CARDS ***
HenksLuck: calls $1
7bekon7: folds 
b2k-Snick: raises $3 to $4
KeR888: folds 
50CandyJoe: folds 
BeauParleur: folds 
HenksLuck: calls $3
*** FLOP *** [Kc 3h 6c]
HenksLuck: checks 
b2k-Snick: bets $4.96
HenksLuck: calls $4.96
*** TURN *** [Kc 3h 6c] [Js]
HenksLuck: checks 
b2k-Snick: bets $15
HenksLuck: calls $15
*** RIVER *** [Kc 3h 6c Js] [Qh]
HenksLuck: checks 
b2k-Snick: checks 
*** SHOW DOWN ***
HenksLuck: shows [Qs Ad] (a pair of Queens)
b2k-Snick: mucks hand 
HenksLuck collected $46.95 from pot
*** SUMMARY ***
Total pot $49.42 | Rake $2.47 
Board [Kc 3h 6c Js Qh]
Seat 1: HenksLuck showed [Qs Ad] and won ($46.95) with a pair of Queens
Seat 2: 7bekon7 folded before Flop (didn't bet)
Seat 3: b2k-Snick mucked
Seat 4: KeR888 (button) folded before Flop (didn't bet)
Seat 5: 50CandyJoe (small blind) folded before Flop
Seat 6: BeauParleur (big blind) folded before Flop



PokerStars Hand #254617000982:  Hold'em No Limit ($0.50/$1.00 USD) - 2025/01/29 3:11:29 WET [2025/01/29 22:11:29 ET]
Table 'Laetitia' 6-max Seat #5 is the button
Seat 1: HenksLuck ($125.38 in chips) 
Seat 2: 7bekon7 ($202.45 in chips) 
Seat 3: b2k-Snick ($100.54 in chips) 
Seat 4: KeR888 ($101.99 in chips) 
Seat 5: 50CandyJoe ($100 in chips) 
Seat 6: BeauParleur ($155.99 in chips) 
BeauParleur: posts small blind $0.50
HenksLuck: posts big blind $1
*** HOLE CARDS ***
7bekon7: raises $2 to $3
b2k-Snick: folds 
KeR888: raises $6 to $9
50CandyJoe: folds 
BeauParleur: folds 
HenksLuck: calls $8
7bekon7: folds 
*** FLOP *** [4d 6s Ah]
HenksLuck: checks 
KeR888: checks 
*** TURN *** [4d 6s Ah] [Ac]
HenksLuck: checks 
KeR888: checks 
*** RIVER *** [4d 6s Ah Ac] [7d]
HenksLuck: checks 
KeR888: checks 
*** SHOW DOWN ***
HenksLuck: shows [2c 3c] (a pair of Aces)
KeR888: shows [Kc Qc] (a pair of Aces - King kicker)
KeR888 collected $20.42 from pot
*** SUMMARY ***
Total pot $21.50 | Rake $1.08 
Board [4d 6s Ah Ac 7d]
Seat 1: HenksLuck (big blind) showed [2c 3c] and lost with a pair of Aces
Seat 2: 7bekon7 folded before Flop
Seat 3: b2k-Snick folded before Flop (didn't bet)
Seat 4: KeR888 showed [Kc Qc] and won ($20.42) with a pair of Aces
Seat 5: 50CandyJoe (button) folded before Flop (didn't bet)
Seat 6: BeauParleur (small blind) folded before Flop



PokerStars Hand #254617011301:  Hold'em No Limit ($0.50/$1.00 USD) - 2025/01/29 3:12:50 WET [2025/01/29 22:12:50 ET]
Table 'Laetitia' 6-max Seat #6 is the button
Seat 1: HenksLuck ($116.38 in chips) 
Seat 2: 7bekon7 ($199.45 in chips) 
Seat 3: b2k-Snick ($100.54 in chips) 
Seat 4: KeR888 ($113.41 in chips) 
Seat 5: 50CandyJoe ($100 in chips) 
Seat 6: BeauParleur ($155.49 in chips) 
HenksLuck: posts small blind $0.50
7bekon7: posts big blind $1
*** HOLE CARDS ***
b2k-Snick: folds 
KeR888: folds 
50CandyJoe: raises $1.20 to $2.20
BeauParleur: folds 
HenksLuck: raises $3.20 to $5.40
7bekon7: folds 
50CandyJoe: calls $3.20
*** FLOP *** [Ts 8h As]
HenksLuck: checks 
50CandyJoe: bets $6
HenksLuck: folds 
Uncalled bet ($6) returned to 50CandyJoe
50CandyJoe collected $11.21 from pot
50CandyJoe: doesn't show hand 
*** SUMMARY ***
Total pot $11.80 | Rake $0.59 
Board [Ts 8h As]
Seat 1: HenksLuck (small blind) folded on the Flop
Seat 2: 7bekon7 (big blind) folded before Flop
Seat 3: b2k-Snick folded before Flop (didn't bet)
Seat 4: KeR888 folded before Flop (didn't bet)
Seat 5: 50CandyJoe collected ($11.21)
Seat 6: BeauParleur (button) folded before Flop (didn't bet)



PokerStars Hand #254617016607:  Hold'em No Limit ($0.50/$1.00 USD) - 2025/01/29 3:13:31 WET [2025/01/29 22:13:31 ET]
Table 'Laetitia' 6-max Seat #1 is the button
Seat 1: HenksLuck ($110.98 in chips) 
Seat 2: 7bekon7 ($198.45 in chips) 
Seat 3: b2k-Snick ($100.54 in chips) 
Seat 4: KeR888 ($113.41 in chips) 
Seat 5: 50CandyJoe ($105.81 in chips) 
Seat 6: BeauParleur ($155.49 in chips) 
7bekon7: posts small blind $0.50
b2k-Snick: posts big blind $1
*** HOLE CARDS ***
KeR888: raises $1.50 to $2.50
50CandyJoe: calls $2.50
BeauParleur: folds 
HenksLuck: calls $2.50
7bekon7: folds 
b2k-Snick: folds 
*** FLOP *** [5s 5c Td]
KeR888: bets $2.57
50CandyJoe: folds 
HenksLuck: folds 
Uncalled bet ($2.57) returned to KeR888
KeR888 collected $8.55 from pot
KeR888: doesn't show hand 
*** SUMMARY ***
Total pot $9 | Rake $0.45 
Board [5s 5c Td]
Seat 1: HenksLuck (button) folded on the Flop
Seat 2: 7bekon7 (small blind) folded before Flop
Seat 3: b2k-Snick (big blind) folded before Flop
Seat 4: KeR888 collected ($8.55)
Seat 5: 50CandyJoe folded on the Flop
Seat 6: BeauParleur folded before Flop (didn't bet)



PokerStars Hand #254617022967:  Hold'em No Limit ($0.50/$1.00 USD) - 2025/01/29 3:14:22 WET [2025/01/29 22:14:22 ET]
Table 'Laetitia' 6-max Seat #2 is the button
Seat 1: HenksLuck ($108.48 in chips) 
Seat 2: 7bekon7 ($197.95 in chips) 
Seat 3: b2k-Snick ($100 in chips) 
Seat 4: KeR888 ($119.46 in chips) 
Seat 5: 50CandyJoe ($103.31 in chips) 
Seat 6: BeauParleur ($155.49 in chips) 
b2k-Snick: posts small blind $0.50
KeR888: posts big blind $1
*** HOLE CARDS ***
50CandyJoe: raises $1.20 to $2.20
BeauParleur: folds 
HenksLuck: folds 
7bekon7: folds 
b2k-Snick: folds 
KeR888: folds 
Uncalled bet ($1.20) returned to 50CandyJoe
50CandyJoe collected $2.50 from pot
50CandyJoe: doesn't show hand 
*** SUMMARY ***
Total pot $2.50 | Rake $0 
Seat 1: HenksLuck folded before Flop (didn't bet)
Seat 2: 7bekon7 (button) folded before Flop (didn't bet)
Seat 3: b2k-Snick (small blind) folded before Flop
Seat 4: KeR888 (big blind) folded before Flop
Seat 5: 50CandyJoe collected ($2.50)
Seat 6: BeauParleur folded before Flop (didn't bet)



PokerStars Hand #254617025478:  Hold'em No Limit ($0.50/$1.00 USD) - 2025/01/29 3:14:41 WET [2025/01/29 22:14:41 ET]
Table 'Laetitia' 6-max Seat #3 is the button
Seat 1: HenksLuck ($108.48 in chips) 
Seat 2: 7bekon7 ($197.95 in chips) 
Seat 3: b2k-Snick ($100 in chips) 
Seat 4: KeR888 ($118.46 in chips) 
Seat 5: 50CandyJoe ($104.81 in chips) 
Seat 6: BeauParleur ($155.49 in chips) 
KeR888: posts small blind $0.50
50CandyJoe: posts big blind $1
*** HOLE CARDS ***
BeauParleur: folds 
HenksLuck: folds 
7bekon7: folds 
b2k-Snick: folds 
KeR888: folds 
Uncalled bet ($0.50) returned to 50CandyJoe
50CandyJoe collected $1 from pot
50CandyJoe: doesn't show hand 
*** SUMMARY ***
Total pot $1 | Rake $0 
Seat 1: HenksLuck folded before Flop (didn't bet)
Seat 2: 7bekon7 folded before Flop (didn't bet)
Seat 3: b2k-Snick (button) folded before Flop (didn't bet)
Seat 4: KeR888 (small blind) folded before Flop
Seat 5: 50CandyJoe (big blind) collected ($1)
Seat 6: BeauParleur folded before Flop (didn't bet)



PokerStars Hand #254617028329:  Hold'em No Limit ($0.50/$1.00 USD) - 2025/01/29 3:15:04 WET [2025/01/29 22:15:04 ET]
Table 'Laetitia' 6-max Seat #4 is the button
Seat 1: HenksLuck ($108.48 in chips) 
Seat 2: 7bekon7 ($197.95 in chips) 
Seat 3: b2k-Snick ($100 in chips) 
Seat 4: KeR888 ($117.96 in chips) 
Seat 5: 50CandyJoe ($105.31 in chips) 
Seat 6: BeauParleur ($155.49 in chips) 
50CandyJoe: posts small blind $0.50
BeauParleur: posts big blind $1
*** HOLE CARDS ***
HenksLuck: folds 
7bekon7: folds 
b2k-Snick: raises $1.50 to $2.50
KeR888: raises $5 to $7.50
50CandyJoe: folds 
BeauParleur: folds 
b2k-Snick: folds 
Uncalled bet ($5) returned to KeR888
KeR888 collected $6.50 from pot
KeR888: doesn't show hand 
*** SUMMARY ***
Total pot $6.50 | Rake $0 
Seat 1: HenksLuck folded before Flop (didn't bet)
Seat 2: 7bekon7 folded before Flop (didn't bet)
Seat 3: b2k-Snick folded before Flop
Seat 4: KeR888 (button) collected ($6.50)
Seat 5: 50CandyJoe (small blind) folded before Flop
Seat 6: BeauParleur (big blind) folded before Flop



PokerStars Hand #254617033225:  Hold'em No Limit ($0.50/$1.00 USD) - 2025/01/29 3:15:43 WET [2025/01/29 22:15:43 ET]
Table 'Laetitia' 6-max Seat #5 is the button
Seat 1: HenksLuck ($108.48 in chips) 
Seat 2: 7bekon7 ($197.95 in chips) 
Seat 3: b2k-Snick ($100 in chips) 
Seat 4: KeR888 ($121.96 in chips) 
Seat 5: 50CandyJoe ($104.81 in chips) 
Seat 6: BeauParleur ($154.49 in chips) 
BeauParleur: posts small blind $0.50
HenksLuck: posts big blind $1
*** HOLE CARDS ***
7bekon7: folds 
b2k-Snick: folds 
KeR888: raises $1.50 to $2.50
50CandyJoe: folds 
BeauParleur: folds 
HenksLuck: calls $1.50
*** FLOP *** [Qd As Jd]
HenksLuck: checks 
KeR888: bets $1.31
HenksLuck: calls $1.31
*** TURN *** [Qd As Jd] [Jc]
HenksLuck: checks 
KeR888: checks 
*** RIVER *** [Qd As Jd Jc] [4s]
HenksLuck: checks 
KeR888: checks 
*** SHOW DOWN ***
HenksLuck: shows [9d Ts] (a pair of Jacks)
KeR888: shows [6c 6d] (two pair, Jacks and Sixes)
KeR888 collected $7.71 from pot
*** SUMMARY ***
Total pot $8.12 | Rake $0.41 
Board [Qd As Jd Jc 4s]
Seat 1: HenksLuck (big blind) showed [9d Ts] and lost with a pair of Jacks
Seat 2: 7bekon7 folded before Flop (didn't bet)
Seat 3: b2k-Snick folded before Flop (didn't bet)
Seat 4: KeR888 showed [6c 6d] and won ($7.71) with two pair, Jacks and Sixes
Seat 5: 50CandyJoe (button) folded before Flop (didn't bet)
Seat 6: BeauParleur (small blind) folded before Flop



PokerStars Hand #254617040973:  Hold'em No Limit ($0.50/$1.00 USD) - 2025/01/29 3:16:44 WET [2025/01/29 22:16:44 ET]
Table 'Laetitia' 6-max Seat #6 is the button
Seat 1: HenksLuck ($104.67 in chips) 
Seat 2: 7bekon7 ($197.95 in chips) 
Seat 3: b2k-Snick ($100 in chips) 
Seat 4: KeR888 ($125.86 in chips) 
Seat 5: 50CandyJoe ($104.81 in chips) 
Seat 6: BeauParleur ($153.99 in chips) 
HenksLuck: posts small blind $0.50
7bekon7: posts big blind $1
*** HOLE CARDS ***
b2k-Snick: folds 
KeR888: folds 
50CandyJoe: raises $1.20 to $2.20
BeauParleur: folds 
HenksLuck: folds 
7bekon7: folds 
Uncalled bet ($1.20) returned to 50CandyJoe
50CandyJoe collected $2.50 from pot
50CandyJoe: doesn't show hand 
*** SUMMARY ***
Total pot $2.50 | Rake $0 
Seat 1: HenksLuck (small blind) folded before Flop
Seat 2: 7bekon7 (big blind) folded before Flop
Seat 3: b2k-Snick folded before Flop (didn't bet)
Seat 4: KeR888 folded before Flop (didn't bet)
Seat 5: 50CandyJoe collected ($2.50)
Seat 6: BeauParleur (button) folded before Flop (didn't bet)



PokerStars Hand #254617045433:  Hold'em No Limit ($0.50/$1.00 USD) - 2025/01/29 3:17:19 WET [2025/01/29 22:17:19 ET]
Table 'Laetitia' 6-max Seat #1 is the button
Seat 1: HenksLuck ($104.17 in chips) 
Seat 2: 7bekon7 ($196.95 in chips) 
Seat 3: b2k-Snick ($100 in chips) 
Seat 4: KeR888 ($125.86 in chips) 
Seat 5: 50CandyJoe ($106.31 in chips) 
Seat 6: BeauParleur ($153.99 in chips) 
7bekon7: posts small blind $0.50
b2k-Snick: posts big blind $1
*** HOLE CARDS ***
KeR888: folds 
50CandyJoe: folds 
BeauParleur: folds 
HenksLuck: folds 
7bekon7: raises $2 to $3
b2k-Snick: calls $2
*** FLOP *** [6h Qh 8c]
7bekon7: checks 
b2k-Snick: checks 
*** TURN *** [6h Qh 8c] [5h]
7bekon7: checks 
b2k-Snick: bets $2.51
7bekon7: folds 
Uncalled bet ($2.51) returned to b2k-Snick
b2k-Snick collected $5.70 from pot
b2k-Snick: doesn't show hand 
*** SUMMARY ***
Total pot $6 | Rake $0.30 
Board [6h Qh 8c 5h]
Seat 1: HenksLuck (button) folded before Flop (didn't bet)
Seat 2: 7bekon7 (small blind) folded on the Turn
Seat 3: b2k-Snick (big blind) collected ($5.70)
Seat 4: KeR888 folded before Flop (didn't bet)
Seat 5: 50CandyJoe folded before Flop (didn't bet)
Seat 6: BeauParleur folded before Flop (didn't bet)



PokerStars Hand #254617052877:  Hold'em No Limit ($0.50/$1.00 USD) - 2025/01/29 3:18:18 WET [2025/01/29 22:18:18 ET]
Table 'Laetitia' 6-max Seat #2 is the button
Seat 1: HenksLuck ($104.17 in chips) 
Seat 2: 7bekon7 ($193.95 in chips) 
Seat 3: b2k-Snick ($102.70 in chips) 
Seat 4: KeR888 ($125.86 in chips) 
Seat 5: 50CandyJoe ($106.31 in chips) 
Seat 6: BeauParleur ($153.99 in chips) 
b2k-Snick: posts small blind $0.50
KeR888: posts big blind $1
*** HOLE CARDS ***
50CandyJoe: folds 
BeauParleur: folds 
HenksLuck: folds 
7bekon7: raises $1.25 to $2.25
b2k-Snick: folds 
KeR888: folds 
Uncalled bet ($1.25) returned to 7bekon7
7bekon7 collected $2.50 from pot
7bekon7: doesn't show hand 
*** SUMMARY ***
Total pot $2.50 | Rake $0 
Seat 1: HenksLuck folded before Flop (didn't bet)
Seat 2: 7bekon7 (button) collected ($2.50)
Seat 3: b2k-Snick (small blind) folded before Flop
Seat 4: KeR888 (big blind) folded before Flop
Seat 5: 50CandyJoe folded before Flop (didn't bet)
Seat 6: BeauParleur folded before Flop (didn't bet)



PokerStars Hand #254617055598:  Hold'em No Limit ($0.50/$1.00 USD) - 2025/01/29 3:18:39 WET [2025/01/29 22:18:39 ET]
Table 'Laetitia' 6-max Seat #3 is the button
Seat 1: HenksLuck ($104.17 in chips) 
Seat 2: 7bekon7 ($195.45 in chips) 
Seat 3: b2k-Snick ($102.20 in chips) 
Seat 4: KeR888 ($124.86 in chips) 
Seat 5: 50CandyJoe ($106.31 in chips) 
Seat 6: BeauParleur ($153.99 in chips) 
KeR888: posts small blind $0.50
50CandyJoe: posts big blind $1
*** HOLE CARDS ***
BeauParleur: folds 
HenksLuck: folds 
7bekon7: folds 
b2k-Snick: folds 
KeR888: raises $2 to $3
50CandyJoe: folds 
Uncalled bet ($2) returned to KeR888
KeR888 collected $2 from pot
KeR888: doesn't show hand 
*** SUMMARY ***
Total pot $2 | Rake $0 
Seat 1: HenksLuck folded before Flop (didn't bet)
Seat 2: 7bekon7 folded before Flop (didn't bet)
Seat 3: b2k-Snick (button) folded before Flop (didn't bet)
Seat 4: KeR888 (small blind) collected ($2)
Seat 5: 50CandyJoe (big blind) folded before Flop
Seat 6: BeauParleur folded before Flop (didn't bet)



PokerStars Hand #254617059078:  Hold'em No Limit ($0.50/$1.00 USD) - 2025/01/29 3:19:07 WET [2025/01/29 22:19:07 ET]
Table 'Laetitia' 6-max Seat #4 is the button
Seat 1: HenksLuck ($104.17 in chips) 
Seat 2: 7bekon7 ($195.45 in chips) 
Seat 3: b2k-Snick ($102.20 in chips) 
Seat 4: KeR888 ($125.86 in chips) 
Seat 5: 50CandyJoe ($105.31 in chips) 
Seat 6: BeauParleur ($153.99 in chips) 
50CandyJoe: posts small blind $0.50
BeauParleur: posts big blind $1
*** HOLE CARDS ***
HenksLuck: calls $1
7bekon7: folds 
b2k-Snick: folds 
KeR888: folds 
50CandyJoe: folds 
BeauParleur: checks 
*** FLOP *** [Ac 7c 6h]
BeauParleur: checks 
HenksLuck: bets $2.38
BeauParleur: folds 
Uncalled bet ($2.38) returned to HenksLuck
HenksLuck collected $2.38 from pot
*** SUMMARY ***
Total pot $2.50 | Rake $0.12 
Board [Ac 7c 6h]
Seat 1: HenksLuck collected ($2.38)
Seat 2: 7bekon7 folded before Flop (didn't bet)
Seat 3: b2k-Snick folded before Flop (didn't bet)
Seat 4: KeR888 (button) folded before Flop (didn't bet)
Seat 5: 50CandyJoe (small blind) folded before Flop
Seat 6: BeauParleur (big blind) folded on the Flop



PokerStars Hand #254617064816:  Hold'em No Limit ($0.50/$1.00 USD) - 2025/01/29 3:19:54 WET [2025/01/29 22:19:54 ET]
Table 'Laetitia' 6-max Seat #5 is the button
Seat 1: HenksLuck ($105.55 in chips) 
Seat 2: 7bekon7 ($195.45 in chips) 
Seat 3: b2k-Snick ($102.20 in chips) 
Seat 4: KeR888 ($125.86 in chips) 
Seat 5: 50CandyJoe ($104.81 in chips) 
Seat 6: BeauParleur ($152.99 in chips) 
BeauParleur: posts small blind $0.50
HenksLuck: posts big blind $1
*** HOLE CARDS ***
7bekon7: folds 
b2k-Snick: raises $1.10 to $2.10
KeR888: folds 
50CandyJoe: folds 
BeauParleur: folds 
HenksLuck: calls $1.10
*** FLOP *** [3h 7s 9c]
HenksLuck: checks 
b2k-Snick: bets $3
HenksLuck: folds 
Uncalled bet ($3) returned to b2k-Snick
b2k-Snick collected $4.46 from pot
b2k-Snick: doesn't show hand 
*** SUMMARY ***
Total pot $4.70 | Rake $0.24 
Board [3h 7s 9c]
Seat 1: HenksLuck (big blind) folded on the Flop
Seat 2: 7bekon7 folded before Flop (didn't bet)
Seat 3: b2k-Snick collected ($4.46)
Seat 4: KeR888 folded before Flop (didn't bet)
Seat 5: 50CandyJoe (button) folded before Flop (didn't bet)
Seat 6: BeauParleur (small blind) folded before Flop



PokerStars Hand #254617069705:  Hold'em No Limit ($0.50/$1.00 USD) - 2025/01/29 3:20:32 WET [2025/01/29 22:20:32 ET]
Table 'Laetitia' 6-max Seat #6 is the button
Seat 1: HenksLuck ($103.45 in chips) 
Seat 2: 7bekon7 ($195.45 in chips) 
Seat 3: b2k-Snick ($104.56 in chips) 
Seat 4: KeR888 ($125.86 in chips) 
Seat 5: 50CandyJoe ($104.81 in chips) 
Seat 6: BeauParleur ($152.49 in chips) 
HenksLuck: posts small blind $0.50
7bekon7: posts big blind $1
*** HOLE CARDS ***
b2k-Snick: folds 
KeR888: folds 
50CandyJoe: folds 
BeauParleur: raises $1.50 to $2.50
HenksLuck: folds 
7bekon7: folds 
Uncalled bet ($1.50) returned to BeauParleur
BeauParleur collected $2.50 from pot
BeauParleur: doesn't show hand 
*** SUMMARY ***
Total pot $2.50 | Rake $0 
Seat 1: HenksLuck (small blind) folded before Flop
Seat 2: 7bekon7 (big blind) folded before Flop
Seat 3: b2k-Snick folded before Flop (didn't bet)
Seat 4: KeR888 folded before Flop (didn't bet)
Seat 5: 50CandyJoe folded before Flop (didn't bet)
Seat 6: BeauParleur (button) collected ($2.50)



PokerStars Hand #254617072683:  Hold'em No Limit ($0.50/$1.00 USD) - 2025/01/29 3:20:56 WET [2025/01/29 22:20:56 ET]
Table 'Laetitia' 6-max Seat #1 is the button
Seat 1: HenksLuck ($102.95 in chips) 
Seat 2: 7bekon7 ($194.45 in chips) 
Seat 3: b2k-Snick ($104.56 in chips) 
Seat 4: KeR888 ($125.86 in chips) 
Seat 5: 50CandyJoe ($104.81 in chips) 
Seat 6: BeauParleur ($153.99 in chips) 
7bekon7: posts small blind $0.50
b2k-Snick: posts big blind $1
*** HOLE CARDS ***
KeR888: raises $1.20 to $2.20
50CandyJoe: folds 
BeauParleur: folds 
HenksLuck: folds 
7bekon7: folds 
b2k-Snick: folds 
Uncalled bet ($1.20) returned to KeR888
KeR888 collected $2.50 from pot
KeR888: doesn't show hand 
*** SUMMARY ***
Total pot $2.50 | Rake $0 
Seat 1: HenksLuck (button) folded before Flop (didn't bet)
Seat 2: 7bekon7 (small blind) folded before Flop
Seat 3: b2k-Snick (big blind) folded before Flop
Seat 4: KeR888 collected ($2.50)
Seat 5: 50CandyJoe folded before Flop (didn't bet)
Seat 6: BeauParleur folded before Flop (didn't bet)



PokerStars Hand #254617075276:  Hold'em No Limit ($0.50/$1.00 USD) - 2025/01/29 3:21:17 WET [2025/01/29 22:21:17 ET]
Table 'Laetitia' 6-max Seat #2 is the button
Seat 1: HenksLuck ($102.95 in chips) 
Seat 2: 7bekon7 ($193.95 in chips) 
Seat 3: b2k-Snick ($103.56 in chips) 
Seat 4: KeR888 ($127.36 in chips) 
Seat 5: 50CandyJoe ($104.81 in chips) 
Seat 6: BeauParleur ($153.99 in chips) 
b2k-Snick: posts small blind $0.50
KeR888: posts big blind $1
*** HOLE CARDS ***
50CandyJoe: folds 
BeauParleur: folds 
HenksLuck: folds 
7bekon7: raises $1.25 to $2.25
b2k-Snick: folds 
KeR888: folds 
Uncalled bet ($1.25) returned to 7bekon7
7bekon7 collected $2.50 from pot
7bekon7: doesn't show hand 
*** SUMMARY ***
Total pot $2.50 | Rake $0 
Seat 1: HenksLuck folded before Flop (didn't bet)
Seat 2: 7bekon7 (button) collected ($2.50)
Seat 3: b2k-Snick (small blind) folded before Flop
Seat 4: KeR888 (big blind) folded before Flop
Seat 5: 50CandyJoe folded before Flop (didn't bet)
Seat 6: BeauParleur folded before Flop (didn't bet)



PokerStars Hand #254617077248:  Hold'em No Limit ($0.50/$1.00 USD) - 2025/01/29 3:21:33 WET [2025/01/29 22:21:33 ET]
Table 'Laetitia' 6-max Seat #3 is the button
Seat 1: HenksLuck ($102.95 in chips) 
Seat 2: 7bekon7 ($195.45 in chips) 
Seat 3: b2k-Snick ($103.06 in chips) 
Seat 4: KeR888 ($126.36 in chips) 
Seat 5: 50CandyJoe ($104.81 in chips) 
Seat 6: BeauParleur ($153.99 in chips) 
KeR888: posts small blind $0.50
50CandyJoe: posts big blind $1
*** HOLE CARDS ***
BeauParleur: folds 
HenksLuck: calls $1
7bekon7: folds 
b2k-Snick: raises $3 to $4
KeR888: folds 
50CandyJoe: folds 
HenksLuck: calls $3
*** FLOP *** [Jh Qh Kd]
HenksLuck: checks 
b2k-Snick: bets $6
HenksLuck: folds 
Uncalled bet ($6) returned to b2k-Snick
b2k-Snick collected $9.02 from pot
b2k-Snick: doesn't show hand 
*** SUMMARY ***
Total pot $9.50 | Rake $0.48 
Board [Jh Qh Kd]
Seat 1: HenksLuck folded on the Flop
Seat 2: 7bekon7 folded before Flop (didn't bet)
Seat 3: b2k-Snick (button) collected ($9.02)
Seat 4: KeR888 (small blind) folded before Flop
Seat 5: 50CandyJoe (big blind) folded before Flop
Seat 6: BeauParleur folded before Flop (didn't bet)



PokerStars Hand #254617082048:  Hold'em No Limit ($0.50/$1.00 USD) - 2025/01/29 3:22:12 WET [2025/01/29 22:22:12 ET]
Table 'Laetitia' 6-max Seat #4 is the button
Seat 1: HenksLuck ($98.95 in chips) 
Seat 2: 7bekon7 ($195.45 in chips) 
Seat 3: b2k-Snick ($108.08 in chips) 
Seat 4: KeR888 ($125.86 in chips) 
Seat 5: 50CandyJoe ($103.81 in chips) 
Seat 6: BeauParleur ($153.99 in chips) 
50CandyJoe: posts small blind $0.50
BeauParleur: posts big blind $1
*** HOLE CARDS ***
HenksLuck: folds 
7bekon7: folds 
b2k-Snick: folds 
KeR888: raises $1.50 to $2.50
50CandyJoe: folds 
BeauParleur: raises $10.50 to $13
KeR888: calls $10.50
*** FLOP *** [Ac 6c 2s]
BeauParleur: checks 
KeR888: bets $6.30
BeauParleur: calls $6.30
*** TURN *** [Ac 6c 2s] [9d]
BeauParleur: checks 
KeR888: checks 
*** RIVER *** [Ac 6c 2s 9d] [9c]
BeauParleur: bets $3.80
KeR888: calls $3.80
*** SHOW DOWN ***
BeauParleur: shows [Qh Qc] (two pair, Queens and Nines)
KeR888: mucks hand 
BeauParleur collected $44.36 from pot
*** SUMMARY ***
Total pot $46.70 | Rake $2.34 
Board [Ac 6c 2s 9d 9c]
Seat 1: HenksLuck folded before Flop (didn't bet)
Seat 2: 7bekon7 folded before Flop (didn't bet)
Seat 3: b2k-Snick folded before Flop (didn't bet)
Seat 4: KeR888 (button) mucked
Seat 5: 50CandyJoe (small blind) folded before Flop
Seat 6: BeauParleur (big blind) showed [Qh Qc] and won ($44.36) with two pair, Queens and Nines



PokerStars Hand #254617090942:  Hold'em No Limit ($0.50/$1.00 USD) - 2025/01/29 3:23:26 WET [2025/01/29 22:23:26 ET]
Table 'Laetitia' 6-max Seat #5 is the button
Seat 1: HenksLuck ($98.95 in chips) 
Seat 2: 7bekon7 ($195.45 in chips) 
Seat 3: b2k-Snick ($108.08 in chips) 
Seat 4: KeR888 ($102.76 in chips) 
Seat 5: 50CandyJoe ($103.31 in chips) 
Seat 6: BeauParleur ($175.25 in chips) 
BeauParleur: posts small blind $0.50
HenksLuck: posts big blind $1
*** HOLE CARDS ***
7bekon7: folds 
b2k-Snick: folds 
KeR888: folds 
50CandyJoe: raises $1.50 to $2.50
BeauParleur: folds 
HenksLuck: calls $1.50
*** FLOP *** [8s 7d Ts]
HenksLuck: bets $5.22
50CandyJoe: calls $5.22
*** TURN *** [8s 7d Ts] [2c]
HenksLuck: bets $7.57
50CandyJoe: calls $7.57
*** RIVER *** [8s 7d Ts 2c] [Qd]
HenksLuck: bets $29.53
50CandyJoe: calls $29.53
*** SHOW DOWN ***
HenksLuck: shows [Kh 8d] (a pair of Eights)
50CandyJoe: shows [Ks Th] (a pair of Tens)
50CandyJoe collected $87.64 from pot
*** SUMMARY ***
Total pot $90.14 | Rake $2.50 
Board [8s 7d Ts 2c Qd]
Seat 1: HenksLuck (big blind) showed [Kh 8d] and lost with a pair of Eights
Seat 2: 7bekon7 folded before Flop (didn't bet)
Seat 3: b2k-Snick folded before Flop (didn't bet)
Seat 4: KeR888 folded before Flop (didn't bet)
Seat 5: 50CandyJoe (button) showed [Ks Th] and won ($87.64) with a pair of Tens
Seat 6: BeauParleur (small blind) folded before Flop



PokerStars Hand #254617097910:  Hold'em No Limit ($0.50/$1.00 USD) - 2025/01/29 3:24:24 WET [2025/01/29 22:24:24 ET]
Table 'Laetitia' 6-max Seat #6 is the button
Seat 1: HenksLuck ($54.13 in chips) 
Seat 2: 7bekon7 ($195.45 in chips) 
Seat 3: b2k-Snick ($108.08 in chips) 
Seat 4: KeR888 ($102.76 in chips) 
Seat 5: 50CandyJoe ($146.13 in chips) 
Seat 6: BeauParleur ($174.75 in chips) 
HenksLuck: posts small blind $0.50
7bekon7: posts big blind $1
*** HOLE CARDS ***
b2k-Snick: folds 
KeR888: folds 
50CandyJoe: folds 
BeauParleur: raises $1.50 to $2.50
HenksLuck: calls $2
7bekon7: calls $1.50
*** FLOP *** [2d 5c Qs]
HenksLuck: checks 
7bekon7: checks 
BeauParleur: bets $2.35
HenksLuck: folds 
7bekon7: calls $2.35
*** TURN *** [2d 5c Qs] [9s]
7bekon7: checks 
BeauParleur: bets $14.49
7bekon7: folds 
Uncalled bet ($14.49) returned to BeauParleur
BeauParleur collected $11.59 from pot
BeauParleur: doesn't show hand 
*** SUMMARY ***
Total pot $12.20 | Rake $0.61 
Board [2d 5c Qs 9s]
Seat 1: HenksLuck (small blind) folded on the Flop
Seat 2: 7bekon7 (big blind) folded on the Turn
Seat 3: b2k-Snick folded before Flop (didn't bet)
Seat 4: KeR888 folded before Flop (didn't bet)
Seat 5: 50CandyJoe folded before Flop (didn't bet)
Seat 6: BeauParleur (button) collected ($11.59)



PokerStars Hand #254617107505:  Hold'em No Limit ($0.50/$1.00 USD) - 2025/01/29 3:25:43 WET [2025/01/29 22:25:43 ET]
Table 'Laetitia' 6-max Seat #1 is the button
Seat 1: HenksLuck ($51.63 in chips) 
Seat 2: 7bekon7 ($190.60 in chips) 
Seat 3: b2k-Snick ($108.08 in chips) 
Seat 4: KeR888 ($102.76 in chips) 
Seat 5: 50CandyJoe ($146.13 in chips) 
Seat 6: BeauParleur ($181.49 in chips) 
7bekon7: posts small blind $0.50
b2k-Snick: posts big blind $1
*** HOLE CARDS ***
KeR888: folds 
KeR888 leaves the table
50CandyJoe: folds 
BeauParleur: raises $1.25 to $2.25
HenksLuck: folds 
7bekon7: folds 
HenksLuck leaves the table
b2k-Snick: calls $1.25
*** FLOP *** [7c Td 8d]
b2k-Snick: checks 
BeauParleur: checks 
*** TURN *** [7c Td 8d] [7h]
b2k-Snick: bets $3
BeauParleur: folds 
Uncalled bet ($3) returned to b2k-Snick
b2k-Snick collected $4.75 from pot
b2k-Snick: doesn't show hand 
*** SUMMARY ***
Total pot $5 | Rake $0.25 
Board [7c Td 8d 7h]
Seat 1: HenksLuck (button) folded before Flop (didn't bet)
Seat 2: 7bekon7 (small blind) folded before Flop
Seat 3: b2k-Snick (big blind) collected ($4.75)
Seat 4: KeR888 folded before Flop (didn't bet)
Seat 5: 50CandyJoe folded before Flop (didn't bet)
Seat 6: BeauParleur folded on the Turn



PokerStars Hand #254617114565:  Hold'em No Limit ($0.50/$1.00 USD) - 2025/01/29 3:26:42 WET [2025/01/29 22:26:42 ET]
Table 'Laetitia' 6-max Seat #2 is the button
Seat 2: 7bekon7 ($190.10 in chips) 
Seat 3: b2k-Snick ($110.58 in chips) 
Seat 5: 50CandyJoe ($146.13 in chips) 
Seat 6: BeauParleur ($179.24 in chips) 
b2k-Snick: posts small blind $0.50
50CandyJoe: posts big blind $1
*** HOLE CARDS ***
BeauParleur: folds 
7bekon7: raises $1.25 to $2.25
b2k-Snick: folds 
50CandyJoe: folds 
Uncalled bet ($1.25) returned to 7bekon7
7bekon7 collected $2.50 from pot
7bekon7: doesn't show hand 
*** SUMMARY ***
Total pot $2.50 | Rake $0 
Seat 2: 7bekon7 (button) collected ($2.50)
Seat 3: b2k-Snick (small blind) folded before Flop
Seat 5: 50CandyJoe (big blind) folded before Flop
Seat 6: BeauParleur folded before Flop (didn't bet)



PokerStars Hand #254617117031:  Hold'em No Limit ($0.50/$1.00 USD) - 2025/01/29 3:27:02 WET [2025/01/29 22:27:02 ET]
Table 'Laetitia' 6-max Seat #3 is the button
Seat 2: 7bekon7 ($191.60 in chips) 
Seat 3: b2k-Snick ($110.08 in chips) 
Seat 5: 50CandyJoe ($145.13 in chips) 
Seat 6: BeauParleur ($179.24 in chips) 
50CandyJoe: posts small blind $0.50
BeauParleur: posts big blind $1
*** HOLE CARDS ***
7bekon7: folds 
7bekon7 leaves the table
b2k-Snick: raises $1.50 to $2.50
50CandyJoe: folds 
BeauParleur: raises $10.50 to $13
b2k-Snick: raises $13 to $26
BeauParleur: calls $13
*** FLOP *** [8d 6c Ts]
BeauParleur: checks 
b2k-Snick: bets $11.33
BeauParleur: raises $18.17 to $29.50
b2k-Snick: calls $18.17
*** TURN *** [8d 6c Ts] [Ac]
BeauParleur: checks 
b2k-Snick: checks 
*** RIVER *** [8d 6c Ts Ac] [Ah]
BeauParleur: bets $123.74 and is all-in
b2k-Snick: calls $54.58 and is all-in
Uncalled bet ($69.16) returned to BeauParleur
*** SHOW DOWN ***
BeauParleur: shows [8h 7h] (two pair, Aces and Eights)
b2k-Snick: shows [9d 9c] (two pair, Aces and Nines)
b2k-Snick collected $219.66 from pot
*** SUMMARY ***
Total pot $220.66 | Rake $1 
Board [8d 6c Ts Ac Ah]
Seat 2: 7bekon7 folded before Flop (didn't bet)
Seat 3: b2k-Snick (button) showed [9d 9c] and won ($219.66) with two pair, Aces and Nines
Seat 5: 50CandyJoe (small blind) folded before Flop
Seat 6: BeauParleur (big blind) showed [8h 7h] and lost with two pair, Aces and Eights



PokerStars Hand #254617129613:  Hold'em No Limit ($0.50/$1.00 USD) - 2025/01/29 3:28:48 WET [2025/01/29 22:28:48 ET]
Table 'Laetitia' 6-max Seat #5 is the button
Seat 3: b2k-Snick ($219.66 in chips) 
Seat 5: 50CandyJoe ($144.63 in chips) 
Seat 6: BeauParleur ($100 in chips) 
BeauParleur: posts small blind $0.50
b2k-Snick: posts big blind $1
*** HOLE CARDS ***
50CandyJoe: raises $1.50 to $2.50
BeauParleur: folds 
b2k-Snick: folds 
Uncalled bet ($1.50) returned to 50CandyJoe
50CandyJoe collected $2.50 from pot
50CandyJoe: doesn't show hand 
*** SUMMARY ***
Total pot $2.50 | Rake $0 
Seat 3: b2k-Snick (big blind) folded before Flop
Seat 5: 50CandyJoe (button) collected ($2.50)
Seat 6: BeauParleur (small blind) folded before Flop



PokerStars Hand #254617131274:  Hold'em No Limit ($0.50/$1.00 USD) - 2025/01/29 3:29:02 WET [2025/01/29 22:29:02 ET]
Table 'Laetitia' 6-max Seat #6 is the button
Seat 3: b2k-Snick ($218.66 in chips) 
Seat 5: 50CandyJoe ($146.13 in chips) 
Seat 6: BeauParleur ($100 in chips) 
b2k-Snick: posts small blind $0.50
50CandyJoe: posts big blind $1
*** HOLE CARDS ***
BeauParleur has timed out
BeauParleur: folds 
b2k-Snick: folds 
Uncalled bet ($0.50) returned to 50CandyJoe
50CandyJoe collected $1 from pot
50CandyJoe: doesn't show hand 
*** SUMMARY ***
Total pot $1 | Rake $0 
Seat 3: b2k-Snick (small blind) folded before Flop
Seat 5: 50CandyJoe (big blind) collected ($1)
Seat 6: BeauParleur (button) folded before Flop (didn't bet)



PokerStars Hand #254617133101:  Hold'em No Limit ($0.50/$1.00 USD) - 2025/01/29 3:29:17 WET [2025/01/29 22:29:17 ET]
Table 'Laetitia' 6-max Seat #5 is the button
Seat 6: BeauParleur ($100 in chips) is sitting out
Seat 3: b2k-Snick ($218.16 in chips) 
Seat 5: 50CandyJoe ($146.63 in chips) 
50CandyJoe: posts small blind $0.50
b2k-Snick: posts big blind $1
*** HOLE CARDS ***
50CandyJoe: raises $1.50 to $2.50
b2k-Snick: folds 
Uncalled bet ($1.50) returned to 50CandyJoe
50CandyJoe collected $2 from pot
50CandyJoe: doesn't show hand 
*** SUMMARY ***
Total pot $2 | Rake $0 
Seat 6: BeauParleur
Seat 3: b2k-Snick (big blind) folded before Flop
Seat 5: 50CandyJoe (button) (small blind) collected ($2)



PokerStars Hand #254617134440:  Hold'em No Limit ($0.50/$1.00 USD) - 2025/01/29 3:29:29 WET [2025/01/29 22:29:29 ET]
Table 'Laetitia' 6-max Seat #3 is the button
Seat 3: b2k-Snick ($217.16 in chips) 
Seat 5: 50CandyJoe ($147.63 in chips) 
Seat 6: BeauParleur ($100 in chips) 
50CandyJoe: posts small blind $0.50
BeauParleur: posts big blind $1
*** HOLE CARDS ***
b2k-Snick: raises $1.50 to $2.50
50CandyJoe: folds 
BeauParleur: calls $1.50
*** FLOP *** [2h Ad 7h]
BeauParleur: checks 
b2k-Snick: bets $1.72
BeauParleur: folds 
Uncalled bet ($1.72) returned to b2k-Snick
b2k-Snick collected $5.22 from pot
b2k-Snick: doesn't show hand 
*** SUMMARY ***
Total pot $5.50 | Rake $0.28 
Board [2h Ad 7h]
Seat 3: b2k-Snick (button) collected ($5.22)
Seat 5: 50CandyJoe (small blind) folded before Flop
Seat 6: BeauParleur (big blind) folded on the Flop



PokerStars Hand #254617136869:  Hold'em No Limit ($0.50/$1.00 USD) - 2025/01/29 3:29:49 WET [2025/01/29 22:29:49 ET]
Table 'Laetitia' 6-max Seat #5 is the button
Seat 3: b2k-Snick ($219.88 in chips) 
Seat 5: 50CandyJoe ($147.13 in chips) 
Seat 6: BeauParleur ($100 in chips) 
BeauParleur: posts small blind $0.50
b2k-Snick: posts big blind $1
*** HOLE CARDS ***
50CandyJoe: folds 
BeauParleur: raises $2 to $3
b2k-Snick: calls $2
*** FLOP *** [3s 5c 2c]
BeauParleur: checks 
b2k-Snick: checks 
*** TURN *** [3s 5c 2c] [6d]
BeauParleur: bets $1.88
b2k-Snick: raises $4.62 to $6.50
BeauParleur: folds 
Uncalled bet ($4.62) returned to b2k-Snick
b2k-Snick collected $9.27 from pot
b2k-Snick: doesn't show hand 
*** SUMMARY ***
Total pot $9.76 | Rake $0.49 
Board [3s 5c 2c 6d]
Seat 3: b2k-Snick (big blind) collected ($9.27)
Seat 5: 50CandyJoe (button) folded before Flop (didn't bet)
Seat 6: BeauParleur (small blind) folded on the Turn



PokerStars Hand #254617142385:  Hold'em No Limit ($0.50/$1.00 USD) - 2025/01/29 3:30:36 WET [2025/01/29 22:30:36 ET]
Table 'Laetitia' 6-max Seat #6 is the button
Seat 3: b2k-Snick ($224.27 in chips) 
Seat 5: 50CandyJoe ($147.13 in chips) 
Seat 6: BeauParleur ($100 in chips) 
b2k-Snick: posts small blind $0.50
50CandyJoe: posts big blind $1
*** HOLE CARDS ***
BeauParleur: raises $1.50 to $2.50
b2k-Snick: folds 
50CandyJoe: calls $1.50
*** FLOP *** [6h 9s 6d]
50CandyJoe: checks 
BeauParleur: bets $1.72
50CandyJoe: calls $1.72
*** TURN *** [6h 9s 6d] [Kc]
Mr.Taraseus joins the table at seat #1 
50CandyJoe: checks 
BeauParleur: checks 
*** RIVER *** [6h 9s 6d Kc] [4d]
50CandyJoe: bets $8.49
BeauParleur: folds 
Uncalled bet ($8.49) returned to 50CandyJoe
50CandyJoe collected $8.49 from pot
50CandyJoe: doesn't show hand 
*** SUMMARY ***
Total pot $8.94 | Rake $0.45 
Board [6h 9s 6d Kc 4d]
Seat 3: b2k-Snick (small blind) folded before Flop
Seat 5: 50CandyJoe (big blind) collected ($8.49)
Seat 6: BeauParleur (button) folded on the River



PokerStars Hand #254617149455:  Hold'em No Limit ($0.50/$1.00 USD) - 2025/01/29 3:31:34 WET [2025/01/29 22:31:34 ET]
Table 'Laetitia' 6-max Seat #3 is the button
Seat 1: Mr.Taraseus ($100 in chips) is sitting out
Seat 3: b2k-Snick ($223.77 in chips) 
Seat 5: 50CandyJoe ($151.40 in chips) 
Seat 6: BeauParleur ($100 in chips) 
50CandyJoe: posts small blind $0.50
BeauParleur: posts big blind $1
Mr.Taraseus: sits out 
*** HOLE CARDS ***
b2k-Snick: folds 
50CandyJoe: folds 
Uncalled bet ($0.50) returned to BeauParleur
BeauParleur collected $1 from pot
BeauParleur: doesn't show hand 
*** SUMMARY ***
Total pot $1 | Rake $0 
Seat 1: Mr.Taraseus
Seat 3: b2k-Snick (button) folded before Flop (didn't bet)
Seat 5: 50CandyJoe (small blind) folded before Flop
Seat 6: BeauParleur (big blind) collected ($1)



PokerStars Hand #254617150919:  Hold'em No Limit ($0.50/$1.00 USD) - 2025/01/29 3:31:47 WET [2025/01/29 22:31:47 ET]
Table 'Laetitia' 6-max Seat #5 is the button
Seat 1: Mr.Taraseus ($100 in chips) 
Seat 3: b2k-Snick ($223.77 in chips) 
Seat 5: 50CandyJoe ($150.90 in chips) 
Seat 6: BeauParleur ($100.50 in chips) 
BeauParleur: posts small blind $0.50
Mr.Taraseus: posts big blind $1
*** HOLE CARDS ***
b2k-Snick: folds 
50CandyJoe: raises $1.50 to $2.50
BeauParleur: folds 
Mr.Taraseus: raises $9.50 to $12
50CandyJoe: folds 
Uncalled bet ($9.50) returned to Mr.Taraseus
Mr.Taraseus collected $5.50 from pot
Mr.Taraseus: doesn't show hand 
*** SUMMARY ***
Total pot $5.50 | Rake $0 
Seat 1: Mr.Taraseus (big blind) collected ($5.50)
Seat 3: b2k-Snick folded before Flop (didn't bet)
Seat 5: 50CandyJoe (button) folded before Flop
Seat 6: BeauParleur (small blind) folded before Flop



PokerStars Hand #254617154893:  Hold'em No Limit ($0.50/$1.00 USD) - 2025/01/29 3:32:19 WET [2025/01/29 22:32:19 ET]
Table 'Laetitia' 6-max Seat #6 is the button
Seat 1: Mr.Taraseus ($103 in chips) 
Seat 3: b2k-Snick ($223.77 in chips) 
Seat 5: 50CandyJoe ($148.40 in chips) 
Seat 6: BeauParleur ($100 in chips) 
Mr.Taraseus: posts small blind $0.50
b2k-Snick: posts big blind $1
*** HOLE CARDS ***
50CandyJoe: raises $1.20 to $2.20
BeauParleur: raises $5.30 to $7.50
Mr.Taraseus: folds 
b2k-Snick: folds 
50CandyJoe: calls $5.30
*** FLOP *** [9d 9s 7d]
50CandyJoe: checks 
BeauParleur: bets $7.84
50CandyJoe: folds 
Uncalled bet ($7.84) returned to BeauParleur
BeauParleur collected $15.68 from pot
BeauParleur: doesn't show hand 
*** SUMMARY ***
Total pot $16.50 | Rake $0.82 
Board [9d 9s 7d]
Seat 1: Mr.Taraseus (small blind) folded before Flop
Seat 3: b2k-Snick (big blind) folded before Flop
Seat 5: 50CandyJoe folded on the Flop
Seat 6: BeauParleur (button) collected ($15.68)



PokerStars Hand #254617160215:  Hold'em No Limit ($0.50/$1.00 USD) - 2025/01/29 3:33:03 WET [2025/01/29 22:33:03 ET]
Table 'Laetitia' 6-max Seat #1 is the button
Seat 1: Mr.Taraseus ($102.50 in chips) 
Seat 3: b2k-Snick ($222.77 in chips) 
Seat 5: 50CandyJoe ($140.90 in chips) 
Seat 6: BeauParleur ($108.18 in chips) 
b2k-Snick: posts small blind $0.50
50CandyJoe: posts big blind $1
*** HOLE CARDS ***
BeauParleur: folds 
Mr.Taraseus: folds 
b2k-Snick: folds 
Uncalled bet ($0.50) returned to 50CandyJoe
sutata joins the table at seat #4 
50CandyJoe collected $1 from pot
50CandyJoe: doesn't show hand 
*** SUMMARY ***
Total pot $1 | Rake $0 
Seat 1: Mr.Taraseus (button) folded before Flop (didn't bet)
Seat 3: b2k-Snick (small blind) folded before Flop
Seat 5: 50CandyJoe (big blind) collected ($1)
Seat 6: BeauParleur folded before Flop (didn't bet)



PokerStars Hand #254617161131:  Hold'em No Limit ($0.50/$1.00 USD) - 2025/01/29 3:33:11 WET [2025/01/29 22:33:11 ET]
Table 'Laetitia' 6-max Seat #3 is the button
Seat 4: sutata ($100 in chips) is sitting out
Seat 1: Mr.Taraseus ($102.50 in chips) 
Seat 3: b2k-Snick ($222.27 in chips) 
Seat 5: 50CandyJoe ($141.40 in chips) 
Seat 6: BeauParleur ($108.18 in chips) 
50CandyJoe: posts small blind $0.50
BeauParleur: posts big blind $1
*** HOLE CARDS ***
Mr.Taraseus: folds 
b2k-Snick: folds 
Mr.Taraseus leaves the table
50CandyJoe: folds 
Uncalled bet ($0.50) returned to BeauParleur
BeauParleur collected $1 from pot
BeauParleur: doesn't show hand 
*** SUMMARY ***
Total pot $1 | Rake $0 
Seat 4: sutata
Seat 1: Mr.Taraseus folded before Flop (didn't bet)
Seat 3: b2k-Snick (button) folded before Flop (didn't bet)
Seat 5: 50CandyJoe (small blind) folded before Flop
Seat 6: BeauParleur (big blind) collected ($1)



PokerStars Hand #254617162260:  Hold'em No Limit ($0.50/$1.00 USD) - 2025/01/29 3:33:20 WET [2025/01/29 22:33:20 ET]
Table 'Laetitia' 6-max Seat #5 is the button
Seat 4: sutata ($100 in chips) is sitting out
Seat 3: b2k-Snick ($222.27 in chips) 
Seat 5: 50CandyJoe ($140.90 in chips) 
Seat 6: BeauParleur ($108.68 in chips) 
BeauParleur: posts small blind $0.50
b2k-Snick: posts big blind $1
sutata: sits out 
*** HOLE CARDS ***
50CandyJoe: raises $1.50 to $2.50
BeauParleur: folds 
b2k-Snick: folds 
Uncalled bet ($1.50) returned to 50CandyJoe
50CandyJoe collected $2.50 from pot
50CandyJoe: doesn't show hand 
*** SUMMARY ***
Total pot $2.50 | Rake $0 
Seat 4: sutata
Seat 3: b2k-Snick (big blind) folded before Flop
Seat 5: 50CandyJoe (button) collected ($2.50)
Seat 6: BeauParleur (small blind) folded before Flop



PokerStars Hand #254617163569:  Hold'em No Limit ($0.50/$1.00 USD) - 2025/01/29 3:33:31 WET [2025/01/29 22:33:31 ET]
Table 'Laetitia' 6-max Seat #6 is the button
Seat 5: 50CandyJoe ($142.40 in chips) is sitting out
Seat 3: b2k-Snick ($221.27 in chips) 
Seat 4: sutata ($100 in chips) 
Seat 6: BeauParleur ($108.18 in chips) 
b2k-Snick: posts small blind $0.50
sutata: posts big blind $1
*** HOLE CARDS ***
50CandyJoe leaves the table
BeauParleur: folds 
b2k-Snick: folds 
Uncalled bet ($0.50) returned to sutata
sutata collected $1 from pot
sutata: doesn't show hand 
*** SUMMARY ***
Total pot $1 | Rake $0 
Seat 5: 50CandyJoe
Seat 3: b2k-Snick (small blind) folded before Flop
Seat 4: sutata (big blind) collected ($1)
Seat 6: BeauParleur (button) folded before Flop (didn't bet)



PokerStars Hand #254617164779:  Hold'em No Limit ($0.50/$1.00 USD) - 2025/01/29 3:33:41 WET [2025/01/29 22:33:41 ET]
Table 'Laetitia' 6-max Seat #3 is the button
Seat 3: b2k-Snick ($220.77 in chips) 
Seat 4: sutata ($100.50 in chips) 
Seat 6: BeauParleur ($108.18 in chips) 
sutata: posts small blind $0.50
BeauParleur: posts big blind $1
*** HOLE CARDS ***
b2k-Snick: folds 
sutata: folds 
Uncalled bet ($0.50) returned to BeauParleur
BeauParleur collected $1 from pot
BeauParleur: doesn't show hand 
*** SUMMARY ***
Total pot $1 | Rake $0 
Seat 3: b2k-Snick (button) folded before Flop (didn't bet)
Seat 4: sutata (small blind) folded before Flop
Seat 6: BeauParleur (big blind) collected ($1)



PokerStars Hand #254617165974:  Hold'em No Limit ($0.50/$1.00 USD) - 2025/01/29 3:33:51 WET [2025/01/29 22:33:51 ET]
Table 'Laetitia' 6-max Seat #4 is the button
Seat 3: b2k-Snick ($220.77 in chips) 
Seat 4: sutata ($100 in chips) 
Seat 6: BeauParleur ($108.68 in chips) 
BeauParleur: posts small blind $0.50
b2k-Snick: posts big blind $1
*** HOLE CARDS ***
sutata: raises $2 to $3
BeauParleur: folds 
b2k-Snick: folds 
Uncalled bet ($2) returned to sutata
sutata collected $2.50 from pot
sutata: doesn't show hand 
*** SUMMARY ***
Total pot $2.50 | Rake $0 
Seat 3: b2k-Snick (big blind) folded before Flop
Seat 4: sutata (button) collected ($2.50)
Seat 6: BeauParleur (small blind) folded before Flop



PokerStars Hand #254617167293:  Hold'em No Limit ($0.50/$1.00 USD) - 2025/01/29 3:34:02 WET [2025/01/29 22:34:02 ET]
Table 'Laetitia' 6-max Seat #6 is the button
Seat 3: b2k-Snick ($219.77 in chips) 
Seat 4: sutata ($101.50 in chips) 
Seat 6: BeauParleur ($108.18 in chips) 
b2k-Snick: posts small blind $0.50
sutata: posts big blind $1
*** HOLE CARDS ***
BeauParleur: folds 
b2k-Snick: folds 
Uncalled bet ($0.50) returned to sutata
sutata collected $1 from pot
sutata: doesn't show hand 
*** SUMMARY ***
Total pot $1 | Rake $0 
Seat 3: b2k-Snick (small blind) folded before Flop
Seat 4: sutata (big blind) collected ($1)
Seat 6: BeauParleur (button) folded before Flop (didn't bet)



PokerStars Hand #254617168591:  Hold'em No Limit ($0.50/$1.00 USD) - 2025/01/29 3:34:14 WET [2025/01/29 22:34:14 ET]
Table 'Laetitia' 6-max Seat #3 is the button
Seat 3: b2k-Snick ($219.27 in chips) 
Seat 4: sutata ($102 in chips) 
Seat 6: BeauParleur ($108.18 in chips) 
sutata: posts small blind $0.50
BeauParleur: posts big blind $1
*** HOLE CARDS ***
b2k-Snick: folds 
sutata: raises $2 to $3
BeauParleur: calls $2
*** FLOP *** [Jc 5c 4s]
sutata: checks 
BeauParleur: checks 
*** TURN *** [Jc 5c 4s] [8d]
sutata: bets $4.33
BeauParleur: folds 
Uncalled bet ($4.33) returned to sutata
sutata collected $5.70 from pot
sutata: doesn't show hand 
*** SUMMARY ***
Total pot $6 | Rake $0.30 
Board [Jc 5c 4s 8d]
Seat 3: b2k-Snick (button) folded before Flop (didn't bet)
Seat 4: sutata (small blind) collected ($5.70)
Seat 6: BeauParleur (big blind) folded on the Turn



PokerStars Hand #254617175586:  Hold'em No Limit ($0.50/$1.00 USD) - 2025/01/29 3:35:12 WET [2025/01/29 22:35:12 ET]
Table 'Laetitia' 6-max Seat #4 is the button
Seat 3: b2k-Snick ($219.27 in chips) 
Seat 4: sutata ($104.70 in chips) 
Seat 6: BeauParleur ($105.18 in chips) 
BeauParleur: posts small blind $0.50
b2k-Snick: posts big blind $1
*** HOLE CARDS ***
sutata: folds 
BeauParleur: raises $2 to $3
b2k-Snick: calls $2
*** FLOP *** [9d Ks Kh]
BeauParleur: bets $1.88
b2k-Snick: folds 
Uncalled bet ($1.88) returned to BeauParleur
BeauParleur collected $5.70 from pot
BeauParleur: doesn't show hand 
*** SUMMARY ***
Total pot $6 | Rake $0.30 
Board [9d Ks Kh]
Seat 3: b2k-Snick (big blind) folded on the Flop
Seat 4: sutata (button) folded before Flop (didn't bet)
Seat 6: BeauParleur (small blind) collected ($5.70)



PokerStars Hand #254617177613:  Hold'em No Limit ($0.50/$1.00 USD) - 2025/01/29 3:35:29 WET [2025/01/29 22:35:29 ET]
Table 'Laetitia' 6-max Seat #6 is the button
Seat 3: b2k-Snick ($216.27 in chips) 
Seat 4: sutata ($104.70 in chips) 
Seat 6: BeauParleur ($107.88 in chips) 
b2k-Snick: posts small blind $0.50
sutata: posts big blind $1
*** HOLE CARDS ***
BeauParleur: raises $1.50 to $2.50
b2k-Snick: raises $9.50 to $12
sutata: folds 
BeauParleur: folds 
Uncalled bet ($9.50) returned to b2k-Snick
b2k-Snick collected $6 from pot
b2k-Snick: doesn't show hand 
*** SUMMARY ***
Total pot $6 | Rake $0 
Seat 3: b2k-Snick (small blind) collected ($6)
Seat 4: sutata (big blind) folded before Flop
Seat 6: BeauParleur (button) folded before Flop



PokerStars Hand #254617180364:  Hold'em No Limit ($0.50/$1.00 USD) - 2025/01/29 3:35:52 WET [2025/01/29 22:35:52 ET]
Table 'Laetitia' 6-max Seat #3 is the button
Seat 3: b2k-Snick ($219.77 in chips) 
Seat 4: sutata ($103.70 in chips) 
Seat 6: BeauParleur ($105.38 in chips) 
sutata: posts small blind $0.50
BeauParleur: posts big blind $1
*** HOLE CARDS ***
b2k-Snick: raises $1.50 to $2.50
sutata: folds 
BeauParleur: folds 
Uncalled bet ($1.50) returned to b2k-Snick
b2k-Snick collected $2.50 from pot
b2k-Snick: doesn't show hand 
*** SUMMARY ***
Total pot $2.50 | Rake $0 
Seat 3: b2k-Snick (button) collected ($2.50)
Seat 4: sutata (small blind) folded before Flop
Seat 6: BeauParleur (big blind) folded before Flop



PokerStars Hand #254617181959:  Hold'em No Limit ($0.50/$1.00 USD) - 2025/01/29 3:36:06 WET [2025/01/29 22:36:06 ET]
Table 'Laetitia' 6-max Seat #4 is the button
Seat 3: b2k-Snick ($221.27 in chips) 
Seat 4: sutata ($103.20 in chips) 
Seat 6: BeauParleur ($104.38 in chips) 
BeauParleur: posts small blind $0.50
b2k-Snick: posts big blind $1
*** HOLE CARDS ***
sutata: folds 
BeauParleur: folds 
Uncalled bet ($0.50) returned to b2k-Snick
b2k-Snick collected $1 from pot
b2k-Snick: doesn't show hand 
*** SUMMARY ***
Total pot $1 | Rake $0 
Seat 3: b2k-Snick (big blind) collected ($1)
Seat 4: sutata (button) folded before Flop (didn't bet)
Seat 6: BeauParleur (small blind) folded before Flop



PokerStars Hand #254617182878:  Hold'em No Limit ($0.50/$1.00 USD) - 2025/01/29 3:36:14 WET [2025/01/29 22:36:14 ET]
Table 'Laetitia' 6-max Seat #6 is the button
Seat 3: b2k-Snick ($221.77 in chips) 
Seat 4: sutata ($103.20 in chips) 
Seat 6: BeauParleur ($103.88 in chips) 
b2k-Snick: posts small blind $0.50
sutata: posts big blind $1
*** HOLE CARDS ***
BeauParleur: raises $1.50 to $2.50
b2k-Snick: folds 
sutata: folds 
Uncalled bet ($1.50) returned to BeauParleur
BeauParleur collected $2.50 from pot
BeauParleur: doesn't show hand 
*** SUMMARY ***
Total pot $2.50 | Rake $0 
Seat 3: b2k-Snick (small blind) folded before Flop
Seat 4: sutata (big blind) folded before Flop
Seat 6: BeauParleur (button) collected ($2.50)



PokerStars Hand #254617184891:  Hold'em No Limit ($0.50/$1.00 USD) - 2025/01/29 3:36:30 WET [2025/01/29 22:36:30 ET]
Table 'Laetitia' 6-max Seat #3 is the button
Seat 3: b2k-Snick ($221.27 in chips) 
Seat 4: sutata ($102.20 in chips) 
Seat 6: BeauParleur ($105.38 in chips) 
sutata: posts small blind $0.50
BeauParleur: posts big blind $1
*** HOLE CARDS ***
b2k-Snick: folds 
sutata: raises $2 to $3
BeauParleur: calls $2
*** FLOP *** [7c Td 6s]
sutata: bets $2.85
BeauParleur: calls $2.85
*** TURN *** [7c Td 6s] [9d]
sutata: bets $3.71
BeauParleur: calls $3.71
*** RIVER *** [7c Td 6s 9d] [Jd]
sutata: bets $9.08
BeauParleur: folds 
Uncalled bet ($9.08) returned to sutata
sutata collected $18.16 from pot
sutata: doesn't show hand 
*** SUMMARY ***
Total pot $19.12 | Rake $0.96 
Board [7c Td 6s 9d Jd]
Seat 3: b2k-Snick (button) folded before Flop (didn't bet)
Seat 4: sutata (small blind) collected ($18.16)
Seat 6: BeauParleur (big blind) folded on the River



PokerStars Hand #254617192467:  Hold'em No Limit ($0.50/$1.00 USD) - 2025/01/29 3:37:35 WET [2025/01/29 22:37:35 ET]
Table 'Laetitia' 6-max Seat #4 is the button
Seat 3: b2k-Snick ($221.27 in chips) 
Seat 4: sutata ($110.80 in chips) 
Seat 6: BeauParleur ($100 in chips) 
BeauParleur: posts small blind $0.50
b2k-Snick: posts big blind $1
*** HOLE CARDS ***
sutata: folds 
BeauParleur: raises $2 to $3
b2k-Snick: raises $6 to $9
sutata leaves the table
BeauParleur: raises $13.50 to $22.50
b2k-Snick: folds 
Uncalled bet ($13.50) returned to BeauParleur
BeauParleur collected $18 from pot
BeauParleur: doesn't show hand 
*** SUMMARY ***
Total pot $18 | Rake $0 
Seat 3: b2k-Snick (big blind) folded before Flop
Seat 4: sutata (button) folded before Flop (didn't bet)
Seat 6: BeauParleur (small blind) collected ($18)



