PokerStars Hand #254606655519:  Hold'em No Limit ($0.50/$1.00 USD) - 2025/01/29 14:40:17 WET [2025/01/29 9:40:17 ET]
Table 'Osiris' 6-max Seat #3 is the button
Seat 1: tintin641 ($100 in chips) 
Seat 3: poker_soul11 ($100 in chips) 
Seat 5: lymo1951 ($100 in chips) 
Seat 6: vadjkeee ($100 in chips) 
lymo1951: posts small blind $0.50
vadjkeee: posts big blind $1
*** HOLE CARDS ***
Poker9803 joins the table at seat #4 
tintin641: raises $1.50 to $2.50
poker_soul11: folds 
lymo1951: calls $2
Eredar5 joins the table at seat #2 
vadjkeee: calls $1.50
*** FLOP *** [5d 6d 2h]
lymo1951: checks 
vadjkeee: bets $1.78
tintin641: folds 
lymo1951: calls $1.78
*** TURN *** [5d 6d 2h] [9h]
lymo1951: checks 
vadjkeee: bets $10.50
lymo1951: folds 
Uncalled bet ($10.50) returned to vadjkeee
vadjkeee collected $10.51 from pot
vadjkeee: doesn't show hand 
*** SUMMARY ***
Total pot $11.06 | Rake $0.55 
Board [5d 6d 2h 9h]
Seat 1: tintin641 folded on the Flop
Seat 3: poker_soul11 (button) folded before Flop (didn't bet)
Seat 5: lymo1951 (small blind) folded on the Turn
Seat 6: vadjkeee (big blind) collected ($10.51)



PokerStars Hand #254606664677:  Hold'em No Limit ($0.50/$1.00 USD) - 2025/01/29 14:41:08 WET [2025/01/29 9:41:08 ET]
Table 'Osiris' 6-max Seat #5 is the button
Seat 2: Eredar5 ($100 in chips) is sitting out
Seat 4: Poker9803 ($100 in chips) is sitting out
Seat 1: tintin641 ($100 in chips) 
Seat 3: poker_soul11 ($100 in chips) 
Seat 5: lymo1951 ($95.72 in chips) 
Seat 6: vadjkeee ($106.23 in chips) 
vadjkeee: posts small blind $0.50
tintin641: posts big blind $1
Eredar5: sits out 
Poker9803: sits out 
*** HOLE CARDS ***
poker_soul11: folds 
lymo1951: raises $2.50 to $3.50
vadjkeee: folds 
tintin641: folds 
Uncalled bet ($2.50) returned to lymo1951
lymo1951 collected $2.50 from pot
lymo1951: doesn't show hand 
*** SUMMARY ***
Total pot $2.50 | Rake $0 
Seat 2: Eredar5
Seat 4: Poker9803
Seat 1: tintin641 (big blind) folded before Flop
Seat 3: poker_soul11 folded before Flop (didn't bet)
Seat 5: lymo1951 (button) collected ($2.50)
Seat 6: vadjkeee (small blind) folded before Flop



PokerStars Hand #254606667975:  Hold'em No Limit ($0.50/$1.00 USD) - 2025/01/29 14:41:25 WET [2025/01/29 9:41:25 ET]
Table 'Osiris' 6-max Seat #6 is the button
Seat 4: Poker9803 ($100 in chips) is sitting out
Seat 1: tintin641 ($100 in chips) 
Seat 2: Eredar5 ($100 in chips) 
Seat 3: poker_soul11 ($100 in chips) 
Seat 5: lymo1951 ($97.22 in chips) 
Seat 6: vadjkeee ($105.73 in chips) 
tintin641: posts small blind $0.50
Eredar5: posts big blind $1
Poker9803: sits out 
*** HOLE CARDS ***
poker_soul11: raises $1.20 to $2.20
lymo1951: calls $2.20
vadjkeee: folds 
tintin641: folds 
Eredar5: folds 
*** FLOP *** [6h Tc 3d]
poker_soul11: checks 
lymo1951: bets $6
poker_soul11: raises $8.80 to $14.80
lymo1951: calls $8.80
*** TURN *** [6h Tc 3d] [3c]
poker_soul11: bets $25.29
lymo1951: calls $25.29
*** RIVER *** [6h Tc 3d 3c] [8d]
poker_soul11: checks 
lymo1951: bets $54.93 and is all-in
poker_soul11: calls $54.93
*** SHOW DOWN ***
lymo1951: shows [5c Kc] (a pair of Threes)
poker_soul11: shows [Qc Th] (two pair, Tens and Threes)
poker_soul11 collected $193.44 from pot
*** SUMMARY ***
Total pot $195.94 | Rake $2.50 
Board [6h Tc 3d 3c 8d]
Seat 4: Poker9803
Seat 1: tintin641 (small blind) folded before Flop
Seat 2: Eredar5 (big blind) folded before Flop
Seat 3: poker_soul11 showed [Qc Th] and won ($193.44) with two pair, Tens and Threes
Seat 5: lymo1951 showed [5c Kc] and lost with a pair of Threes
Seat 6: vadjkeee (button) folded before Flop (didn't bet)



PokerStars Hand #254606679911:  Hold'em No Limit ($0.50/$1.00 USD) - 2025/01/29 14:42:29 WET [2025/01/29 9:42:29 ET]
Table 'Osiris' 6-max Seat #1 is the button
Seat 4: Poker9803 ($100 in chips) is sitting out
Seat 5: lymo1951 ($0 in chips) is sitting out
Seat 1: tintin641 ($100 in chips) 
Seat 2: Eredar5 ($100 in chips) 
Seat 3: poker_soul11 ($196.22 in chips) 
Seat 6: vadjkeee ($105.73 in chips) 
Eredar5: posts small blind $0.50
poker_soul11: posts big blind $1
Poker9803: sits out 
*** HOLE CARDS ***
vadjkeee: folds 
tintin641: folds 
Eredar5: folds 
Uncalled bet ($0.50) returned to poker_soul11
poker_soul11 collected $1 from pot
poker_soul11: doesn't show hand 
*** SUMMARY ***
Total pot $1 | Rake $0 
Seat 4: Poker9803
Seat 5: lymo1951
Seat 1: tintin641 (button) folded before Flop (didn't bet)
Seat 2: Eredar5 (small blind) folded before Flop
Seat 3: poker_soul11 (big blind) collected ($1)
Seat 6: vadjkeee folded before Flop (didn't bet)



PokerStars Hand #254606682245:  Hold'em No Limit ($0.50/$1.00 USD) - 2025/01/29 14:42:41 WET [2025/01/29 9:42:41 ET]
Table 'Osiris' 6-max Seat #2 is the button
Seat 1: tintin641 ($100 in chips) 
Seat 2: Eredar5 ($100 in chips) 
Seat 3: poker_soul11 ($196.72 in chips) 
Seat 4: Poker9803 ($100 in chips) 
Seat 5: lymo1951 ($100 in chips) 
Seat 6: vadjkeee ($105.73 in chips) 
poker_soul11: posts small blind $0.50
Poker9803: posts big blind $1
*** HOLE CARDS ***
lymo1951: folds 
vadjkeee: folds 
tintin641: raises $1.50 to $2.50
Eredar5: folds 
poker_soul11: raises $9 to $11.50
Poker9803: folds 
tintin641: folds 
Uncalled bet ($9) returned to poker_soul11
poker_soul11 collected $6 from pot
poker_soul11: doesn't show hand 
*** SUMMARY ***
Total pot $6 | Rake $0 
Seat 1: tintin641 folded before Flop
Seat 2: Eredar5 (button) folded before Flop (didn't bet)
Seat 3: poker_soul11 (small blind) collected ($6)
Seat 4: Poker9803 (big blind) folded before Flop
Seat 5: lymo1951 folded before Flop (didn't bet)
Seat 6: vadjkeee folded before Flop (didn't bet)



PokerStars Hand #254606687997:  Hold'em No Limit ($0.50/$1.00 USD) - 2025/01/29 14:43:12 WET [2025/01/29 9:43:12 ET]
Table 'Osiris' 6-max Seat #3 is the button
Seat 1: tintin641 ($100 in chips) 
Seat 2: Eredar5 ($100 in chips) 
Seat 3: poker_soul11 ($200.22 in chips) 
Seat 4: Poker9803 ($100 in chips) 
Seat 5: lymo1951 ($100 in chips) 
Seat 6: vadjkeee ($105.73 in chips) 
Poker9803: posts small blind $0.50
lymo1951: posts big blind $1
*** HOLE CARDS ***
vadjkeee: folds 
tintin641: folds 
Eredar5: folds 
poker_soul11: folds 
Poker9803: folds 
Uncalled bet ($0.50) returned to lymo1951
lymo1951 collected $1 from pot
lymo1951: doesn't show hand 
*** SUMMARY ***
Total pot $1 | Rake $0 
Seat 1: tintin641 folded before Flop (didn't bet)
Seat 2: Eredar5 folded before Flop (didn't bet)
Seat 3: poker_soul11 (button) folded before Flop (didn't bet)
Seat 4: Poker9803 (small blind) folded before Flop
Seat 5: lymo1951 (big blind) collected ($1)
Seat 6: vadjkeee folded before Flop (didn't bet)



PokerStars Hand #254606690170:  Hold'em No Limit ($0.50/$1.00 USD) - 2025/01/29 14:43:24 WET [2025/01/29 9:43:24 ET]
Table 'Osiris' 6-max Seat #4 is the button
Seat 1: tintin641 ($100 in chips) 
Seat 2: Eredar5 ($100 in chips) 
Seat 3: poker_soul11 ($200.22 in chips) 
Seat 4: Poker9803 ($100 in chips) 
Seat 5: lymo1951 ($100.50 in chips) 
Seat 6: vadjkeee ($105.73 in chips) 
lymo1951: posts small blind $0.50
vadjkeee: posts big blind $1
*** HOLE CARDS ***
tintin641: folds 
Eredar5: folds 
poker_soul11: raises $1.20 to $2.20
Poker9803: folds 
lymo1951: calls $1.70
vadjkeee: folds 
*** FLOP *** [8d Ac Tc]
lymo1951: checks 
poker_soul11: bets $1.69
lymo1951: raises $8.51 to $10.20
poker_soul11: calls $8.51
*** TURN *** [8d Ac Tc] [7h]
lymo1951: bets $24.51
poker_soul11: folds 
Uncalled bet ($24.51) returned to lymo1951
lymo1951 collected $24.51 from pot
lymo1951: doesn't show hand 
*** SUMMARY ***
Total pot $25.80 | Rake $1.29 
Board [8d Ac Tc 7h]
Seat 1: tintin641 folded before Flop (didn't bet)
Seat 2: Eredar5 folded before Flop (didn't bet)
Seat 3: poker_soul11 folded on the Turn
Seat 4: Poker9803 (button) folded before Flop (didn't bet)
Seat 5: lymo1951 (small blind) collected ($24.51)
Seat 6: vadjkeee (big blind) folded before Flop



PokerStars Hand #254606705101:  Hold'em No Limit ($0.50/$1.00 USD) - 2025/01/29 14:44:43 WET [2025/01/29 9:44:43 ET]
Table 'Osiris' 6-max Seat #5 is the button
Seat 1: tintin641 ($100 in chips) 
Seat 2: Eredar5 ($100 in chips) 
Seat 3: poker_soul11 ($187.82 in chips) 
Seat 4: Poker9803 ($100 in chips) 
Seat 5: lymo1951 ($112.61 in chips) 
Seat 6: vadjkeee ($104.73 in chips) 
vadjkeee: posts small blind $0.50
tintin641: posts big blind $1
*** HOLE CARDS ***
Eredar5: raises $2 to $3
poker_soul11: folds 
Poker9803: folds 
lymo1951: calls $3
vadjkeee: folds 
tintin641: folds 
*** FLOP *** [Qd 6c 7d]
Eredar5: checks 
lymo1951: checks 
*** TURN *** [Qd 6c 7d] [9s]
Eredar5: checks 
lymo1951: checks 
*** RIVER *** [Qd 6c 7d 9s] [5s]
Eredar5: checks 
lymo1951: checks 
*** SHOW DOWN ***
Eredar5: shows [7h Kh] (a pair of Sevens)
lymo1951: mucks hand 
Eredar5 collected $7.12 from pot
*** SUMMARY ***
Total pot $7.50 | Rake $0.38 
Board [Qd 6c 7d 9s 5s]
Seat 1: tintin641 (big blind) folded before Flop
Seat 2: Eredar5 showed [7h Kh] and won ($7.12) with a pair of Sevens
Seat 3: poker_soul11 folded before Flop (didn't bet)
Seat 4: Poker9803 folded before Flop (didn't bet)
Seat 5: lymo1951 (button) mucked
Seat 6: vadjkeee (small blind) folded before Flop



PokerStars Hand #254606715055:  Hold'em No Limit ($0.50/$1.00 USD) - 2025/01/29 14:45:36 WET [2025/01/29 9:45:36 ET]
Table 'Osiris' 6-max Seat #6 is the button
Seat 2: Eredar5 ($104.12 in chips) is sitting out
Seat 1: tintin641 ($100 in chips) 
Seat 3: poker_soul11 ($187.82 in chips) 
Seat 4: Poker9803 ($100 in chips) 
Seat 5: lymo1951 ($109.61 in chips) 
Seat 6: vadjkeee ($104.23 in chips) 
tintin641: posts small blind $0.50
Eredar5: is sitting out 
poker_soul11: posts big blind $1
*** HOLE CARDS ***
Poker9803: folds 
Eredar5 leaves the table
lymo1951: raises $2.50 to $3.50
vadjkeee: folds 
tintin641: folds 
poker_soul11: folds 
Uncalled bet ($2.50) returned to lymo1951
lymo1951 collected $2.50 from pot
lymo1951: doesn't show hand 
*** SUMMARY ***
Total pot $2.50 | Rake $0 
Seat 2: Eredar5
Seat 1: tintin641 (small blind) folded before Flop
Seat 3: poker_soul11 (big blind) folded before Flop
Seat 4: Poker9803 folded before Flop (didn't bet)
Seat 5: lymo1951 collected ($2.50)
Seat 6: vadjkeee (button) folded before Flop (didn't bet)



PokerStars Hand #254606718874:  Hold'em No Limit ($0.50/$1.00 USD) - 2025/01/29 14:45:56 WET [2025/01/29 9:45:56 ET]
Table 'Osiris' 6-max Seat #1 is the button
Seat 1: tintin641 ($100 in chips) 
Seat 3: poker_soul11 ($186.82 in chips) 
Seat 4: Poker9803 ($100 in chips) 
Seat 5: lymo1951 ($111.11 in chips) 
Seat 6: vadjkeee ($104.23 in chips) 
poker_soul11: posts small blind $0.50
Poker9803: posts big blind $1
*** HOLE CARDS ***
Pon4uk.ua joins the table at seat #2 
lymo1951 has timed out
lymo1951: folds 
vadjkeee: folds 
tintin641: raises $1.50 to $2.50
poker_soul11: folds 
Poker9803: folds 
Uncalled bet ($1.50) returned to tintin641
tintin641 collected $2.50 from pot
tintin641: doesn't show hand 
*** SUMMARY ***
Total pot $2.50 | Rake $0 
Seat 1: tintin641 (button) collected ($2.50)
Seat 3: poker_soul11 (small blind) folded before Flop
Seat 4: Poker9803 (big blind) folded before Flop
Seat 5: lymo1951 folded before Flop (didn't bet)
Seat 6: vadjkeee folded before Flop (didn't bet)



PokerStars Hand #254606723193:  Hold'em No Limit ($0.50/$1.00 USD) - 2025/01/29 14:46:19 WET [2025/01/29 9:46:19 ET]
Table 'Osiris' 6-max Seat #3 is the button
Seat 2: Pon4uk.ua ($100 in chips) is sitting out
Seat 1: tintin641 ($101.50 in chips) 
Seat 3: poker_soul11 ($186.32 in chips) 
Seat 4: Poker9803 ($100 in chips) 
Seat 5: lymo1951 ($111.11 in chips) 
Seat 6: vadjkeee ($104.23 in chips) 
Poker9803: posts small blind $0.50
lymo1951: posts big blind $1
Pon4uk.ua: sits out 
*** HOLE CARDS ***
vadjkeee: folds 
tintin641: raises $1.50 to $2.50
poker_soul11: folds 
Poker9803: folds 
lymo1951: calls $1.50
*** FLOP *** [4s Ac Qh]
lymo1951: checks 
tintin641: checks 
*** TURN *** [4s Ac Qh] [4d]
lymo1951: checks 
tintin641: checks 
*** RIVER *** [4s Ac Qh 4d] [9s]
lymo1951: checks 
tintin641: bets $1.72
lymo1951: folds 
Uncalled bet ($1.72) returned to tintin641
tintin641 collected $5.22 from pot
tintin641: doesn't show hand 
*** SUMMARY ***
Total pot $5.50 | Rake $0.28 
Board [4s Ac Qh 4d 9s]
Seat 2: Pon4uk.ua
Seat 1: tintin641 collected ($5.22)
Seat 3: poker_soul11 (button) folded before Flop (didn't bet)
Seat 4: Poker9803 (small blind) folded before Flop
Seat 5: lymo1951 (big blind) folded on the River
Seat 6: vadjkeee folded before Flop (didn't bet)



PokerStars Hand #254606733722:  Hold'em No Limit ($0.50/$1.00 USD) - 2025/01/29 14:47:15 WET [2025/01/29 9:47:15 ET]
Table 'Osiris' 6-max Seat #4 is the button
Seat 2: Pon4uk.ua ($100 in chips) is sitting out
Seat 1: tintin641 ($104.22 in chips) 
Seat 3: poker_soul11 ($186.32 in chips) 
Seat 4: Poker9803 ($100 in chips) 
Seat 5: lymo1951 ($108.61 in chips) 
Seat 6: vadjkeee ($104.23 in chips) 
lymo1951: posts small blind $0.50
vadjkeee: posts big blind $1
Pon4uk.ua: sits out 
*** HOLE CARDS ***
tintin641: folds 
poker_soul11: raises $1.20 to $2.20
Poker9803: raises $5.28 to $7.48
lymo1951: folds 
vadjkeee: folds 
poker_soul11: calls $5.28
*** FLOP *** [7d 9c 6s]
poker_soul11: checks 
Poker9803: checks 
*** TURN *** [7d 9c 6s] [Kc]
poker_soul11: checks 
Poker9803: checks 
*** RIVER *** [7d 9c 6s Kc] [2s]
poker_soul11: bets $5.16
Poker9803: folds 
Uncalled bet ($5.16) returned to poker_soul11
poker_soul11 collected $15.64 from pot
poker_soul11: doesn't show hand 
*** SUMMARY ***
Total pot $16.46 | Rake $0.82 
Board [7d 9c 6s Kc 2s]
Seat 2: Pon4uk.ua
Seat 1: tintin641 folded before Flop (didn't bet)
Seat 3: poker_soul11 collected ($15.64)
Seat 4: Poker9803 (button) folded on the River
Seat 5: lymo1951 (small blind) folded before Flop
Seat 6: vadjkeee (big blind) folded before Flop



PokerStars Hand #254606751236:  Hold'em No Limit ($0.50/$1.00 USD) - 2025/01/29 14:48:48 WET [2025/01/29 9:48:48 ET]
Table 'Osiris' 6-max Seat #5 is the button
Seat 2: Pon4uk.ua ($100 in chips) is sitting out
Seat 1: tintin641 ($104.22 in chips) 
Seat 3: poker_soul11 ($194.48 in chips) 
Seat 4: Poker9803 ($100 in chips) 
Seat 5: lymo1951 ($108.11 in chips) 
Seat 6: vadjkeee ($103.23 in chips) 
vadjkeee: posts small blind $0.50
tintin641: posts big blind $1
Pon4uk.ua: sits out 
*** HOLE CARDS ***
poker_soul11: folds 
Poker9803: raises $1.50 to $2.50
lymo1951: raises $6.50 to $9
vadjkeee: folds 
tintin641: folds 
Poker9803: folds 
Uncalled bet ($6.50) returned to lymo1951
lymo1951 collected $6.50 from pot
lymo1951: doesn't show hand 
*** SUMMARY ***
Total pot $6.50 | Rake $0 
Seat 2: Pon4uk.ua
Seat 1: tintin641 (big blind) folded before Flop
Seat 3: poker_soul11 folded before Flop (didn't bet)
Seat 4: Poker9803 folded before Flop
Seat 5: lymo1951 (button) collected ($6.50)
Seat 6: vadjkeee (small blind) folded before Flop



PokerStars Hand #254606754480:  Hold'em No Limit ($0.50/$1.00 USD) - 2025/01/29 14:49:06 WET [2025/01/29 9:49:06 ET]
Table 'Osiris' 6-max Seat #6 is the button
Seat 1: tintin641 ($103.22 in chips) 
Seat 2: Pon4uk.ua ($100 in chips) 
Seat 3: poker_soul11 ($194.48 in chips) 
Seat 4: Poker9803 ($100 in chips) 
Seat 5: lymo1951 ($112.11 in chips) 
Seat 6: vadjkeee ($102.73 in chips) 
tintin641: posts small blind $0.50
Pon4uk.ua: posts big blind $1
*** HOLE CARDS ***
poker_soul11: folds 
Poker9803: raises $1.50 to $2.50
lymo1951: folds 
vadjkeee: folds 
tintin641: folds 
Pon4uk.ua: folds 
Uncalled bet ($1.50) returned to Poker9803
Poker9803 collected $2.50 from pot
Poker9803: doesn't show hand 
*** SUMMARY ***
Total pot $2.50 | Rake $0 
Seat 1: tintin641 (small blind) folded before Flop
Seat 2: Pon4uk.ua (big blind) folded before Flop
Seat 3: poker_soul11 folded before Flop (didn't bet)
Seat 4: Poker9803 collected ($2.50)
Seat 5: lymo1951 folded before Flop (didn't bet)
Seat 6: vadjkeee (button) folded before Flop (didn't bet)



PokerStars Hand #254606758233:  Hold'em No Limit ($0.50/$1.00 USD) - 2025/01/29 14:49:26 WET [2025/01/29 9:49:26 ET]
Table 'Osiris' 6-max Seat #1 is the button
Seat 1: tintin641 ($102.72 in chips) 
Seat 2: Pon4uk.ua ($100 in chips) 
Seat 3: poker_soul11 ($194.48 in chips) 
Seat 4: Poker9803 ($101.50 in chips) 
Seat 5: lymo1951 ($112.11 in chips) 
Seat 6: vadjkeee ($102.73 in chips) 
Pon4uk.ua: posts small blind $0.50
poker_soul11: posts big blind $1
*** HOLE CARDS ***
Poker9803: raises $1.50 to $2.50
lymo1951: calls $2.50
vadjkeee: folds 
tintin641: folds 
Pon4uk.ua: folds 
poker_soul11: folds 
*** FLOP *** [9d Qc Jh]
Poker9803: checks 
lymo1951: bets $6.18
Poker9803: calls $6.18
*** TURN *** [9d Qc Jh] [Th]
Poker9803: checks 
lymo1951: bets $17.92
Poker9803: folds 
Uncalled bet ($17.92) returned to lymo1951
lymo1951 collected $17.92 from pot
lymo1951: doesn't show hand 
*** SUMMARY ***
Total pot $18.86 | Rake $0.94 
Board [9d Qc Jh Th]
Seat 1: tintin641 (button) folded before Flop (didn't bet)
Seat 2: Pon4uk.ua (small blind) folded before Flop
Seat 3: poker_soul11 (big blind) folded before Flop
Seat 4: Poker9803 folded on the Turn
Seat 5: lymo1951 collected ($17.92)
Seat 6: vadjkeee folded before Flop (didn't bet)



PokerStars Hand #254606769489:  Hold'em No Limit ($0.50/$1.00 USD) - 2025/01/29 14:50:26 WET [2025/01/29 9:50:26 ET]
Table 'Osiris' 6-max Seat #2 is the button
Seat 1: tintin641 ($102.72 in chips) 
Seat 2: Pon4uk.ua ($100 in chips) 
Seat 3: poker_soul11 ($193.48 in chips) 
Seat 4: Poker9803 ($100 in chips) 
Seat 5: lymo1951 ($121.35 in chips) 
Seat 6: vadjkeee ($102.73 in chips) 
poker_soul11: posts small blind $0.50
Poker9803: posts big blind $1
*** HOLE CARDS ***
lymo1951: calls $1
vadjkeee: raises $3 to $4
tintin641: folds 
Pon4uk.ua: folds 
poker_soul11: raises $10 to $14
Poker9803: folds 
lymo1951: folds 
vadjkeee: calls $10
*** FLOP *** [2h Ad 2c]
poker_soul11: bets $2.85
vadjkeee: calls $2.85
*** TURN *** [2h Ad 2c] [Ts]
poker_soul11: checks 
vadjkeee: checks 
*** RIVER *** [2h Ad 2c Ts] [8h]
poker_soul11: checks 
vadjkeee: checks 
*** SHOW DOWN ***
poker_soul11: shows [Ks Kc] (two pair, Kings and Deuces)
vadjkeee: mucks hand 
poker_soul11 collected $33.92 from pot
*** SUMMARY ***
Total pot $35.70 | Rake $1.78 
Board [2h Ad 2c Ts 8h]
Seat 1: tintin641 folded before Flop (didn't bet)
Seat 2: Pon4uk.ua (button) folded before Flop (didn't bet)
Seat 3: poker_soul11 (small blind) showed [Ks Kc] and won ($33.92) with two pair, Kings and Deuces
Seat 4: Poker9803 (big blind) folded before Flop
Seat 5: lymo1951 folded before Flop
Seat 6: vadjkeee mucked



PokerStars Hand #254606786587:  Hold'em No Limit ($0.50/$1.00 USD) - 2025/01/29 14:51:56 WET [2025/01/29 9:51:56 ET]
Table 'Osiris' 6-max Seat #3 is the button
Seat 1: tintin641 ($102.72 in chips) 
Seat 2: Pon4uk.ua ($100 in chips) 
Seat 3: poker_soul11 ($210.55 in chips) 
Seat 4: Poker9803 ($100 in chips) 
Seat 5: lymo1951 ($120.35 in chips) 
Seat 6: vadjkeee ($100 in chips) 
Poker9803: posts small blind $0.50
lymo1951: posts big blind $1
*** HOLE CARDS ***
vadjkeee: raises $2 to $3
tintin641: folds 
Pon4uk.ua: folds 
poker_soul11: folds 
Poker9803: calls $2.50
lymo1951: calls $2
*** FLOP *** [3d Ks Qd]
Poker9803: checks 
lymo1951: checks 
vadjkeee: bets $4.50
Poker9803: folds 
lymo1951: calls $4.50
*** TURN *** [3d Ks Qd] [Td]
lymo1951: checks 
vadjkeee: bets $9.41
lymo1951: calls $9.41
*** RIVER *** [3d Ks Qd Td] [4h]
lymo1951: checks 
vadjkeee: bets $19.24
lymo1951: calls $19.24
*** SHOW DOWN ***
vadjkeee: shows [Kd 8d] (a flush, King high)
lymo1951: mucks hand 
vadjkeee collected $72.80 from pot
*** SUMMARY ***
Total pot $75.30 | Rake $2.50 
Board [3d Ks Qd Td 4h]
Seat 1: tintin641 folded before Flop (didn't bet)
Seat 2: Pon4uk.ua folded before Flop (didn't bet)
Seat 3: poker_soul11 (button) folded before Flop (didn't bet)
Seat 4: Poker9803 (small blind) folded on the Flop
Seat 5: lymo1951 (big blind) mucked
Seat 6: vadjkeee showed [Kd 8d] and won ($72.80) with a flush, King high



PokerStars Hand #254606797585:  Hold'em No Limit ($0.50/$1.00 USD) - 2025/01/29 14:52:55 WET [2025/01/29 9:52:55 ET]
Table 'Osiris' 6-max Seat #4 is the button
Seat 1: tintin641 ($102.72 in chips) 
Seat 2: Pon4uk.ua ($100 in chips) 
Seat 3: poker_soul11 ($210.55 in chips) 
Seat 4: Poker9803 ($100 in chips) 
Seat 5: lymo1951 ($84.20 in chips) 
Seat 6: vadjkeee ($136.65 in chips) 
lymo1951: posts small blind $0.50
vadjkeee: posts big blind $1
*** HOLE CARDS ***
tintin641: raises $1.50 to $2.50
Pon4uk.ua: folds 
poker_soul11: folds 
Poker9803: folds 
lymo1951: calls $2
vadjkeee: folds 
*** FLOP *** [Kd 7c 4s]
lymo1951: checks 
tintin641: bets $1.88
lymo1951: calls $1.88
*** TURN *** [Kd 7c 4s] [Qd]
lymo1951: checks 
tintin641: bets $6.95
lymo1951: folds 
Uncalled bet ($6.95) returned to tintin641
tintin641 collected $9.27 from pot
tintin641: doesn't show hand 
*** SUMMARY ***
Total pot $9.76 | Rake $0.49 
Board [Kd 7c 4s Qd]
Seat 1: tintin641 collected ($9.27)
Seat 2: Pon4uk.ua folded before Flop (didn't bet)
Seat 3: poker_soul11 folded before Flop (didn't bet)
Seat 4: Poker9803 (button) folded before Flop (didn't bet)
Seat 5: lymo1951 (small blind) folded on the Turn
Seat 6: vadjkeee (big blind) folded before Flop



PokerStars Hand #254606811853:  Hold'em No Limit ($0.50/$1.00 USD) - 2025/01/29 14:54:11 WET [2025/01/29 9:54:11 ET]
Table 'Osiris' 6-max Seat #5 is the button
Seat 1: tintin641 ($107.61 in chips) 
Seat 2: Pon4uk.ua ($100 in chips) 
Seat 3: poker_soul11 ($210.55 in chips) 
Seat 4: Poker9803 ($100 in chips) 
Seat 5: lymo1951 ($100 in chips) 
Seat 6: vadjkeee ($135.65 in chips) 
vadjkeee: posts small blind $0.50
tintin641: posts big blind $1
*** HOLE CARDS ***
Pon4uk.ua: raises $1 to $2
poker_soul11: folds 
Poker9803: folds 
lymo1951: raises $3 to $5
vadjkeee: folds 
tintin641: folds 
Pon4uk.ua: raises $12 to $17
lymo1951: calls $12
*** FLOP *** [Qs 8c Jh]
Pon4uk.ua: bets $11.13
lymo1951: folds 
Uncalled bet ($11.13) returned to Pon4uk.ua
Pon4uk.ua collected $33.72 from pot
Pon4uk.ua: doesn't show hand 
*** SUMMARY ***
Total pot $35.50 | Rake $1.78 
Board [Qs 8c Jh]
Seat 1: tintin641 (big blind) folded before Flop
Seat 2: Pon4uk.ua collected ($33.72)
Seat 3: poker_soul11 folded before Flop (didn't bet)
Seat 4: Poker9803 folded before Flop (didn't bet)
Seat 5: lymo1951 (button) folded on the Flop
Seat 6: vadjkeee (small blind) folded before Flop



PokerStars Hand #254606823101:  Hold'em No Limit ($0.50/$1.00 USD) - 2025/01/29 14:55:12 WET [2025/01/29 9:55:12 ET]
Table 'Osiris' 6-max Seat #6 is the button
Seat 1: tintin641 ($106.61 in chips) 
Seat 2: Pon4uk.ua ($116.72 in chips) 
Seat 3: poker_soul11 ($210.55 in chips) 
Seat 4: Poker9803 ($100 in chips) 
Seat 5: lymo1951 ($95.88 in chips) 
Seat 6: vadjkeee ($135.15 in chips) 
tintin641: posts small blind $0.50
Pon4uk.ua: posts big blind $1
*** HOLE CARDS ***
poker_soul11: raises $1.20 to $2.20
Poker9803: folds 
lymo1951: calls $2.20
vadjkeee: folds 
tintin641: folds 
Pon4uk.ua: calls $1.20
*** FLOP *** [2h 5h 6d]
Pon4uk.ua: checks 
poker_soul11: checks 
lymo1951: bets $8
Pon4uk.ua: folds 
poker_soul11: raises $11.37 to $19.37
lymo1951: calls $11.37
*** TURN *** [2h 5h 6d] [Td]
poker_soul11: checks 
lymo1951: bets $43.55
poker_soul11: raises $145.43 to $188.98 and is all-in
lymo1951: calls $30.76 and is all-in
Uncalled bet ($114.67) returned to poker_soul11
*** RIVER *** [2h 5h 6d Td] [Qs]
*** SHOW DOWN ***
poker_soul11: shows [6h 6s] (three of a kind, Sixes)
lymo1951: shows [Tc 2c] (two pair, Tens and Deuces)
poker_soul11 collected $191.96 from pot
*** SUMMARY ***
Total pot $194.46 | Rake $2.50 
Board [2h 5h 6d Td Qs]
Seat 1: tintin641 (small blind) folded before Flop
Seat 2: Pon4uk.ua (big blind) folded on the Flop
Seat 3: poker_soul11 showed [6h 6s] and won ($191.96) with three of a kind, Sixes
Seat 4: Poker9803 folded before Flop (didn't bet)
Seat 5: lymo1951 showed [Tc 2c] and lost with two pair, Tens and Deuces
Seat 6: vadjkeee (button) folded before Flop (didn't bet)



PokerStars Hand #254606833808:  Hold'em No Limit ($0.50/$1.00 USD) - 2025/01/29 14:56:24 WET [2025/01/29 9:56:24 ET]
Table 'Osiris' 6-max Seat #1 is the button
Seat 5: lymo1951 ($0 in chips) is sitting out
Seat 1: tintin641 ($106.11 in chips) 
Seat 2: Pon4uk.ua ($114.52 in chips) 
Seat 3: poker_soul11 ($306.63 in chips) 
Seat 4: Poker9803 ($100 in chips) 
Seat 6: vadjkeee ($135.15 in chips) 
Pon4uk.ua: posts small blind $0.50
poker_soul11: posts big blind $1
*** HOLE CARDS ***
Poker9803: folds 
vadjkeee: folds 
tintin641: raises $1.50 to $2.50
Pon4uk.ua: folds 
lymo1951 leaves the table
Poker9803 leaves the table
Trojanovich joins the table at seat #5 
poker_soul11: calls $1.50
*** FLOP *** [3c 2h 5h]
poker_soul11: checks 
tintin641: checks 
*** TURN *** [3c 2h 5h] [Qd]
poker_soul11: checks 
tintin641: checks 
*** RIVER *** [3c 2h 5h Qd] [3d]
poker_soul11: checks 
tintin641: bets $3.92
poker_soul11: calls $3.92
*** SHOW DOWN ***
tintin641: shows [Th Ts] (two pair, Tens and Threes)
poker_soul11: mucks hand 
tintin641 collected $12.67 from pot
*** SUMMARY ***
Total pot $13.34 | Rake $0.67 
Board [3c 2h 5h Qd 3d]
Seat 5: lymo1951
Seat 1: tintin641 (button) showed [Th Ts] and won ($12.67) with two pair, Tens and Threes
Seat 2: Pon4uk.ua (small blind) folded before Flop
Seat 3: poker_soul11 (big blind) mucked
Seat 4: Poker9803 folded before Flop (didn't bet)
Seat 6: vadjkeee folded before Flop (didn't bet)



PokerStars Hand #254606847713:  Hold'em No Limit ($0.50/$1.00 USD) - 2025/01/29 14:57:55 WET [2025/01/29 9:57:55 ET]
Table 'Osiris' 6-max Seat #2 is the button
Seat 1: tintin641 ($112.36 in chips) 
Seat 2: Pon4uk.ua ($114.02 in chips) 
Seat 3: poker_soul11 ($300.21 in chips) 
Seat 5: Trojanovich ($100 in chips) 
Seat 6: vadjkeee ($135.15 in chips) 
poker_soul11: posts small blind $0.50
Trojanovich: posts big blind $1
*** HOLE CARDS ***
vadjkeee: folds 
tintin641: folds 
Pon4uk.ua: folds 
vadjkeee leaves the table
poker_soul11: raises $2 to $3
Trojanovich: calls $2
*** FLOP *** [Ah 8s 4h]
poker_soul11: bets $1.88
Trojanovich: calls $1.88
*** TURN *** [Ah 8s 4h] [Qc]
poker_soul11: bets $11.59
Trojanovich: folds 
Uncalled bet ($11.59) returned to poker_soul11
poker_soul11 collected $9.27 from pot
poker_soul11: doesn't show hand 
*** SUMMARY ***
Total pot $9.76 | Rake $0.49 
Board [Ah 8s 4h Qc]
Seat 1: tintin641 folded before Flop (didn't bet)
Seat 2: Pon4uk.ua (button) folded before Flop (didn't bet)
Seat 3: poker_soul11 (small blind) collected ($9.27)
Seat 5: Trojanovich (big blind) folded on the Turn
Seat 6: vadjkeee folded before Flop (didn't bet)



PokerStars Hand #254606855215:  Hold'em No Limit ($0.50/$1.00 USD) - 2025/01/29 14:58:45 WET [2025/01/29 9:58:45 ET]
Table 'Osiris' 6-max Seat #3 is the button
Seat 1: tintin641 ($112.36 in chips) is sitting out
Seat 2: Pon4uk.ua ($114.02 in chips) 
Seat 3: poker_soul11 ($304.60 in chips) 
Seat 5: Trojanovich ($100 in chips) 
Trojanovich: posts small blind $0.50
tintin641: is sitting out 
Pon4uk.ua: posts big blind $1
*** HOLE CARDS ***
tintin641 leaves the table
poker_soul11: folds 
Trojanovich: folds 
Uncalled bet ($0.50) returned to Pon4uk.ua
Pon4uk.ua collected $1 from pot
Pon4uk.ua: doesn't show hand 
*** SUMMARY ***
Total pot $1 | Rake $0 
Seat 1: tintin641
Seat 2: Pon4uk.ua (big blind) collected ($1)
Seat 3: poker_soul11 (button) folded before Flop (didn't bet)
Seat 5: Trojanovich (small blind) folded before Flop



PokerStars Hand #254606856531:  Hold'em No Limit ($0.50/$1.00 USD) - 2025/01/29 14:58:54 WET [2025/01/29 9:58:54 ET]
Table 'Osiris' 6-max Seat #2 is the button
Seat 3: poker_soul11 ($304.60 in chips) is sitting out
Seat 2: Pon4uk.ua ($114.52 in chips) 
Seat 5: Trojanovich ($100 in chips) 
Pon4uk.ua: posts small blind $0.50
poker_soul11: is sitting out 
Trojanovich: posts big blind $1
*** HOLE CARDS ***
poker_soul11 leaves the table
Pon4uk.ua: raises $1.50 to $2.50
Trojanovich: calls $1.50
*** FLOP *** [4c 8s Qd]
Trojanovich: checks 
Pon4uk.ua: bets $2
Trojanovich: calls $2
*** TURN *** [4c 8s Qd] [6h]
Trojanovich: checks 
Pon4uk.ua: checks 
*** RIVER *** [4c 8s Qd 6h] [Jd]
Trojanovich: checks 
Pon4uk.ua: bets $4.28
Trojanovich: raises $34.22 to $38.50
Pon4uk.ua: folds 
Uncalled bet ($34.22) returned to Trojanovich
Trojanovich collected $16.68 from pot
Trojanovich: doesn't show hand 
*** SUMMARY ***
Total pot $17.56 | Rake $0.88 
Board [4c 8s Qd 6h Jd]
Seat 3: poker_soul11
Seat 2: Pon4uk.ua (button) (small blind) folded on the River
Seat 5: Trojanovich (big blind) collected ($16.68)



