PokerStars Hand #254604854887:  Hold'em No Limit ($0.50/$1.00 USD) - 2025/01/29 11:27:07 WET [2025/01/29 6:27:07 ET]
Table 'Dolon' 6-max Seat #5 is the button
Seat 1: ARCTlCkiss ($100 in chips) 
Seat 2: 3EPH ($103.20 in chips) 
Seat 3: anthoslr ($109.67 in chips) 
Seat 4: v.sting ($100 in chips) 
Seat 5: Eredar5 ($100 in chips) 
Seat 6: steepfell ($100 in chips) 
steepfell: posts small blind $0.50
ARCTlCkiss: posts big blind $1
*** HOLE CARDS ***
3EPH: folds 
anthoslr: folds 
v.sting: raises $1.50 to $2.50
Eredar5: raises $5 to $7.50
steepfell: folds 
ARCTlCkiss: folds 
v.sting: raises $11 to $18.50
Eredar5: calls $11
*** FLOP *** [9h 9d 3h]
v.sting: bets $27.44
Eredar5: calls $27.44
*** TURN *** [9h 9d 3h] [4h]
v.sting: checks 
Eredar5: bets $54.06 and is all-in
v.sting: calls $54.06 and is all-in
*** RIVER *** [9h 9d 3h 4h] [Qc]
*** SHOW DOWN ***
v.sting: shows [Kc 9c] (three of a kind, Nines)
Eredar5: shows [Qh Qs] (a full house, Queens full of Nines)
Eredar5 collected $199 from pot
*** SUMMARY ***
Total pot $201.50 | Rake $2.50 
Board [9h 9d 3h 4h Qc]
Seat 1: ARCTlCkiss (big blind) folded before Flop
Seat 2: 3EPH folded before Flop (didn't bet)
Seat 3: anthoslr folded before Flop (didn't bet)
Seat 4: v.sting showed [Kc 9c] and lost with three of a kind, Nines
Seat 5: Eredar5 (button) showed [Qh Qs] and won ($199) with a full house, Queens full of Nines
Seat 6: steepfell (small blind) folded before Flop



PokerStars Hand #254604871816:  Hold'em No Limit ($0.50/$1.00 USD) - 2025/01/29 11:29:19 WET [2025/01/29 6:29:19 ET]
Table 'Dolon' 6-max Seat #6 is the button
Seat 1: ARCTlCkiss ($100 in chips) 
Seat 2: 3EPH ($103.20 in chips) 
Seat 3: anthoslr ($109.67 in chips) 
Seat 4: v.sting ($100 in chips) 
Seat 5: Eredar5 ($199 in chips) 
Seat 6: steepfell ($100 in chips) 
ARCTlCkiss: posts small blind $0.50
3EPH: posts big blind $1
*** HOLE CARDS ***
anthoslr: folds 
v.sting: raises $1.50 to $2.50
Eredar5: folds 
steepfell: raises $5.50 to $8
ARCTlCkiss: folds 
3EPH: folds 
v.sting: raises $10.65 to $18.65
steepfell: raises $81.35 to $100 and is all-in
v.sting: calls $81.35 and is all-in
*** FLOP *** [3d Td 3h]
*** TURN *** [3d Td 3h] [9h]
*** RIVER *** [3d Td 3h 9h] [Jc]
*** SHOW DOWN ***
v.sting: shows [As Ac] (two pair, Aces and Threes)
steepfell: shows [Kc Ad] (a pair of Threes)
v.sting collected $199 from pot
*** SUMMARY ***
Total pot $201.50 | Rake $2.50 
Board [3d Td 3h 9h Jc]
Seat 1: ARCTlCkiss (small blind) folded before Flop
Seat 2: 3EPH (big blind) folded before Flop
Seat 3: anthoslr folded before Flop (didn't bet)
Seat 4: v.sting showed [As Ac] and won ($199) with two pair, Aces and Threes
Seat 5: Eredar5 folded before Flop (didn't bet)
Seat 6: steepfell (button) showed [Kc Ad] and lost with a pair of Threes



PokerStars Hand #254604877432:  Hold'em No Limit ($0.50/$1.00 USD) - 2025/01/29 11:30:02 WET [2025/01/29 6:30:02 ET]
Table 'Dolon' 6-max Seat #1 is the button
Seat 1: ARCTlCkiss ($100 in chips) 
Seat 2: 3EPH ($102.20 in chips) 
Seat 3: anthoslr ($109.67 in chips) 
Seat 4: v.sting ($199 in chips) 
Seat 5: Eredar5 ($199 in chips) 
Seat 6: steepfell ($100 in chips) 
3EPH: posts small blind $0.50
anthoslr: posts big blind $1
*** HOLE CARDS ***
v.sting: raises $1.50 to $2.50
Eredar5: folds 
steepfell: folds 
ARCTlCkiss: folds 
3EPH: folds 
anthoslr: calls $1.50
*** FLOP *** [Ks 2d 6c]
anthoslr: checks 
v.sting: bets $1.72
anthoslr: folds 
Uncalled bet ($1.72) returned to v.sting
v.sting collected $5.22 from pot
v.sting: doesn't show hand 
*** SUMMARY ***
Total pot $5.50 | Rake $0.28 
Board [Ks 2d 6c]
Seat 1: ARCTlCkiss (button) folded before Flop (didn't bet)
Seat 2: 3EPH (small blind) folded before Flop
Seat 3: anthoslr (big blind) folded on the Flop
Seat 4: v.sting collected ($5.22)
Seat 5: Eredar5 folded before Flop (didn't bet)
Seat 6: steepfell folded before Flop (didn't bet)



PokerStars Hand #254604880902:  Hold'em No Limit ($0.50/$1.00 USD) - 2025/01/29 11:30:29 WET [2025/01/29 6:30:29 ET]
Table 'Dolon' 6-max Seat #2 is the button
Seat 4: v.sting ($201.72 in chips) is sitting out
Seat 1: ARCTlCkiss ($100 in chips) 
Seat 2: 3EPH ($101.70 in chips) 
Seat 3: anthoslr ($107.17 in chips) 
Seat 5: Eredar5 ($199 in chips) 
Seat 6: steepfell ($100 in chips) 
anthoslr: posts small blind $0.50
v.sting: is sitting out 
Eredar5: posts big blind $1
*** HOLE CARDS ***
steepfell: raises $1.50 to $2.50
ARCTlCkiss: folds 
3EPH: folds 
anthoslr: folds 
Eredar5: folds 
Uncalled bet ($1.50) returned to steepfell
steepfell collected $2.50 from pot
steepfell: doesn't show hand 
*** SUMMARY ***
Total pot $2.50 | Rake $0 
Seat 4: v.sting
Seat 1: ARCTlCkiss folded before Flop (didn't bet)
Seat 2: 3EPH (button) folded before Flop (didn't bet)
Seat 3: anthoslr (small blind) folded before Flop
Seat 5: Eredar5 (big blind) folded before Flop
Seat 6: steepfell collected ($2.50)



PokerStars Hand #254604882399:  Hold'em No Limit ($0.50/$1.00 USD) - 2025/01/29 11:30:40 WET [2025/01/29 6:30:40 ET]
Table 'Dolon' 6-max Seat #3 is the button
Seat 4: v.sting ($201.72 in chips) is sitting out
Seat 1: ARCTlCkiss ($100 in chips) 
Seat 2: 3EPH ($101.70 in chips) 
Seat 3: anthoslr ($106.67 in chips) 
Seat 5: Eredar5 ($198 in chips) 
Seat 6: steepfell ($101.50 in chips) 
Eredar5: posts small blind $0.50
steepfell: posts big blind $1
*** HOLE CARDS ***
ARCTlCkiss: folds 
3EPH: raises $1.50 to $2.50
anthoslr: folds 
Eredar5: folds 
steepfell: folds 
Uncalled bet ($1.50) returned to 3EPH
3EPH collected $2.50 from pot
3EPH: doesn't show hand 
*** SUMMARY ***
Total pot $2.50 | Rake $0 
Seat 4: v.sting
Seat 1: ARCTlCkiss folded before Flop (didn't bet)
Seat 2: 3EPH collected ($2.50)
Seat 3: anthoslr (button) folded before Flop (didn't bet)
Seat 5: Eredar5 (small blind) folded before Flop
Seat 6: steepfell (big blind) folded before Flop



PokerStars Hand #254604884910:  Hold'em No Limit ($0.50/$1.00 USD) - 2025/01/29 11:31:00 WET [2025/01/29 6:31:00 ET]
Table 'Dolon' 6-max Seat #5 is the button
Seat 4: v.sting ($201.72 in chips) is sitting out
Seat 1: ARCTlCkiss ($100 in chips) 
Seat 2: 3EPH ($103.20 in chips) 
Seat 3: anthoslr ($106.67 in chips) 
Seat 5: Eredar5 ($197.50 in chips) 
Seat 6: steepfell ($100.50 in chips) 
steepfell: posts small blind $0.50
ARCTlCkiss: posts big blind $1
*** HOLE CARDS ***
3EPH: raises $1.50 to $2.50
anthoslr: folds 
Eredar5: folds 
steepfell: folds 
v.sting leaves the table
ARCTlCkiss: folds 
Uncalled bet ($1.50) returned to 3EPH
3EPH collected $2.50 from pot
3EPH: doesn't show hand 
*** SUMMARY ***
Total pot $2.50 | Rake $0 
Seat 4: v.sting
Seat 1: ARCTlCkiss (big blind) folded before Flop
Seat 2: 3EPH collected ($2.50)
Seat 3: anthoslr folded before Flop (didn't bet)
Seat 5: Eredar5 (button) folded before Flop (didn't bet)
Seat 6: steepfell (small blind) folded before Flop



PokerStars Hand #254604889279:  Hold'em No Limit ($0.50/$1.00 USD) - 2025/01/29 11:31:34 WET [2025/01/29 6:31:34 ET]
Table 'Dolon' 6-max Seat #6 is the button
Seat 2: 3EPH ($104.70 in chips) is sitting out
Seat 1: ARCTlCkiss ($100 in chips) 
Seat 3: anthoslr ($106.67 in chips) 
Seat 5: Eredar5 ($197.50 in chips) 
Seat 6: steepfell ($100 in chips) 
ARCTlCkiss: posts small blind $0.50
3EPH: is sitting out 
anthoslr: posts big blind $1
*** HOLE CARDS ***
Timonessb joins the table at seat #4 
Eredar5: folds 
steepfell: folds 
3EPH leaves the table
ARCTlCkiss: raises $2.08 to $3.08
anthoslr: calls $2.08
*** FLOP *** [3s Kd 3h]
ARCTlCkiss: bets $1.64
anthoslr: folds 
Uncalled bet ($1.64) returned to ARCTlCkiss
ARCTlCkiss collected $5.85 from pot
ARCTlCkiss: doesn't show hand 
*** SUMMARY ***
Total pot $6.16 | Rake $0.31 
Board [3s Kd 3h]
Seat 2: 3EPH
Seat 1: ARCTlCkiss (small blind) collected ($5.85)
Seat 3: anthoslr (big blind) folded on the Flop
Seat 5: Eredar5 folded before Flop (didn't bet)
Seat 6: steepfell (button) folded before Flop (didn't bet)



PokerStars Hand #254604891611:  Hold'em No Limit ($0.50/$1.00 USD) - 2025/01/29 11:31:52 WET [2025/01/29 6:31:52 ET]
Table 'Dolon' 6-max Seat #1 is the button
Seat 1: ARCTlCkiss ($102.77 in chips) 
Seat 3: anthoslr ($103.59 in chips) 
Seat 4: Timonessb ($100 in chips) 
Seat 5: Eredar5 ($197.50 in chips) 
Seat 6: steepfell ($100 in chips) 
anthoslr: posts small blind $0.50
Timonessb: posts big blind $1
*** HOLE CARDS ***
Eredar5: folds 
steepfell: folds 
Dazburt123 joins the table at seat #2 
ARCTlCkiss: folds 
anthoslr: folds 
Uncalled bet ($0.50) returned to Timonessb
Timonessb collected $1 from pot
*** SUMMARY ***
Total pot $1 | Rake $0 
Seat 1: ARCTlCkiss (button) folded before Flop (didn't bet)
Seat 3: anthoslr (small blind) folded before Flop
Seat 4: Timonessb (big blind) collected ($1)
Seat 5: Eredar5 folded before Flop (didn't bet)
Seat 6: steepfell folded before Flop (didn't bet)



PokerStars Hand #254604894430:  Hold'em No Limit ($0.50/$1.00 USD) - 2025/01/29 11:32:14 WET [2025/01/29 6:32:14 ET]
Table 'Dolon' 6-max Seat #3 is the button
Seat 2: Dazburt123 ($100 in chips) is sitting out
Seat 1: ARCTlCkiss ($102.77 in chips) 
Seat 3: anthoslr ($103.09 in chips) 
Seat 4: Timonessb ($100.50 in chips) 
Seat 5: Eredar5 ($197.50 in chips) 
Seat 6: steepfell ($100 in chips) 
Timonessb: posts small blind $0.50
Eredar5: posts big blind $1
Dazburt123: sits out 
*** HOLE CARDS ***
steepfell: folds 
ARCTlCkiss: folds 
anthoslr: folds 
Timonessb: raises $2 to $3
Eredar5: raises $7 to $10
Timonessb: raises $90.50 to $100.50 and is all-in
Eredar5: calls $90.50
*** FLOP *** [Th 3h 9h]
*** TURN *** [Th 3h 9h] [4s]
*** RIVER *** [Th 3h 9h 4s] [Ah]
*** SHOW DOWN ***
Timonessb: shows [Kd As] (a pair of Aces)
Eredar5: shows [Kc Kh] (a flush, Ace high)
Eredar5 cashed out the hand for $136.18 | Cash Out Fee $2.78
*** SUMMARY ***
Total pot $201 | Rake $2.50 
Board [Th 3h 9h 4s Ah]
Seat 2: Dazburt123
Seat 1: ARCTlCkiss folded before Flop (didn't bet)
Seat 3: anthoslr (button) folded before Flop (didn't bet)
Seat 4: Timonessb (small blind) showed [Kd As] and lost with a pair of Aces
Seat 5: Eredar5 (big blind) showed [Kc Kh] and won ($198.50) with a flush, Ace high (pot not awarded as player cashed out)
Seat 6: steepfell folded before Flop (didn't bet)



PokerStars Hand #254604900163:  Hold'em No Limit ($0.50/$1.00 USD) - 2025/01/29 11:32:58 WET [2025/01/29 6:32:58 ET]
Table 'Dolon' 6-max Seat #4 is the button
Seat 2: Dazburt123 ($100 in chips) is sitting out
Seat 1: ARCTlCkiss ($102.77 in chips) 
Seat 3: anthoslr ($103.09 in chips) 
Seat 4: Timonessb ($100 in chips) 
Seat 5: Eredar5 ($233.18 in chips) 
Seat 6: steepfell ($100 in chips) 
Eredar5: posts small blind $0.50
steepfell: posts big blind $1
Dazburt123: sits out 
*** HOLE CARDS ***
ARCTlCkiss: folds 
anthoslr: raises $1 to $2
Timonessb: folds 
Eredar5: folds 
steepfell: folds 
Uncalled bet ($1) returned to anthoslr
anthoslr collected $2.50 from pot
*** SUMMARY ***
Total pot $2.50 | Rake $0 
Seat 2: Dazburt123
Seat 1: ARCTlCkiss folded before Flop (didn't bet)
Seat 3: anthoslr collected ($2.50)
Seat 4: Timonessb (button) folded before Flop (didn't bet)
Seat 5: Eredar5 (small blind) folded before Flop
Seat 6: steepfell (big blind) folded before Flop



PokerStars Hand #254604835395:  Hold'em No Limit ($0.50/$1.00 USD) - 2025/01/29 11:24:38 WET [2025/01/29 6:24:38 ET]
Table 'Dolon' 6-max Seat #2 is the button
Seat 1: ARCTlCkiss ($100 in chips) 
Seat 2: 3EPH ($100 in chips) 
Seat 3: anthoslr ($82.24 in chips) 
Seat 4: v.sting ($100 in chips) 
Seat 5: Eredar5 ($100 in chips) 
Seat 6: steepfell ($100 in chips) 
anthoslr: posts small blind $0.50
v.sting: posts big blind $1
*** HOLE CARDS ***
Eredar5: folds 
steepfell: folds 
ARCTlCkiss: folds 
3EPH: raises $1.50 to $2.50
anthoslr: calls $2
v.sting: folds 
*** FLOP *** [Ks Qd Qs]
anthoslr: checks 
3EPH: bets $2.28
anthoslr: folds 
Uncalled bet ($2.28) returned to 3EPH
3EPH collected $5.70 from pot
3EPH: doesn't show hand 
*** SUMMARY ***
Total pot $6 | Rake $0.30 
Board [Ks Qd Qs]
Seat 1: ARCTlCkiss folded before Flop (didn't bet)
Seat 2: 3EPH (button) collected ($5.70)
Seat 3: anthoslr (small blind) folded on the Flop
Seat 4: v.sting (big blind) folded before Flop
Seat 5: Eredar5 folded before Flop (didn't bet)
Seat 6: steepfell folded before Flop (didn't bet)



PokerStars Hand #254604840042:  Hold'em No Limit ($0.50/$1.00 USD) - 2025/01/29 11:25:13 WET [2025/01/29 6:25:13 ET]
Table 'Dolon' 6-max Seat #3 is the button
Seat 1: ARCTlCkiss ($100 in chips) 
Seat 2: 3EPH ($103.20 in chips) 
Seat 3: anthoslr ($79.74 in chips) 
Seat 4: v.sting ($100 in chips) 
Seat 5: Eredar5 ($100 in chips) 
Seat 6: steepfell ($100 in chips) 
v.sting: posts small blind $0.50
Eredar5: posts big blind $1
*** HOLE CARDS ***
steepfell: folds 
ARCTlCkiss: folds 
3EPH: folds 
anthoslr: folds 
v.sting: folds 
Uncalled bet ($0.50) returned to Eredar5
Eredar5 collected $1 from pot
Eredar5: doesn't show hand 
*** SUMMARY ***
Total pot $1 | Rake $0 
Seat 1: ARCTlCkiss folded before Flop (didn't bet)
Seat 2: 3EPH folded before Flop (didn't bet)
Seat 3: anthoslr (button) folded before Flop (didn't bet)
Seat 4: v.sting (small blind) folded before Flop
Seat 5: Eredar5 (big blind) collected ($1)
Seat 6: steepfell folded before Flop (didn't bet)



PokerStars Hand #254604841876:  Hold'em No Limit ($0.50/$1.00 USD) - 2025/01/29 11:25:27 WET [2025/01/29 6:25:27 ET]
Table 'Dolon' 6-max Seat #4 is the button
Seat 1: ARCTlCkiss ($100 in chips) 
Seat 2: 3EPH ($103.20 in chips) 
Seat 3: anthoslr ($79.74 in chips) 
Seat 4: v.sting ($100 in chips) 
Seat 5: Eredar5 ($100.50 in chips) 
Seat 6: steepfell ($100 in chips) 
Eredar5: posts small blind $0.50
steepfell: posts big blind $1
*** HOLE CARDS ***
ARCTlCkiss: folds 
3EPH: folds 
anthoslr: raises $1 to $2
v.sting: folds 
Eredar5: raises $9 to $11
steepfell: folds 
anthoslr: calls $9
*** FLOP *** [Kc 4c 6c]
Eredar5: bets $7.43
anthoslr: calls $7.43
*** TURN *** [Kc 4c 6c] [9s]
Eredar5: checks 
anthoslr: bets $13
Eredar5: calls $13
*** RIVER *** [Kc 4c 6c 9s] [Qd]
Eredar5: checks 
anthoslr: bets $29
Eredar5: folds 
Uncalled bet ($29) returned to anthoslr
anthoslr collected $61.36 from pot
*** SUMMARY ***
Total pot $63.86 | Rake $2.50 
Board [Kc 4c 6c 9s Qd]
Seat 1: ARCTlCkiss folded before Flop (didn't bet)
Seat 2: 3EPH folded before Flop (didn't bet)
Seat 3: anthoslr collected ($61.36)
Seat 4: v.sting (button) folded before Flop (didn't bet)
Seat 5: Eredar5 (small blind) folded on the River
Seat 6: steepfell (big blind) folded before Flop



PokerStars Hand #254604901535:  Hold'em No Limit ($0.50/$1.00 USD) - 2025/01/29 11:33:08 WET [2025/01/29 6:33:08 ET]
Table 'Dolon' 6-max Seat #5 is the button
Seat 2: Dazburt123 ($100 in chips) is sitting out
Seat 1: ARCTlCkiss ($102.77 in chips) 
Seat 3: anthoslr ($104.59 in chips) 
Seat 4: Timonessb ($100 in chips) 
Seat 5: Eredar5 ($232.68 in chips) 
Seat 6: steepfell ($100 in chips) 
steepfell: posts small blind $0.50
ARCTlCkiss: posts big blind $1
Dazburt123: sits out 
*** HOLE CARDS ***
anthoslr: calls $1
Timonessb: folds 
Eredar5: raises $3 to $4
steepfell: folds 
ARCTlCkiss: calls $3
anthoslr: calls $3
*** FLOP *** [4h 7c 6c]
ARCTlCkiss: checks 
anthoslr: checks 
Eredar5: checks 
*** TURN *** [4h 7c 6c] [9s]
ARCTlCkiss: bets $9.27
anthoslr: calls $9.27
Eredar5: folds 
*** RIVER *** [4h 7c 6c 9s] [3d]
ARCTlCkiss: checks 
anthoslr: bets $16
ARCTlCkiss: folds 
Uncalled bet ($16) returned to anthoslr
anthoslr collected $29.49 from pot
anthoslr: shows [7h 9h] (two pair, Nines and Sevens)
*** SUMMARY ***
Total pot $31.04 | Rake $1.55 
Board [4h 7c 6c 9s 3d]
Seat 2: Dazburt123
Seat 1: ARCTlCkiss (big blind) folded on the River
Seat 3: anthoslr collected ($29.49)
Seat 4: Timonessb folded before Flop (didn't bet)
Seat 5: Eredar5 (button) folded on the Turn
Seat 6: steepfell (small blind) folded before Flop



PokerStars Hand #254605001432:  Hold'em No Limit ($0.50/$1.00 USD) - 2025/01/29 11:45:08 WET [2025/01/29 6:45:08 ET]
Table 'Dolon' 6-max Seat #6 is the button
Seat 1: ARCTlCkiss ($100 in chips) 
Seat 2: Dazburt123 ($128.78 in chips) 
Seat 3: anthoslr ($83.70 in chips) 
Seat 4: Timonessb ($117.24 in chips) 
Seat 5: Eredar5 ($233.77 in chips) 
Seat 6: steepfell ($100 in chips) 
ARCTlCkiss: posts small blind $0.50
Dazburt123: posts big blind $1
*** HOLE CARDS ***
anthoslr: raises $2 to $3
Timonessb: folds 
Eredar5: folds 
steepfell: folds 
ARCTlCkiss: folds 
Dazburt123: calls $2
*** FLOP *** [Th 6d 7h]
Dazburt123: bets $2.04
anthoslr: folds 
Uncalled bet ($2.04) returned to Dazburt123
Dazburt123 collected $6.18 from pot
Dazburt123: doesn't show hand 
*** SUMMARY ***
Total pot $6.50 | Rake $0.32 
Board [Th 6d 7h]
Seat 1: ARCTlCkiss (small blind) folded before Flop
Seat 2: Dazburt123 (big blind) collected ($6.18)
Seat 3: anthoslr folded on the Flop
Seat 4: Timonessb folded before Flop (didn't bet)
Seat 5: Eredar5 folded before Flop (didn't bet)
Seat 6: steepfell (button) folded before Flop (didn't bet)



PokerStars Hand #254605005152:  Hold'em No Limit ($0.50/$1.00 USD) - 2025/01/29 11:45:35 WET [2025/01/29 6:45:35 ET]
Table 'Dolon' 6-max Seat #1 is the button
Seat 1: ARCTlCkiss ($100 in chips) 
Seat 2: Dazburt123 ($131.96 in chips) 
Seat 3: anthoslr ($80.70 in chips) 
Seat 4: Timonessb ($117.24 in chips) 
Seat 5: Eredar5 ($233.77 in chips) 
Seat 6: steepfell ($100 in chips) 
Dazburt123: posts small blind $0.50
anthoslr: posts big blind $1
*** HOLE CARDS ***
Timonessb: folds 
Eredar5: raises $2 to $3
steepfell: folds 
ARCTlCkiss: folds 
Dazburt123: folds 
anthoslr: raises $5 to $8
Eredar5: calls $5
*** FLOP *** [9s Qh Tc]
anthoslr: checks 
Eredar5: bets $11.92
anthoslr: calls $11.92
*** TURN *** [9s Qh Tc] [6c]
anthoslr: checks 
Eredar5: bets $94
anthoslr: calls $60.78 and is all-in
Uncalled bet ($33.22) returned to Eredar5
*** RIVER *** [9s Qh Tc 6c] [Ts]
*** SHOW DOWN ***
anthoslr: shows [Ac Jc] (a pair of Tens)
Eredar5: shows [9d Td] (a full house, Tens full of Nines)
Eredar5 cashed out the hand for $106.51 | Cash Out Fee $2.17
*** SUMMARY ***
Total pot $161.90 | Rake $2.50 
Board [9s Qh Tc 6c Ts]
Seat 1: ARCTlCkiss (button) folded before Flop (didn't bet)
Seat 2: Dazburt123 (small blind) folded before Flop
Seat 3: anthoslr (big blind) showed [Ac Jc] and lost with a pair of Tens
Seat 4: Timonessb folded before Flop (didn't bet)
Seat 5: Eredar5 showed [9d Td] and won ($159.40) with a full house, Tens full of Nines (pot not awarded as player cashed out)
Seat 6: steepfell folded before Flop (didn't bet)



PokerStars Hand #254605015828:  Hold'em No Limit ($0.50/$1.00 USD) - 2025/01/29 11:46:52 WET [2025/01/29 6:46:52 ET]
Table 'Dolon' 6-max Seat #2 is the button
Seat 3: anthoslr ($0 in chips) is sitting out
Seat 1: ARCTlCkiss ($100 in chips) 
Seat 2: Dazburt123 ($131.46 in chips) 
Seat 4: Timonessb ($117.24 in chips) 
Seat 5: Eredar5 ($259.58 in chips) 
Seat 6: steepfell ($100 in chips) 
Timonessb: posts small blind $0.50
Eredar5: posts big blind $1
*** HOLE CARDS ***
steepfell: folds 
anthoslr leaves the table
ARCTlCkiss: raises $1.53 to $2.53
Dazburt123: folds 
Timonessb: folds 
Eredar5: folds 
Uncalled bet ($1.53) returned to ARCTlCkiss
ARCTlCkiss collected $2.50 from pot
ARCTlCkiss: doesn't show hand 
*** SUMMARY ***
Total pot $2.50 | Rake $0 
Seat 3: anthoslr
Seat 1: ARCTlCkiss collected ($2.50)
Seat 2: Dazburt123 (button) folded before Flop (didn't bet)
Seat 4: Timonessb (small blind) folded before Flop
Seat 5: Eredar5 (big blind) folded before Flop
Seat 6: steepfell folded before Flop (didn't bet)



PokerStars Hand #254605017793:  Hold'em No Limit ($0.50/$1.00 USD) - 2025/01/29 11:47:07 WET [2025/01/29 6:47:07 ET]
Table 'Dolon' 6-max Seat #4 is the button
Seat 1: ARCTlCkiss ($101.50 in chips) 
Seat 2: Dazburt123 ($131.46 in chips) 
Seat 4: Timonessb ($116.74 in chips) 
Seat 5: Eredar5 ($258.58 in chips) 
Seat 6: steepfell ($100 in chips) 
Eredar5: posts small blind $0.50
steepfell: posts big blind $1
*** HOLE CARDS ***
ARCTlCkiss: raises $1.53 to $2.53
Dazburt123: folds 
Timonessb: folds 
Eredar5: folds 
steepfell: folds 
Uncalled bet ($1.53) returned to ARCTlCkiss
ARCTlCkiss collected $2.50 from pot
ARCTlCkiss: doesn't show hand 
*** SUMMARY ***
Total pot $2.50 | Rake $0 
Seat 1: ARCTlCkiss collected ($2.50)
Seat 2: Dazburt123 folded before Flop (didn't bet)
Seat 4: Timonessb (button) folded before Flop (didn't bet)
Seat 5: Eredar5 (small blind) folded before Flop
Seat 6: steepfell (big blind) folded before Flop



PokerStars Hand #254605021505:  Hold'em No Limit ($0.50/$1.00 USD) - 2025/01/29 11:47:33 WET [2025/01/29 6:47:33 ET]
Table 'Dolon' 6-max Seat #5 is the button
Seat 1: ARCTlCkiss ($103 in chips) is sitting out
Seat 2: Dazburt123 ($131.46 in chips) 
Seat 4: Timonessb ($116.74 in chips) 
Seat 5: Eredar5 ($258.08 in chips) 
Seat 6: steepfell ($100 in chips) 
steepfell: posts small blind $0.50
ARCTlCkiss: is sitting out 
Dazburt123: posts big blind $1
*** HOLE CARDS ***
Timonessb: folds 
Eredar5: raises $1.50 to $2.50
steepfell: folds 
Dazburt123: folds 
Uncalled bet ($1.50) returned to Eredar5
Eredar5 collected $2.50 from pot
Eredar5: doesn't show hand 
*** SUMMARY ***
Total pot $2.50 | Rake $0 
Seat 1: ARCTlCkiss
Seat 2: Dazburt123 (big blind) folded before Flop
Seat 4: Timonessb folded before Flop (didn't bet)
Seat 5: Eredar5 (button) collected ($2.50)
Seat 6: steepfell (small blind) folded before Flop



PokerStars Hand #254605022856:  Hold'em No Limit ($0.50/$1.00 USD) - 2025/01/29 11:47:43 WET [2025/01/29 6:47:43 ET]
Table 'Dolon' 6-max Seat #6 is the button
Seat 1: ARCTlCkiss ($103 in chips) is sitting out
Seat 2: Dazburt123 ($130.46 in chips) 
Seat 4: Timonessb ($116.74 in chips) 
Seat 5: Eredar5 ($259.58 in chips) 
Seat 6: steepfell ($100 in chips) 
Dazburt123: posts small blind $0.50
Timonessb: posts big blind $1
*** HOLE CARDS ***
Eredar5: raises $1.50 to $2.50
ARCTlCkiss leaves the table
steepfell: folds 
Dazburt123: folds 
Timonessb: folds 
Uncalled bet ($1.50) returned to Eredar5
Eredar5 collected $2.50 from pot
Eredar5: doesn't show hand 
*** SUMMARY ***
Total pot $2.50 | Rake $0 
Seat 1: ARCTlCkiss
Seat 2: Dazburt123 (small blind) folded before Flop
Seat 4: Timonessb (big blind) folded before Flop
Seat 5: Eredar5 collected ($2.50)
Seat 6: steepfell (button) folded before Flop (didn't bet)



PokerStars Hand #254605024478:  Hold'em No Limit ($0.50/$1.00 USD) - 2025/01/29 11:47:55 WET [2025/01/29 6:47:55 ET]
Table 'Dolon' 6-max Seat #4 is the button
Seat 5: Eredar5 ($261.08 in chips) is sitting out
Seat 6: steepfell ($100 in chips) is sitting out
Seat 2: Dazburt123 ($129.96 in chips) 
Seat 4: Timonessb ($115.74 in chips) 
Timonessb: posts small blind $0.50
Eredar5: is sitting out 
steepfell: is sitting out 
Dazburt123: posts big blind $1
*** HOLE CARDS ***
Timonessb: raises $1.50 to $2.50
Dazburt123: folds 
Uncalled bet ($1.50) returned to Timonessb
steepfell leaves the table
Timonessb collected $2 from pot
Eredar5 leaves the table
*** SUMMARY ***
Total pot $2 | Rake $0 
Seat 5: Eredar5
Seat 6: steepfell
Seat 2: Dazburt123 (big blind) folded before Flop
Seat 4: Timonessb (button) (small blind) collected ($2)



PokerStars Hand #254604918818:  Hold'em No Limit ($0.50/$1.00 USD) - 2025/01/29 11:35:14 WET [2025/01/29 6:35:14 ET]
Table 'Dolon' 6-max Seat #6 is the button
Seat 1: ARCTlCkiss ($100 in chips) 
Seat 2: Dazburt123 ($100 in chips) 
Seat 3: anthoslr ($120.81 in chips) 
Seat 4: Timonessb ($100 in chips) 
Seat 5: Eredar5 ($228.68 in chips) 
Seat 6: steepfell ($100 in chips) 
ARCTlCkiss: posts small blind $0.50
Dazburt123: posts big blind $1
*** HOLE CARDS ***
anthoslr: raises $3 to $4
Timonessb: folds 
Eredar5: folds 
steepfell: raises $8 to $12
ARCTlCkiss: folds 
Dazburt123: folds 
anthoslr: calls $8
*** FLOP *** [As 5d Ks]
anthoslr: checks 
steepfell: checks 
*** TURN *** [As 5d Ks] [Qh]
anthoslr: bets $7
steepfell: calls $7
*** RIVER *** [As 5d Ks Qh] [5s]
anthoslr: bets $10
steepfell: calls $10
*** SHOW DOWN ***
anthoslr: shows [7d Kd] (two pair, Kings and Fives)
steepfell: shows [Qs Kh] (two pair, Kings and Queens)
steepfell collected $57 from pot
*** SUMMARY ***
Total pot $59.50 | Rake $2.50 
Board [As 5d Ks Qh 5s]
Seat 1: ARCTlCkiss (small blind) folded before Flop
Seat 2: Dazburt123 (big blind) folded before Flop
Seat 3: anthoslr showed [7d Kd] and lost with two pair, Kings and Fives
Seat 4: Timonessb folded before Flop (didn't bet)
Seat 5: Eredar5 folded before Flop (didn't bet)
Seat 6: steepfell (button) showed [Qs Kh] and won ($57) with two pair, Kings and Queens



PokerStars Hand #254604930495:  Hold'em No Limit ($0.50/$1.00 USD) - 2025/01/29 11:36:39 WET [2025/01/29 6:36:39 ET]
Table 'Dolon' 6-max Seat #1 is the button
Seat 1: ARCTlCkiss ($100 in chips) 
Seat 2: Dazburt123 ($100 in chips) 
Seat 3: anthoslr ($91.81 in chips) 
Seat 4: Timonessb ($100 in chips) 
Seat 5: Eredar5 ($228.68 in chips) 
Seat 6: steepfell ($128 in chips) 
Dazburt123: posts small blind $0.50
anthoslr: posts big blind $1
*** HOLE CARDS ***
Timonessb: folds 
Eredar5: folds 
steepfell: folds 
ARCTlCkiss: folds 
Dazburt123: raises $2 to $3
anthoslr: raises $6 to $9
Dazburt123: calls $6
*** FLOP *** [Th 4d 7s]
Dazburt123: checks 
anthoslr: bets $9
Dazburt123: calls $9
*** TURN *** [Th 4d 7s] [2h]
Dazburt123: checks 
anthoslr: bets $13
Dazburt123: raises $69 to $82 and is all-in
anthoslr: folds 
Uncalled bet ($69) returned to Dazburt123
Dazburt123 collected $59.50 from pot
Dazburt123: doesn't show hand 
*** SUMMARY ***
Total pot $62 | Rake $2.50 
Board [Th 4d 7s 2h]
Seat 1: ARCTlCkiss (button) folded before Flop (didn't bet)
Seat 2: Dazburt123 (small blind) collected ($59.50)
Seat 3: anthoslr (big blind) folded on the Turn
Seat 4: Timonessb folded before Flop (didn't bet)
Seat 5: Eredar5 folded before Flop (didn't bet)
Seat 6: steepfell folded before Flop (didn't bet)



PokerStars Hand #254604940840:  Hold'em No Limit ($0.50/$1.00 USD) - 2025/01/29 11:37:53 WET [2025/01/29 6:37:53 ET]
Table 'Dolon' 6-max Seat #2 is the button
Seat 1: ARCTlCkiss ($100 in chips) 
Seat 2: Dazburt123 ($128.50 in chips) 
Seat 3: anthoslr ($60.81 in chips) 
Seat 4: Timonessb ($100 in chips) 
Seat 5: Eredar5 ($228.68 in chips) 
Seat 6: steepfell ($128 in chips) 
anthoslr: posts small blind $0.50
Timonessb: posts big blind $1
*** HOLE CARDS ***
Eredar5: folds 
steepfell: raises $1.50 to $2.50
ARCTlCkiss: folds 
Dazburt123: folds 
anthoslr: folds 
Timonessb: raises $9.50 to $12
steepfell: calls $9.50
*** FLOP *** [7c 3h Jd]
Timonessb: bets $11.87
steepfell: calls $11.87
*** TURN *** [7c 3h Jd] [6s]
Timonessb: bets $23.37
steepfell: folds 
Uncalled bet ($23.37) returned to Timonessb
Timonessb collected $45.83 from pot
*** SUMMARY ***
Total pot $48.24 | Rake $2.41 
Board [7c 3h Jd 6s]
Seat 1: ARCTlCkiss folded before Flop (didn't bet)
Seat 2: Dazburt123 (button) folded before Flop (didn't bet)
Seat 3: anthoslr (small blind) folded before Flop
Seat 4: Timonessb (big blind) collected ($45.83)
Seat 5: Eredar5 folded before Flop (didn't bet)
Seat 6: steepfell folded on the Turn



PokerStars Hand #254604948803:  Hold'em No Limit ($0.50/$1.00 USD) - 2025/01/29 11:38:50 WET [2025/01/29 6:38:50 ET]
Table 'Dolon' 6-max Seat #3 is the button
Seat 1: ARCTlCkiss ($100 in chips) 
Seat 2: Dazburt123 ($128.50 in chips) 
Seat 3: anthoslr ($60.31 in chips) 
Seat 4: Timonessb ($121.96 in chips) 
Seat 5: Eredar5 ($228.68 in chips) 
Seat 6: steepfell ($104.13 in chips) 
Timonessb: posts small blind $0.50
Eredar5: posts big blind $1
*** HOLE CARDS ***
steepfell: folds 
ARCTlCkiss: folds 
Dazburt123: raises $1 to $2
anthoslr: folds 
Timonessb: folds 
Eredar5: calls $1
*** FLOP *** [8h Qc 7s]
Eredar5: checks 
Dazburt123: bets $1.07
Eredar5: folds 
Uncalled bet ($1.07) returned to Dazburt123
Dazburt123 collected $4.28 from pot
Dazburt123: doesn't show hand 
*** SUMMARY ***
Total pot $4.50 | Rake $0.22 
Board [8h Qc 7s]
Seat 1: ARCTlCkiss folded before Flop (didn't bet)
Seat 2: Dazburt123 collected ($4.28)
Seat 3: anthoslr (button) folded before Flop (didn't bet)
Seat 4: Timonessb (small blind) folded before Flop
Seat 5: Eredar5 (big blind) folded on the Flop
Seat 6: steepfell folded before Flop (didn't bet)



PokerStars Hand #254604955727:  Hold'em No Limit ($0.50/$1.00 USD) - 2025/01/29 11:39:39 WET [2025/01/29 6:39:39 ET]
Table 'Dolon' 6-max Seat #4 is the button
Seat 1: ARCTlCkiss ($100 in chips) 
Seat 2: Dazburt123 ($130.78 in chips) 
Seat 3: anthoslr ($60.31 in chips) 
Seat 4: Timonessb ($121.46 in chips) 
Seat 5: Eredar5 ($226.68 in chips) 
Seat 6: steepfell ($104.13 in chips) 
Eredar5: posts small blind $0.50
steepfell: posts big blind $1
*** HOLE CARDS ***
ARCTlCkiss: folds 
Dazburt123: folds 
anthoslr: folds 
Timonessb: folds 
Eredar5: raises $2 to $3
steepfell: calls $2
*** FLOP *** [2s 6d 8d]
Eredar5: checks 
steepfell: bets $1.88
Eredar5: raises $5.62 to $7.50
steepfell: calls $5.62
*** TURN *** [2s 6d 8d] [4s]
Eredar5: bets $15.16
steepfell: calls $15.16
*** RIVER *** [2s 6d 8d 4s] [5c]
Eredar5: checks 
steepfell: checks 
*** SHOW DOWN ***
Eredar5: shows [Td 7d] (a straight, Four to Eight)
steepfell: mucks hand 
Eredar5 collected $48.82 from pot
*** SUMMARY ***
Total pot $51.32 | Rake $2.50 
Board [2s 6d 8d 4s 5c]
Seat 1: ARCTlCkiss folded before Flop (didn't bet)
Seat 2: Dazburt123 folded before Flop (didn't bet)
Seat 3: anthoslr folded before Flop (didn't bet)
Seat 4: Timonessb (button) folded before Flop (didn't bet)
Seat 5: Eredar5 (small blind) showed [Td 7d] and won ($48.82) with a straight, Four to Eight
Seat 6: steepfell (big blind) mucked



PokerStars Hand #254604971799:  Hold'em No Limit ($0.50/$1.00 USD) - 2025/01/29 11:41:34 WET [2025/01/29 6:41:34 ET]
Table 'Dolon' 6-max Seat #5 is the button
Seat 1: ARCTlCkiss ($100 in chips) 
Seat 2: Dazburt123 ($130.78 in chips) 
Seat 3: anthoslr ($60.31 in chips) 
Seat 4: Timonessb ($121.46 in chips) 
Seat 5: Eredar5 ($249.84 in chips) 
Seat 6: steepfell ($100 in chips) 
steepfell: posts small blind $0.50
ARCTlCkiss: posts big blind $1
*** HOLE CARDS ***
Dazburt123: folds 
anthoslr: folds 
Timonessb: folds 
Eredar5: folds 
steepfell: folds 
Uncalled bet ($0.50) returned to ARCTlCkiss
ARCTlCkiss collected $1 from pot
ARCTlCkiss: doesn't show hand 
*** SUMMARY ***
Total pot $1 | Rake $0 
Seat 1: ARCTlCkiss (big blind) collected ($1)
Seat 2: Dazburt123 folded before Flop (didn't bet)
Seat 3: anthoslr folded before Flop (didn't bet)
Seat 4: Timonessb folded before Flop (didn't bet)
Seat 5: Eredar5 (button) folded before Flop (didn't bet)
Seat 6: steepfell (small blind) folded before Flop



PokerStars Hand #254604973319:  Hold'em No Limit ($0.50/$1.00 USD) - 2025/01/29 11:41:45 WET [2025/01/29 6:41:45 ET]
Table 'Dolon' 6-max Seat #6 is the button
Seat 1: ARCTlCkiss ($100.50 in chips) 
Seat 2: Dazburt123 ($130.78 in chips) 
Seat 3: anthoslr ($60.31 in chips) 
Seat 4: Timonessb ($121.46 in chips) 
Seat 5: Eredar5 ($249.84 in chips) 
Seat 6: steepfell ($100 in chips) 
ARCTlCkiss: posts small blind $0.50
Dazburt123: posts big blind $1
*** HOLE CARDS ***
anthoslr: folds 
Timonessb: folds 
Eredar5: folds 
steepfell: folds 
ARCTlCkiss: folds 
Uncalled bet ($0.50) returned to Dazburt123
Dazburt123 collected $1 from pot
Dazburt123: doesn't show hand 
*** SUMMARY ***
Total pot $1 | Rake $0 
Seat 1: ARCTlCkiss (small blind) folded before Flop
Seat 2: Dazburt123 (big blind) collected ($1)
Seat 3: anthoslr folded before Flop (didn't bet)
Seat 4: Timonessb folded before Flop (didn't bet)
Seat 5: Eredar5 folded before Flop (didn't bet)
Seat 6: steepfell (button) folded before Flop (didn't bet)



PokerStars Hand #254604976721:  Hold'em No Limit ($0.50/$1.00 USD) - 2025/01/29 11:42:09 WET [2025/01/29 6:42:09 ET]
Table 'Dolon' 6-max Seat #1 is the button
Seat 1: ARCTlCkiss ($100 in chips) 
Seat 2: Dazburt123 ($131.28 in chips) 
Seat 3: anthoslr ($60.31 in chips) 
Seat 4: Timonessb ($121.46 in chips) 
Seat 5: Eredar5 ($249.84 in chips) 
Seat 6: steepfell ($100 in chips) 
Dazburt123: posts small blind $0.50
anthoslr: posts big blind $1
*** HOLE CARDS ***
Timonessb: folds 
Eredar5: raises $2 to $3
steepfell: folds 
ARCTlCkiss: folds 
Dazburt123: folds 
anthoslr: folds 
Uncalled bet ($2) returned to Eredar5
Eredar5 collected $2.50 from pot
Eredar5: doesn't show hand 
*** SUMMARY ***
Total pot $2.50 | Rake $0 
Seat 1: ARCTlCkiss (button) folded before Flop (didn't bet)
Seat 2: Dazburt123 (small blind) folded before Flop
Seat 3: anthoslr (big blind) folded before Flop
Seat 4: Timonessb folded before Flop (didn't bet)
Seat 5: Eredar5 collected ($2.50)
Seat 6: steepfell folded before Flop (didn't bet)



PokerStars Hand #254604980356:  Hold'em No Limit ($0.50/$1.00 USD) - 2025/01/29 11:42:35 WET [2025/01/29 6:42:35 ET]
Table 'Dolon' 6-max Seat #2 is the button
Seat 1: ARCTlCkiss ($100 in chips) 
Seat 2: Dazburt123 ($130.78 in chips) 
Seat 3: anthoslr ($59.31 in chips) 
Seat 4: Timonessb ($121.46 in chips) 
Seat 5: Eredar5 ($251.34 in chips) 
Seat 6: steepfell ($100 in chips) 
anthoslr: posts small blind $0.50
Timonessb: posts big blind $1
*** HOLE CARDS ***
Eredar5: folds 
steepfell: folds 
ARCTlCkiss: folds 
Dazburt123: raises $1 to $2
anthoslr: folds 
Timonessb: calls $1
*** FLOP *** [4h 4d Qh]
Timonessb: checks 
Dazburt123: checks 
*** TURN *** [4h 4d Qh] [5d]
Timonessb: bets $2.87
Dazburt123: folds 
Uncalled bet ($2.87) returned to Timonessb
Timonessb collected $4.28 from pot
*** SUMMARY ***
Total pot $4.50 | Rake $0.22 
Board [4h 4d Qh 5d]
Seat 1: ARCTlCkiss folded before Flop (didn't bet)
Seat 2: Dazburt123 (button) folded on the Turn
Seat 3: anthoslr (small blind) folded before Flop
Seat 4: Timonessb (big blind) collected ($4.28)
Seat 5: Eredar5 folded before Flop (didn't bet)
Seat 6: steepfell folded before Flop (didn't bet)



PokerStars Hand #254604984025:  Hold'em No Limit ($0.50/$1.00 USD) - 2025/01/29 11:43:02 WET [2025/01/29 6:43:02 ET]
Table 'Dolon' 6-max Seat #3 is the button
Seat 1: ARCTlCkiss ($100 in chips) 
Seat 2: Dazburt123 ($128.78 in chips) 
Seat 3: anthoslr ($58.81 in chips) 
Seat 4: Timonessb ($123.74 in chips) 
Seat 5: Eredar5 ($251.34 in chips) 
Seat 6: steepfell ($100 in chips) 
Timonessb: posts small blind $0.50
Eredar5: posts big blind $1
*** HOLE CARDS ***
steepfell: folds 
ARCTlCkiss: folds 
Dazburt123: folds 
anthoslr: raises $1 to $2
Timonessb: raises $6 to $8
Eredar5: folds 
anthoslr: raises $25 to $33
Timonessb: folds 
Uncalled bet ($25) returned to anthoslr
anthoslr collected $17 from pot
*** SUMMARY ***
Total pot $17 | Rake $0 
Seat 1: ARCTlCkiss folded before Flop (didn't bet)
Seat 2: Dazburt123 folded before Flop (didn't bet)
Seat 3: anthoslr (button) collected ($17)
Seat 4: Timonessb (small blind) folded before Flop
Seat 5: Eredar5 (big blind) folded before Flop
Seat 6: steepfell folded before Flop (didn't bet)



PokerStars Hand #254604987786:  Hold'em No Limit ($0.50/$1.00 USD) - 2025/01/29 11:43:29 WET [2025/01/29 6:43:29 ET]
Table 'Dolon' 6-max Seat #4 is the button
Seat 1: ARCTlCkiss ($100 in chips) 
Seat 2: Dazburt123 ($128.78 in chips) 
Seat 3: anthoslr ($67.81 in chips) 
Seat 4: Timonessb ($115.74 in chips) 
Seat 5: Eredar5 ($250.34 in chips) 
Seat 6: steepfell ($100 in chips) 
Eredar5: posts small blind $0.50
steepfell: posts big blind $1
*** HOLE CARDS ***
ARCTlCkiss: folds 
Dazburt123: folds 
anthoslr: folds 
Timonessb: raises $1.50 to $2.50
Eredar5: folds 
steepfell: folds 
Uncalled bet ($1.50) returned to Timonessb
Timonessb collected $2.50 from pot
Timonessb: doesn't show hand 
*** SUMMARY ***
Total pot $2.50 | Rake $0 
Seat 1: ARCTlCkiss folded before Flop (didn't bet)
Seat 2: Dazburt123 folded before Flop (didn't bet)
Seat 3: anthoslr folded before Flop (didn't bet)
Seat 4: Timonessb (button) collected ($2.50)
Seat 5: Eredar5 (small blind) folded before Flop
Seat 6: steepfell (big blind) folded before Flop



PokerStars Hand #254604990008:  Hold'em No Limit ($0.50/$1.00 USD) - 2025/01/29 11:43:45 WET [2025/01/29 6:43:45 ET]
Table 'Dolon' 6-max Seat #5 is the button
Seat 1: ARCTlCkiss ($100 in chips) 
Seat 2: Dazburt123 ($128.78 in chips) 
Seat 3: anthoslr ($67.81 in chips) 
Seat 4: Timonessb ($117.24 in chips) 
Seat 5: Eredar5 ($249.84 in chips) 
Seat 6: steepfell ($100 in chips) 
steepfell: posts small blind $0.50
ARCTlCkiss: posts big blind $1
*** HOLE CARDS ***
Dazburt123: folds 
anthoslr: calls $1
Timonessb: folds 
Eredar5: raises $3 to $4
steepfell: folds 
ARCTlCkiss: folds 
anthoslr: calls $3
*** FLOP *** [Td 6c 2c]
anthoslr: checks 
Eredar5: bets $3.07
anthoslr: calls $3.07
*** TURN *** [Td 6c 2c] [6d]
anthoslr: checks 
Eredar5: checks 
*** RIVER *** [Td 6c 2c 6d] [4d]
anthoslr: bets $9
Eredar5: calls $9
*** SHOW DOWN ***
anthoslr: shows [6s Ks] (three of a kind, Sixes)
Eredar5: mucks hand 
anthoslr collected $31.96 from pot
*** SUMMARY ***
Total pot $33.64 | Rake $1.68 
Board [Td 6c 2c 6d 4d]
Seat 1: ARCTlCkiss (big blind) folded before Flop
Seat 2: Dazburt123 folded before Flop (didn't bet)
Seat 3: anthoslr showed [6s Ks] and won ($31.96) with three of a kind, Sixes
Seat 4: Timonessb folded before Flop (didn't bet)
Seat 5: Eredar5 (button) mucked
Seat 6: steepfell (small blind) folded before Flop



