PokerStars Hand #254609750026:  Hold'em No Limit ($0.50/$1.00 USD) - 2025/01/29 18:30:08 WET [2025/01/29 13:30:08 ET]
Table 'Janacek' 6-max Seat #6 is the button
Seat 1: vadjkeee ($100 in chips) 
Seat 2: MAO_DZEDYN_S ($100 in chips) 
Seat 3: Luan777Poker ($88.18 in chips) 
Seat 4: worker0k ($100 in chips) 
Seat 5: SorinS28 ($101.50 in chips) 
Seat 6: paramourx ($100 in chips) 
vadjkeee: posts small blind $0.50
MAO_DZEDYN_S: posts big blind $1
*** HOLE CARDS ***
Luan777Poker: folds 
worker0k: raises $1.30 to $2.30
SorinS28: folds 
paramourx: raises $5.20 to $7.50
vadjkeee: folds 
MAO_DZEDYN_S: folds 
worker0k: folds 
Uncalled bet ($5.20) returned to paramourx
paramourx collected $6.10 from pot
paramourx: doesn't show hand 
*** SUMMARY ***
Total pot $6.10 | Rake $0 
Seat 1: vadjkeee (small blind) folded before Flop
Seat 2: MAO_DZEDYN_S (big blind) folded before Flop
Seat 3: Luan777Poker folded before Flop (didn't bet)
Seat 4: worker0k folded before Flop
Seat 5: SorinS28 folded before Flop (didn't bet)
Seat 6: paramourx (button) collected ($6.10)



PokerStars Hand #254609757013:  Hold'em No Limit ($0.50/$1.00 USD) - 2025/01/29 18:30:33 WET [2025/01/29 13:30:33 ET]
Table 'Janacek' 6-max Seat #1 is the button
Seat 1: vadjkeee ($100 in chips) 
Seat 2: MAO_DZEDYN_S ($100 in chips) 
Seat 3: Luan777Poker ($88.18 in chips) 
Seat 4: worker0k ($100 in chips) 
Seat 5: SorinS28 ($101.50 in chips) 
Seat 6: paramourx ($103.80 in chips) 
MAO_DZEDYN_S: posts small blind $0.50
Luan777Poker: posts big blind $1
*** HOLE CARDS ***
worker0k: folds 
SorinS28: folds 
paramourx: folds 
vadjkeee: raises $1.50 to $2.50
MAO_DZEDYN_S: folds 
Luan777Poker: calls $1.50
*** FLOP *** [3h 8s 7s]
Luan777Poker: checks 
vadjkeee: bets $3.92
Luan777Poker: folds 
Uncalled bet ($3.92) returned to vadjkeee
vadjkeee collected $5.22 from pot
vadjkeee: doesn't show hand 
*** SUMMARY ***
Total pot $5.50 | Rake $0.28 
Board [3h 8s 7s]
Seat 1: vadjkeee (button) collected ($5.22)
Seat 2: MAO_DZEDYN_S (small blind) folded before Flop
Seat 3: Luan777Poker (big blind) folded on the Flop
Seat 4: worker0k folded before Flop (didn't bet)
Seat 5: SorinS28 folded before Flop (didn't bet)
Seat 6: paramourx folded before Flop (didn't bet)



PokerStars Hand #254609764440:  Hold'em No Limit ($0.50/$1.00 USD) - 2025/01/29 18:30:58 WET [2025/01/29 13:30:58 ET]
Table 'Janacek' 6-max Seat #2 is the button
Seat 1: vadjkeee ($102.72 in chips) 
Seat 2: MAO_DZEDYN_S ($100 in chips) 
Seat 3: Luan777Poker ($85.68 in chips) 
Seat 4: worker0k ($100 in chips) 
Seat 5: SorinS28 ($101.50 in chips) 
Seat 6: paramourx ($103.80 in chips) 
Luan777Poker: posts small blind $0.50
worker0k: posts big blind $1
*** HOLE CARDS ***
SorinS28: raises $1.02 to $2.02
paramourx: folds 
vadjkeee: folds 
MAO_DZEDYN_S: folds 
Luan777Poker: calls $1.52
worker0k: folds 
*** FLOP *** [Jd 6c 8s]
Luan777Poker: checks 
SorinS28: bets $1.34
Luan777Poker: calls $1.34
*** TURN *** [Jd 6c 8s] [4s]
Luan777Poker: bets $3
SorinS28: calls $3
*** RIVER *** [Jd 6c 8s 4s] [7h]
Luan777Poker: checks 
SorinS28: bets $19.55
Luan777Poker: folds [4d]
Uncalled bet ($19.55) returned to SorinS28
SorinS28 collected $13.03 from pot
SorinS28: doesn't show hand 
*** SUMMARY ***
Total pot $13.72 | Rake $0.69 
Board [Jd 6c 8s 4s 7h]
Seat 1: vadjkeee folded before Flop (didn't bet)
Seat 2: MAO_DZEDYN_S (button) folded before Flop (didn't bet)
Seat 3: Luan777Poker (small blind) folded on the River
Seat 4: worker0k (big blind) folded before Flop
Seat 5: SorinS28 collected ($13.03)
Seat 6: paramourx folded before Flop (didn't bet)



PokerStars Hand #254609784240:  Hold'em No Limit ($0.50/$1.00 USD) - 2025/01/29 18:32:08 WET [2025/01/29 13:32:08 ET]
Table 'Janacek' 6-max Seat #3 is the button
Seat 1: vadjkeee ($102.72 in chips) 
Seat 2: MAO_DZEDYN_S ($100 in chips) 
Seat 3: Luan777Poker ($79.32 in chips) 
Seat 4: worker0k ($100 in chips) 
Seat 5: SorinS28 ($108.17 in chips) 
Seat 6: paramourx ($103.80 in chips) 
worker0k: posts small blind $0.50
SorinS28: posts big blind $1
*** HOLE CARDS ***
paramourx: folds 
vadjkeee: folds 
MAO_DZEDYN_S: folds 
Luan777Poker: folds 
worker0k: raises $1.50 to $2.50
SorinS28: folds 
Uncalled bet ($1.50) returned to worker0k
worker0k collected $2 from pot
*** SUMMARY ***
Total pot $2 | Rake $0 
Seat 1: vadjkeee folded before Flop (didn't bet)
Seat 2: MAO_DZEDYN_S folded before Flop (didn't bet)
Seat 3: Luan777Poker (button) folded before Flop (didn't bet)
Seat 4: worker0k (small blind) collected ($2)
Seat 5: SorinS28 (big blind) folded before Flop
Seat 6: paramourx folded before Flop (didn't bet)



PokerStars Hand #254609794024:  Hold'em No Limit ($0.50/$1.00 USD) - 2025/01/29 18:32:42 WET [2025/01/29 13:32:42 ET]
Table 'Janacek' 6-max Seat #5 is the button
Seat 4: worker0k ($101 in chips) is sitting out
Seat 1: vadjkeee ($102.72 in chips) 
Seat 2: MAO_DZEDYN_S ($100 in chips) 
Seat 3: Luan777Poker ($79.32 in chips) 
Seat 5: SorinS28 ($107.17 in chips) 
Seat 6: paramourx ($103.80 in chips) 
paramourx: posts small blind $0.50
vadjkeee: posts big blind $1
*** HOLE CARDS ***
worker0k leaves the table
MAO_DZEDYN_S: raises $1.25 to $2.25
Luan777Poker: folds 
SorinS28: raises $5.75 to $8
paramourx: folds 
vadjkeee: folds 
MAO_DZEDYN_S: folds 
Uncalled bet ($5.75) returned to SorinS28
SorinS28 collected $6 from pot
SorinS28: doesn't show hand 
*** SUMMARY ***
Total pot $6 | Rake $0 
Seat 4: worker0k
Seat 1: vadjkeee (big blind) folded before Flop
Seat 2: MAO_DZEDYN_S folded before Flop
Seat 3: Luan777Poker folded before Flop (didn't bet)
Seat 5: SorinS28 (button) collected ($6)
Seat 6: paramourx (small blind) folded before Flop



PokerStars Hand #254609807456:  Hold'em No Limit ($0.50/$1.00 USD) - 2025/01/29 18:33:30 WET [2025/01/29 13:33:30 ET]
Table 'Janacek' 6-max Seat #6 is the button
Seat 2: MAO_DZEDYN_S ($100 in chips) is sitting out
Seat 1: vadjkeee ($101.72 in chips) 
Seat 3: Luan777Poker ($79.32 in chips) 
Seat 5: SorinS28 ($110.92 in chips) 
Seat 6: paramourx ($103.30 in chips) 
vadjkeee: posts small blind $0.50
MAO_DZEDYN_S: is sitting out 
Luan777Poker: posts big blind $1
*** HOLE CARDS ***
MAO_DZEDYN_S leaves the table
DJNezz joins the table at seat #4 
SorinS28: raises $1.30 to $2.30
paramourx: folds 
ruSSotron joins the table at seat #2 
vadjkeee: folds 
Luan777Poker: calls $1.30
*** FLOP *** [9c Kd 8c]
Luan777Poker: checks 
SorinS28: checks 
*** TURN *** [9c Kd 8c] [9s]
Luan777Poker: bets $2.42
SorinS28: folds 
Uncalled bet ($2.42) returned to Luan777Poker
Luan777Poker collected $4.84 from pot
*** SUMMARY ***
Total pot $5.10 | Rake $0.26 
Board [9c Kd 8c 9s]
Seat 2: MAO_DZEDYN_S
Seat 1: vadjkeee (small blind) folded before Flop
Seat 3: Luan777Poker (big blind) collected ($4.84)
Seat 5: SorinS28 folded on the Turn
Seat 6: paramourx (button) folded before Flop (didn't bet)



PokerStars Hand #254609819911:  Hold'em No Limit ($0.50/$1.00 USD) - 2025/01/29 18:34:13 WET [2025/01/29 13:34:13 ET]
Table 'Janacek' 6-max Seat #1 is the button
Seat 2: ruSSotron ($100 in chips) is sitting out
Seat 1: vadjkeee ($101.22 in chips) 
Seat 3: Luan777Poker ($81.86 in chips) 
Seat 4: DJNezz ($100 in chips) 
Seat 5: SorinS28 ($108.62 in chips) 
Seat 6: paramourx ($103.30 in chips) 
Luan777Poker: posts small blind $0.50
DJNezz: posts big blind $1
*** HOLE CARDS ***
SorinS28: raises $1.02 to $2.02
paramourx: folds 
vadjkeee: folds 
Luan777Poker: calls $1.52
DJNezz: calls $1.02
*** FLOP *** [3d Kd 8s]
Luan777Poker: checks 
DJNezz: checks 
SorinS28: checks 
*** TURN *** [3d Kd 8s] [8c]
Luan777Poker: checks 
DJNezz: checks 
SorinS28: checks 
*** RIVER *** [3d Kd 8s 8c] [Ks]
Luan777Poker: checks 
DJNezz: checks 
SorinS28: bets $10.60
Luan777Poker: folds 
DJNezz: folds 
Uncalled bet ($10.60) returned to SorinS28
SorinS28 collected $5.76 from pot
SorinS28: doesn't show hand 
*** SUMMARY ***
Total pot $6.06 | Rake $0.30 
Board [3d Kd 8s 8c Ks]
Seat 2: ruSSotron
Seat 1: vadjkeee (button) folded before Flop (didn't bet)
Seat 3: Luan777Poker (small blind) folded on the River
Seat 4: DJNezz (big blind) folded on the River
Seat 5: SorinS28 collected ($5.76)
Seat 6: paramourx folded before Flop (didn't bet)



PokerStars Hand #254609841072:  Hold'em No Limit ($0.50/$1.00 USD) - 2025/01/29 18:35:28 WET [2025/01/29 13:35:28 ET]
Table 'Janacek' 6-max Seat #3 is the button
Seat 2: ruSSotron ($100 in chips) is sitting out
Seat 1: vadjkeee ($101.22 in chips) 
Seat 3: Luan777Poker ($79.84 in chips) 
Seat 4: DJNezz ($100 in chips) 
Seat 5: SorinS28 ($112.36 in chips) 
Seat 6: paramourx ($103.30 in chips) 
DJNezz: posts small blind $0.50
SorinS28: posts big blind $1
ruSSotron: sits out 
*** HOLE CARDS ***
paramourx: folds 
vadjkeee: folds 
Luan777Poker: folds 
DJNezz: folds 
Uncalled bet ($0.50) returned to SorinS28
SorinS28 collected $1 from pot
SorinS28: doesn't show hand 
*** SUMMARY ***
Total pot $1 | Rake $0 
Seat 2: ruSSotron
Seat 1: vadjkeee folded before Flop (didn't bet)
Seat 3: Luan777Poker (button) folded before Flop (didn't bet)
Seat 4: DJNezz (small blind) folded before Flop
Seat 5: SorinS28 (big blind) collected ($1)
Seat 6: paramourx folded before Flop (didn't bet)



PokerStars Hand #254609843269:  Hold'em No Limit ($0.50/$1.00 USD) - 2025/01/29 18:35:36 WET [2025/01/29 13:35:36 ET]
Table 'Janacek' 6-max Seat #4 is the button
Seat 2: ruSSotron ($100 in chips) is sitting out
Seat 1: vadjkeee ($101.22 in chips) 
Seat 3: Luan777Poker ($79.84 in chips) 
Seat 4: DJNezz ($100 in chips) 
Seat 5: SorinS28 ($112.86 in chips) 
Seat 6: paramourx ($103.30 in chips) 
SorinS28: posts small blind $0.50
paramourx: posts big blind $1
ruSSotron: sits out 
*** HOLE CARDS ***
vadjkeee: folds 
Luan777Poker: folds 
DJNezz: folds 
SorinS28: raises $2 to $3
paramourx: raises $6 to $9
SorinS28: folds 
Uncalled bet ($6) returned to paramourx
paramourx collected $6 from pot
paramourx: doesn't show hand 
*** SUMMARY ***
Total pot $6 | Rake $0 
Seat 2: ruSSotron
Seat 1: vadjkeee folded before Flop (didn't bet)
Seat 3: Luan777Poker folded before Flop (didn't bet)
Seat 4: DJNezz (button) folded before Flop (didn't bet)
Seat 5: SorinS28 (small blind) folded before Flop
Seat 6: paramourx (big blind) collected ($6)



PokerStars Hand #254609852278:  Hold'em No Limit ($0.50/$1.00 USD) - 2025/01/29 18:36:07 WET [2025/01/29 13:36:07 ET]
Table 'Janacek' 6-max Seat #5 is the button
Seat 2: ruSSotron ($100 in chips) is sitting out
Seat 1: vadjkeee ($101.22 in chips) 
Seat 3: Luan777Poker ($79.84 in chips) 
Seat 4: DJNezz ($100 in chips) 
Seat 5: SorinS28 ($109.86 in chips) 
Seat 6: paramourx ($106.30 in chips) 
paramourx: posts small blind $0.50
vadjkeee: posts big blind $1
ruSSotron: sits out 
*** HOLE CARDS ***
Luan777Poker: folds 
DJNezz: folds 
SorinS28: folds 
paramourx: folds 
Uncalled bet ($0.50) returned to vadjkeee
vadjkeee collected $1 from pot
vadjkeee: doesn't show hand 
*** SUMMARY ***
Total pot $1 | Rake $0 
Seat 2: ruSSotron
Seat 1: vadjkeee (big blind) collected ($1)
Seat 3: Luan777Poker folded before Flop (didn't bet)
Seat 4: DJNezz folded before Flop (didn't bet)
Seat 5: SorinS28 (button) folded before Flop (didn't bet)
Seat 6: paramourx (small blind) folded before Flop



PokerStars Hand #254609854964:  Hold'em No Limit ($0.50/$1.00 USD) - 2025/01/29 18:36:16 WET [2025/01/29 13:36:16 ET]
Table 'Janacek' 6-max Seat #6 is the button
Seat 1: vadjkeee ($101.72 in chips) 
Seat 2: ruSSotron ($100 in chips) 
Seat 3: Luan777Poker ($79.84 in chips) 
Seat 4: DJNezz ($100 in chips) 
Seat 5: SorinS28 ($109.86 in chips) 
Seat 6: paramourx ($105.80 in chips) 
vadjkeee: posts small blind $0.50
ruSSotron: posts big blind $1
*** HOLE CARDS ***
Luan777Poker: raises $1 to $2
DJNezz: folds 
SorinS28: folds 
paramourx: folds 
vadjkeee: folds 
ruSSotron: calls $1
*** FLOP *** [Ts 2s 8c]
ruSSotron: checks 
Luan777Poker: bets $2.14
ruSSotron: folds 
Uncalled bet ($2.14) returned to Luan777Poker
Luan777Poker collected $4.28 from pot
*** SUMMARY ***
Total pot $4.50 | Rake $0.22 
Board [Ts 2s 8c]
Seat 1: vadjkeee (small blind) folded before Flop
Seat 2: ruSSotron (big blind) folded on the Flop
Seat 3: Luan777Poker collected ($4.28)
Seat 4: DJNezz folded before Flop (didn't bet)
Seat 5: SorinS28 folded before Flop (didn't bet)
Seat 6: paramourx (button) folded before Flop (didn't bet)



PokerStars Hand #254609864807:  Hold'em No Limit ($0.50/$1.00 USD) - 2025/01/29 18:36:50 WET [2025/01/29 13:36:50 ET]
Table 'Janacek' 6-max Seat #1 is the button
Seat 1: vadjkeee ($101.22 in chips) 
Seat 2: ruSSotron ($100 in chips) 
Seat 3: Luan777Poker ($82.12 in chips) 
Seat 4: DJNezz ($100 in chips) 
Seat 5: SorinS28 ($109.86 in chips) 
Seat 6: paramourx ($105.80 in chips) 
ruSSotron: posts small blind $0.50
Luan777Poker: posts big blind $1
*** HOLE CARDS ***
DJNezz: folds 
SorinS28: folds 
paramourx: folds 
vadjkeee: folds 
ruSSotron: raises $2 to $3
Luan777Poker: calls $2
*** FLOP *** [6h 3d 5c]
ruSSotron: checks 
Luan777Poker: checks 
*** TURN *** [6h 3d 5c] [Jh]
ruSSotron: bets $4.28
Luan777Poker: folds 
Uncalled bet ($4.28) returned to ruSSotron
ruSSotron collected $5.70 from pot
*** SUMMARY ***
Total pot $6 | Rake $0.30 
Board [6h 3d 5c Jh]
Seat 1: vadjkeee (button) folded before Flop (didn't bet)
Seat 2: ruSSotron (small blind) collected ($5.70)
Seat 3: Luan777Poker (big blind) folded on the Turn
Seat 4: DJNezz folded before Flop (didn't bet)
Seat 5: SorinS28 folded before Flop (didn't bet)
Seat 6: paramourx folded before Flop (didn't bet)



PokerStars Hand #254609878250:  Hold'em No Limit ($0.50/$1.00 USD) - 2025/01/29 18:37:37 WET [2025/01/29 13:37:37 ET]
Table 'Janacek' 6-max Seat #2 is the button
Seat 1: vadjkeee ($101.22 in chips) 
Seat 2: ruSSotron ($102.70 in chips) 
Seat 3: Luan777Poker ($79.12 in chips) 
Seat 4: DJNezz ($100 in chips) 
Seat 5: SorinS28 ($109.86 in chips) 
Seat 6: paramourx ($105.80 in chips) 
Luan777Poker: posts small blind $0.50
DJNezz: posts big blind $1
*** HOLE CARDS ***
SorinS28: folds 
paramourx: folds 
vadjkeee: raises $2 to $3
ruSSotron: folds 
Luan777Poker: folds 
DJNezz: raises $9 to $12
vadjkeee: calls $9
*** FLOP *** [Kd Jh 9c]
DJNezz: bets $7.68
vadjkeee: calls $7.68
*** TURN *** [Kd Jh 9c] [Ts]
DJNezz: checks 
vadjkeee: checks 
*** RIVER *** [Kd Jh 9c Ts] [2s]
DJNezz: bets $80.32 and is all-in
vadjkeee: calls $80.32
*** SHOW DOWN ***
DJNezz: shows [As Qs] (a straight, Ten to Ace)
vadjkeee: shows [Qc Kc] (a straight, Nine to King)
DJNezz collected $198 from pot
*** SUMMARY ***
Total pot $200.50 | Rake $2.50 
Board [Kd Jh 9c Ts 2s]
Seat 1: vadjkeee showed [Qc Kc] and lost with a straight, Nine to King
Seat 2: ruSSotron (button) folded before Flop (didn't bet)
Seat 3: Luan777Poker (small blind) folded before Flop
Seat 4: DJNezz (big blind) showed [As Qs] and won ($198) with a straight, Ten to Ace
Seat 5: SorinS28 folded before Flop (didn't bet)
Seat 6: paramourx folded before Flop (didn't bet)



PokerStars Hand #254609913140:  Hold'em No Limit ($0.50/$1.00 USD) - 2025/01/29 18:39:38 WET [2025/01/29 13:39:38 ET]
Table 'Janacek' 6-max Seat #3 is the button
Seat 1: vadjkeee ($100 in chips) 
Seat 2: ruSSotron ($102.70 in chips) 
Seat 3: Luan777Poker ($78.62 in chips) 
Seat 4: DJNezz ($198 in chips) 
Seat 5: SorinS28 ($109.86 in chips) 
Seat 6: paramourx ($105.80 in chips) 
DJNezz: posts small blind $0.50
SorinS28: posts big blind $1
*** HOLE CARDS ***
paramourx: folds 
vadjkeee: folds 
ruSSotron: folds 
Luan777Poker: folds 
DJNezz: raises $2 to $3
SorinS28: calls $2
*** FLOP *** [2c Ks As]
DJNezz: checks 
SorinS28: bets $5.64
DJNezz: folds 
Uncalled bet ($5.64) returned to SorinS28
SorinS28 collected $5.70 from pot
SorinS28: doesn't show hand 
*** SUMMARY ***
Total pot $6 | Rake $0.30 
Board [2c Ks As]
Seat 1: vadjkeee folded before Flop (didn't bet)
Seat 2: ruSSotron folded before Flop (didn't bet)
Seat 3: Luan777Poker (button) folded before Flop (didn't bet)
Seat 4: DJNezz (small blind) folded on the Flop
Seat 5: SorinS28 (big blind) collected ($5.70)
Seat 6: paramourx folded before Flop (didn't bet)



PokerStars Hand #254609929944:  Hold'em No Limit ($0.50/$1.00 USD) - 2025/01/29 18:40:37 WET [2025/01/29 13:40:37 ET]
Table 'Janacek' 6-max Seat #4 is the button
Seat 1: vadjkeee ($100 in chips) 
Seat 2: ruSSotron ($102.70 in chips) 
Seat 3: Luan777Poker ($78.62 in chips) 
Seat 4: DJNezz ($195 in chips) 
Seat 5: SorinS28 ($112.56 in chips) 
Seat 6: paramourx ($105.80 in chips) 
SorinS28: posts small blind $0.50
paramourx: posts big blind $1
*** HOLE CARDS ***
vadjkeee: folds 
ruSSotron: folds 
Luan777Poker: folds 
DJNezz: folds 
SorinS28: folds 
Uncalled bet ($0.50) returned to paramourx
paramourx collected $1 from pot
paramourx: doesn't show hand 
*** SUMMARY ***
Total pot $1 | Rake $0 
Seat 1: vadjkeee folded before Flop (didn't bet)
Seat 2: ruSSotron folded before Flop (didn't bet)
Seat 3: Luan777Poker folded before Flop (didn't bet)
Seat 4: DJNezz (button) folded before Flop (didn't bet)
Seat 5: SorinS28 (small blind) folded before Flop
Seat 6: paramourx (big blind) collected ($1)



PokerStars Hand #254609936611:  Hold'em No Limit ($0.50/$1.00 USD) - 2025/01/29 18:41:00 WET [2025/01/29 13:41:00 ET]
Table 'Janacek' 6-max Seat #5 is the button
Seat 1: vadjkeee ($100 in chips) 
Seat 2: ruSSotron ($102.70 in chips) 
Seat 3: Luan777Poker ($78.62 in chips) 
Seat 4: DJNezz ($195 in chips) 
Seat 5: SorinS28 ($112.06 in chips) 
Seat 6: paramourx ($106.30 in chips) 
paramourx: posts small blind $0.50
vadjkeee: posts big blind $1
*** HOLE CARDS ***
ruSSotron: folds 
Luan777Poker: raises $1 to $2
DJNezz: folds 
SorinS28: folds 
paramourx: folds 
vadjkeee: calls $1
*** FLOP *** [Js 7d Kd]
vadjkeee: checks 
Luan777Poker: bets $2
vadjkeee: calls $2
*** TURN *** [Js 7d Kd] [9d]
vadjkeee: checks 
Luan777Poker: checks 
*** RIVER *** [Js 7d Kd 9d] [3d]
vadjkeee: bets $6.06
Luan777Poker: folds 
Uncalled bet ($6.06) returned to vadjkeee
vadjkeee collected $8.08 from pot
vadjkeee: doesn't show hand 
*** SUMMARY ***
Total pot $8.50 | Rake $0.42 
Board [Js 7d Kd 9d 3d]
Seat 1: vadjkeee (big blind) collected ($8.08)
Seat 2: ruSSotron folded before Flop (didn't bet)
Seat 3: Luan777Poker folded on the River
Seat 4: DJNezz folded before Flop (didn't bet)
Seat 5: SorinS28 (button) folded before Flop (didn't bet)
Seat 6: paramourx (small blind) folded before Flop



PokerStars Hand #254609949456:  Hold'em No Limit ($0.50/$1.00 USD) - 2025/01/29 18:41:46 WET [2025/01/29 13:41:46 ET]
Table 'Janacek' 6-max Seat #6 is the button
Seat 1: vadjkeee ($104.08 in chips) 
Seat 2: ruSSotron ($102.70 in chips) 
Seat 3: Luan777Poker ($74.62 in chips) 
Seat 4: DJNezz ($195 in chips) 
Seat 5: SorinS28 ($112.06 in chips) 
Seat 6: paramourx ($105.80 in chips) 
vadjkeee: posts small blind $0.50
ruSSotron: posts big blind $1
*** HOLE CARDS ***
Luan777Poker: folds 
DJNezz: raises $1.20 to $2.20
SorinS28: folds 
paramourx: folds 
vadjkeee: folds 
ruSSotron: calls $1.20
*** FLOP *** [8h Tc Qh]
ruSSotron: checks 
DJNezz: bets $2.33
ruSSotron: calls $2.33
*** TURN *** [8h Tc Qh] [9s]
ruSSotron: checks 
DJNezz: bets $6.81
ruSSotron: calls $6.81
*** RIVER *** [8h Tc Qh 9s] [4d]
ruSSotron: checks 
DJNezz: bets $27.53
ruSSotron: folds 
Uncalled bet ($27.53) returned to DJNezz
DJNezz collected $22.02 from pot
*** SUMMARY ***
Total pot $23.18 | Rake $1.16 
Board [8h Tc Qh 9s 4d]
Seat 1: vadjkeee (small blind) folded before Flop
Seat 2: ruSSotron (big blind) folded on the River
Seat 3: Luan777Poker folded before Flop (didn't bet)
Seat 4: DJNezz collected ($22.02)
Seat 5: SorinS28 folded before Flop (didn't bet)
Seat 6: paramourx (button) folded before Flop (didn't bet)



PokerStars Hand #254609973869:  Hold'em No Limit ($0.50/$1.00 USD) - 2025/01/29 18:43:11 WET [2025/01/29 13:43:11 ET]
Table 'Janacek' 6-max Seat #1 is the button
Seat 1: vadjkeee ($103.58 in chips) 
Seat 2: ruSSotron ($100 in chips) 
Seat 3: Luan777Poker ($74.62 in chips) 
Seat 4: DJNezz ($205.68 in chips) 
Seat 5: SorinS28 ($112.06 in chips) 
Seat 6: paramourx ($105.80 in chips) 
ruSSotron: posts small blind $0.50
Luan777Poker: posts big blind $1
*** HOLE CARDS ***
DJNezz: raises $1.20 to $2.20
SorinS28: folds 
paramourx: folds 
vadjkeee: folds 
ruSSotron: folds 
Luan777Poker: raises $5.20 to $7.40
DJNezz: raises $198.28 to $205.68 and is all-in
Luan777Poker: folds 
Uncalled bet ($198.28) returned to DJNezz
DJNezz collected $15.30 from pot
*** SUMMARY ***
Total pot $15.30 | Rake $0 
Seat 1: vadjkeee (button) folded before Flop (didn't bet)
Seat 2: ruSSotron (small blind) folded before Flop
Seat 3: Luan777Poker (big blind) folded before Flop
Seat 4: DJNezz collected ($15.30)
Seat 5: SorinS28 folded before Flop (didn't bet)
Seat 6: paramourx folded before Flop (didn't bet)



PokerStars Hand #254609984432:  Hold'em No Limit ($0.50/$1.00 USD) - 2025/01/29 18:43:49 WET [2025/01/29 13:43:49 ET]
Table 'Janacek' 6-max Seat #2 is the button
Seat 1: vadjkeee ($103.58 in chips) 
Seat 2: ruSSotron ($100 in chips) 
Seat 3: Luan777Poker ($67.22 in chips) 
Seat 4: DJNezz ($213.58 in chips) 
Seat 5: SorinS28 ($112.06 in chips) 
Seat 6: paramourx ($105.80 in chips) 
Luan777Poker: posts small blind $0.50
DJNezz: posts big blind $1
*** HOLE CARDS ***
SorinS28: folds 
paramourx: folds 
vadjkeee: folds 
ruSSotron: raises $1.50 to $2.50
Luan777Poker: raises $3.50 to $6
DJNezz: folds 
ruSSotron: calls $3.50
*** FLOP *** [Qd 8s Tc]
Luan777Poker: bets $3
ruSSotron: calls $3
*** TURN *** [Qd 8s Tc] [9h]
Luan777Poker: bets $9.03
ruSSotron: calls $9.03
*** RIVER *** [Qd 8s Tc 9h] [9c]
Luan777Poker: checks 
ruSSotron: bets $21.50
Luan777Poker: folds 
Uncalled bet ($21.50) returned to ruSSotron
ruSSotron collected $35.21 from pot
*** SUMMARY ***
Total pot $37.06 | Rake $1.85 
Board [Qd 8s Tc 9h 9c]
Seat 1: vadjkeee folded before Flop (didn't bet)
Seat 2: ruSSotron (button) collected ($35.21)
Seat 3: Luan777Poker (small blind) folded on the River
Seat 4: DJNezz (big blind) folded before Flop
Seat 5: SorinS28 folded before Flop (didn't bet)
Seat 6: paramourx folded before Flop (didn't bet)



PokerStars Hand #254610001196:  Hold'em No Limit ($0.50/$1.00 USD) - 2025/01/29 18:44:48 WET [2025/01/29 13:44:48 ET]
Table 'Janacek' 6-max Seat #3 is the button
Seat 1: vadjkeee ($103.58 in chips) 
Seat 2: ruSSotron ($117.18 in chips) 
Seat 3: Luan777Poker ($49.19 in chips) 
Seat 4: DJNezz ($212.58 in chips) 
Seat 5: SorinS28 ($112.06 in chips) 
Seat 6: paramourx ($105.80 in chips) 
DJNezz: posts small blind $0.50
SorinS28: posts big blind $1
*** HOLE CARDS ***
paramourx: folds 
vadjkeee: folds 
ruSSotron: folds 
Luan777Poker: raises $1 to $2
DJNezz: folds 
SorinS28: raises $8 to $10
Luan777Poker: calls $8
*** FLOP *** [2h 8h 3c]
SorinS28: checks 
Luan777Poker: bets $9.74
SorinS28: folds 
Uncalled bet ($9.74) returned to Luan777Poker
Luan777Poker collected $19.48 from pot
*** SUMMARY ***
Total pot $20.50 | Rake $1.02 
Board [2h 8h 3c]
Seat 1: vadjkeee folded before Flop (didn't bet)
Seat 2: ruSSotron folded before Flop (didn't bet)
Seat 3: Luan777Poker (button) collected ($19.48)
Seat 4: DJNezz (small blind) folded before Flop
Seat 5: SorinS28 (big blind) folded on the Flop
Seat 6: paramourx folded before Flop (didn't bet)



PokerStars Hand #254610012609:  Hold'em No Limit ($0.50/$1.00 USD) - 2025/01/29 18:45:28 WET [2025/01/29 13:45:28 ET]
Table 'Janacek' 6-max Seat #4 is the button
Seat 1: vadjkeee ($103.58 in chips) 
Seat 2: ruSSotron ($117.18 in chips) 
Seat 3: Luan777Poker ($58.67 in chips) 
Seat 4: DJNezz ($212.08 in chips) 
Seat 5: SorinS28 ($102.06 in chips) 
Seat 6: paramourx ($105.80 in chips) 
SorinS28: posts small blind $0.50
paramourx: posts big blind $1
*** HOLE CARDS ***
vadjkeee: folds 
ruSSotron: raises $1.20 to $2.20
Luan777Poker: folds 
DJNezz: folds 
SorinS28: folds 
paramourx: folds 
Uncalled bet ($1.20) returned to ruSSotron
ruSSotron collected $2.50 from pot
*** SUMMARY ***
Total pot $2.50 | Rake $0 
Seat 1: vadjkeee folded before Flop (didn't bet)
Seat 2: ruSSotron collected ($2.50)
Seat 3: Luan777Poker folded before Flop (didn't bet)
Seat 4: DJNezz (button) folded before Flop (didn't bet)
Seat 5: SorinS28 (small blind) folded before Flop
Seat 6: paramourx (big blind) folded before Flop



PokerStars Hand #254610018996:  Hold'em No Limit ($0.50/$1.00 USD) - 2025/01/29 18:45:51 WET [2025/01/29 13:45:51 ET]
Table 'Janacek' 6-max Seat #5 is the button
Seat 1: vadjkeee ($103.58 in chips) 
Seat 2: ruSSotron ($118.68 in chips) 
Seat 3: Luan777Poker ($58.67 in chips) 
Seat 4: DJNezz ($212.08 in chips) 
Seat 5: SorinS28 ($101.56 in chips) 
Seat 6: paramourx ($104.80 in chips) 
paramourx: posts small blind $0.50
vadjkeee: posts big blind $1
*** HOLE CARDS ***
ruSSotron: folds 
Luan777Poker: raises $1 to $2
DJNezz: folds 
SorinS28: folds 
paramourx: folds 
vadjkeee: folds 
Uncalled bet ($1) returned to Luan777Poker
Luan777Poker collected $2.50 from pot
*** SUMMARY ***
Total pot $2.50 | Rake $0 
Seat 1: vadjkeee (big blind) folded before Flop
Seat 2: ruSSotron folded before Flop (didn't bet)
Seat 3: Luan777Poker collected ($2.50)
Seat 4: DJNezz folded before Flop (didn't bet)
Seat 5: SorinS28 (button) folded before Flop (didn't bet)
Seat 6: paramourx (small blind) folded before Flop



PokerStars Hand #254610023625:  Hold'em No Limit ($0.50/$1.00 USD) - 2025/01/29 18:46:07 WET [2025/01/29 13:46:07 ET]
Table 'Janacek' 6-max Seat #6 is the button
Seat 1: vadjkeee ($102.58 in chips) 
Seat 2: ruSSotron ($118.68 in chips) 
Seat 3: Luan777Poker ($60.17 in chips) 
Seat 4: DJNezz ($212.08 in chips) 
Seat 5: SorinS28 ($101.56 in chips) 
Seat 6: paramourx ($104.30 in chips) 
vadjkeee: posts small blind $0.50
ruSSotron: posts big blind $1
*** HOLE CARDS ***
Luan777Poker: raises $1 to $2
DJNezz: folds 
SorinS28: folds 
paramourx: folds 
vadjkeee: folds 
ruSSotron: calls $1
*** FLOP *** [Ks 8d 8h]
ruSSotron: checks 
Luan777Poker: bets $2.14
ruSSotron: folds 
Uncalled bet ($2.14) returned to Luan777Poker
Luan777Poker collected $4.28 from pot
*** SUMMARY ***
Total pot $4.50 | Rake $0.22 
Board [Ks 8d 8h]
Seat 1: vadjkeee (small blind) folded before Flop
Seat 2: ruSSotron (big blind) folded on the Flop
Seat 3: Luan777Poker collected ($4.28)
Seat 4: DJNezz folded before Flop (didn't bet)
Seat 5: SorinS28 folded before Flop (didn't bet)
Seat 6: paramourx (button) folded before Flop (didn't bet)



PokerStars Hand #254610029420:  Hold'em No Limit ($0.50/$1.00 USD) - 2025/01/29 18:46:28 WET [2025/01/29 13:46:28 ET]
Table 'Janacek' 6-max Seat #1 is the button
Seat 1: vadjkeee ($102.08 in chips) 
Seat 2: ruSSotron ($116.68 in chips) 
Seat 3: Luan777Poker ($62.45 in chips) 
Seat 4: DJNezz ($212.08 in chips) 
Seat 5: SorinS28 ($101.56 in chips) 
Seat 6: paramourx ($104.30 in chips) 
ruSSotron: posts small blind $0.50
Luan777Poker: posts big blind $1
*** HOLE CARDS ***
DJNezz: folds 
SorinS28: folds 
paramourx: folds 
vadjkeee: raises $1.50 to $2.50
ruSSotron: folds 
Luan777Poker: calls $1.50
*** FLOP *** [Td Kh 8d]
Luan777Poker: checks 
vadjkeee: bets $2.87
Luan777Poker: calls $2.87
*** TURN *** [Td Kh 8d] [6h]
Luan777Poker: checks 
vadjkeee: bets $15
Luan777Poker: folds 
Uncalled bet ($15) returned to vadjkeee
vadjkeee collected $10.68 from pot
vadjkeee: doesn't show hand 
*** SUMMARY ***
Total pot $11.24 | Rake $0.56 
Board [Td Kh 8d 6h]
Seat 1: vadjkeee (button) collected ($10.68)
Seat 2: ruSSotron (small blind) folded before Flop
Seat 3: Luan777Poker (big blind) folded on the Turn
Seat 4: DJNezz folded before Flop (didn't bet)
Seat 5: SorinS28 folded before Flop (didn't bet)
Seat 6: paramourx folded before Flop (didn't bet)



PokerStars Hand #254610041039:  Hold'em No Limit ($0.50/$1.00 USD) - 2025/01/29 18:47:09 WET [2025/01/29 13:47:09 ET]
Table 'Janacek' 6-max Seat #2 is the button
Seat 1: vadjkeee ($107.39 in chips) 
Seat 2: ruSSotron ($116.18 in chips) 
Seat 3: Luan777Poker ($57.08 in chips) 
Seat 4: DJNezz ($212.08 in chips) 
Seat 5: SorinS28 ($101.56 in chips) 
Seat 6: paramourx ($104.30 in chips) 
Luan777Poker: posts small blind $0.50
DJNezz: posts big blind $1
*** HOLE CARDS ***
SorinS28: folds 
paramourx: folds 
vadjkeee: folds 
ruSSotron: folds 
Luan777Poker: folds 
Uncalled bet ($0.50) returned to DJNezz
DJNezz collected $1 from pot
*** SUMMARY ***
Total pot $1 | Rake $0 
Seat 1: vadjkeee folded before Flop (didn't bet)
Seat 2: ruSSotron (button) folded before Flop (didn't bet)
Seat 3: Luan777Poker (small blind) folded before Flop
Seat 4: DJNezz (big blind) collected ($1)
Seat 5: SorinS28 folded before Flop (didn't bet)
Seat 6: paramourx folded before Flop (didn't bet)



PokerStars Hand #254610047288:  Hold'em No Limit ($0.50/$1.00 USD) - 2025/01/29 18:47:30 WET [2025/01/29 13:47:30 ET]
Table 'Janacek' 6-max Seat #3 is the button
Seat 1: vadjkeee ($107.39 in chips) is sitting out
Seat 2: ruSSotron ($116.18 in chips) 
Seat 3: Luan777Poker ($56.58 in chips) 
Seat 4: DJNezz ($212.58 in chips) 
Seat 5: SorinS28 ($101.56 in chips) 
Seat 6: paramourx ($104.30 in chips) 
DJNezz: posts small blind $0.50
SorinS28: posts big blind $1
*** HOLE CARDS ***
paramourx: folds 
ruSSotron: raises $1.20 to $2.20
Luan777Poker: calls $2.20
DJNezz: folds 
SorinS28: calls $1.20
*** FLOP *** [4c 6d 9d]
SorinS28: checks 
ruSSotron: checks 
Luan777Poker: checks 
*** TURN *** [4c 6d 9d] [5d]
SorinS28: checks 
ruSSotron: bets $2.22
Luan777Poker: calls $2.22
SorinS28: folds 
*** RIVER *** [4c 6d 9d 5d] [Ad]
ruSSotron: checks 
Luan777Poker: bets $9.48
ruSSotron: calls $9.48
*** SHOW DOWN ***
Luan777Poker: shows [5c 8c] (a pair of Fives)
ruSSotron: shows [8s 8d] (a flush, Ace high)
ruSSotron collected $28.98 from pot
*** SUMMARY ***
Total pot $30.50 | Rake $1.52 
Board [4c 6d 9d 5d Ad]
Seat 1: vadjkeee
Seat 2: ruSSotron showed [8s 8d] and won ($28.98) with a flush, Ace high
Seat 3: Luan777Poker (button) showed [5c 8c] and lost with a pair of Fives
Seat 4: DJNezz (small blind) folded before Flop
Seat 5: SorinS28 (big blind) folded on the Turn
Seat 6: paramourx folded before Flop (didn't bet)



PokerStars Hand #254610066322:  Hold'em No Limit ($0.50/$1.00 USD) - 2025/01/29 18:48:38 WET [2025/01/29 13:48:38 ET]
Table 'Janacek' 6-max Seat #4 is the button
Seat 1: vadjkeee ($107.39 in chips) is sitting out
Seat 6: paramourx ($104.30 in chips) is sitting out
Seat 2: ruSSotron ($131.26 in chips) 
Seat 3: Luan777Poker ($42.68 in chips) 
Seat 4: DJNezz ($212.08 in chips) 
Seat 5: SorinS28 ($100 in chips) 
SorinS28: posts small blind $0.50
paramourx: is sitting out 
ruSSotron: posts big blind $1
*** HOLE CARDS ***
paramourx leaves the table
Luan777Poker: folds 
DJNezz: raises $1.20 to $2.20
SorinS28: raises $8.10 to $10.30
ruSSotron: folds 
DJNezz: folds 
Uncalled bet ($8.10) returned to SorinS28
SorinS28 collected $5.40 from pot
SorinS28: doesn't show hand 
*** SUMMARY ***
Total pot $5.40 | Rake $0 
Seat 1: vadjkeee
Seat 6: paramourx
Seat 2: ruSSotron (big blind) folded before Flop
Seat 3: Luan777Poker folded before Flop (didn't bet)
Seat 4: DJNezz (button) folded before Flop
Seat 5: SorinS28 (small blind) collected ($5.40)



PokerStars Hand #254610075454:  Hold'em No Limit ($0.50/$1.00 USD) - 2025/01/29 18:49:10 WET [2025/01/29 13:49:10 ET]
Table 'Janacek' 6-max Seat #5 is the button
Seat 1: vadjkeee ($107.39 in chips) is sitting out
Seat 2: ruSSotron ($130.26 in chips) 
Seat 3: Luan777Poker ($42.68 in chips) 
Seat 4: DJNezz ($209.88 in chips) 
Seat 5: SorinS28 ($103.20 in chips) 
ruSSotron: posts small blind $0.50
Luan777Poker: posts big blind $1
*** HOLE CARDS ***
DJNezz: raises $1.20 to $2.20
SorinS28: folds 
ruSSotron: folds 
Luan777Poker: calls $1.20
*** FLOP *** [7c 3h Jd]
Luan777Poker: checks 
DJNezz: checks 
*** TURN *** [7c 3h Jd] [7s]
Luan777Poker: bets $1
DJNezz: calls $1
*** RIVER *** [7c 3h Jd 7s] [9d]
whitecillar3 joins the table at seat #6 
Luan777Poker: bets $6.28
DJNezz: folds 
Uncalled bet ($6.28) returned to Luan777Poker
Luan777Poker collected $6.56 from pot
*** SUMMARY ***
Total pot $6.90 | Rake $0.34 
Board [7c 3h Jd 7s 9d]
Seat 1: vadjkeee
Seat 2: ruSSotron (small blind) folded before Flop
Seat 3: Luan777Poker (big blind) collected ($6.56)
Seat 4: DJNezz folded on the River
Seat 5: SorinS28 (button) folded before Flop (didn't bet)



PokerStars Hand #254610091827:  Hold'em No Limit ($0.50/$1.00 USD) - 2025/01/29 18:50:08 WET [2025/01/29 13:50:08 ET]
Table 'Janacek' 6-max Seat #2 is the button
Seat 1: vadjkeee ($107.39 in chips) is sitting out
Seat 6: whitecillar3 ($100 in chips) is sitting out
Seat 2: ruSSotron ($129.76 in chips) 
Seat 3: Luan777Poker ($46.04 in chips) 
Seat 4: DJNezz ($206.68 in chips) 
Seat 5: SorinS28 ($103.20 in chips) 
Luan777Poker: posts small blind $0.50
DJNezz: posts big blind $1
whitecillar3: sits out 
*** HOLE CARDS ***
SorinS28: folds 
ruSSotron: raises $1.50 to $2.50
Luan777Poker: calls $2
DJNezz: folds 
*** FLOP *** [8c 5c Kd]
Luan777Poker: checks 
ruSSotron: bets $1.88
Luan777Poker: calls $1.88
*** TURN *** [8c 5c Kd] [Qs]
Luan777Poker: checks 
ruSSotron: bets $3.06
Luan777Poker: calls $3.06
*** RIVER *** [8c 5c Kd Qs] [9s]
Luan777Poker: checks 
ruSSotron: checks 
*** SHOW DOWN ***
Luan777Poker: shows [Tc Qc] (a pair of Queens)
ruSSotron: mucks hand 
Luan777Poker collected $15.09 from pot
*** SUMMARY ***
Total pot $15.88 | Rake $0.79 
Board [8c 5c Kd Qs 9s]
Seat 1: vadjkeee
Seat 6: whitecillar3
Seat 2: ruSSotron (button) mucked
Seat 3: Luan777Poker (small blind) showed [Tc Qc] and won ($15.09) with a pair of Queens
Seat 4: DJNezz (big blind) folded before Flop
Seat 5: SorinS28 folded before Flop (didn't bet)



PokerStars Hand #254610106610:  Hold'em No Limit ($0.50/$1.00 USD) - 2025/01/29 18:51:01 WET [2025/01/29 13:51:01 ET]
Table 'Janacek' 6-max Seat #3 is the button
Seat 1: vadjkeee ($107.39 in chips) is sitting out
Seat 6: whitecillar3 ($100 in chips) is sitting out
Seat 2: ruSSotron ($122.32 in chips) 
Seat 3: Luan777Poker ($53.69 in chips) 
Seat 4: DJNezz ($205.68 in chips) 
Seat 5: SorinS28 ($103.20 in chips) 
DJNezz: posts small blind $0.50
SorinS28: posts big blind $1
whitecillar3: sits out 
*** HOLE CARDS ***
ruSSotron: folds 
Luan777Poker: folds 
DJNezz: folds 
Uncalled bet ($0.50) returned to SorinS28
SorinS28 collected $1 from pot
SorinS28: doesn't show hand 
*** SUMMARY ***
Total pot $1 | Rake $0 
Seat 1: vadjkeee
Seat 6: whitecillar3
Seat 2: ruSSotron folded before Flop (didn't bet)
Seat 3: Luan777Poker (button) folded before Flop (didn't bet)
Seat 4: DJNezz (small blind) folded before Flop
Seat 5: SorinS28 (big blind) collected ($1)



PokerStars Hand #254610111334:  Hold'em No Limit ($0.50/$1.00 USD) - 2025/01/29 18:51:18 WET [2025/01/29 13:51:18 ET]
Table 'Janacek' 6-max Seat #4 is the button
Seat 1: vadjkeee ($107.39 in chips) is sitting out
Seat 2: ruSSotron ($122.32 in chips) 
Seat 3: Luan777Poker ($53.69 in chips) 
Seat 4: DJNezz ($205.18 in chips) 
Seat 5: SorinS28 ($103.70 in chips) 
Seat 6: whitecillar3 ($100 in chips) 
SorinS28: posts small blind $0.50
whitecillar3: posts big blind $1
*** HOLE CARDS ***
ruSSotron: folds 
Luan777Poker: folds 
DJNezz: folds 
SorinS28: folds 
Uncalled bet ($0.50) returned to whitecillar3
whitecillar3 collected $1 from pot
*** SUMMARY ***
Total pot $1 | Rake $0 
Seat 1: vadjkeee
Seat 2: ruSSotron folded before Flop (didn't bet)
Seat 3: Luan777Poker folded before Flop (didn't bet)
Seat 4: DJNezz (button) folded before Flop (didn't bet)
Seat 5: SorinS28 (small blind) folded before Flop
Seat 6: whitecillar3 (big blind) collected ($1)



PokerStars Hand #254610114812:  Hold'em No Limit ($0.50/$1.00 USD) - 2025/01/29 18:51:30 WET [2025/01/29 13:51:30 ET]
Table 'Janacek' 6-max Seat #5 is the button
Seat 1: vadjkeee ($107.39 in chips) is sitting out
Seat 2: ruSSotron ($122.32 in chips) 
Seat 3: Luan777Poker ($53.69 in chips) 
Seat 4: DJNezz ($205.18 in chips) 
Seat 5: SorinS28 ($103.20 in chips) 
Seat 6: whitecillar3 ($100.50 in chips) 
whitecillar3: posts small blind $0.50
ruSSotron: posts big blind $1
*** HOLE CARDS ***
Luan777Poker: calls $1
DJNezz: folds 
SorinS28: raises $3.50 to $4.50
whitecillar3: folds 
ruSSotron: folds 
Luan777Poker: calls $3.50
*** FLOP *** [6d As 9c]
Luan777Poker: checks 
SorinS28: bets $2.50
Luan777Poker: calls $2.50
*** TURN *** [6d As 9c] [Qd]
Luan777Poker: checks 
SorinS28: bets $11.04
Luan777Poker: calls $11.04
*** RIVER *** [6d As 9c Qd] [Kc]
Luan777Poker: checks 
SorinS28: checks 
*** SHOW DOWN ***
Luan777Poker: shows [7s 8h] (high card Ace)
SorinS28: shows [Kd Jd] (a pair of Kings)
SorinS28 collected $35.70 from pot
*** SUMMARY ***
Total pot $37.58 | Rake $1.88 
Board [6d As 9c Qd Kc]
Seat 1: vadjkeee
Seat 2: ruSSotron (big blind) folded before Flop
Seat 3: Luan777Poker showed [7s 8h] and lost with high card Ace
Seat 4: DJNezz folded before Flop (didn't bet)
Seat 5: SorinS28 (button) showed [Kd Jd] and won ($35.70) with a pair of Kings
Seat 6: whitecillar3 (small blind) folded before Flop



PokerStars Hand #254610129350:  Hold'em No Limit ($0.50/$1.00 USD) - 2025/01/29 18:52:21 WET [2025/01/29 13:52:21 ET]
Table 'Janacek' 6-max Seat #6 is the button
Seat 1: vadjkeee ($107.39 in chips) is sitting out
Seat 2: ruSSotron ($121.32 in chips) 
Seat 3: Luan777Poker ($35.65 in chips) 
Seat 4: DJNezz ($205.18 in chips) 
Seat 5: SorinS28 ($120.86 in chips) 
Seat 6: whitecillar3 ($100 in chips) 
ruSSotron: posts small blind $0.50
Luan777Poker: posts big blind $1
*** HOLE CARDS ***
DJNezz: folds 
SorinS28: folds 
whitecillar3: folds 
ruSSotron: raises $2 to $3
Luan777Poker: calls $2
*** FLOP *** [Kh 9c 5h]
ruSSotron: checks 
Luan777Poker: checks 
*** TURN *** [Kh 9c 5h] [8s]
ruSSotron: checks 
Luan777Poker: bets $1
ruSSotron: folds 
Uncalled bet ($1) returned to Luan777Poker
Luan777Poker collected $5.70 from pot
*** SUMMARY ***
Total pot $6 | Rake $0.30 
Board [Kh 9c 5h 8s]
Seat 1: vadjkeee
Seat 2: ruSSotron (small blind) folded on the Turn
Seat 3: Luan777Poker (big blind) collected ($5.70)
Seat 4: DJNezz folded before Flop (didn't bet)
Seat 5: SorinS28 folded before Flop (didn't bet)
Seat 6: whitecillar3 (button) folded before Flop (didn't bet)



PokerStars Hand #254610137907:  Hold'em No Limit ($0.50/$1.00 USD) - 2025/01/29 18:52:51 WET [2025/01/29 13:52:51 ET]
Table 'Janacek' 6-max Seat #2 is the button
Seat 1: vadjkeee ($107.39 in chips) is sitting out
Seat 2: ruSSotron ($118.32 in chips) 
Seat 3: Luan777Poker ($38.35 in chips) 
Seat 4: DJNezz ($205.18 in chips) 
Seat 5: SorinS28 ($120.86 in chips) 
Seat 6: whitecillar3 ($100 in chips) 
Luan777Poker: posts small blind $0.50
DJNezz: posts big blind $1
*** HOLE CARDS ***
SorinS28: folds 
whitecillar3: folds 
ruSSotron: folds 
Luan777Poker: folds 
Uncalled bet ($0.50) returned to DJNezz
DJNezz collected $1 from pot
*** SUMMARY ***
Total pot $1 | Rake $0 
Seat 1: vadjkeee
Seat 2: ruSSotron (button) folded before Flop (didn't bet)
Seat 3: Luan777Poker (small blind) folded before Flop
Seat 4: DJNezz (big blind) collected ($1)
Seat 5: SorinS28 folded before Flop (didn't bet)
Seat 6: whitecillar3 folded before Flop (didn't bet)



PokerStars Hand #254610142138:  Hold'em No Limit ($0.50/$1.00 USD) - 2025/01/29 18:53:06 WET [2025/01/29 13:53:06 ET]
Table 'Janacek' 6-max Seat #3 is the button
Seat 1: vadjkeee ($107.39 in chips) is sitting out
Seat 2: ruSSotron ($118.32 in chips) 
Seat 3: Luan777Poker ($37.85 in chips) 
Seat 4: DJNezz ($205.68 in chips) 
Seat 5: SorinS28 ($120.86 in chips) 
Seat 6: whitecillar3 ($100 in chips) 
DJNezz: posts small blind $0.50
SorinS28: posts big blind $1
vadjkeee: sits out 
*** HOLE CARDS ***
whitecillar3: folds 
ruSSotron: raises $1.20 to $2.20
Luan777Poker: raises $6.20 to $8.40
DJNezz: folds 
SorinS28: folds 
ruSSotron: calls $6.20
*** FLOP *** [8d 7c 4c]
ruSSotron: checks 
Luan777Poker: checks 
*** TURN *** [8d 7c 4c] [2s]
ruSSotron: checks 
Luan777Poker: bets $13.69
ruSSotron: folds 
Uncalled bet ($13.69) returned to Luan777Poker
Luan777Poker collected $17.38 from pot
*** SUMMARY ***
Total pot $18.30 | Rake $0.92 
Board [8d 7c 4c 2s]
Seat 1: vadjkeee
Seat 2: ruSSotron folded on the Turn
Seat 3: Luan777Poker (button) collected ($17.38)
Seat 4: DJNezz (small blind) folded before Flop
Seat 5: SorinS28 (big blind) folded before Flop
Seat 6: whitecillar3 folded before Flop (didn't bet)



PokerStars Hand #254610188369:  Hold'em No Limit ($0.50/$1.00 USD) - 2025/01/29 18:56:12 WET [2025/01/29 13:56:12 ET]
Table 'Janacek' 6-max Seat #1 is the button
Seat 1: vadjkeee ($105.89 in chips) 
Seat 2: ruSSotron ($100.69 in chips) 
Seat 3: Luan777Poker ($58.20 in chips) 
Seat 4: DJNezz ($195.63 in chips) 
Seat 5: SorinS28 ($128.14 in chips) 
Seat 6: whitecillar3 ($98.50 in chips) 
ruSSotron: posts small blind $0.50
Luan777Poker: posts big blind $1
*** HOLE CARDS ***
DJNezz: folds 
SorinS28: folds 
whitecillar3: folds 
vadjkeee: raises $2 to $3
ruSSotron: folds 
Luan777Poker: calls $2
*** FLOP *** [Kd Ks 2h]
Luan777Poker: checks 
vadjkeee: bets $1.54
Luan777Poker: calls $1.54
*** TURN *** [Kd Ks 2h] [Ac]
Luan777Poker: checks 
vadjkeee: checks 
*** RIVER *** [Kd Ks 2h Ac] [5h]
Luan777Poker: bets $12.10
vadjkeee: calls $12.10
*** SHOW DOWN ***
Luan777Poker: shows [6h 5s] (two pair, Kings and Fives)
vadjkeee: shows [5d 4d] (two pair, Kings and Fives)
Luan777Poker collected $16.05 from pot
vadjkeee collected $16.04 from pot
*** SUMMARY ***
Total pot $33.78 | Rake $1.69 
Board [Kd Ks 2h Ac 5h]
Seat 1: vadjkeee (button) showed [5d 4d] and won ($16.04) with two pair, Kings and Fives
Seat 2: ruSSotron (small blind) folded before Flop
Seat 3: Luan777Poker (big blind) showed [6h 5s] and won ($16.05) with two pair, Kings and Fives
Seat 4: DJNezz folded before Flop (didn't bet)
Seat 5: SorinS28 folded before Flop (didn't bet)
Seat 6: whitecillar3 folded before Flop (didn't bet)



PokerStars Hand #254610203128:  Hold'em No Limit ($0.50/$1.00 USD) - 2025/01/29 18:57:25 WET [2025/01/29 13:57:25 ET]
Table 'Janacek' 6-max Seat #2 is the button
Seat 1: vadjkeee ($105.29 in chips) 
Seat 2: ruSSotron ($100.19 in chips) 
Seat 3: Luan777Poker ($57.61 in chips) 
Seat 4: DJNezz ($195.63 in chips) 
Seat 5: SorinS28 ($128.14 in chips) 
Seat 6: whitecillar3 ($98.50 in chips) 
Luan777Poker: posts small blind $0.50
DJNezz: posts big blind $1
*** HOLE CARDS ***
SorinS28: folds 
whitecillar3: folds 
vadjkeee: folds 
ruSSotron: raises $1.50 to $2.50
Luan777Poker: calls $2
DJNezz: folds 
*** FLOP *** [2h Qd Jc]
Luan777Poker: checks 
ruSSotron: bets $1.88
Luan777Poker: calls $1.88
*** TURN *** [2h Qd Jc] [8s]
Luan777Poker: checks 
ruSSotron: bets $6.95
Luan777Poker: folds 
Uncalled bet ($6.95) returned to ruSSotron
ruSSotron collected $9.27 from pot
*** SUMMARY ***
Total pot $9.76 | Rake $0.49 
Board [2h Qd Jc 8s]
Seat 1: vadjkeee folded before Flop (didn't bet)
Seat 2: ruSSotron (button) collected ($9.27)
Seat 3: Luan777Poker (small blind) folded on the Turn
Seat 4: DJNezz (big blind) folded before Flop
Seat 5: SorinS28 folded before Flop (didn't bet)
Seat 6: whitecillar3 folded before Flop (didn't bet)



PokerStars Hand #254610212891:  Hold'em No Limit ($0.50/$1.00 USD) - 2025/01/29 18:58:13 WET [2025/01/29 13:58:13 ET]
Table 'Janacek' 6-max Seat #3 is the button
Seat 1: vadjkeee ($105.29 in chips) 
Seat 2: ruSSotron ($105.08 in chips) 
Seat 3: Luan777Poker ($53.23 in chips) 
Seat 4: DJNezz ($194.63 in chips) 
Seat 5: SorinS28 ($128.14 in chips) 
Seat 6: whitecillar3 ($98.50 in chips) 
DJNezz: posts small blind $0.50
SorinS28: posts big blind $1
*** HOLE CARDS ***
whitecillar3: folds 
vadjkeee: folds 
ruSSotron: folds 
Luan777Poker: raises $1 to $2
DJNezz: folds 
SorinS28: calls $1
*** FLOP *** [Qd Ah 5c]
SorinS28: checks 
Luan777Poker: checks 
*** TURN *** [Qd Ah 5c] [8h]
SorinS28: checks 
Luan777Poker: bets $2
SorinS28: folds 
Uncalled bet ($2) returned to Luan777Poker
Luan777Poker collected $4.28 from pot
*** SUMMARY ***
Total pot $4.50 | Rake $0.22 
Board [Qd Ah 5c 8h]
Seat 1: vadjkeee folded before Flop (didn't bet)
Seat 2: ruSSotron folded before Flop (didn't bet)
Seat 3: Luan777Poker (button) collected ($4.28)
Seat 4: DJNezz (small blind) folded before Flop
Seat 5: SorinS28 (big blind) folded on the Turn
Seat 6: whitecillar3 folded before Flop (didn't bet)



PokerStars Hand #254610221599:  Hold'em No Limit ($0.50/$1.00 USD) - 2025/01/29 18:58:55 WET [2025/01/29 13:58:55 ET]
Table 'Janacek' 6-max Seat #4 is the button
Seat 1: vadjkeee ($105.29 in chips) 
Seat 2: ruSSotron ($105.08 in chips) 
Seat 3: Luan777Poker ($55.51 in chips) 
Seat 4: DJNezz ($194.13 in chips) 
Seat 5: SorinS28 ($126.14 in chips) 
Seat 6: whitecillar3 ($98.50 in chips) 
SorinS28: posts small blind $0.50
whitecillar3: posts big blind $1
*** HOLE CARDS ***
vadjkeee: folds 
ruSSotron: folds 
Luan777Poker: raises $1 to $2
DJNezz: folds 
SorinS28: folds 
whitecillar3: calls $1
*** FLOP *** [7d 8c 7h]
whitecillar3: checks 
Luan777Poker: checks 
*** TURN *** [7d 8c 7h] [3s]
whitecillar3: bets $5
Luan777Poker: folds 
Uncalled bet ($5) returned to whitecillar3
whitecillar3 collected $4.28 from pot
*** SUMMARY ***
Total pot $4.50 | Rake $0.22 
Board [7d 8c 7h 3s]
Seat 1: vadjkeee folded before Flop (didn't bet)
Seat 2: ruSSotron folded before Flop (didn't bet)
Seat 3: Luan777Poker folded on the Turn
Seat 4: DJNezz (button) folded before Flop (didn't bet)
Seat 5: SorinS28 (small blind) folded before Flop
Seat 6: whitecillar3 (big blind) collected ($4.28)



PokerStars Hand #254610231010:  Hold'em No Limit ($0.50/$1.00 USD) - 2025/01/29 18:59:41 WET [2025/01/29 13:59:41 ET]
Table 'Janacek' 6-max Seat #5 is the button
Seat 1: vadjkeee ($105.29 in chips) 
Seat 2: ruSSotron ($105.08 in chips) 
Seat 3: Luan777Poker ($53.51 in chips) 
Seat 4: DJNezz ($194.13 in chips) 
Seat 5: SorinS28 ($125.64 in chips) 
Seat 6: whitecillar3 ($100.78 in chips) 
whitecillar3: posts small blind $0.50
vadjkeee: posts big blind $1
*** HOLE CARDS ***
ruSSotron: folds 
Luan777Poker: folds 
DJNezz: folds 
SorinS28: folds 
whitecillar3: folds 
Uncalled bet ($0.50) returned to vadjkeee
vadjkeee collected $1 from pot
vadjkeee: doesn't show hand 
*** SUMMARY ***
Total pot $1 | Rake $0 
Seat 1: vadjkeee (big blind) collected ($1)
Seat 2: ruSSotron folded before Flop (didn't bet)
Seat 3: Luan777Poker folded before Flop (didn't bet)
Seat 4: DJNezz folded before Flop (didn't bet)
Seat 5: SorinS28 (button) folded before Flop (didn't bet)
Seat 6: whitecillar3 (small blind) folded before Flop



PokerStars Hand #254610233458:  Hold'em No Limit ($0.50/$1.00 USD) - 2025/01/29 18:59:54 WET [2025/01/29 13:59:54 ET]
Table 'Janacek' 6-max Seat #6 is the button
Seat 1: vadjkeee ($105.79 in chips) 
Seat 2: ruSSotron ($105.08 in chips) 
Seat 3: Luan777Poker ($53.51 in chips) 
Seat 4: DJNezz ($194.13 in chips) 
Seat 5: SorinS28 ($125.64 in chips) 
Seat 6: whitecillar3 ($100.28 in chips) 
vadjkeee: posts small blind $0.50
ruSSotron: posts big blind $1
*** HOLE CARDS ***
Luan777Poker: raises $1 to $2
DJNezz: folds 
SorinS28: folds 
whitecillar3: folds 
vadjkeee: folds 
ruSSotron: folds 
Uncalled bet ($1) returned to Luan777Poker
Luan777Poker collected $2.50 from pot
*** SUMMARY ***
Total pot $2.50 | Rake $0 
Seat 1: vadjkeee (small blind) folded before Flop
Seat 2: ruSSotron (big blind) folded before Flop
Seat 3: Luan777Poker collected ($2.50)
Seat 4: DJNezz folded before Flop (didn't bet)
Seat 5: SorinS28 folded before Flop (didn't bet)
Seat 6: whitecillar3 (button) folded before Flop (didn't bet)



PokerStars Hand #254610241055:  Hold'em No Limit ($0.50/$1.00 USD) - 2025/01/29 19:00:29 WET [2025/01/29 14:00:29 ET]
Table 'Janacek' 6-max Seat #1 is the button
Seat 1: vadjkeee ($105.29 in chips) 
Seat 2: ruSSotron ($104.08 in chips) 
Seat 3: Luan777Poker ($55.01 in chips) 
Seat 4: DJNezz ($194.13 in chips) 
Seat 5: SorinS28 ($125.64 in chips) 
Seat 6: whitecillar3 ($100.28 in chips) 
ruSSotron: posts small blind $0.50
Luan777Poker: posts big blind $1
*** HOLE CARDS ***
DJNezz: folds 
SorinS28: folds 
whitecillar3: raises $1.50 to $2.50
vadjkeee: folds 
ruSSotron: folds 
Luan777Poker: calls $1.50
*** FLOP *** [Jd Qc Th]
Luan777Poker: checks 
whitecillar3: checks 
*** TURN *** [Jd Qc Th] [Ad]
Luan777Poker: checks 
whitecillar3: bets $1.10
Luan777Poker: folds 
Uncalled bet ($1.10) returned to whitecillar3
whitecillar3 collected $5.22 from pot
*** SUMMARY ***
Total pot $5.50 | Rake $0.28 
Board [Jd Qc Th Ad]
Seat 1: vadjkeee (button) folded before Flop (didn't bet)
Seat 2: ruSSotron (small blind) folded before Flop
Seat 3: Luan777Poker (big blind) folded on the Turn
Seat 4: DJNezz folded before Flop (didn't bet)
Seat 5: SorinS28 folded before Flop (didn't bet)
Seat 6: whitecillar3 collected ($5.22)



PokerStars Hand #254610249052:  Hold'em No Limit ($0.50/$1.00 USD) - 2025/01/29 19:01:03 WET [2025/01/29 14:01:03 ET]
Table 'Janacek' 6-max Seat #2 is the button
Seat 1: vadjkeee ($105.29 in chips) 
Seat 2: ruSSotron ($103.58 in chips) 
Seat 3: Luan777Poker ($52.51 in chips) 
Seat 4: DJNezz ($194.13 in chips) 
Seat 5: SorinS28 ($125.64 in chips) 
Seat 6: whitecillar3 ($103 in chips) 
Luan777Poker: posts small blind $0.50
DJNezz: posts big blind $1
*** HOLE CARDS ***
SorinS28: folds 
whitecillar3: folds 
vadjkeee: folds 
ruSSotron: raises $1.50 to $2.50
Luan777Poker: folds 
DJNezz: folds 
Uncalled bet ($1.50) returned to ruSSotron
ruSSotron collected $2.50 from pot
*** SUMMARY ***
Total pot $2.50 | Rake $0 
Seat 1: vadjkeee folded before Flop (didn't bet)
Seat 2: ruSSotron (button) collected ($2.50)
Seat 3: Luan777Poker (small blind) folded before Flop
Seat 4: DJNezz (big blind) folded before Flop
Seat 5: SorinS28 folded before Flop (didn't bet)
Seat 6: whitecillar3 folded before Flop (didn't bet)



PokerStars Hand #254610254364:  Hold'em No Limit ($0.50/$1.00 USD) - 2025/01/29 19:01:25 WET [2025/01/29 14:01:25 ET]
Table 'Janacek' 6-max Seat #3 is the button
Seat 1: vadjkeee ($105.29 in chips) 
Seat 2: ruSSotron ($105.08 in chips) 
Seat 3: Luan777Poker ($52.01 in chips) 
Seat 4: DJNezz ($193.13 in chips) 
Seat 5: SorinS28 ($125.64 in chips) 
Seat 6: whitecillar3 ($103 in chips) 
DJNezz: posts small blind $0.50
SorinS28: posts big blind $1
*** HOLE CARDS ***
whitecillar3: folds 
vadjkeee: raises $1.50 to $2.50
ruSSotron: folds 
Luan777Poker: folds 
DJNezz: folds 
SorinS28: folds 
Uncalled bet ($1.50) returned to vadjkeee
vadjkeee collected $2.50 from pot
vadjkeee: doesn't show hand 
*** SUMMARY ***
Total pot $2.50 | Rake $0 
Seat 1: vadjkeee collected ($2.50)
Seat 2: ruSSotron folded before Flop (didn't bet)
Seat 3: Luan777Poker (button) folded before Flop (didn't bet)
Seat 4: DJNezz (small blind) folded before Flop
Seat 5: SorinS28 (big blind) folded before Flop
Seat 6: whitecillar3 folded before Flop (didn't bet)



PokerStars Hand #254610259793:  Hold'em No Limit ($0.50/$1.00 USD) - 2025/01/29 19:01:47 WET [2025/01/29 14:01:47 ET]
Table 'Janacek' 6-max Seat #4 is the button
Seat 1: vadjkeee ($106.79 in chips) 
Seat 2: ruSSotron ($105.08 in chips) 
Seat 3: Luan777Poker ($52.01 in chips) 
Seat 4: DJNezz ($192.63 in chips) 
Seat 5: SorinS28 ($124.64 in chips) 
Seat 6: whitecillar3 ($103 in chips) 
SorinS28: posts small blind $0.50
whitecillar3: posts big blind $1
*** HOLE CARDS ***
vadjkeee: folds 
ruSSotron: raises $1.20 to $2.20
Luan777Poker: folds 
DJNezz: calls $2.20
SorinS28: folds 
whitecillar3: folds 
*** FLOP *** [4s 9c Kh]
ruSSotron: checks 
DJNezz: checks 
*** TURN *** [4s 9c Kh] [7s]
ruSSotron: bets $2.80
DJNezz: calls $2.80
*** RIVER *** [4s 9c Kh 7s] [5s]
ruSSotron: bets $5.46
DJNezz: raises $16.38 to $21.84
ruSSotron: folds 
Uncalled bet ($16.38) returned to DJNezz
DJNezz collected $21.30 from pot
*** SUMMARY ***
Total pot $22.42 | Rake $1.12 
Board [4s 9c Kh 7s 5s]
Seat 1: vadjkeee folded before Flop (didn't bet)
Seat 2: ruSSotron folded on the River
Seat 3: Luan777Poker folded before Flop (didn't bet)
Seat 4: DJNezz (button) collected ($21.30)
Seat 5: SorinS28 (small blind) folded before Flop
Seat 6: whitecillar3 (big blind) folded before Flop



PokerStars Hand #254610280857:  Hold'em No Limit ($0.50/$1.00 USD) - 2025/01/29 19:03:03 WET [2025/01/29 14:03:03 ET]
Table 'Janacek' 6-max Seat #5 is the button
Seat 1: vadjkeee ($106.79 in chips) 
Seat 2: ruSSotron ($100 in chips) 
Seat 3: Luan777Poker ($52.01 in chips) 
Seat 4: DJNezz ($203.47 in chips) 
Seat 5: SorinS28 ($124.14 in chips) 
Seat 6: whitecillar3 ($102 in chips) 
whitecillar3: posts small blind $0.50
vadjkeee: posts big blind $1
*** HOLE CARDS ***
ruSSotron: folds 
Luan777Poker: raises $1 to $2
DJNezz: folds 
SorinS28: folds 
whitecillar3: folds 
vadjkeee: folds 
Uncalled bet ($1) returned to Luan777Poker
Luan777Poker collected $2.50 from pot
*** SUMMARY ***
Total pot $2.50 | Rake $0 
Seat 1: vadjkeee (big blind) folded before Flop
Seat 2: ruSSotron folded before Flop (didn't bet)
Seat 3: Luan777Poker collected ($2.50)
Seat 4: DJNezz folded before Flop (didn't bet)
Seat 5: SorinS28 (button) folded before Flop (didn't bet)
Seat 6: whitecillar3 (small blind) folded before Flop



PokerStars Hand #254610286322:  Hold'em No Limit ($0.50/$1.00 USD) - 2025/01/29 19:03:22 WET [2025/01/29 14:03:22 ET]
Table 'Janacek' 6-max Seat #6 is the button
Seat 1: vadjkeee ($105.79 in chips) 
Seat 2: ruSSotron ($100 in chips) 
Seat 3: Luan777Poker ($53.51 in chips) 
Seat 4: DJNezz ($203.47 in chips) 
Seat 5: SorinS28 ($124.14 in chips) 
Seat 6: whitecillar3 ($101.50 in chips) 
vadjkeee: posts small blind $0.50
ruSSotron: posts big blind $1
*** HOLE CARDS ***
Luan777Poker: calls $1
DJNezz: folds 
SorinS28: raises $4 to $5
whitecillar3: folds 
vadjkeee: folds 
ruSSotron: calls $4
Luan777Poker: calls $4
*** FLOP *** [4d Td 7h]
ruSSotron: checks 
Luan777Poker: checks 
SorinS28: checks 
*** TURN *** [4d Td 7h] [Qc]
ruSSotron: checks 
Luan777Poker: bets $3
SorinS28: folds 
ruSSotron: folds 
Uncalled bet ($3) returned to Luan777Poker
Luan777Poker collected $14.72 from pot
*** SUMMARY ***
Total pot $15.50 | Rake $0.78 
Board [4d Td 7h Qc]
Seat 1: vadjkeee (small blind) folded before Flop
Seat 2: ruSSotron (big blind) folded on the Turn
Seat 3: Luan777Poker collected ($14.72)
Seat 4: DJNezz folded before Flop (didn't bet)
Seat 5: SorinS28 folded on the Turn
Seat 6: whitecillar3 (button) folded before Flop (didn't bet)



PokerStars Hand #254610296338:  Hold'em No Limit ($0.50/$1.00 USD) - 2025/01/29 19:03:58 WET [2025/01/29 14:03:58 ET]
Table 'Janacek' 6-max Seat #1 is the button
Seat 1: vadjkeee ($105.29 in chips) 
Seat 2: ruSSotron ($100 in chips) 
Seat 3: Luan777Poker ($63.23 in chips) 
Seat 4: DJNezz ($203.47 in chips) 
Seat 5: SorinS28 ($119.14 in chips) 
Seat 6: whitecillar3 ($101.50 in chips) 
ruSSotron: posts small blind $0.50
Luan777Poker: posts big blind $1
*** HOLE CARDS ***
DJNezz: folds 
SorinS28: raises $1.02 to $2.02
whitecillar3: folds 
vadjkeee: folds 
ruSSotron: folds 
Luan777Poker: calls $1.02
*** FLOP *** [8c Qh 4d]
Luan777Poker: checks 
SorinS28: bets $1.21
Luan777Poker: calls $1.21
*** TURN *** [8c Qh 4d] [Ad]
Luan777Poker: checks 
SorinS28: bets $4.96
Luan777Poker: calls $4.96
*** RIVER *** [8c Qh 4d Ad] [Ts]
Luan777Poker: checks 
SorinS28: bets $12.03
Luan777Poker: raises $12.03 to $24.06
SorinS28: calls $12.03
*** SHOW DOWN ***
Luan777Poker: shows [8d 8s] (three of a kind, Eights)
SorinS28: mucks hand 
Luan777Poker collected $62.50 from pot
*** SUMMARY ***
Total pot $65 | Rake $2.50 
Board [8c Qh 4d Ad Ts]
Seat 1: vadjkeee (button) folded before Flop (didn't bet)
Seat 2: ruSSotron (small blind) folded before Flop
Seat 3: Luan777Poker (big blind) showed [8d 8s] and won ($62.50) with three of a kind, Eights
Seat 4: DJNezz folded before Flop (didn't bet)
Seat 5: SorinS28 mucked
Seat 6: whitecillar3 folded before Flop (didn't bet)



PokerStars Hand #254610318042:  Hold'em No Limit ($0.50/$1.00 USD) - 2025/01/29 19:05:16 WET [2025/01/29 14:05:16 ET]
Table 'Janacek' 6-max Seat #2 is the button
Seat 1: vadjkeee ($105.29 in chips) 
Seat 2: ruSSotron ($100 in chips) 
Seat 3: Luan777Poker ($93.48 in chips) 
Seat 4: DJNezz ($203.47 in chips) 
Seat 5: SorinS28 ($100 in chips) 
Seat 6: whitecillar3 ($101.50 in chips) 
Luan777Poker: posts small blind $0.50
DJNezz: posts big blind $1
*** HOLE CARDS ***
SorinS28: folds 
whitecillar3: folds 
vadjkeee: raises $2 to $3
ruSSotron: folds 
Luan777Poker: calls $2.50
DJNezz: folds 
*** FLOP *** [Qc 2c Ks]
Luan777Poker: checks 
vadjkeee: checks 
*** TURN *** [Qc 2c Ks] [6c]
Luan777Poker: checks 
vadjkeee: bets $4.46
Luan777Poker: folds 
Uncalled bet ($4.46) returned to vadjkeee
vadjkeee collected $6.65 from pot
vadjkeee: doesn't show hand 
*** SUMMARY ***
Total pot $7 | Rake $0.35 
Board [Qc 2c Ks 6c]
Seat 1: vadjkeee collected ($6.65)
Seat 2: ruSSotron (button) folded before Flop (didn't bet)
Seat 3: Luan777Poker (small blind) folded on the Turn
Seat 4: DJNezz (big blind) folded before Flop
Seat 5: SorinS28 folded before Flop (didn't bet)
Seat 6: whitecillar3 folded before Flop (didn't bet)



PokerStars Hand #254610328508:  Hold'em No Limit ($0.50/$1.00 USD) - 2025/01/29 19:05:53 WET [2025/01/29 14:05:53 ET]
Table 'Janacek' 6-max Seat #3 is the button
Seat 1: vadjkeee ($108.94 in chips) 
Seat 2: ruSSotron ($100 in chips) 
Seat 3: Luan777Poker ($90.48 in chips) 
Seat 4: DJNezz ($202.47 in chips) 
Seat 5: SorinS28 ($100 in chips) 
Seat 6: whitecillar3 ($101.50 in chips) 
DJNezz: posts small blind $0.50
SorinS28: posts big blind $1
*** HOLE CARDS ***
whitecillar3: folds 
vadjkeee: folds 
ruSSotron: raises $1.20 to $2.20
Luan777Poker: calls $2.20
DJNezz: folds 
SorinS28: folds 
*** FLOP *** [Jd As 9c]
ruSSotron: bets $1.85
Luan777Poker: raises $1.85 to $3.70
ruSSotron: calls $1.85
*** TURN *** [Jd As 9c] [6d]
ruSSotron: checks 
Luan777Poker: bets $7.32
ruSSotron: calls $7.32
*** RIVER *** [Jd As 9c 6d] [3c]
ruSSotron: checks 
Luan777Poker: bets $4
ruSSotron: folds 
Uncalled bet ($4) returned to Luan777Poker
Luan777Poker collected $26.54 from pot
*** SUMMARY ***
Total pot $27.94 | Rake $1.40 
Board [Jd As 9c 6d 3c]
Seat 1: vadjkeee folded before Flop (didn't bet)
Seat 2: ruSSotron folded on the River
Seat 3: Luan777Poker (button) collected ($26.54)
Seat 4: DJNezz (small blind) folded before Flop
Seat 5: SorinS28 (big blind) folded before Flop
Seat 6: whitecillar3 folded before Flop (didn't bet)



PokerStars Hand #254610340809:  Hold'em No Limit ($0.50/$1.00 USD) - 2025/01/29 19:06:35 WET [2025/01/29 14:06:35 ET]
Table 'Janacek' 6-max Seat #4 is the button
Seat 1: vadjkeee ($108.94 in chips) 
Seat 2: ruSSotron ($100 in chips) 
Seat 3: Luan777Poker ($103.80 in chips) 
Seat 4: DJNezz ($201.97 in chips) 
Seat 5: SorinS28 ($100 in chips) 
Seat 6: whitecillar3 ($101.50 in chips) 
SorinS28: posts small blind $0.50
whitecillar3: posts big blind $1
*** HOLE CARDS ***
vadjkeee: folds 
ruSSotron: folds 
Luan777Poker: folds 
DJNezz: folds 
SorinS28: folds 
Uncalled bet ($0.50) returned to whitecillar3
whitecillar3 collected $1 from pot
*** SUMMARY ***
Total pot $1 | Rake $0 
Seat 1: vadjkeee folded before Flop (didn't bet)
Seat 2: ruSSotron folded before Flop (didn't bet)
Seat 3: Luan777Poker folded before Flop (didn't bet)
Seat 4: DJNezz (button) folded before Flop (didn't bet)
Seat 5: SorinS28 (small blind) folded before Flop
Seat 6: whitecillar3 (big blind) collected ($1)



PokerStars Hand #254610346431:  Hold'em No Limit ($0.50/$1.00 USD) - 2025/01/29 19:06:55 WET [2025/01/29 14:06:55 ET]
Table 'Janacek' 6-max Seat #5 is the button
Seat 1: vadjkeee ($108.94 in chips) is sitting out
Seat 2: ruSSotron ($100 in chips) 
Seat 3: Luan777Poker ($103.80 in chips) 
Seat 4: DJNezz ($201.97 in chips) 
Seat 5: SorinS28 ($100 in chips) 
Seat 6: whitecillar3 ($102 in chips) 
whitecillar3: posts small blind $0.50
vadjkeee: is sitting out 
ruSSotron: posts big blind $1
*** HOLE CARDS ***
Luan777Poker: folds 
vadjkeee leaves the table
DJNezz: folds 
SorinS28: raises $1.50 to $2.50
whitecillar3: raises $8.50 to $11
ruSSotron: folds 
SorinS28: raises $13.20 to $24.20
whitecillar3: raises $77.80 to $102 and is all-in
Joe_Li7 joins the table at seat #1 
SorinS28: folds 
Uncalled bet ($77.80) returned to whitecillar3
whitecillar3 collected $49.40 from pot
*** SUMMARY ***
Total pot $49.40 | Rake $0 
Seat 1: vadjkeee
Seat 2: ruSSotron (big blind) folded before Flop
Seat 3: Luan777Poker folded before Flop (didn't bet)
Seat 4: DJNezz folded before Flop (didn't bet)
Seat 5: SorinS28 (button) folded before Flop
Seat 6: whitecillar3 (small blind) collected ($49.40)



PokerStars Hand #254610358333:  Hold'em No Limit ($0.50/$1.00 USD) - 2025/01/29 19:07:37 WET [2025/01/29 14:07:37 ET]
Table 'Janacek' 6-max Seat #6 is the button
Seat 1: Joe_Li7 ($100 in chips) is sitting out
Seat 2: ruSSotron ($100 in chips) 
Seat 3: Luan777Poker ($103.80 in chips) 
Seat 4: DJNezz ($201.97 in chips) 
Seat 5: SorinS28 ($100 in chips) 
Seat 6: whitecillar3 ($127.20 in chips) 
ruSSotron: posts small blind $0.50
Luan777Poker: posts big blind $1
*** HOLE CARDS ***
DJNezz: folds 
SorinS28: folds 
whitecillar3: folds 
ruSSotron: folds 
Uncalled bet ($0.50) returned to Luan777Poker
Luan777Poker collected $1 from pot
*** SUMMARY ***
Total pot $1 | Rake $0 
Seat 1: Joe_Li7
Seat 2: ruSSotron (small blind) folded before Flop
Seat 3: Luan777Poker (big blind) collected ($1)
Seat 4: DJNezz folded before Flop (didn't bet)
Seat 5: SorinS28 folded before Flop (didn't bet)
Seat 6: whitecillar3 (button) folded before Flop (didn't bet)



PokerStars Hand #254610366994:  Hold'em No Limit ($0.50/$1.00 USD) - 2025/01/29 19:08:07 WET [2025/01/29 14:08:07 ET]
Table 'Janacek' 6-max Seat #2 is the button
Seat 1: Joe_Li7 ($100 in chips) is sitting out
Seat 2: ruSSotron ($100 in chips) 
Seat 3: Luan777Poker ($104.30 in chips) 
Seat 4: DJNezz ($201.97 in chips) 
Seat 5: SorinS28 ($100 in chips) 
Seat 6: whitecillar3 ($127.20 in chips) 
Luan777Poker: posts small blind $0.50
DJNezz: posts big blind $1
Joe_Li7: sits out 
*** HOLE CARDS ***
SorinS28: raises $1.02 to $2.02
whitecillar3: folds 
ruSSotron: folds 
Luan777Poker: calls $1.52
DJNezz: calls $1.02
*** FLOP *** [2h 5d 8s]
Luan777Poker: checks 
DJNezz: checks 
SorinS28: bets $1.61
Luan777Poker: calls $1.61
DJNezz: calls $1.61
*** TURN *** [2h 5d 8s] [8d]
Luan777Poker: checks 
DJNezz: checks 
SorinS28: bets $7.76
Luan777Poker: folds 
DJNezz: calls $7.76
*** RIVER *** [2h 5d 8s 8d] [Ts]
DJNezz: checks 
SorinS28: checks 
*** SHOW DOWN ***
DJNezz: shows [Td Kd] (two pair, Tens and Eights)
SorinS28: mucks hand 
DJNezz collected $25.09 from pot
*** SUMMARY ***
Total pot $26.41 | Rake $1.32 
Board [2h 5d 8s 8d Ts]
Seat 1: Joe_Li7
Seat 2: ruSSotron (button) folded before Flop (didn't bet)
Seat 3: Luan777Poker (small blind) folded on the Turn
Seat 4: DJNezz (big blind) showed [Td Kd] and won ($25.09) with two pair, Tens and Eights
Seat 5: SorinS28 mucked
Seat 6: whitecillar3 folded before Flop (didn't bet)



PokerStars Hand #254610387476:  Hold'em No Limit ($0.50/$1.00 USD) - 2025/01/29 19:09:19 WET [2025/01/29 14:09:19 ET]
Table 'Janacek' 6-max Seat #3 is the button
Seat 1: Joe_Li7 ($100 in chips) is sitting out
Seat 2: ruSSotron ($100 in chips) 
Seat 3: Luan777Poker ($100.67 in chips) 
Seat 4: DJNezz ($215.67 in chips) 
Seat 5: SorinS28 ($100 in chips) 
Seat 6: whitecillar3 ($127.20 in chips) 
DJNezz: posts small blind $0.50
SorinS28: posts big blind $1
Joe_Li7: sits out 
*** HOLE CARDS ***
whitecillar3: folds 
ruSSotron: raises $1.20 to $2.20
Luan777Poker: folds 
DJNezz: folds 
SorinS28: folds 
Uncalled bet ($1.20) returned to ruSSotron
ruSSotron collected $2.50 from pot
*** SUMMARY ***
Total pot $2.50 | Rake $0 
Seat 1: Joe_Li7
Seat 2: ruSSotron collected ($2.50)
Seat 3: Luan777Poker (button) folded before Flop (didn't bet)
Seat 4: DJNezz (small blind) folded before Flop
Seat 5: SorinS28 (big blind) folded before Flop
Seat 6: whitecillar3 folded before Flop (didn't bet)



PokerStars Hand #254610395520:  Hold'em No Limit ($0.50/$1.00 USD) - 2025/01/29 19:09:47 WET [2025/01/29 14:09:47 ET]
Table 'Janacek' 6-max Seat #4 is the button
Seat 1: Joe_Li7 ($100 in chips) is sitting out
Seat 2: ruSSotron ($101.50 in chips) 
Seat 3: Luan777Poker ($100.67 in chips) 
Seat 4: DJNezz ($215.17 in chips) 
Seat 5: SorinS28 ($100 in chips) 
Seat 6: whitecillar3 ($127.20 in chips) 
SorinS28: posts small blind $0.50
whitecillar3: posts big blind $1
Joe_Li7: sits out 
*** HOLE CARDS ***
ruSSotron: folds 
Luan777Poker: folds 
DJNezz: raises $1.20 to $2.20
SorinS28: folds 
whitecillar3: calls $1.20
*** FLOP *** [3c Qs Ac]
whitecillar3: checks 
DJNezz: checks 
*** TURN *** [3c Qs Ac] [5h]
whitecillar3: checks 
DJNezz: bets $1.54
whitecillar3: folds 
Uncalled bet ($1.54) returned to DJNezz
DJNezz collected $4.66 from pot
*** SUMMARY ***
Total pot $4.90 | Rake $0.24 
Board [3c Qs Ac 5h]
Seat 1: Joe_Li7
Seat 2: ruSSotron folded before Flop (didn't bet)
Seat 3: Luan777Poker folded before Flop (didn't bet)
Seat 4: DJNezz (button) collected ($4.66)
Seat 5: SorinS28 (small blind) folded before Flop
Seat 6: whitecillar3 (big blind) folded on the Turn



PokerStars Hand #254610412383:  Hold'em No Limit ($0.50/$1.00 USD) - 2025/01/29 19:10:46 WET [2025/01/29 14:10:46 ET]
Table 'Janacek' 6-max Seat #5 is the button
Seat 1: Joe_Li7 ($100 in chips) 
Seat 2: ruSSotron ($101.50 in chips) 
Seat 3: Luan777Poker ($100.67 in chips) 
Seat 4: DJNezz ($217.63 in chips) 
Seat 5: SorinS28 ($100 in chips) 
Seat 6: whitecillar3 ($125 in chips) 
whitecillar3: posts small blind $0.50
Joe_Li7: posts big blind $1
*** HOLE CARDS ***
ruSSotron: folds 
Luan777Poker: folds 
DJNezz: folds 
SorinS28: folds 
whitecillar3: folds 
Uncalled bet ($0.50) returned to Joe_Li7
Joe_Li7 collected $1 from pot
*** SUMMARY ***
Total pot $1 | Rake $0 
Seat 1: Joe_Li7 (big blind) collected ($1)
Seat 2: ruSSotron folded before Flop (didn't bet)
Seat 3: Luan777Poker folded before Flop (didn't bet)
Seat 4: DJNezz folded before Flop (didn't bet)
Seat 5: SorinS28 (button) folded before Flop (didn't bet)
Seat 6: whitecillar3 (small blind) folded before Flop



PokerStars Hand #254610416277:  Hold'em No Limit ($0.50/$1.00 USD) - 2025/01/29 19:11:00 WET [2025/01/29 14:11:00 ET]
Table 'Janacek' 6-max Seat #6 is the button
Seat 1: Joe_Li7 ($100.50 in chips) 
Seat 2: ruSSotron ($101.50 in chips) 
Seat 3: Luan777Poker ($100.67 in chips) 
Seat 4: DJNezz ($217.63 in chips) 
Seat 5: SorinS28 ($100 in chips) 
Seat 6: whitecillar3 ($124.50 in chips) 
Joe_Li7: posts small blind $0.50
ruSSotron: posts big blind $1
*** HOLE CARDS ***
Luan777Poker: folds 
DJNezz: folds 
SorinS28: folds 
whitecillar3: raises $1.50 to $2.50
Joe_Li7: folds 
ruSSotron: folds 
Uncalled bet ($1.50) returned to whitecillar3
whitecillar3 collected $2.50 from pot
*** SUMMARY ***
Total pot $2.50 | Rake $0 
Seat 1: Joe_Li7 (small blind) folded before Flop
Seat 2: ruSSotron (big blind) folded before Flop
Seat 3: Luan777Poker folded before Flop (didn't bet)
Seat 4: DJNezz folded before Flop (didn't bet)
Seat 5: SorinS28 folded before Flop (didn't bet)
Seat 6: whitecillar3 (button) collected ($2.50)



PokerStars Hand #254610420576:  Hold'em No Limit ($0.50/$1.00 USD) - 2025/01/29 19:11:15 WET [2025/01/29 14:11:15 ET]
Table 'Janacek' 6-max Seat #1 is the button
Seat 1: Joe_Li7 ($100 in chips) 
Seat 2: ruSSotron ($100.50 in chips) 
Seat 3: Luan777Poker ($100.67 in chips) 
Seat 4: DJNezz ($217.63 in chips) 
Seat 5: SorinS28 ($100 in chips) 
Seat 6: whitecillar3 ($126 in chips) 
ruSSotron: posts small blind $0.50
Luan777Poker: posts big blind $1
*** HOLE CARDS ***
DJNezz: folds 
SorinS28: folds 
whitecillar3: folds 
Joe_Li7: folds 
ruSSotron: folds 
Uncalled bet ($0.50) returned to Luan777Poker
Luan777Poker collected $1 from pot
*** SUMMARY ***
Total pot $1 | Rake $0 
Seat 1: Joe_Li7 (button) folded before Flop (didn't bet)
Seat 2: ruSSotron (small blind) folded before Flop
Seat 3: Luan777Poker (big blind) collected ($1)
Seat 4: DJNezz folded before Flop (didn't bet)
Seat 5: SorinS28 folded before Flop (didn't bet)
Seat 6: whitecillar3 folded before Flop (didn't bet)



PokerStars Hand #254610426343:  Hold'em No Limit ($0.50/$1.00 USD) - 2025/01/29 19:11:36 WET [2025/01/29 14:11:36 ET]
Table 'Janacek' 6-max Seat #2 is the button
Seat 1: Joe_Li7 ($100 in chips) 
Seat 2: ruSSotron ($100 in chips) 
Seat 3: Luan777Poker ($101.17 in chips) 
Seat 4: DJNezz ($217.63 in chips) 
Seat 5: SorinS28 ($100 in chips) 
Seat 6: whitecillar3 ($126 in chips) 
Luan777Poker: posts small blind $0.50
DJNezz: posts big blind $1
*** HOLE CARDS ***
SorinS28: folds 
whitecillar3: folds 
Joe_Li7: folds 
ruSSotron: raises $1.50 to $2.50
Luan777Poker: folds 
DJNezz: folds 
Uncalled bet ($1.50) returned to ruSSotron
ruSSotron collected $2.50 from pot
*** SUMMARY ***
Total pot $2.50 | Rake $0 
Seat 1: Joe_Li7 folded before Flop (didn't bet)
Seat 2: ruSSotron (button) collected ($2.50)
Seat 3: Luan777Poker (small blind) folded before Flop
Seat 4: DJNezz (big blind) folded before Flop
Seat 5: SorinS28 folded before Flop (didn't bet)
Seat 6: whitecillar3 folded before Flop (didn't bet)



PokerStars Hand #254610430728:  Hold'em No Limit ($0.50/$1.00 USD) - 2025/01/29 19:11:51 WET [2025/01/29 14:11:51 ET]
Table 'Janacek' 6-max Seat #3 is the button
Seat 5: SorinS28 ($100 in chips) is sitting out
Seat 1: Joe_Li7 ($100 in chips) 
Seat 2: ruSSotron ($101.50 in chips) 
Seat 3: Luan777Poker ($100.67 in chips) 
Seat 4: DJNezz ($216.63 in chips) 
Seat 6: whitecillar3 ($126 in chips) 
DJNezz: posts small blind $0.50
SorinS28: is sitting out 
whitecillar3: posts big blind $1
*** HOLE CARDS ***
Joe_Li7: folds 
ruSSotron: folds 
Luan777Poker: raises $1 to $2
DJNezz: calls $1.50
whitecillar3: folds 
*** FLOP *** [As 9h Kc]
DJNezz: checks 
Luan777Poker: checks 
*** TURN *** [As 9h Kc] [3h]
DJNezz: checks 
Luan777Poker: bets $2.38
DJNezz: folds 
Uncalled bet ($2.38) returned to Luan777Poker
Luan777Poker collected $4.75 from pot
*** SUMMARY ***
Total pot $5 | Rake $0.25 
Board [As 9h Kc 3h]
Seat 5: SorinS28
Seat 1: Joe_Li7 folded before Flop (didn't bet)
Seat 2: ruSSotron folded before Flop (didn't bet)
Seat 3: Luan777Poker (button) collected ($4.75)
Seat 4: DJNezz (small blind) folded on the Turn
Seat 6: whitecillar3 (big blind) folded before Flop



PokerStars Hand #254610441252:  Hold'em No Limit ($0.50/$1.00 USD) - 2025/01/29 19:12:28 WET [2025/01/29 14:12:28 ET]
Table 'Janacek' 6-max Seat #4 is the button
Seat 5: SorinS28 ($100 in chips) is sitting out
Seat 1: Joe_Li7 ($100 in chips) 
Seat 2: ruSSotron ($101.50 in chips) 
Seat 3: Luan777Poker ($103.42 in chips) 
Seat 4: DJNezz ($214.63 in chips) 
Seat 6: whitecillar3 ($125 in chips) 
whitecillar3: posts small blind $0.50
Joe_Li7: posts big blind $1
*** HOLE CARDS ***
ruSSotron: folds 
Luan777Poker: raises $1 to $2
DJNezz: folds 
whitecillar3: folds 
Joe_Li7: calls $1
*** FLOP *** [3s 9d 8s]
Joe_Li7: checks 
Luan777Poker: bets $2.14
Joe_Li7: folds 
Uncalled bet ($2.14) returned to Luan777Poker
Luan777Poker collected $4.28 from pot
*** SUMMARY ***
Total pot $4.50 | Rake $0.22 
Board [3s 9d 8s]
Seat 5: SorinS28
Seat 1: Joe_Li7 (big blind) folded on the Flop
Seat 2: ruSSotron folded before Flop (didn't bet)
Seat 3: Luan777Poker collected ($4.28)
Seat 4: DJNezz (button) folded before Flop (didn't bet)
Seat 6: whitecillar3 (small blind) folded before Flop



PokerStars Hand #254610454031:  Hold'em No Limit ($0.50/$1.00 USD) - 2025/01/29 19:13:13 WET [2025/01/29 14:13:13 ET]
Table 'Janacek' 6-max Seat #6 is the button
Seat 5: SorinS28 ($100 in chips) is sitting out
Seat 1: Joe_Li7 ($100 in chips) 
Seat 2: ruSSotron ($101.50 in chips) 
Seat 3: Luan777Poker ($105.70 in chips) 
Seat 4: DJNezz ($214.63 in chips) 
Seat 6: whitecillar3 ($124.50 in chips) 
Joe_Li7: posts small blind $0.50
ruSSotron: posts big blind $1
SorinS28: sits out 
*** HOLE CARDS ***
Luan777Poker: folds 
DJNezz: raises $1.20 to $2.20
whitecillar3: raises $4.40 to $6.60
Joe_Li7: folds 
ruSSotron: folds 
DJNezz: calls $4.40
*** FLOP *** [2c Kc Qc]
DJNezz: checks 
whitecillar3: checks 
*** TURN *** [2c Kc Qc] [Ah]
DJNezz: checks 
whitecillar3: checks 
*** RIVER *** [2c Kc Qc Ah] [Kd]
DJNezz: checks 
whitecillar3: checks 
*** SHOW DOWN ***
DJNezz: shows [6c 6h] (two pair, Kings and Sixes)
whitecillar3: shows [8h 8d] (two pair, Kings and Eights)
whitecillar3 collected $13.96 from pot
*** SUMMARY ***
Total pot $14.70 | Rake $0.74 
Board [2c Kc Qc Ah Kd]
Seat 5: SorinS28
Seat 1: Joe_Li7 (small blind) folded before Flop
Seat 2: ruSSotron (big blind) folded before Flop
Seat 3: Luan777Poker folded before Flop (didn't bet)
Seat 4: DJNezz showed [6c 6h] and lost with two pair, Kings and Sixes
Seat 6: whitecillar3 (button) showed [8h 8d] and won ($13.96) with two pair, Kings and Eights



PokerStars Hand #254610477338:  Hold'em No Limit ($0.50/$1.00 USD) - 2025/01/29 19:14:36 WET [2025/01/29 14:14:36 ET]
Table 'Janacek' 6-max Seat #1 is the button
Seat 5: SorinS28 ($100 in chips) is sitting out
Seat 1: Joe_Li7 ($100 in chips) 
Seat 2: ruSSotron ($100.50 in chips) 
Seat 3: Luan777Poker ($105.70 in chips) 
Seat 4: DJNezz ($208.03 in chips) 
Seat 6: whitecillar3 ($131.86 in chips) 
ruSSotron: posts small blind $0.50
Luan777Poker: posts big blind $1
SorinS28: sits out 
*** HOLE CARDS ***
DJNezz: folds 
whitecillar3: raises $1.50 to $2.50
Joe_Li7: folds 
ruSSotron: folds 
Luan777Poker: calls $1.50
*** FLOP *** [5s 7d 3s]
Luan777Poker: checks 
whitecillar3: bets $1.62
Luan777Poker: calls $1.62
*** TURN *** [5s 7d 3s] [6d]
Luan777Poker: checks 
whitecillar3: checks 
*** RIVER *** [5s 7d 3s 6d] [8c]
Luan777Poker: checks 
whitecillar3: checks 
*** SHOW DOWN ***
Luan777Poker: shows [9c Tc] (a straight, Six to Ten)
whitecillar3: mucks hand 
Luan777Poker collected $8.30 from pot
*** SUMMARY ***
Total pot $8.74 | Rake $0.44 
Board [5s 7d 3s 6d 8c]
Seat 5: SorinS28
Seat 1: Joe_Li7 (button) folded before Flop (didn't bet)
Seat 2: ruSSotron (small blind) folded before Flop
Seat 3: Luan777Poker (big blind) showed [9c Tc] and won ($8.30) with a straight, Six to Ten
Seat 4: DJNezz folded before Flop (didn't bet)
Seat 6: whitecillar3 mucked



PokerStars Hand #254610488491:  Hold'em No Limit ($0.50/$1.00 USD) - 2025/01/29 19:15:15 WET [2025/01/29 14:15:15 ET]
Table 'Janacek' 6-max Seat #2 is the button
Seat 5: SorinS28 ($100 in chips) is sitting out
Seat 1: Joe_Li7 ($100 in chips) 
Seat 2: ruSSotron ($100 in chips) 
Seat 3: Luan777Poker ($109.88 in chips) 
Seat 4: DJNezz ($208.03 in chips) 
Seat 6: whitecillar3 ($127.74 in chips) 
Luan777Poker: posts small blind $0.50
DJNezz: posts big blind $1
SorinS28: sits out 
*** HOLE CARDS ***
whitecillar3: folds 
Joe_Li7: folds 
ruSSotron: folds 
Luan777Poker: folds 
Uncalled bet ($0.50) returned to DJNezz
DJNezz collected $1 from pot
*** SUMMARY ***
Total pot $1 | Rake $0 
Seat 5: SorinS28
Seat 1: Joe_Li7 folded before Flop (didn't bet)
Seat 2: ruSSotron (button) folded before Flop (didn't bet)
Seat 3: Luan777Poker (small blind) folded before Flop
Seat 4: DJNezz (big blind) collected ($1)
Seat 6: whitecillar3 folded before Flop (didn't bet)



PokerStars Hand #254610491421:  Hold'em No Limit ($0.50/$1.00 USD) - 2025/01/29 19:15:25 WET [2025/01/29 14:15:25 ET]
Table 'Janacek' 6-max Seat #3 is the button
Seat 1: Joe_Li7 ($100 in chips) 
Seat 2: ruSSotron ($100 in chips) 
Seat 3: Luan777Poker ($109.38 in chips) 
Seat 4: DJNezz ($208.53 in chips) 
Seat 5: SorinS28 ($100 in chips) 
Seat 6: whitecillar3 ($127.74 in chips) 
DJNezz: posts small blind $0.50
SorinS28: posts big blind $1
*** HOLE CARDS ***
whitecillar3: folds 
Joe_Li7: folds 
ruSSotron: folds 
Luan777Poker: folds 
DJNezz: folds 
Uncalled bet ($0.50) returned to SorinS28
SorinS28 collected $1 from pot
SorinS28: doesn't show hand 
*** SUMMARY ***
Total pot $1 | Rake $0 
Seat 1: Joe_Li7 folded before Flop (didn't bet)
Seat 2: ruSSotron folded before Flop (didn't bet)
Seat 3: Luan777Poker (button) folded before Flop (didn't bet)
Seat 4: DJNezz (small blind) folded before Flop
Seat 5: SorinS28 (big blind) collected ($1)
Seat 6: whitecillar3 folded before Flop (didn't bet)



PokerStars Hand #254610497566:  Hold'em No Limit ($0.50/$1.00 USD) - 2025/01/29 19:15:47 WET [2025/01/29 14:15:47 ET]
Table 'Janacek' 6-max Seat #4 is the button
Seat 1: Joe_Li7 ($100 in chips) 
Seat 2: ruSSotron ($100 in chips) 
Seat 3: Luan777Poker ($109.38 in chips) 
Seat 4: DJNezz ($208.03 in chips) 
Seat 5: SorinS28 ($100.50 in chips) 
Seat 6: whitecillar3 ($127.74 in chips) 
SorinS28: posts small blind $0.50
whitecillar3: posts big blind $1
*** HOLE CARDS ***
Joe_Li7: folds 
ruSSotron: folds 
Luan777Poker: calls $1
DJNezz: folds 
SorinS28: folds 
whitecillar3: checks 
*** FLOP *** [8h Js Ks]
whitecillar3: checks 
Luan777Poker: bets $1
whitecillar3: calls $1
*** TURN *** [8h Js Ks] [5s]
whitecillar3: checks 
Luan777Poker: bets $1
whitecillar3: calls $1
*** RIVER *** [8h Js Ks 5s] [Kh]
whitecillar3: checks 
Luan777Poker: checks 
*** SHOW DOWN ***
whitecillar3: shows [7s Td] (a pair of Kings)
Luan777Poker: shows [Jc 9d] (two pair, Kings and Jacks)
Luan777Poker collected $6.18 from pot
*** SUMMARY ***
Total pot $6.50 | Rake $0.32 
Board [8h Js Ks 5s Kh]
Seat 1: Joe_Li7 folded before Flop (didn't bet)
Seat 2: ruSSotron folded before Flop (didn't bet)
Seat 3: Luan777Poker showed [Jc 9d] and won ($6.18) with two pair, Kings and Jacks
Seat 4: DJNezz (button) folded before Flop (didn't bet)
Seat 5: SorinS28 (small blind) folded before Flop
Seat 6: whitecillar3 (big blind) showed [7s Td] and lost with a pair of Kings



PokerStars Hand #254610509224:  Hold'em No Limit ($0.50/$1.00 USD) - 2025/01/29 19:16:28 WET [2025/01/29 14:16:28 ET]
Table 'Janacek' 6-max Seat #5 is the button
Seat 1: Joe_Li7 ($100 in chips) 
Seat 2: ruSSotron ($100 in chips) 
Seat 3: Luan777Poker ($112.56 in chips) 
Seat 4: DJNezz ($208.03 in chips) 
Seat 5: SorinS28 ($100 in chips) 
Seat 6: whitecillar3 ($124.74 in chips) 
whitecillar3: posts small blind $0.50
Joe_Li7: posts big blind $1
*** HOLE CARDS ***
ruSSotron: folds 
Luan777Poker: folds 
DJNezz: folds 
SorinS28: folds 
whitecillar3: raises $2 to $3
Joe_Li7: calls $2
*** FLOP *** [Qh Jc Ah]
whitecillar3: bets $4.33
Joe_Li7: calls $4.33
*** TURN *** [Qh Jc Ah] [Qc]
whitecillar3: checks 
Joe_Li7: checks 
*** RIVER *** [Qh Jc Ah Qc] [5c]
whitecillar3: checks 
Joe_Li7: checks 
*** SHOW DOWN ***
whitecillar3: shows [Ts 9h] (a pair of Queens)
Joe_Li7: shows [Ad 8d] (two pair, Aces and Queens)
Joe_Li7 collected $13.93 from pot
*** SUMMARY ***
Total pot $14.66 | Rake $0.73 
Board [Qh Jc Ah Qc 5c]
Seat 1: Joe_Li7 (big blind) showed [Ad 8d] and won ($13.93) with two pair, Aces and Queens
Seat 2: ruSSotron folded before Flop (didn't bet)
Seat 3: Luan777Poker folded before Flop (didn't bet)
Seat 4: DJNezz folded before Flop (didn't bet)
Seat 5: SorinS28 (button) folded before Flop (didn't bet)
Seat 6: whitecillar3 (small blind) showed [Ts 9h] and lost with a pair of Queens



PokerStars Hand #254610535789:  Hold'em No Limit ($0.50/$1.00 USD) - 2025/01/29 19:18:01 WET [2025/01/29 14:18:01 ET]
Table 'Janacek' 6-max Seat #6 is the button
Seat 1: Joe_Li7 ($106.60 in chips) 
Seat 2: ruSSotron ($100 in chips) 
Seat 3: Luan777Poker ($112.56 in chips) 
Seat 4: DJNezz ($208.03 in chips) 
Seat 5: SorinS28 ($100 in chips) 
Seat 6: whitecillar3 ($117.41 in chips) 
Joe_Li7: posts small blind $0.50
ruSSotron: posts big blind $1
*** HOLE CARDS ***
Luan777Poker: folds 
DJNezz: folds 
SorinS28: raises $1.30 to $2.30
whitecillar3: folds 
Joe_Li7: raises $8.20 to $10.50
ruSSotron: folds 
SorinS28: calls $8.20
*** FLOP *** [6s 7s 3h]
Joe_Li7: checks 
SorinS28: checks 
*** TURN *** [6s 7s 3h] [6d]
Joe_Li7: checks 
SorinS28: bets $10.45
Joe_Li7: calls $10.45
*** RIVER *** [6s 7s 3h 6d] [2d]
Joe_Li7: checks 
SorinS28: bets $22.42
Joe_Li7: calls $22.42
*** SHOW DOWN ***
SorinS28: shows [Jc Tc] (a pair of Sixes)
Joe_Li7: shows [Ks Ac] (a pair of Sixes - Ace kicker)
Joe_Li7 collected $85.24 from pot
*** SUMMARY ***
Total pot $87.74 | Rake $2.50 
Board [6s 7s 3h 6d 2d]
Seat 1: Joe_Li7 (small blind) showed [Ks Ac] and won ($85.24) with a pair of Sixes
Seat 2: ruSSotron (big blind) folded before Flop
Seat 3: Luan777Poker folded before Flop (didn't bet)
Seat 4: DJNezz folded before Flop (didn't bet)
Seat 5: SorinS28 showed [Jc Tc] and lost with a pair of Sixes
Seat 6: whitecillar3 (button) folded before Flop (didn't bet)



PokerStars Hand #254610579342:  Hold'em No Limit ($0.50/$1.00 USD) - 2025/01/29 19:20:34 WET [2025/01/29 14:20:34 ET]
Table 'Janacek' 6-max Seat #1 is the button
Seat 1: Joe_Li7 ($148.47 in chips) 
Seat 2: ruSSotron ($100 in chips) 
Seat 3: Luan777Poker ($112.56 in chips) 
Seat 4: DJNezz ($208.03 in chips) 
Seat 5: SorinS28 ($100 in chips) 
Seat 6: whitecillar3 ($117.41 in chips) 
ruSSotron: posts small blind $0.50
Luan777Poker: posts big blind $1
*** HOLE CARDS ***
DJNezz: folds 
SorinS28: raises $1.02 to $2.02
whitecillar3: folds 
Joe_Li7: folds 
ruSSotron: folds 
Luan777Poker: calls $1.02
*** FLOP *** [Ac 6s 3d]
Luan777Poker: checks 
SorinS28: bets $1.42
Luan777Poker: folds 
Uncalled bet ($1.42) returned to SorinS28
SorinS28 collected $4.31 from pot
SorinS28: doesn't show hand 
*** SUMMARY ***
Total pot $4.54 | Rake $0.23 
Board [Ac 6s 3d]
Seat 1: Joe_Li7 (button) folded before Flop (didn't bet)
Seat 2: ruSSotron (small blind) folded before Flop
Seat 3: Luan777Poker (big blind) folded on the Flop
Seat 4: DJNezz folded before Flop (didn't bet)
Seat 5: SorinS28 collected ($4.31)
Seat 6: whitecillar3 folded before Flop (didn't bet)



PokerStars Hand #254610590967:  Hold'em No Limit ($0.50/$1.00 USD) - 2025/01/29 19:21:14 WET [2025/01/29 14:21:14 ET]
Table 'Janacek' 6-max Seat #2 is the button
Seat 1: Joe_Li7 ($148.47 in chips) 
Seat 2: ruSSotron ($100 in chips) 
Seat 3: Luan777Poker ($110.54 in chips) 
Seat 4: DJNezz ($208.03 in chips) 
Seat 5: SorinS28 ($102.29 in chips) 
Seat 6: whitecillar3 ($117.41 in chips) 
Luan777Poker: posts small blind $0.50
DJNezz: posts big blind $1
*** HOLE CARDS ***
SorinS28: folds 
whitecillar3: folds 
Joe_Li7: raises $1.20 to $2.20
ruSSotron: folds 
Luan777Poker: folds 
DJNezz: folds 
Uncalled bet ($1.20) returned to Joe_Li7
Joe_Li7 collected $2.50 from pot
*** SUMMARY ***
Total pot $2.50 | Rake $0 
Seat 1: Joe_Li7 collected ($2.50)
Seat 2: ruSSotron (button) folded before Flop (didn't bet)
Seat 3: Luan777Poker (small blind) folded before Flop
Seat 4: DJNezz (big blind) folded before Flop
Seat 5: SorinS28 folded before Flop (didn't bet)
Seat 6: whitecillar3 folded before Flop (didn't bet)



PokerStars Hand #254610595323:  Hold'em No Limit ($0.50/$1.00 USD) - 2025/01/29 19:21:29 WET [2025/01/29 14:21:29 ET]
Table 'Janacek' 6-max Seat #3 is the button
Seat 1: Joe_Li7 ($149.97 in chips) 
Seat 2: ruSSotron ($100 in chips) 
Seat 3: Luan777Poker ($110.04 in chips) 
Seat 4: DJNezz ($207.03 in chips) 
Seat 5: SorinS28 ($102.29 in chips) 
Seat 6: whitecillar3 ($117.41 in chips) 
DJNezz: posts small blind $0.50
SorinS28: posts big blind $1
*** HOLE CARDS ***
whitecillar3: folds 
Joe_Li7: folds 
ruSSotron: raises $1.20 to $2.20
Luan777Poker: calls $2.20
DJNezz: folds 
SorinS28: calls $1.20
*** FLOP *** [6h 4d 6d]
SorinS28: checks 
ruSSotron: checks 
Luan777Poker: checks 
*** TURN *** [6h 4d 6d] [4h]
SorinS28: bets $5.05
ruSSotron: folds 
Luan777Poker: folds 
Uncalled bet ($5.05) returned to SorinS28
SorinS28 collected $6.74 from pot
SorinS28: doesn't show hand 
*** SUMMARY ***
Total pot $7.10 | Rake $0.36 
Board [6h 4d 6d 4h]
Seat 1: Joe_Li7 folded before Flop (didn't bet)
Seat 2: ruSSotron folded on the Turn
Seat 3: Luan777Poker (button) folded on the Turn
Seat 4: DJNezz (small blind) folded before Flop
Seat 5: SorinS28 (big blind) collected ($6.74)
Seat 6: whitecillar3 folded before Flop (didn't bet)



PokerStars Hand #254610618968:  Hold'em No Limit ($0.50/$1.00 USD) - 2025/01/29 19:22:52 WET [2025/01/29 14:22:52 ET]
Table 'Janacek' 6-max Seat #4 is the button
Seat 1: Joe_Li7 ($149.97 in chips) 
Seat 2: ruSSotron ($100 in chips) 
Seat 3: Luan777Poker ($107.84 in chips) 
Seat 4: DJNezz ($206.53 in chips) 
Seat 5: SorinS28 ($106.83 in chips) 
Seat 6: whitecillar3 ($117.41 in chips) 
SorinS28: posts small blind $0.50
whitecillar3: posts big blind $1
*** HOLE CARDS ***
Joe_Li7: folds 
ruSSotron: folds 
Luan777Poker: folds 
DJNezz: folds 
SorinS28: folds 
Uncalled bet ($0.50) returned to whitecillar3
whitecillar3 collected $1 from pot
*** SUMMARY ***
Total pot $1 | Rake $0 
Seat 1: Joe_Li7 folded before Flop (didn't bet)
Seat 2: ruSSotron folded before Flop (didn't bet)
Seat 3: Luan777Poker folded before Flop (didn't bet)
Seat 4: DJNezz (button) folded before Flop (didn't bet)
Seat 5: SorinS28 (small blind) folded before Flop
Seat 6: whitecillar3 (big blind) collected ($1)



PokerStars Hand #254610622072:  Hold'em No Limit ($0.50/$1.00 USD) - 2025/01/29 19:23:03 WET [2025/01/29 14:23:03 ET]
Table 'Janacek' 6-max Seat #5 is the button
Seat 1: Joe_Li7 ($149.97 in chips) 
Seat 2: ruSSotron ($100 in chips) 
Seat 3: Luan777Poker ($107.84 in chips) 
Seat 4: DJNezz ($206.53 in chips) 
Seat 5: SorinS28 ($106.33 in chips) 
Seat 6: whitecillar3 ($117.91 in chips) 
whitecillar3: posts small blind $0.50
Joe_Li7: posts big blind $1
*** HOLE CARDS ***
ruSSotron: folds 
Luan777Poker: calls $1
DJNezz: folds 
SorinS28: folds 
whitecillar3: folds 
Joe_Li7: raises $4.50 to $5.50
Luan777Poker: calls $4.50
*** FLOP *** [Qc 8c 9d]
Joe_Li7: checks 
Luan777Poker: checks 
*** TURN *** [Qc 8c 9d] [4c]
Joe_Li7: bets $7.30
Luan777Poker: folds 
Uncalled bet ($7.30) returned to Joe_Li7
Joe_Li7 collected $10.92 from pot
*** SUMMARY ***
Total pot $11.50 | Rake $0.58 
Board [Qc 8c 9d 4c]
Seat 1: Joe_Li7 (big blind) collected ($10.92)
Seat 2: ruSSotron folded before Flop (didn't bet)
Seat 3: Luan777Poker folded on the Turn
Seat 4: DJNezz folded before Flop (didn't bet)
Seat 5: SorinS28 (button) folded before Flop (didn't bet)
Seat 6: whitecillar3 (small blind) folded before Flop



PokerStars Hand #254610640320:  Hold'em No Limit ($0.50/$1.00 USD) - 2025/01/29 19:24:07 WET [2025/01/29 14:24:07 ET]
Table 'Janacek' 6-max Seat #6 is the button
Seat 1: Joe_Li7 ($155.39 in chips) 
Seat 2: ruSSotron ($100 in chips) 
Seat 3: Luan777Poker ($102.34 in chips) 
Seat 4: DJNezz ($206.53 in chips) 
Seat 5: SorinS28 ($106.33 in chips) 
Seat 6: whitecillar3 ($117.41 in chips) 
Joe_Li7: posts small blind $0.50
ruSSotron: posts big blind $1
*** HOLE CARDS ***
Luan777Poker: folds 
DJNezz: raises $1.20 to $2.20
SorinS28: folds 
whitecillar3: folds 
Joe_Li7: folds 
ruSSotron: folds 
Uncalled bet ($1.20) returned to DJNezz
DJNezz collected $2.50 from pot
*** SUMMARY ***
Total pot $2.50 | Rake $0 
Seat 1: Joe_Li7 (small blind) folded before Flop
Seat 2: ruSSotron (big blind) folded before Flop
Seat 3: Luan777Poker folded before Flop (didn't bet)
Seat 4: DJNezz collected ($2.50)
Seat 5: SorinS28 folded before Flop (didn't bet)
Seat 6: whitecillar3 (button) folded before Flop (didn't bet)



PokerStars Hand #254610645827:  Hold'em No Limit ($0.50/$1.00 USD) - 2025/01/29 19:24:26 WET [2025/01/29 14:24:26 ET]
Table 'Janacek' 6-max Seat #1 is the button
Seat 1: Joe_Li7 ($154.89 in chips) 
Seat 2: ruSSotron ($100 in chips) 
Seat 3: Luan777Poker ($102.34 in chips) 
Seat 4: DJNezz ($208.03 in chips) 
Seat 5: SorinS28 ($106.33 in chips) 
Seat 6: whitecillar3 ($117.41 in chips) 
ruSSotron: posts small blind $0.50
Luan777Poker: posts big blind $1
*** HOLE CARDS ***
DJNezz: folds 
SorinS28: folds 
whitecillar3: folds 
Joe_Li7: raises $1.50 to $2.50
ruSSotron: folds 
Luan777Poker: raises $4.50 to $7
Joe_Li7: folds 
Uncalled bet ($4.50) returned to Luan777Poker
Luan777Poker collected $5.50 from pot
*** SUMMARY ***
Total pot $5.50 | Rake $0 
Seat 1: Joe_Li7 (button) folded before Flop
Seat 2: ruSSotron (small blind) folded before Flop
Seat 3: Luan777Poker (big blind) collected ($5.50)
Seat 4: DJNezz folded before Flop (didn't bet)
Seat 5: SorinS28 folded before Flop (didn't bet)
Seat 6: whitecillar3 folded before Flop (didn't bet)



PokerStars Hand #254610657771:  Hold'em No Limit ($0.50/$1.00 USD) - 2025/01/29 19:25:08 WET [2025/01/29 14:25:08 ET]
Table 'Janacek' 6-max Seat #2 is the button
Seat 1: Joe_Li7 ($152.39 in chips) 
Seat 2: ruSSotron ($100 in chips) 
Seat 3: Luan777Poker ($105.34 in chips) 
Seat 4: DJNezz ($208.03 in chips) 
Seat 5: SorinS28 ($106.33 in chips) 
Seat 6: whitecillar3 ($117.41 in chips) 
Luan777Poker: posts small blind $0.50
DJNezz: posts big blind $1
*** HOLE CARDS ***
SorinS28: folds 
whitecillar3: folds 
Joe_Li7: folds 
ruSSotron: raises $1.50 to $2.50
Luan777Poker: calls $2
DJNezz: raises $11.50 to $14
ruSSotron: raises $15 to $29
Luan777Poker: folds 
DJNezz: folds 
Uncalled bet ($15) returned to ruSSotron
ruSSotron collected $30.50 from pot
*** SUMMARY ***
Total pot $30.50 | Rake $0 
Seat 1: Joe_Li7 folded before Flop (didn't bet)
Seat 2: ruSSotron (button) collected ($30.50)
Seat 3: Luan777Poker (small blind) folded before Flop
Seat 4: DJNezz (big blind) folded before Flop
Seat 5: SorinS28 folded before Flop (didn't bet)
Seat 6: whitecillar3 folded before Flop (didn't bet)



PokerStars Hand #254610671672:  Hold'em No Limit ($0.50/$1.00 USD) - 2025/01/29 19:25:56 WET [2025/01/29 14:25:56 ET]
Table 'Janacek' 6-max Seat #3 is the button
Seat 1: Joe_Li7 ($152.39 in chips) 
Seat 2: ruSSotron ($116.50 in chips) 
Seat 3: Luan777Poker ($102.84 in chips) 
Seat 4: DJNezz ($194.03 in chips) 
Seat 5: SorinS28 ($106.33 in chips) 
Seat 6: whitecillar3 ($117.41 in chips) 
DJNezz: posts small blind $0.50
SorinS28: posts big blind $1
*** HOLE CARDS ***
whitecillar3: folds 
Joe_Li7: folds 
ruSSotron: raises $1.20 to $2.20
Luan777Poker: folds 
DJNezz: folds 
SorinS28: folds 
Uncalled bet ($1.20) returned to ruSSotron
ruSSotron collected $2.50 from pot
*** SUMMARY ***
Total pot $2.50 | Rake $0 
Seat 1: Joe_Li7 folded before Flop (didn't bet)
Seat 2: ruSSotron collected ($2.50)
Seat 3: Luan777Poker (button) folded before Flop (didn't bet)
Seat 4: DJNezz (small blind) folded before Flop
Seat 5: SorinS28 (big blind) folded before Flop
Seat 6: whitecillar3 folded before Flop (didn't bet)



PokerStars Hand #254610679858:  Hold'em No Limit ($0.50/$1.00 USD) - 2025/01/29 19:26:24 WET [2025/01/29 14:26:24 ET]
Table 'Janacek' 6-max Seat #4 is the button
Seat 1: Joe_Li7 ($152.39 in chips) 
Seat 2: ruSSotron ($118 in chips) 
Seat 3: Luan777Poker ($102.84 in chips) 
Seat 4: DJNezz ($193.53 in chips) 
Seat 5: SorinS28 ($105.33 in chips) 
Seat 6: whitecillar3 ($117.41 in chips) 
SorinS28: posts small blind $0.50
whitecillar3: posts big blind $1
*** HOLE CARDS ***
Joe_Li7: folds 
ruSSotron: raises $1.20 to $2.20
Luan777Poker: folds 
DJNezz: folds 
SorinS28: folds 
whitecillar3: folds 
Uncalled bet ($1.20) returned to ruSSotron
ruSSotron collected $2.50 from pot
*** SUMMARY ***
Total pot $2.50 | Rake $0 
Seat 1: Joe_Li7 folded before Flop (didn't bet)
Seat 2: ruSSotron collected ($2.50)
Seat 3: Luan777Poker folded before Flop (didn't bet)
Seat 4: DJNezz (button) folded before Flop (didn't bet)
Seat 5: SorinS28 (small blind) folded before Flop
Seat 6: whitecillar3 (big blind) folded before Flop



PokerStars Hand #254610683879:  Hold'em No Limit ($0.50/$1.00 USD) - 2025/01/29 19:26:38 WET [2025/01/29 14:26:38 ET]
Table 'Janacek' 6-max Seat #5 is the button
Seat 1: Joe_Li7 ($152.39 in chips) 
Seat 2: ruSSotron ($119.50 in chips) 
Seat 3: Luan777Poker ($102.84 in chips) 
Seat 4: DJNezz ($193.53 in chips) 
Seat 5: SorinS28 ($104.83 in chips) 
Seat 6: whitecillar3 ($116.41 in chips) 
whitecillar3: posts small blind $0.50
Joe_Li7: posts big blind $1
*** HOLE CARDS ***
ruSSotron: folds 
Luan777Poker: folds 
DJNezz: folds 
SorinS28: raises $1.50 to $2.50
whitecillar3: raises $9.50 to $12
Joe_Li7: folds 
SorinS28: folds 
Uncalled bet ($9.50) returned to whitecillar3
whitecillar3 collected $6 from pot
*** SUMMARY ***
Total pot $6 | Rake $0 
Seat 1: Joe_Li7 (big blind) folded before Flop
Seat 2: ruSSotron folded before Flop (didn't bet)
Seat 3: Luan777Poker folded before Flop (didn't bet)
Seat 4: DJNezz folded before Flop (didn't bet)
Seat 5: SorinS28 (button) folded before Flop
Seat 6: whitecillar3 (small blind) collected ($6)



PokerStars Hand #254610694593:  Hold'em No Limit ($0.50/$1.00 USD) - 2025/01/29 19:27:16 WET [2025/01/29 14:27:16 ET]
Table 'Janacek' 6-max Seat #6 is the button
Seat 1: Joe_Li7 ($151.39 in chips) 
Seat 2: ruSSotron ($119.50 in chips) 
Seat 3: Luan777Poker ($102.84 in chips) 
Seat 4: DJNezz ($193.53 in chips) 
Seat 5: SorinS28 ($102.33 in chips) 
Seat 6: whitecillar3 ($119.91 in chips) 
Joe_Li7: posts small blind $0.50
ruSSotron: posts big blind $1
*** HOLE CARDS ***
Luan777Poker: calls $1
DJNezz: folds 
SorinS28: raises $1.30 to $2.30
whitecillar3: folds 
Joe_Li7: folds 
ruSSotron: folds 
Luan777Poker: calls $1.30
*** FLOP *** [Kc 6h As]
Luan777Poker: checks 
SorinS28: bets $1.62
Luan777Poker: calls $1.62
*** TURN *** [Kc 6h As] [9c]
Luan777Poker: checks 
SorinS28: checks 
*** RIVER *** [Kc 6h As 9c] [Qd]
Luan777Poker: bets $4.44
SorinS28: folds 
Uncalled bet ($4.44) returned to Luan777Poker
Luan777Poker collected $8.87 from pot
*** SUMMARY ***
Total pot $9.34 | Rake $0.47 
Board [Kc 6h As 9c Qd]
Seat 1: Joe_Li7 (small blind) folded before Flop
Seat 2: ruSSotron (big blind) folded before Flop
Seat 3: Luan777Poker collected ($8.87)
Seat 4: DJNezz folded before Flop (didn't bet)
Seat 5: SorinS28 folded on the River
Seat 6: whitecillar3 (button) folded before Flop (didn't bet)



PokerStars Hand #254610716527:  Hold'em No Limit ($0.50/$1.00 USD) - 2025/01/29 19:28:33 WET [2025/01/29 14:28:33 ET]
Table 'Janacek' 6-max Seat #1 is the button
Seat 1: Joe_Li7 ($150.89 in chips) 
Seat 2: ruSSotron ($118.50 in chips) 
Seat 3: Luan777Poker ($107.79 in chips) 
Seat 4: DJNezz ($193.53 in chips) 
Seat 5: SorinS28 ($100 in chips) 
Seat 6: whitecillar3 ($119.91 in chips) 
ruSSotron: posts small blind $0.50
Luan777Poker: posts big blind $1
*** HOLE CARDS ***
DJNezz: folds 
SorinS28: folds 
whitecillar3: folds 
Joe_Li7: folds 
ruSSotron: folds 
Uncalled bet ($0.50) returned to Luan777Poker
Luan777Poker collected $1 from pot
*** SUMMARY ***
Total pot $1 | Rake $0 
Seat 1: Joe_Li7 (button) folded before Flop (didn't bet)
Seat 2: ruSSotron (small blind) folded before Flop
Seat 3: Luan777Poker (big blind) collected ($1)
Seat 4: DJNezz folded before Flop (didn't bet)
Seat 5: SorinS28 folded before Flop (didn't bet)
Seat 6: whitecillar3 folded before Flop (didn't bet)



PokerStars Hand #254610721481:  Hold'em No Limit ($0.50/$1.00 USD) - 2025/01/29 19:28:50 WET [2025/01/29 14:28:50 ET]
Table 'Janacek' 6-max Seat #2 is the button
Seat 1: Joe_Li7 ($150.89 in chips) 
Seat 2: ruSSotron ($118 in chips) 
Seat 3: Luan777Poker ($108.29 in chips) 
Seat 4: DJNezz ($193.53 in chips) 
Seat 5: SorinS28 ($100 in chips) 
Seat 6: whitecillar3 ($119.91 in chips) 
Luan777Poker: posts small blind $0.50
DJNezz: posts big blind $1
*** HOLE CARDS ***
SorinS28: folds 
whitecillar3: raises $1 to $2
Joe_Li7: folds 
ruSSotron: folds 
Luan777Poker: calls $1.50
DJNezz: folds 
*** FLOP *** [Th 7s 4d]
Luan777Poker: checks 
whitecillar3: bets $1.47
Luan777Poker: calls $1.47
*** TURN *** [Th 7s 4d] [Ks]
Luan777Poker: checks 
whitecillar3: bets $5.73
Luan777Poker: calls $5.73
*** RIVER *** [Th 7s 4d Ks] [9d]
Luan777Poker: checks 
whitecillar3: checks 
*** SHOW DOWN ***
Luan777Poker: shows [Jd Kc] (a pair of Kings)
whitecillar3: mucks hand 
Luan777Poker collected $18.43 from pot
*** SUMMARY ***
Total pot $19.40 | Rake $0.97 
Board [Th 7s 4d Ks 9d]
Seat 1: Joe_Li7 folded before Flop (didn't bet)
Seat 2: ruSSotron (button) folded before Flop (didn't bet)
Seat 3: Luan777Poker (small blind) showed [Jd Kc] and won ($18.43) with a pair of Kings
Seat 4: DJNezz (big blind) folded before Flop
Seat 5: SorinS28 folded before Flop (didn't bet)
Seat 6: whitecillar3 mucked



PokerStars Hand #254610732713:  Hold'em No Limit ($0.50/$1.00 USD) - 2025/01/29 19:29:29 WET [2025/01/29 14:29:29 ET]
Table 'Janacek' 6-max Seat #3 is the button
Seat 1: Joe_Li7 ($150.89 in chips) 
Seat 2: ruSSotron ($118 in chips) 
Seat 3: Luan777Poker ($117.52 in chips) 
Seat 4: DJNezz ($192.53 in chips) 
Seat 5: SorinS28 ($100 in chips) 
Seat 6: whitecillar3 ($110.71 in chips) 
DJNezz: posts small blind $0.50
SorinS28: posts big blind $1
*** HOLE CARDS ***
whitecillar3: folds 
Joe_Li7: folds 
ruSSotron: folds 
Luan777Poker: folds 
DJNezz: folds 
Uncalled bet ($0.50) returned to SorinS28
SorinS28 collected $1 from pot
SorinS28: doesn't show hand 
*** SUMMARY ***
Total pot $1 | Rake $0 
Seat 1: Joe_Li7 folded before Flop (didn't bet)
Seat 2: ruSSotron folded before Flop (didn't bet)
Seat 3: Luan777Poker (button) folded before Flop (didn't bet)
Seat 4: DJNezz (small blind) folded before Flop
Seat 5: SorinS28 (big blind) collected ($1)
Seat 6: whitecillar3 folded before Flop (didn't bet)



PokerStars Hand #254610736321:  Hold'em No Limit ($0.50/$1.00 USD) - 2025/01/29 19:29:42 WET [2025/01/29 14:29:42 ET]
Table 'Janacek' 6-max Seat #4 is the button
Seat 1: Joe_Li7 ($150.89 in chips) 
Seat 2: ruSSotron ($118 in chips) 
Seat 3: Luan777Poker ($117.52 in chips) 
Seat 4: DJNezz ($192.03 in chips) 
Seat 5: SorinS28 ($100.50 in chips) 
Seat 6: whitecillar3 ($110.71 in chips) 
SorinS28: posts small blind $0.50
whitecillar3: posts big blind $1
*** HOLE CARDS ***
Joe_Li7: folds 
ruSSotron: raises $1.20 to $2.20
Luan777Poker: calls $2.20
DJNezz: raises $8.80 to $11
SorinS28: folds 
whitecillar3: folds 
ruSSotron: folds 
Luan777Poker: calls $8.80
*** FLOP *** [5s 3s Ks]
Luan777Poker: checks 
DJNezz: bets $8.06
Luan777Poker: calls $8.06
*** TURN *** [5s 3s Ks] [3h]
Luan777Poker: checks 
DJNezz: bets $29.80
Luan777Poker: folds 
Uncalled bet ($29.80) returned to DJNezz
DJNezz collected $39.73 from pot
*** SUMMARY ***
Total pot $41.82 | Rake $2.09 
Board [5s 3s Ks 3h]
Seat 1: Joe_Li7 folded before Flop (didn't bet)
Seat 2: ruSSotron folded before Flop
Seat 3: Luan777Poker folded on the Turn
Seat 4: DJNezz (button) collected ($39.73)
Seat 5: SorinS28 (small blind) folded before Flop
Seat 6: whitecillar3 (big blind) folded before Flop



PokerStars Hand #254610753616:  Hold'em No Limit ($0.50/$1.00 USD) - 2025/01/29 19:30:41 WET [2025/01/29 14:30:41 ET]
Table 'Janacek' 6-max Seat #5 is the button
Seat 1: Joe_Li7 ($150.89 in chips) 
Seat 2: ruSSotron ($115.80 in chips) 
Seat 3: Luan777Poker ($98.46 in chips) 
Seat 4: DJNezz ($212.70 in chips) 
Seat 5: SorinS28 ($100 in chips) 
Seat 6: whitecillar3 ($109.71 in chips) 
whitecillar3: posts small blind $0.50
Joe_Li7: posts big blind $1
*** HOLE CARDS ***
ruSSotron: folds 
Luan777Poker: calls $1
DJNezz: folds 
SorinS28: folds 
whitecillar3: folds 
Joe_Li7: checks 
*** FLOP *** [6c 2s Ks]
Joe_Li7: checks 
Luan777Poker: checks 
*** TURN *** [6c 2s Ks] [9s]
Joe_Li7: bets $1.59
Luan777Poker: raises $1.59 to $3.18
Joe_Li7: folds 
Uncalled bet ($1.59) returned to Luan777Poker
Luan777Poker collected $5.40 from pot
*** SUMMARY ***
Total pot $5.68 | Rake $0.28 
Board [6c 2s Ks 9s]
Seat 1: Joe_Li7 (big blind) folded on the Turn
Seat 2: ruSSotron folded before Flop (didn't bet)
Seat 3: Luan777Poker collected ($5.40)
Seat 4: DJNezz folded before Flop (didn't bet)
Seat 5: SorinS28 (button) folded before Flop (didn't bet)
Seat 6: whitecillar3 (small blind) folded before Flop



PokerStars Hand #254610770399:  Hold'em No Limit ($0.50/$1.00 USD) - 2025/01/29 19:31:38 WET [2025/01/29 14:31:38 ET]
Table 'Janacek' 6-max Seat #6 is the button
Seat 1: Joe_Li7 ($148.30 in chips) 
Seat 2: ruSSotron ($115.80 in chips) 
Seat 3: Luan777Poker ($101.27 in chips) 
Seat 4: DJNezz ($212.70 in chips) 
Seat 5: SorinS28 ($100 in chips) 
Seat 6: whitecillar3 ($109.21 in chips) 
Joe_Li7: posts small blind $0.50
ruSSotron: posts big blind $1
*** HOLE CARDS ***
Luan777Poker: folds 
DJNezz: folds 
SorinS28: folds 
whitecillar3: folds 
Joe_Li7: folds 
Uncalled bet ($0.50) returned to ruSSotron
ruSSotron collected $1 from pot
*** SUMMARY ***
Total pot $1 | Rake $0 
Seat 1: Joe_Li7 (small blind) folded before Flop
Seat 2: ruSSotron (big blind) collected ($1)
Seat 3: Luan777Poker folded before Flop (didn't bet)
Seat 4: DJNezz folded before Flop (didn't bet)
Seat 5: SorinS28 folded before Flop (didn't bet)
Seat 6: whitecillar3 (button) folded before Flop (didn't bet)



PokerStars Hand #254610775799:  Hold'em No Limit ($0.50/$1.00 USD) - 2025/01/29 19:31:57 WET [2025/01/29 14:31:57 ET]
Table 'Janacek' 6-max Seat #1 is the button
Seat 1: Joe_Li7 ($147.80 in chips) 
Seat 2: ruSSotron ($116.30 in chips) 
Seat 3: Luan777Poker ($101.27 in chips) 
Seat 4: DJNezz ($212.70 in chips) 
Seat 5: SorinS28 ($100 in chips) 
Seat 6: whitecillar3 ($109.21 in chips) 
ruSSotron: posts small blind $0.50
Luan777Poker: posts big blind $1
*** HOLE CARDS ***
DJNezz: folds 
SorinS28: folds 
DJNezz leaves the table
whitecillar3: raises $1.50 to $2.50
laloo246 joins the table at seat #4 
Joe_Li7: folds 
ruSSotron: folds 
Luan777Poker: calls $1.50
*** FLOP *** [7h Jh 8h]
Luan777Poker: checks 
whitecillar3: checks 
*** TURN *** [7h Jh 8h] [4h]
Luan777Poker: bets $1
whitecillar3: calls $1
*** RIVER *** [7h Jh 8h 4h] [9c]
Luan777Poker: bets $6.56
whitecillar3: calls $6.56
*** SHOW DOWN ***
Luan777Poker: shows [Qc 4c] (a pair of Fours)
whitecillar3: shows [Kh As] (a flush, King high)
whitecillar3 collected $19.59 from pot
*** SUMMARY ***
Total pot $20.62 | Rake $1.03 
Board [7h Jh 8h 4h 9c]
Seat 1: Joe_Li7 (button) folded before Flop (didn't bet)
Seat 2: ruSSotron (small blind) folded before Flop
Seat 3: Luan777Poker (big blind) showed [Qc 4c] and lost with a pair of Fours
Seat 4: DJNezz folded before Flop (didn't bet)
Seat 5: SorinS28 folded before Flop (didn't bet)
Seat 6: whitecillar3 showed [Kh As] and won ($19.59) with a flush, King high



PokerStars Hand #254610787632:  Hold'em No Limit ($0.50/$1.00 USD) - 2025/01/29 19:32:38 WET [2025/01/29 14:32:38 ET]
Table 'Janacek' 6-max Seat #2 is the button
Seat 1: Joe_Li7 ($147.80 in chips) 
Seat 2: ruSSotron ($115.80 in chips) 
Seat 3: Luan777Poker ($91.21 in chips) 
Seat 4: laloo246 ($100 in chips) 
Seat 5: SorinS28 ($100 in chips) 
Seat 6: whitecillar3 ($118.74 in chips) 
Luan777Poker: posts small blind $0.50
laloo246: posts big blind $1
*** HOLE CARDS ***
SorinS28: folds 
whitecillar3: folds 
Joe_Li7: raises $1.20 to $2.20
ruSSotron: raises $4.30 to $6.50
Luan777Poker: calls $6
laloo246: folds 
Joe_Li7: raises $13.50 to $20
ruSSotron: calls $13.50
Luan777Poker: calls $13.50
*** FLOP *** [9d Ah 9h]
Luan777Poker: checks 
Joe_Li7: checks 
ruSSotron: checks 
*** TURN *** [9d Ah 9h] [Qd]
Luan777Poker: bets $2
Joe_Li7: calls $2
ruSSotron: calls $2
*** RIVER *** [9d Ah 9h Qd] [7c]
Luan777Poker: checks 
Joe_Li7: checks 
ruSSotron: bets $20
Luan777Poker: folds 
Joe_Li7: folds 
Uncalled bet ($20) returned to ruSSotron
ruSSotron collected $64.50 from pot
*** SUMMARY ***
Total pot $67 | Rake $2.50 
Board [9d Ah 9h Qd 7c]
Seat 1: Joe_Li7 folded on the River
Seat 2: ruSSotron (button) collected ($64.50)
Seat 3: Luan777Poker (small blind) folded on the River
Seat 4: laloo246 (big blind) folded before Flop
Seat 5: SorinS28 folded before Flop (didn't bet)
Seat 6: whitecillar3 folded before Flop (didn't bet)



PokerStars Hand #254610820318:  Hold'em No Limit ($0.50/$1.00 USD) - 2025/01/29 19:34:30 WET [2025/01/29 14:34:30 ET]
Table 'Janacek' 6-max Seat #3 is the button
Seat 1: Joe_Li7 ($125.80 in chips) 
Seat 2: ruSSotron ($158.30 in chips) 
Seat 3: Luan777Poker ($69.21 in chips) 
Seat 4: laloo246 ($100 in chips) 
Seat 5: SorinS28 ($100 in chips) 
Seat 6: whitecillar3 ($118.74 in chips) 
laloo246: posts small blind $0.50
SorinS28: posts big blind $1
*** HOLE CARDS ***
whitecillar3: folds 
Joe_Li7: raises $1.20 to $2.20
ruSSotron: folds 
Luan777Poker: folds 
laloo246: folds 
SorinS28: folds 
Uncalled bet ($1.20) returned to Joe_Li7
Joe_Li7 collected $2.50 from pot
*** SUMMARY ***
Total pot $2.50 | Rake $0 
Seat 1: Joe_Li7 collected ($2.50)
Seat 2: ruSSotron folded before Flop (didn't bet)
Seat 3: Luan777Poker (button) folded before Flop (didn't bet)
Seat 4: laloo246 (small blind) folded before Flop
Seat 5: SorinS28 (big blind) folded before Flop
Seat 6: whitecillar3 folded before Flop (didn't bet)



PokerStars Hand #254610824777:  Hold'em No Limit ($0.50/$1.00 USD) - 2025/01/29 19:34:46 WET [2025/01/29 14:34:46 ET]
Table 'Janacek' 6-max Seat #4 is the button
Seat 1: Joe_Li7 ($127.30 in chips) 
Seat 2: ruSSotron ($158.30 in chips) 
Seat 3: Luan777Poker ($69.21 in chips) 
Seat 4: laloo246 ($100 in chips) 
Seat 5: SorinS28 ($100 in chips) 
Seat 6: whitecillar3 ($118.74 in chips) 
SorinS28: posts small blind $0.50
whitecillar3: posts big blind $1
*** HOLE CARDS ***
Joe_Li7: folds 
ruSSotron: folds 
Luan777Poker: raises $1 to $2
laloo246: folds 
SorinS28: folds 
whitecillar3: calls $1
*** FLOP *** [3d 5d 4d]
whitecillar3: checks 
Luan777Poker: bets $2
whitecillar3: folds 
Uncalled bet ($2) returned to Luan777Poker
Luan777Poker collected $4.28 from pot
*** SUMMARY ***
Total pot $4.50 | Rake $0.22 
Board [3d 5d 4d]
Seat 1: Joe_Li7 folded before Flop (didn't bet)
Seat 2: ruSSotron folded before Flop (didn't bet)
Seat 3: Luan777Poker collected ($4.28)
Seat 4: laloo246 (button) folded before Flop (didn't bet)
Seat 5: SorinS28 (small blind) folded before Flop
Seat 6: whitecillar3 (big blind) folded on the Flop



PokerStars Hand #254610839088:  Hold'em No Limit ($0.50/$1.00 USD) - 2025/01/29 19:35:35 WET [2025/01/29 14:35:35 ET]
Table 'Janacek' 6-max Seat #5 is the button
Seat 1: Joe_Li7 ($127.30 in chips) 
Seat 2: ruSSotron ($158.30 in chips) 
Seat 3: Luan777Poker ($71.49 in chips) 
Seat 4: laloo246 ($100 in chips) 
Seat 5: SorinS28 ($100 in chips) 
Seat 6: whitecillar3 ($116.74 in chips) 
whitecillar3: posts small blind $0.50
Joe_Li7: posts big blind $1
*** HOLE CARDS ***
ruSSotron: folds 
Luan777Poker: folds 
laloo246: raises $1.20 to $2.20
SorinS28: folds 
whitecillar3: folds 
Joe_Li7: calls $1.20
*** FLOP *** [9h 2h 7c]
Joe_Li7: checks 
laloo246: bets $2.33
Joe_Li7: folds 
Uncalled bet ($2.33) returned to laloo246
laloo246 collected $4.66 from pot
laloo246: doesn't show hand 
*** SUMMARY ***
Total pot $4.90 | Rake $0.24 
Board [9h 2h 7c]
Seat 1: Joe_Li7 (big blind) folded on the Flop
Seat 2: ruSSotron folded before Flop (didn't bet)
Seat 3: Luan777Poker folded before Flop (didn't bet)
Seat 4: laloo246 collected ($4.66)
Seat 5: SorinS28 (button) folded before Flop (didn't bet)
Seat 6: whitecillar3 (small blind) folded before Flop



PokerStars Hand #254610851933:  Hold'em No Limit ($0.50/$1.00 USD) - 2025/01/29 19:36:18 WET [2025/01/29 14:36:18 ET]
Table 'Janacek' 6-max Seat #6 is the button
Seat 1: Joe_Li7 ($125.10 in chips) 
Seat 2: ruSSotron ($158.30 in chips) 
Seat 3: Luan777Poker ($71.49 in chips) 
Seat 4: laloo246 ($102.46 in chips) 
Seat 5: SorinS28 ($100 in chips) 
Seat 6: whitecillar3 ($116.24 in chips) 
Joe_Li7: posts small blind $0.50
ruSSotron: posts big blind $1
*** HOLE CARDS ***
Luan777Poker: folds 
laloo246: folds 
SorinS28: folds 
whitecillar3: folds 
Joe_Li7: folds 
Uncalled bet ($0.50) returned to ruSSotron
ruSSotron collected $1 from pot
*** SUMMARY ***
Total pot $1 | Rake $0 
Seat 1: Joe_Li7 (small blind) folded before Flop
Seat 2: ruSSotron (big blind) collected ($1)
Seat 3: Luan777Poker folded before Flop (didn't bet)
Seat 4: laloo246 folded before Flop (didn't bet)
Seat 5: SorinS28 folded before Flop (didn't bet)
Seat 6: whitecillar3 (button) folded before Flop (didn't bet)



PokerStars Hand #254610856603:  Hold'em No Limit ($0.50/$1.00 USD) - 2025/01/29 19:36:34 WET [2025/01/29 14:36:34 ET]
Table 'Janacek' 6-max Seat #1 is the button
Seat 1: Joe_Li7 ($124.60 in chips) 
Seat 2: ruSSotron ($158.80 in chips) 
Seat 3: Luan777Poker ($71.49 in chips) 
Seat 4: laloo246 ($102.46 in chips) 
Seat 5: SorinS28 ($100 in chips) 
Seat 6: whitecillar3 ($116.24 in chips) 
ruSSotron: posts small blind $0.50
Luan777Poker: posts big blind $1
*** HOLE CARDS ***
laloo246: folds 
SorinS28: raises $1.02 to $2.02
whitecillar3: folds 
Joe_Li7: folds 
ruSSotron: folds 
Luan777Poker: folds 
Uncalled bet ($1.02) returned to SorinS28
SorinS28 collected $2.50 from pot
SorinS28: doesn't show hand 
*** SUMMARY ***
Total pot $2.50 | Rake $0 
Seat 1: Joe_Li7 (button) folded before Flop (didn't bet)
Seat 2: ruSSotron (small blind) folded before Flop
Seat 3: Luan777Poker (big blind) folded before Flop
Seat 4: laloo246 folded before Flop (didn't bet)
Seat 5: SorinS28 collected ($2.50)
Seat 6: whitecillar3 folded before Flop (didn't bet)



PokerStars Hand #254610860328:  Hold'em No Limit ($0.50/$1.00 USD) - 2025/01/29 19:36:47 WET [2025/01/29 14:36:47 ET]
Table 'Janacek' 6-max Seat #2 is the button
Seat 1: Joe_Li7 ($124.60 in chips) 
Seat 2: ruSSotron ($158.30 in chips) 
Seat 3: Luan777Poker ($70.49 in chips) 
Seat 4: laloo246 ($102.46 in chips) 
Seat 5: SorinS28 ($101.50 in chips) 
Seat 6: whitecillar3 ($116.24 in chips) 
Luan777Poker: posts small blind $0.50
laloo246: posts big blind $1
*** HOLE CARDS ***
SorinS28: folds 
whitecillar3: folds 
Joe_Li7: folds 
ruSSotron: folds 
Luan777Poker: raises $2 to $3
laloo246: calls $2
*** FLOP *** [2s 7s 5d]
Luan777Poker: bets $2.85
laloo246: calls $2.85
*** TURN *** [2s 7s 5d] [Ac]
Luan777Poker: bets $5.56
laloo246: calls $5.56
*** RIVER *** [2s 7s 5d Ac] [Qd]
Luan777Poker: checks 
laloo246: bets $17.50
Luan777Poker: folds 
Uncalled bet ($17.50) returned to laloo246
laloo246 collected $21.68 from pot
laloo246: doesn't show hand 
*** SUMMARY ***
Total pot $22.82 | Rake $1.14 
Board [2s 7s 5d Ac Qd]
Seat 1: Joe_Li7 folded before Flop (didn't bet)
Seat 2: ruSSotron (button) folded before Flop (didn't bet)
Seat 3: Luan777Poker (small blind) folded on the River
Seat 4: laloo246 (big blind) collected ($21.68)
Seat 5: SorinS28 folded before Flop (didn't bet)
Seat 6: whitecillar3 folded before Flop (didn't bet)



PokerStars Hand #254611137237:  Hold'em No Limit ($0.50/$1.00 USD) - 2025/01/29 19:52:41 WET [2025/01/29 14:52:41 ET]
Table 'Janacek' 6-max Seat #3 is the button
Seat 1: Calvmcd85 ($100 in chips) 
Seat 2: socito ($100 in chips) 
Seat 3: app1e_j@ck ($100 in chips) 
Seat 4: Alinyr ($100 in chips) 
Seat 5: Nicedaymybro ($100 in chips) 
Seat 6: Supermegopro ($100 in chips) 
Alinyr: posts small blind $0.50
Nicedaymybro: posts big blind $1
*** HOLE CARDS ***
Supermegopro: folds 
Calvmcd85: calls $1
socito: folds 
app1e_j@ck: raises $3.50 to $4.50
Alinyr: folds 
Nicedaymybro: folds 
Calvmcd85: calls $3.50
*** FLOP *** [2s 3c 7s]
Calvmcd85: bets $3
app1e_j@ck: raises $10 to $13
Calvmcd85: calls $10
*** TURN *** [2s 3c 7s] [5c]
Calvmcd85: bets $9
app1e_j@ck: raises $38 to $47
Calvmcd85: raises $35.50 to $82.50 and is all-in
app1e_j@ck: calls $35.50 and is all-in
*** RIVER *** [2s 3c 7s 5c] [6s]
*** SHOW DOWN ***
Calvmcd85: shows [Kc Kh] (a pair of Kings)
app1e_j@ck: shows [Ts As] (a flush, Ace high)
app1e_j@ck collected $199 from pot
*** SUMMARY ***
Total pot $201.50 | Rake $2.50 
Board [2s 3c 7s 5c 6s]
Seat 1: Calvmcd85 showed [Kc Kh] and lost with a pair of Kings
Seat 2: socito folded before Flop (didn't bet)
Seat 3: app1e_j@ck (button) showed [Ts As] and won ($199) with a flush, Ace high
Seat 4: Alinyr (small blind) folded before Flop
Seat 5: Nicedaymybro (big blind) folded before Flop
Seat 6: Supermegopro folded before Flop (didn't bet)



PokerStars Hand #254611156516:  Hold'em No Limit ($0.50/$1.00 USD) - 2025/01/29 19:53:48 WET [2025/01/29 14:53:48 ET]
Table 'Janacek' 6-max Seat #4 is the button
Seat 1: Calvmcd85 ($0 in chips) is sitting out
Seat 2: socito ($100 in chips) 
Seat 3: app1e_j@ck ($199 in chips) 
Seat 4: Alinyr ($100 in chips) 
Seat 5: Nicedaymybro ($100 in chips) 
Seat 6: Supermegopro ($100 in chips) 
Nicedaymybro: posts small blind $0.50
Supermegopro: posts big blind $1
*** HOLE CARDS ***
socito: folds 
app1e_j@ck: raises $1.50 to $2.50
Alinyr: raises $5.50 to $8
Nicedaymybro: folds 
Supermegopro: folds 
app1e_j@ck: folds 
Uncalled bet ($5.50) returned to Alinyr
Alinyr collected $6.50 from pot
Alinyr: doesn't show hand 
*** SUMMARY ***
Total pot $6.50 | Rake $0 
Seat 1: Calvmcd85
Seat 2: socito folded before Flop (didn't bet)
Seat 3: app1e_j@ck folded before Flop
Seat 4: Alinyr (button) collected ($6.50)
Seat 5: Nicedaymybro (small blind) folded before Flop
Seat 6: Supermegopro (big blind) folded before Flop



PokerStars Hand #254611164047:  Hold'em No Limit ($0.50/$1.00 USD) - 2025/01/29 19:54:14 WET [2025/01/29 14:54:14 ET]
Table 'Janacek' 6-max Seat #5 is the button
Seat 1: Calvmcd85 ($0 in chips) is sitting out
Seat 2: socito ($100 in chips) 
Seat 3: app1e_j@ck ($196.50 in chips) 
Seat 4: Alinyr ($104 in chips) 
Seat 5: Nicedaymybro ($100 in chips) 
Seat 6: Supermegopro ($100 in chips) 
Supermegopro: posts small blind $0.50
socito: posts big blind $1
*** HOLE CARDS ***
app1e_j@ck: folds 
Alinyr: folds 
Nicedaymybro: raises $1.50 to $2.50
Supermegopro: folds 
socito: calls $1.50
*** FLOP *** [Ad 7h 9s]
socito: checks 
Nicedaymybro: checks 
*** TURN *** [Ad 7h 9s] [Ks]
socito: checks 
Nicedaymybro: checks 
*** RIVER *** [Ad 7h 9s Ks] [7s]
socito: bets $3.45
Nicedaymybro: calls $3.45
*** SHOW DOWN ***
socito: shows [Ac 4s] (two pair, Aces and Sevens)
Nicedaymybro: shows [Ah 6s] (two pair, Aces and Sevens)
socito collected $5.89 from pot
Nicedaymybro collected $5.89 from pot
*** SUMMARY ***
Total pot $12.40 | Rake $0.62 
Board [Ad 7h 9s Ks 7s]
Seat 1: Calvmcd85
Seat 2: socito (big blind) showed [Ac 4s] and won ($5.89) with two pair, Aces and Sevens
Seat 3: app1e_j@ck folded before Flop (didn't bet)
Seat 4: Alinyr folded before Flop (didn't bet)
Seat 5: Nicedaymybro (button) showed [Ah 6s] and won ($5.89) with two pair, Aces and Sevens
Seat 6: Supermegopro (small blind) folded before Flop



PokerStars Hand #254611180338:  Hold'em No Limit ($0.50/$1.00 USD) - 2025/01/29 19:55:15 WET [2025/01/29 14:55:15 ET]
Table 'Janacek' 6-max Seat #6 is the button
Seat 1: Calvmcd85 ($0 in chips) is sitting out
Seat 3: app1e_j@ck ($196.50 in chips) is sitting out
Seat 4: Alinyr ($104 in chips) is sitting out
Seat 2: socito ($100 in chips) 
Seat 5: Nicedaymybro ($100 in chips) 
Seat 6: Supermegopro ($100 in chips) 
socito: posts small blind $0.50
app1e_j@ck: is sitting out 
Alinyr: is sitting out 
Nicedaymybro: posts big blind $1
*** HOLE CARDS ***
Supermegopro: raises $1.50 to $2.50
app1e_j@ck leaves the table
Alinyr leaves the table
socito: folds 
AndreaBsAs joins the table at seat #3 
Nicedaymybro: raises $8.50 to $11
Supermegopro: raises $89 to $100 and is all-in
Nicedaymybro: folds 
Uncalled bet ($89) returned to Supermegopro
Supermegopro collected $22.50 from pot
Supermegopro: doesn't show hand 
*** SUMMARY ***
Total pot $22.50 | Rake $0 
Seat 1: Calvmcd85
Seat 3: app1e_j@ck
Seat 4: Alinyr
Seat 2: socito (small blind) folded before Flop
Seat 5: Nicedaymybro (big blind) folded before Flop
Seat 6: Supermegopro (button) collected ($22.50)



PokerStars Hand #254611184885:  Hold'em No Limit ($0.50/$1.00 USD) - 2025/01/29 19:55:38 WET [2025/01/29 14:55:38 ET]
Table 'Janacek' 6-max Seat #2 is the button
Seat 1: Calvmcd85 ($0 in chips) is sitting out
Seat 3: AndreaBsAs ($100 in chips) is sitting out
Seat 2: socito ($100 in chips) 
Seat 5: Nicedaymybro ($100 in chips) 
Seat 6: Supermegopro ($111.50 in chips) 
Nicedaymybro: posts small blind $0.50
Supermegopro: posts big blind $1
*** HOLE CARDS ***
socito: raises $1.50 to $2.50
Nicedaymybro: folds 
Supermegopro: folds 
Uncalled bet ($1.50) returned to socito
socito collected $2.50 from pot
socito: doesn't show hand 
*** SUMMARY ***
Total pot $2.50 | Rake $0 
Seat 1: Calvmcd85
Seat 3: AndreaBsAs
Seat 2: socito (button) collected ($2.50)
Seat 5: Nicedaymybro (small blind) folded before Flop
Seat 6: Supermegopro (big blind) folded before Flop



PokerStars Hand #254611186765:  Hold'em No Limit ($0.50/$1.00 USD) - 2025/01/29 19:55:47 WET [2025/01/29 14:55:47 ET]
Table 'Janacek' 6-max Seat #5 is the button
Seat 3: AndreaBsAs ($100 in chips) is sitting out
Seat 1: Calvmcd85 ($100 in chips) 
Seat 2: socito ($101.50 in chips) 
Seat 5: Nicedaymybro ($100 in chips) 
Seat 6: Supermegopro ($110.50 in chips) 
Supermegopro: posts small blind $0.50
Calvmcd85: posts big blind $1
AndreaBsAs: sits out 
*** HOLE CARDS ***
socito: folds 
Nicedaymybro: raises $1.50 to $2.50
Supermegopro: raises $9.50 to $12
Calvmcd85: calls $11
Nicedaymybro: folds 
*** FLOP *** [6d 8h 8c]
Supermegopro: bets $15
Calvmcd85: folds 
Uncalled bet ($15) returned to Supermegopro
Supermegopro collected $25.50 from pot
Supermegopro: doesn't show hand 
*** SUMMARY ***
Total pot $26.50 | Rake $1 
Board [6d 8h 8c]
Seat 3: AndreaBsAs
Seat 1: Calvmcd85 (big blind) folded on the Flop
Seat 2: socito folded before Flop (didn't bet)
Seat 5: Nicedaymybro (button) folded before Flop
Seat 6: Supermegopro (small blind) collected ($25.50)



PokerStars Hand #254611192935:  Hold'em No Limit ($0.50/$1.00 USD) - 2025/01/29 19:56:18 WET [2025/01/29 14:56:18 ET]
Table 'Janacek' 6-max Seat #6 is the button
Seat 3: AndreaBsAs ($100 in chips) is sitting out
Seat 1: Calvmcd85 ($88 in chips) 
Seat 2: socito ($101.50 in chips) 
Seat 5: Nicedaymybro ($100 in chips) 
Seat 6: Supermegopro ($124 in chips) 
Calvmcd85: posts small blind $0.50
socito: posts big blind $1
AndreaBsAs: sits out 
*** HOLE CARDS ***
Nicedaymybro: raises $1.50 to $2.50
Supermegopro: folds 
Calvmcd85: calls $2
socito: raises $10.50 to $13
Nicedaymybro: folds 
Calvmcd85: folds 
Uncalled bet ($10.50) returned to socito
socito collected $7.50 from pot
socito: doesn't show hand 
*** SUMMARY ***
Total pot $7.50 | Rake $0 
Seat 3: AndreaBsAs
Seat 1: Calvmcd85 (small blind) folded before Flop
Seat 2: socito (big blind) collected ($7.50)
Seat 5: Nicedaymybro folded before Flop
Seat 6: Supermegopro (button) folded before Flop (didn't bet)



PokerStars Hand #254611197222:  Hold'em No Limit ($0.50/$1.00 USD) - 2025/01/29 19:56:39 WET [2025/01/29 14:56:39 ET]
Table 'Janacek' 6-max Seat #1 is the button
Seat 1: Calvmcd85 ($85.50 in chips) 
Seat 2: socito ($106.50 in chips) 
Seat 3: AndreaBsAs ($100 in chips) 
Seat 5: Nicedaymybro ($100 in chips) 
Seat 6: Supermegopro ($124 in chips) 
socito: posts small blind $0.50
AndreaBsAs: posts big blind $1
*** HOLE CARDS ***
Nicedaymybro: folds 
Supermegopro: folds 
Calvmcd85: folds 
Calvmcd85 leaves the table
socito: raises $2 to $3
AndreaBsAs: calls $2
*** FLOP *** [Jh 9c Qd]
socito: checks 
AndreaBsAs: bets $1.88
socito: folds 
Uncalled bet ($1.88) returned to AndreaBsAs
AndreaBsAs collected $5.70 from pot
*** SUMMARY ***
Total pot $6 | Rake $0.30 
Board [Jh 9c Qd]
Seat 1: Calvmcd85 (button) folded before Flop (didn't bet)
Seat 2: socito (small blind) folded on the Flop
Seat 3: AndreaBsAs (big blind) collected ($5.70)
Seat 5: Nicedaymybro folded before Flop (didn't bet)
Seat 6: Supermegopro folded before Flop (didn't bet)



PokerStars Hand #254611205110:  Hold'em No Limit ($0.50/$1.00 USD) - 2025/01/29 19:57:18 WET [2025/01/29 14:57:18 ET]
Table 'Janacek' 6-max Seat #2 is the button
Seat 2: socito ($103.50 in chips) 
Seat 3: AndreaBsAs ($102.70 in chips) 
Seat 5: Nicedaymybro ($100 in chips) 
Seat 6: Supermegopro ($124 in chips) 
AndreaBsAs: posts small blind $0.50
Nicedaymybro: posts big blind $1
*** HOLE CARDS ***
Supermegopro: raises $1.50 to $2.50
socito: folds 
AndreaBsAs: folds 
Nicedaymybro: folds 
Uncalled bet ($1.50) returned to Supermegopro
Supermegopro collected $2.50 from pot
Supermegopro: doesn't show hand 
*** SUMMARY ***
Total pot $2.50 | Rake $0 
Seat 2: socito (button) folded before Flop (didn't bet)
Seat 3: AndreaBsAs (small blind) folded before Flop
Seat 5: Nicedaymybro (big blind) folded before Flop
Seat 6: Supermegopro collected ($2.50)



PokerStars Hand #254611208581:  Hold'em No Limit ($0.50/$1.00 USD) - 2025/01/29 19:57:35 WET [2025/01/29 14:57:35 ET]
Table 'Janacek' 6-max Seat #3 is the button
Seat 2: socito ($103.50 in chips) 
Seat 3: AndreaBsAs ($102.20 in chips) 
Seat 5: Nicedaymybro ($100 in chips) 
Seat 6: Supermegopro ($125.50 in chips) 
Nicedaymybro: posts small blind $0.50
Supermegopro: posts big blind $1
*** HOLE CARDS ***
socito: raises $1.50 to $2.50
AndreaBsAs: folds 
Nicedaymybro: folds 
Supermegopro: folds 
Uncalled bet ($1.50) returned to socito
socito collected $2.50 from pot
socito: doesn't show hand 
*** SUMMARY ***
Total pot $2.50 | Rake $0 
Seat 2: socito collected ($2.50)
Seat 3: AndreaBsAs (button) folded before Flop (didn't bet)
Seat 5: Nicedaymybro (small blind) folded before Flop
Seat 6: Supermegopro (big blind) folded before Flop



PokerStars Hand #254611211249:  Hold'em No Limit ($0.50/$1.00 USD) - 2025/01/29 19:57:49 WET [2025/01/29 14:57:49 ET]
Table 'Janacek' 6-max Seat #6 is the button
Seat 2: socito ($105 in chips) is sitting out
Seat 3: AndreaBsAs ($102.20 in chips) is sitting out
Seat 5: Nicedaymybro ($100 in chips) 
Seat 6: Supermegopro ($124.50 in chips) 
Supermegopro: posts small blind $0.50
socito: is sitting out 
AndreaBsAs: is sitting out 
Nicedaymybro: posts big blind $1
*** HOLE CARDS ***
Supermegopro: raises $1.50 to $2.50
Nicedaymybro: calls $1.50
*** FLOP *** [As 7d 2s]
Nicedaymybro: checks 
Supermegopro: bets $3.17
Nicedaymybro: folds 
Uncalled bet ($3.17) returned to Supermegopro
Supermegopro collected $4.75 from pot
*** SUMMARY ***
Total pot $5 | Rake $0.25 
Board [As 7d 2s]
Seat 2: socito
Seat 3: AndreaBsAs
Seat 5: Nicedaymybro (big blind) folded on the Flop
Seat 6: Supermegopro (button) (small blind) collected ($4.75)



PokerStars Hand #254611214904:  Hold'em No Limit ($0.50/$1.00 USD) - 2025/01/29 19:58:07 WET [2025/01/29 14:58:07 ET]
Table 'Janacek' 6-max Seat #5 is the button
Seat 2: socito ($105 in chips) is sitting out
Seat 3: AndreaBsAs ($102.20 in chips) is sitting out
Seat 5: Nicedaymybro ($100 in chips) 
Seat 6: Supermegopro ($126.75 in chips) 
Nicedaymybro: posts small blind $0.50
Supermegopro: posts big blind $1
*** HOLE CARDS ***
socito leaves the table
Nicedaymybro: folds 
Uncalled bet ($0.50) returned to Supermegopro
Nicedaymybro leaves the table
Supermegopro collected $1 from pot
Supermegopro: doesn't show hand 
*** SUMMARY ***
Total pot $1 | Rake $0 
Seat 2: socito
Seat 3: AndreaBsAs
Seat 5: Nicedaymybro (button) (small blind) folded before Flop
Seat 6: Supermegopro (big blind) collected ($1)



PokerStars Hand #254611294174:  Hold'em No Limit ($0.50/$1.00 USD) - 2025/01/29 20:03:41 WET [2025/01/29 15:03:41 ET]
Table 'Janacek' 6-max Seat #6 is the button
Seat 4: henri789 ($100 in chips) is sitting out
Seat 1: XneferX ($100 in chips) 
Seat 2: Mr.Taraseus ($100 in chips) 
Seat 6: Eredar5 ($100 in chips) 
XneferX: posts small blind $0.50
Mr.Taraseus: posts big blind $1
*** HOLE CARDS ***
Eredar5: folds 
XneferX: folds 
Uncalled bet ($0.50) returned to Mr.Taraseus
Mr.Taraseus collected $1 from pot
Mr.Taraseus: doesn't show hand 
*** SUMMARY ***
Total pot $1 | Rake $0 
Seat 4: henri789
Seat 1: XneferX (small blind) folded before Flop
Seat 2: Mr.Taraseus (big blind) collected ($1)
Seat 6: Eredar5 (button) folded before Flop (didn't bet)



PokerStars Hand #254611296092:  Hold'em No Limit ($0.50/$1.00 USD) - 2025/01/29 20:03:49 WET [2025/01/29 15:03:49 ET]
Table 'Janacek' 6-max Seat #2 is the button
Seat 4: henri789 ($100 in chips) is sitting out
Seat 6: Eredar5 ($100 in chips) is sitting out
Seat 1: XneferX ($100 in chips) 
Seat 2: Mr.Taraseus ($100.50 in chips) 
Mr.Taraseus: posts small blind $0.50
Eredar5: is sitting out 
XneferX: posts big blind $1
*** HOLE CARDS ***
Mr.Taraseus: folds 
Uncalled bet ($0.50) returned to XneferX
XneferX collected $1 from pot
XneferX: doesn't show hand 
*** SUMMARY ***
Total pot $1 | Rake $0 
Seat 4: henri789
Seat 6: Eredar5
Seat 1: XneferX (big blind) collected ($1)
Seat 2: Mr.Taraseus (button) (small blind) folded before Flop



