PokerStars Hand #254612446600:  Hold'em No Limit ($0.50/$1.00 USD) - 2025/01/29 21:11:55 WET [2025/01/29 16:11:55 ET]
Table 'Sniadeckia' 6-max Seat #5 is the button
Seat 1: ImaPeppaPig ($103.50 in chips) 
Seat 2: easy_sarcasm ($100 in chips) 
Seat 3: CichiChanMarian ($100 in chips) 
Seat 4: YeeesMan ($104.27 in chips) 
Seat 5: codfatherbravo ($58.52 in chips) 
Seat 6: tintin641 ($100 in chips) 
tintin641: posts small blind $0.50
ImaPeppaPig: posts big blind $1
*** HOLE CARDS ***
easy_sarcasm: folds 
CichiChanMarian: raises $1.50 to $2.50
YeeesMan: folds 
codfatherbravo: folds 
tintin641: folds 
ImaPeppaPig: folds 
Uncalled bet ($1.50) returned to CichiChanMarian
CichiChanMarian collected $2.50 from pot
CichiChanMarian: doesn't show hand 
*** SUMMARY ***
Total pot $2.50 | Rake $0 
Seat 1: ImaPeppaPig (big blind) folded before Flop
Seat 2: easy_sarcasm folded before Flop (didn't bet)
Seat 3: CichiChanMarian collected ($2.50)
Seat 4: YeeesMan folded before Flop (didn't bet)
Seat 5: codfatherbravo (button) folded before Flop (didn't bet)
Seat 6: tintin641 (small blind) folded before Flop



PokerStars Hand #254612450417:  Hold'em No Limit ($0.50/$1.00 USD) - 2025/01/29 21:12:08 WET [2025/01/29 16:12:08 ET]
Table 'Sniadeckia' 6-max Seat #6 is the button
Seat 1: ImaPeppaPig ($102.50 in chips) 
Seat 2: easy_sarcasm ($100 in chips) 
Seat 3: CichiChanMarian ($101.50 in chips) 
Seat 4: YeeesMan ($104.27 in chips) 
Seat 5: codfatherbravo ($58.52 in chips) 
Seat 6: tintin641 ($100 in chips) 
ImaPeppaPig: posts small blind $0.50
easy_sarcasm: posts big blind $1
*** HOLE CARDS ***
CichiChanMarian: raises $1.50 to $2.50
YeeesMan: folds 
codfatherbravo: folds 
tintin641: folds 
ImaPeppaPig: folds 
easy_sarcasm: folds 
Uncalled bet ($1.50) returned to CichiChanMarian
CichiChanMarian collected $2.50 from pot
CichiChanMarian: doesn't show hand 
*** SUMMARY ***
Total pot $2.50 | Rake $0 
Seat 1: ImaPeppaPig (small blind) folded before Flop
Seat 2: easy_sarcasm (big blind) folded before Flop
Seat 3: CichiChanMarian collected ($2.50)
Seat 4: YeeesMan folded before Flop (didn't bet)
Seat 5: codfatherbravo folded before Flop (didn't bet)
Seat 6: tintin641 (button) folded before Flop (didn't bet)



PokerStars Hand #254612454385:  Hold'em No Limit ($0.50/$1.00 USD) - 2025/01/29 21:12:21 WET [2025/01/29 16:12:21 ET]
Table 'Sniadeckia' 6-max Seat #1 is the button
Seat 1: ImaPeppaPig ($102 in chips) 
Seat 2: easy_sarcasm ($100 in chips) 
Seat 3: CichiChanMarian ($103 in chips) 
Seat 4: YeeesMan ($104.27 in chips) 
Seat 5: codfatherbravo ($58.52 in chips) 
Seat 6: tintin641 ($100 in chips) 
easy_sarcasm: posts small blind $0.50
CichiChanMarian: posts big blind $1
*** HOLE CARDS ***
YeeesMan: raises $1.50 to $2.50
codfatherbravo: folds 
tintin641: folds 
ImaPeppaPig: folds 
easy_sarcasm: folds 
CichiChanMarian: folds 
Uncalled bet ($1.50) returned to YeeesMan
YeeesMan collected $2.50 from pot
YeeesMan: doesn't show hand 
*** SUMMARY ***
Total pot $2.50 | Rake $0 
Seat 1: ImaPeppaPig (button) folded before Flop (didn't bet)
Seat 2: easy_sarcasm (small blind) folded before Flop
Seat 3: CichiChanMarian (big blind) folded before Flop
Seat 4: YeeesMan collected ($2.50)
Seat 5: codfatherbravo folded before Flop (didn't bet)
Seat 6: tintin641 folded before Flop (didn't bet)



PokerStars Hand #254612460420:  Hold'em No Limit ($0.50/$1.00 USD) - 2025/01/29 21:12:41 WET [2025/01/29 16:12:41 ET]
Table 'Sniadeckia' 6-max Seat #2 is the button
Seat 1: ImaPeppaPig ($102 in chips) 
Seat 2: easy_sarcasm ($100 in chips) 
Seat 3: CichiChanMarian ($102 in chips) 
Seat 4: YeeesMan ($105.77 in chips) 
Seat 5: codfatherbravo ($58.52 in chips) 
Seat 6: tintin641 ($100 in chips) 
CichiChanMarian: posts small blind $0.50
YeeesMan: posts big blind $1
*** HOLE CARDS ***
codfatherbravo: folds 
tintin641: folds 
ImaPeppaPig: folds 
easy_sarcasm: raises $1.20 to $2.20
CichiChanMarian: folds 
YeeesMan: calls $1.20
*** FLOP *** [2h 9h 6c]
YeeesMan: checks 
easy_sarcasm: bets $2.33
YeeesMan: calls $2.33
*** TURN *** [2h 9h 6c] [7h]
YeeesMan: checks 
easy_sarcasm: checks 
*** RIVER *** [2h 9h 6c 7h] [5d]
YeeesMan: bets $6.81
easy_sarcasm: folds 
Uncalled bet ($6.81) returned to YeeesMan
YeeesMan collected $9.08 from pot
YeeesMan: doesn't show hand 
*** SUMMARY ***
Total pot $9.56 | Rake $0.48 
Board [2h 9h 6c 7h 5d]
Seat 1: ImaPeppaPig folded before Flop (didn't bet)
Seat 2: easy_sarcasm (button) folded on the River
Seat 3: CichiChanMarian (small blind) folded before Flop
Seat 4: YeeesMan (big blind) collected ($9.08)
Seat 5: codfatherbravo folded before Flop (didn't bet)
Seat 6: tintin641 folded before Flop (didn't bet)



PokerStars Hand #254612482486:  Hold'em No Limit ($0.50/$1.00 USD) - 2025/01/29 21:13:55 WET [2025/01/29 16:13:55 ET]
Table 'Sniadeckia' 6-max Seat #3 is the button
Seat 1: ImaPeppaPig ($102 in chips) 
Seat 2: easy_sarcasm ($100 in chips) 
Seat 3: CichiChanMarian ($101.50 in chips) 
Seat 4: YeeesMan ($110.32 in chips) 
Seat 5: codfatherbravo ($58.52 in chips) 
Seat 6: tintin641 ($100 in chips) 
YeeesMan: posts small blind $0.50
codfatherbravo: posts big blind $1
*** HOLE CARDS ***
tintin641: folds 
ImaPeppaPig: folds 
easy_sarcasm: raises $2 to $3
CichiChanMarian: folds 
YeeesMan: folds 
codfatherbravo: calls $2
*** FLOP *** [9d Ad 2d]
codfatherbravo: checks 
easy_sarcasm: bets $3.09
codfatherbravo: folds 
Uncalled bet ($3.09) returned to easy_sarcasm
easy_sarcasm collected $6.18 from pot
*** SUMMARY ***
Total pot $6.50 | Rake $0.32 
Board [9d Ad 2d]
Seat 1: ImaPeppaPig folded before Flop (didn't bet)
Seat 2: easy_sarcasm collected ($6.18)
Seat 3: CichiChanMarian (button) folded before Flop (didn't bet)
Seat 4: YeeesMan (small blind) folded before Flop
Seat 5: codfatherbravo (big blind) folded on the Flop
Seat 6: tintin641 folded before Flop (didn't bet)



PokerStars Hand #254612494742:  Hold'em No Limit ($0.50/$1.00 USD) - 2025/01/29 21:14:36 WET [2025/01/29 16:14:36 ET]
Table 'Sniadeckia' 6-max Seat #4 is the button
Seat 1: ImaPeppaPig ($102 in chips) 
Seat 2: easy_sarcasm ($103.18 in chips) 
Seat 3: CichiChanMarian ($101.50 in chips) 
Seat 4: YeeesMan ($109.82 in chips) 
Seat 5: codfatherbravo ($55.52 in chips) 
Seat 6: tintin641 ($100 in chips) 
codfatherbravo: posts small blind $0.50
tintin641: posts big blind $1
*** HOLE CARDS ***
ImaPeppaPig: folds 
easy_sarcasm: folds 
CichiChanMarian: folds 
YeeesMan: folds 
codfatherbravo: raises $1 to $2
tintin641: raises $4 to $6
codfatherbravo: folds 
Uncalled bet ($4) returned to tintin641
tintin641 collected $4 from pot
tintin641: doesn't show hand 
*** SUMMARY ***
Total pot $4 | Rake $0 
Seat 1: ImaPeppaPig folded before Flop (didn't bet)
Seat 2: easy_sarcasm folded before Flop (didn't bet)
Seat 3: CichiChanMarian folded before Flop (didn't bet)
Seat 4: YeeesMan (button) folded before Flop (didn't bet)
Seat 5: codfatherbravo (small blind) folded before Flop
Seat 6: tintin641 (big blind) collected ($4)



PokerStars Hand #254612504000:  Hold'em No Limit ($0.50/$1.00 USD) - 2025/01/29 21:15:08 WET [2025/01/29 16:15:08 ET]
Table 'Sniadeckia' 6-max Seat #5 is the button
Seat 1: ImaPeppaPig ($102 in chips) 
Seat 2: easy_sarcasm ($103.18 in chips) 
Seat 3: CichiChanMarian ($101.50 in chips) 
Seat 4: YeeesMan ($109.82 in chips) 
Seat 5: codfatherbravo ($53.52 in chips) 
Seat 6: tintin641 ($102 in chips) 
tintin641: posts small blind $0.50
ImaPeppaPig: posts big blind $1
*** HOLE CARDS ***
easy_sarcasm: folds 
CichiChanMarian: folds 
YeeesMan: folds 
codfatherbravo: calls $1
tintin641: folds 
ImaPeppaPig: checks 
*** FLOP *** [Qs 6s 2h]
ImaPeppaPig: checks 
codfatherbravo: bets $1
ImaPeppaPig: folds 
Uncalled bet ($1) returned to codfatherbravo
codfatherbravo collected $2.38 from pot
*** SUMMARY ***
Total pot $2.50 | Rake $0.12 
Board [Qs 6s 2h]
Seat 1: ImaPeppaPig (big blind) folded on the Flop
Seat 2: easy_sarcasm folded before Flop (didn't bet)
Seat 3: CichiChanMarian folded before Flop (didn't bet)
Seat 4: YeeesMan folded before Flop (didn't bet)
Seat 5: codfatherbravo (button) collected ($2.38)
Seat 6: tintin641 (small blind) folded before Flop



PokerStars Hand #254612513158:  Hold'em No Limit ($0.50/$1.00 USD) - 2025/01/29 21:15:39 WET [2025/01/29 16:15:39 ET]
Table 'Sniadeckia' 6-max Seat #6 is the button
Seat 1: ImaPeppaPig ($101 in chips) 
Seat 2: easy_sarcasm ($103.18 in chips) 
Seat 3: CichiChanMarian ($101.50 in chips) 
Seat 4: YeeesMan ($109.82 in chips) 
Seat 5: codfatherbravo ($54.90 in chips) 
Seat 6: tintin641 ($101.50 in chips) 
ImaPeppaPig: posts small blind $0.50
easy_sarcasm: posts big blind $1
*** HOLE CARDS ***
CichiChanMarian: folds 
YeeesMan: folds 
codfatherbravo: calls $1
tintin641: raises $3 to $4
ImaPeppaPig: folds 
easy_sarcasm: folds 
codfatherbravo: calls $3
*** FLOP *** [Jc 2d As]
codfatherbravo: bets $6
tintin641: calls $6
*** TURN *** [Jc 2d As] [5c]
codfatherbravo: checks 
tintin641: bets $10.21
codfatherbravo: calls $10.21
*** RIVER *** [Jc 2d As 5c] [Kc]
codfatherbravo: bets $15
tintin641: calls $15
*** SHOW DOWN ***
codfatherbravo: shows [Ts Qc] (a straight, Ten to Ace)
tintin641: mucks hand 
codfatherbravo collected $69.42 from pot
*** SUMMARY ***
Total pot $71.92 | Rake $2.50 
Board [Jc 2d As 5c Kc]
Seat 1: ImaPeppaPig (small blind) folded before Flop
Seat 2: easy_sarcasm (big blind) folded before Flop
Seat 3: CichiChanMarian folded before Flop (didn't bet)
Seat 4: YeeesMan folded before Flop (didn't bet)
Seat 5: codfatherbravo showed [Ts Qc] and won ($69.42) with a straight, Ten to Ace
Seat 6: tintin641 (button) mucked



PokerStars Hand #254612542953:  Hold'em No Limit ($0.50/$1.00 USD) - 2025/01/29 21:17:19 WET [2025/01/29 16:17:19 ET]
Table 'Sniadeckia' 6-max Seat #1 is the button
Seat 1: ImaPeppaPig ($100.50 in chips) 
Seat 2: easy_sarcasm ($102.18 in chips) 
Seat 3: CichiChanMarian ($101.50 in chips) 
Seat 4: YeeesMan ($109.82 in chips) 
Seat 5: codfatherbravo ($89.11 in chips) 
Seat 6: tintin641 ($100 in chips) 
easy_sarcasm: posts small blind $0.50
CichiChanMarian: posts big blind $1
*** HOLE CARDS ***
YeeesMan: folds 
codfatherbravo: folds 
tintin641: raises $1.50 to $2.50
ImaPeppaPig: folds 
easy_sarcasm: raises $8.50 to $11
CichiChanMarian: folds 
tintin641: folds 
Uncalled bet ($8.50) returned to easy_sarcasm
easy_sarcasm collected $6 from pot
*** SUMMARY ***
Total pot $6 | Rake $0 
Seat 1: ImaPeppaPig (button) folded before Flop (didn't bet)
Seat 2: easy_sarcasm (small blind) collected ($6)
Seat 3: CichiChanMarian (big blind) folded before Flop
Seat 4: YeeesMan folded before Flop (didn't bet)
Seat 5: codfatherbravo folded before Flop (didn't bet)
Seat 6: tintin641 folded before Flop



PokerStars Hand #254612551255:  Hold'em No Limit ($0.50/$1.00 USD) - 2025/01/29 21:17:47 WET [2025/01/29 16:17:47 ET]
Table 'Sniadeckia' 6-max Seat #2 is the button
Seat 1: ImaPeppaPig ($100.50 in chips) 
Seat 2: easy_sarcasm ($105.68 in chips) 
Seat 3: CichiChanMarian ($100.50 in chips) 
Seat 4: YeeesMan ($109.82 in chips) 
Seat 5: codfatherbravo ($89.11 in chips) 
Seat 6: tintin641 ($100 in chips) 
CichiChanMarian: posts small blind $0.50
YeeesMan: posts big blind $1
*** HOLE CARDS ***
codfatherbravo: calls $1
tintin641: folds 
ImaPeppaPig: raises $3 to $4
easy_sarcasm: folds 
CichiChanMarian: raises $11 to $15
YeeesMan: folds 
codfatherbravo: folds 
ImaPeppaPig: calls $11
*** FLOP *** [2c As 6c]
CichiChanMarian: bets $10.03
ImaPeppaPig: calls $10.03
*** TURN *** [2c As 6c] [8c]
CichiChanMarian: checks 
ImaPeppaPig: bets $15.36
CichiChanMarian: folds 
Uncalled bet ($15.36) returned to ImaPeppaPig
ImaPeppaPig collected $49.56 from pot
ImaPeppaPig: doesn't show hand 
*** SUMMARY ***
Total pot $52.06 | Rake $2.50 
Board [2c As 6c 8c]
Seat 1: ImaPeppaPig collected ($49.56)
Seat 2: easy_sarcasm (button) folded before Flop (didn't bet)
Seat 3: CichiChanMarian (small blind) folded on the Turn
Seat 4: YeeesMan (big blind) folded before Flop
Seat 5: codfatherbravo folded before Flop
Seat 6: tintin641 folded before Flop (didn't bet)



PokerStars Hand #254612572707:  Hold'em No Limit ($0.50/$1.00 USD) - 2025/01/29 21:19:00 WET [2025/01/29 16:19:00 ET]
Table 'Sniadeckia' 6-max Seat #3 is the button
Seat 1: ImaPeppaPig ($125.03 in chips) 
Seat 2: easy_sarcasm ($105.68 in chips) 
Seat 3: CichiChanMarian ($100 in chips) 
Seat 4: YeeesMan ($108.82 in chips) 
Seat 5: codfatherbravo ($88.11 in chips) 
Seat 6: tintin641 ($100 in chips) 
YeeesMan: posts small blind $0.50
codfatherbravo: posts big blind $1
*** HOLE CARDS ***
tintin641: raises $1.50 to $2.50
ImaPeppaPig: folds 
easy_sarcasm: folds 
CichiChanMarian: folds 
YeeesMan: folds 
codfatherbravo: calls $1.50
*** FLOP *** [6h 3d 3c]
codfatherbravo: checks 
tintin641: bets $1.72
codfatherbravo: calls $1.72
*** TURN *** [6h 3d 3c] [Tc]
codfatherbravo: checks 
tintin641: bets $6.37
codfatherbravo: folds 
Uncalled bet ($6.37) returned to tintin641
tintin641 collected $8.49 from pot
tintin641: doesn't show hand 
*** SUMMARY ***
Total pot $8.94 | Rake $0.45 
Board [6h 3d 3c Tc]
Seat 1: ImaPeppaPig folded before Flop (didn't bet)
Seat 2: easy_sarcasm folded before Flop (didn't bet)
Seat 3: CichiChanMarian (button) folded before Flop (didn't bet)
Seat 4: YeeesMan (small blind) folded before Flop
Seat 5: codfatherbravo (big blind) folded on the Turn
Seat 6: tintin641 collected ($8.49)



PokerStars Hand #254612584987:  Hold'em No Limit ($0.50/$1.00 USD) - 2025/01/29 21:19:42 WET [2025/01/29 16:19:42 ET]
Table 'Sniadeckia' 6-max Seat #4 is the button
Seat 1: ImaPeppaPig ($125.03 in chips) 
Seat 2: easy_sarcasm ($105.68 in chips) 
Seat 3: CichiChanMarian ($100 in chips) 
Seat 4: YeeesMan ($108.32 in chips) 
Seat 5: codfatherbravo ($83.89 in chips) 
Seat 6: tintin641 ($104.27 in chips) 
codfatherbravo: posts small blind $0.50
tintin641: posts big blind $1
*** HOLE CARDS ***
ImaPeppaPig: folds 
easy_sarcasm: folds 
CichiChanMarian: folds 
YeeesMan: folds 
codfatherbravo: calls $0.50
tintin641: raises $3 to $4
codfatherbravo: calls $3
*** FLOP *** [6s Tc Th]
codfatherbravo: checks 
tintin641: bets $2.51
codfatherbravo: calls $2.51
*** TURN *** [6s Tc Th] [9d]
codfatherbravo: checks 
tintin641: checks 
*** RIVER *** [6s Tc Th 9d] [6h]
codfatherbravo: bets $6.19
tintin641: calls $6.19
*** SHOW DOWN ***
codfatherbravo: shows [Jh 9c] (two pair, Tens and Nines)
tintin641: mucks hand 
codfatherbravo collected $24.13 from pot
*** SUMMARY ***
Total pot $25.40 | Rake $1.27 
Board [6s Tc Th 9d 6h]
Seat 1: ImaPeppaPig folded before Flop (didn't bet)
Seat 2: easy_sarcasm folded before Flop (didn't bet)
Seat 3: CichiChanMarian folded before Flop (didn't bet)
Seat 4: YeeesMan (button) folded before Flop (didn't bet)
Seat 5: codfatherbravo (small blind) showed [Jh 9c] and won ($24.13) with two pair, Tens and Nines
Seat 6: tintin641 (big blind) mucked



PokerStars Hand #254612603775:  Hold'em No Limit ($0.50/$1.00 USD) - 2025/01/29 21:20:46 WET [2025/01/29 16:20:46 ET]
Table 'Sniadeckia' 6-max Seat #5 is the button
Seat 1: ImaPeppaPig ($125.03 in chips) 
Seat 2: easy_sarcasm ($105.68 in chips) 
Seat 3: CichiChanMarian ($100 in chips) 
Seat 4: YeeesMan ($108.32 in chips) 
Seat 5: codfatherbravo ($95.32 in chips) 
Seat 6: tintin641 ($100 in chips) 
tintin641: posts small blind $0.50
ImaPeppaPig: posts big blind $1
*** HOLE CARDS ***
easy_sarcasm: folds 
CichiChanMarian: raises $1.50 to $2.50
YeeesMan: folds 
codfatherbravo: folds 
tintin641: folds 
ImaPeppaPig: folds 
Uncalled bet ($1.50) returned to CichiChanMarian
CichiChanMarian collected $2.50 from pot
CichiChanMarian: doesn't show hand 
*** SUMMARY ***
Total pot $2.50 | Rake $0 
Seat 1: ImaPeppaPig (big blind) folded before Flop
Seat 2: easy_sarcasm folded before Flop (didn't bet)
Seat 3: CichiChanMarian collected ($2.50)
Seat 4: YeeesMan folded before Flop (didn't bet)
Seat 5: codfatherbravo (button) folded before Flop (didn't bet)
Seat 6: tintin641 (small blind) folded before Flop



PokerStars Hand #254612609642:  Hold'em No Limit ($0.50/$1.00 USD) - 2025/01/29 21:21:06 WET [2025/01/29 16:21:06 ET]
Table 'Sniadeckia' 6-max Seat #6 is the button
Seat 1: ImaPeppaPig ($124.03 in chips) 
Seat 2: easy_sarcasm ($105.68 in chips) 
Seat 3: CichiChanMarian ($101.50 in chips) 
Seat 4: YeeesMan ($108.32 in chips) 
Seat 5: codfatherbravo ($95.32 in chips) 
Seat 6: tintin641 ($100 in chips) 
ImaPeppaPig: posts small blind $0.50
easy_sarcasm: posts big blind $1
*** HOLE CARDS ***
CichiChanMarian: folds 
YeeesMan: folds 
codfatherbravo: calls $1
tintin641: raises $3 to $4
ImaPeppaPig: folds 
easy_sarcasm: folds 
codfatherbravo: calls $3
*** FLOP *** [8d As Kh]
codfatherbravo: checks 
tintin641: bets $2.98
codfatherbravo: folds 
Uncalled bet ($2.98) returned to tintin641
tintin641 collected $9.02 from pot
tintin641: doesn't show hand 
*** SUMMARY ***
Total pot $9.50 | Rake $0.48 
Board [8d As Kh]
Seat 1: ImaPeppaPig (small blind) folded before Flop
Seat 2: easy_sarcasm (big blind) folded before Flop
Seat 3: CichiChanMarian folded before Flop (didn't bet)
Seat 4: YeeesMan folded before Flop (didn't bet)
Seat 5: codfatherbravo folded on the Flop
Seat 6: tintin641 (button) collected ($9.02)



PokerStars Hand #254612620640:  Hold'em No Limit ($0.50/$1.00 USD) - 2025/01/29 21:21:43 WET [2025/01/29 16:21:43 ET]
Table 'Sniadeckia' 6-max Seat #1 is the button
Seat 1: ImaPeppaPig ($123.53 in chips) 
Seat 2: easy_sarcasm ($104.68 in chips) 
Seat 3: CichiChanMarian ($101.50 in chips) 
Seat 4: YeeesMan ($108.32 in chips) 
Seat 5: codfatherbravo ($91.32 in chips) 
Seat 6: tintin641 ($105.02 in chips) 
easy_sarcasm: posts small blind $0.50
CichiChanMarian: posts big blind $1
*** HOLE CARDS ***
YeeesMan: raises $1.50 to $2.50
codfatherbravo: folds 
tintin641: folds 
ImaPeppaPig: folds 
easy_sarcasm: folds 
CichiChanMarian: folds 
Uncalled bet ($1.50) returned to YeeesMan
YeeesMan collected $2.50 from pot
YeeesMan: doesn't show hand 
*** SUMMARY ***
Total pot $2.50 | Rake $0 
Seat 1: ImaPeppaPig (button) folded before Flop (didn't bet)
Seat 2: easy_sarcasm (small blind) folded before Flop
Seat 3: CichiChanMarian (big blind) folded before Flop
Seat 4: YeeesMan collected ($2.50)
Seat 5: codfatherbravo folded before Flop (didn't bet)
Seat 6: tintin641 folded before Flop (didn't bet)



PokerStars Hand #254612629671:  Hold'em No Limit ($0.50/$1.00 USD) - 2025/01/29 21:22:14 WET [2025/01/29 16:22:14 ET]
Table 'Sniadeckia' 6-max Seat #2 is the button
Seat 1: ImaPeppaPig ($123.53 in chips) 
Seat 2: easy_sarcasm ($104.18 in chips) 
Seat 3: CichiChanMarian ($100.50 in chips) 
Seat 4: YeeesMan ($109.82 in chips) 
Seat 5: codfatherbravo ($91.32 in chips) 
Seat 6: tintin641 ($105.02 in chips) 
CichiChanMarian: posts small blind $0.50
YeeesMan: posts big blind $1
*** HOLE CARDS ***
codfatherbravo: folds 
tintin641: folds 
ImaPeppaPig: raises $1.50 to $2.50
easy_sarcasm: folds 
CichiChanMarian: folds 
YeeesMan: calls $1.50
*** FLOP *** [Qc 8c 3c]
YeeesMan: checks 
ImaPeppaPig: checks 
*** TURN *** [Qc 8c 3c] [4d]
YeeesMan: checks 
ImaPeppaPig: bets $2
YeeesMan: calls $2
*** RIVER *** [Qc 8c 3c 4d] [5s]
YeeesMan: checks 
ImaPeppaPig: bets $4.69
YeeesMan: folds 
Uncalled bet ($4.69) returned to ImaPeppaPig
ImaPeppaPig collected $9.02 from pot
ImaPeppaPig: doesn't show hand 
*** SUMMARY ***
Total pot $9.50 | Rake $0.48 
Board [Qc 8c 3c 4d 5s]
Seat 1: ImaPeppaPig collected ($9.02)
Seat 2: easy_sarcasm (button) folded before Flop (didn't bet)
Seat 3: CichiChanMarian (small blind) folded before Flop
Seat 4: YeeesMan (big blind) folded on the River
Seat 5: codfatherbravo folded before Flop (didn't bet)
Seat 6: tintin641 folded before Flop (didn't bet)



PokerStars Hand #254612781429:  Hold'em No Limit ($0.50/$1.00 USD) - 2025/01/29 21:30:57 WET [2025/01/29 16:30:57 ET]
Table 'Sniadeckia' 6-max Seat #4 is the button
Seat 1: ImaPeppaPig ($128.90 in chips) 
Seat 2: easy_sarcasm ($100.18 in chips) 
Seat 3: CichiChanMarian ($119.92 in chips) 
Seat 4: YeeesMan ($100 in chips) 
Seat 5: codfatherbravo ($91.50 in chips) 
Seat 6: tintin641 ($102.52 in chips) 
codfatherbravo: posts small blind $0.50
tintin641: posts big blind $1
*** HOLE CARDS ***
ImaPeppaPig: folds 
easy_sarcasm: folds 
CichiChanMarian: folds 
YeeesMan: raises $1.50 to $2.50
codfatherbravo: folds 
tintin641: calls $1.50
*** FLOP *** [7d 2d 8c]
tintin641: checks 
YeeesMan: checks 
*** TURN *** [7d 2d 8c] [Qh]
tintin641: checks 
YeeesMan: bets $3.92
tintin641: calls $3.92
*** RIVER *** [7d 2d 8c Qh] [3c]
tintin641: checks 
YeeesMan: checks 
*** SHOW DOWN ***
tintin641: shows [2h Ah] (a pair of Deuces)
YeeesMan: mucks hand 
tintin641 collected $12.67 from pot
*** SUMMARY ***
Total pot $13.34 | Rake $0.67 
Board [7d 2d 8c Qh 3c]
Seat 1: ImaPeppaPig folded before Flop (didn't bet)
Seat 2: easy_sarcasm folded before Flop (didn't bet)
Seat 3: CichiChanMarian folded before Flop (didn't bet)
Seat 4: YeeesMan (button) mucked
Seat 5: codfatherbravo (small blind) folded before Flop
Seat 6: tintin641 (big blind) showed [2h Ah] and won ($12.67) with a pair of Deuces



PokerStars Hand #254612805857:  Hold'em No Limit ($0.50/$1.00 USD) - 2025/01/29 21:32:20 WET [2025/01/29 16:32:20 ET]
Table 'Sniadeckia' 6-max Seat #5 is the button
Seat 1: ImaPeppaPig ($128.90 in chips) 
Seat 2: easy_sarcasm ($100.18 in chips) 
Seat 3: CichiChanMarian ($119.92 in chips) 
Seat 4: YeeesMan ($100 in chips) 
Seat 5: codfatherbravo ($91 in chips) 
Seat 6: tintin641 ($108.77 in chips) 
tintin641: posts small blind $0.50
ImaPeppaPig: posts big blind $1
*** HOLE CARDS ***
easy_sarcasm: folds 
CichiChanMarian: folds 
YeeesMan: folds 
codfatherbravo: folds 
tintin641: folds 
Uncalled bet ($0.50) returned to ImaPeppaPig
ImaPeppaPig collected $1 from pot
ImaPeppaPig: doesn't show hand 
*** SUMMARY ***
Total pot $1 | Rake $0 
Seat 1: ImaPeppaPig (big blind) collected ($1)
Seat 2: easy_sarcasm folded before Flop (didn't bet)
Seat 3: CichiChanMarian folded before Flop (didn't bet)
Seat 4: YeeesMan folded before Flop (didn't bet)
Seat 5: codfatherbravo (button) folded before Flop (didn't bet)
Seat 6: tintin641 (small blind) folded before Flop



PokerStars Hand #254612810852:  Hold'em No Limit ($0.50/$1.00 USD) - 2025/01/29 21:32:37 WET [2025/01/29 16:32:37 ET]
Table 'Sniadeckia' 6-max Seat #6 is the button
Seat 1: ImaPeppaPig ($129.40 in chips) 
Seat 2: easy_sarcasm ($100.18 in chips) 
Seat 3: CichiChanMarian ($119.92 in chips) 
Seat 4: YeeesMan ($100 in chips) 
Seat 5: codfatherbravo ($91 in chips) 
Seat 6: tintin641 ($108.27 in chips) 
ImaPeppaPig: posts small blind $0.50
easy_sarcasm: posts big blind $1
*** HOLE CARDS ***
CichiChanMarian: folds 
YeeesMan: raises $1.50 to $2.50
codfatherbravo: folds 
tintin641: folds 
ImaPeppaPig: folds 
easy_sarcasm: raises $8.50 to $11
YeeesMan: folds 
Uncalled bet ($8.50) returned to easy_sarcasm
easy_sarcasm collected $5.50 from pot
*** SUMMARY ***
Total pot $5.50 | Rake $0 
Seat 1: ImaPeppaPig (small blind) folded before Flop
Seat 2: easy_sarcasm (big blind) collected ($5.50)
Seat 3: CichiChanMarian folded before Flop (didn't bet)
Seat 4: YeeesMan folded before Flop
Seat 5: codfatherbravo folded before Flop (didn't bet)
Seat 6: tintin641 (button) folded before Flop (didn't bet)



PokerStars Hand #254612818944:  Hold'em No Limit ($0.50/$1.00 USD) - 2025/01/29 21:33:05 WET [2025/01/29 16:33:05 ET]
Table 'Sniadeckia' 6-max Seat #1 is the button
Seat 1: ImaPeppaPig ($128.90 in chips) 
Seat 2: easy_sarcasm ($103.18 in chips) 
Seat 3: CichiChanMarian ($119.92 in chips) 
Seat 4: YeeesMan ($100 in chips) 
Seat 5: codfatherbravo ($91 in chips) 
Seat 6: tintin641 ($108.27 in chips) 
easy_sarcasm: posts small blind $0.50
CichiChanMarian: posts big blind $1
*** HOLE CARDS ***
YeeesMan: folds 
codfatherbravo: folds 
tintin641: folds 
ImaPeppaPig: raises $1.50 to $2.50
easy_sarcasm: folds 
CichiChanMarian: calls $1.50
*** FLOP *** [7s 6d 9c]
CichiChanMarian: checks 
ImaPeppaPig: checks 
*** TURN *** [7s 6d 9c] [4h]
CichiChanMarian: bets $5.22
ImaPeppaPig: calls $5.22
*** RIVER *** [7s 6d 9c 4h] [4d]
CichiChanMarian: checks 
ImaPeppaPig: checks 
*** SHOW DOWN ***
CichiChanMarian: shows [Jc Ts] (a pair of Fours)
ImaPeppaPig: shows [Ac 8h] (a pair of Fours - Ace kicker)
ImaPeppaPig collected $15.14 from pot
*** SUMMARY ***
Total pot $15.94 | Rake $0.80 
Board [7s 6d 9c 4h 4d]
Seat 1: ImaPeppaPig (button) showed [Ac 8h] and won ($15.14) with a pair of Fours
Seat 2: easy_sarcasm (small blind) folded before Flop
Seat 3: CichiChanMarian (big blind) showed [Jc Ts] and lost with a pair of Fours
Seat 4: YeeesMan folded before Flop (didn't bet)
Seat 5: codfatherbravo folded before Flop (didn't bet)
Seat 6: tintin641 folded before Flop (didn't bet)



PokerStars Hand #254612834328:  Hold'em No Limit ($0.50/$1.00 USD) - 2025/01/29 21:33:58 WET [2025/01/29 16:33:58 ET]
Table 'Sniadeckia' 6-max Seat #2 is the button
Seat 1: ImaPeppaPig ($136.32 in chips) 
Seat 2: easy_sarcasm ($102.68 in chips) 
Seat 3: CichiChanMarian ($112.20 in chips) 
Seat 4: YeeesMan ($100 in chips) 
Seat 5: codfatherbravo ($91 in chips) 
Seat 6: tintin641 ($108.27 in chips) 
CichiChanMarian: posts small blind $0.50
YeeesMan: posts big blind $1
*** HOLE CARDS ***
codfatherbravo: folds 
tintin641: raises $1.50 to $2.50
ImaPeppaPig: folds 
easy_sarcasm: folds 
CichiChanMarian: folds 
YeeesMan: folds 
Uncalled bet ($1.50) returned to tintin641
tintin641 collected $2.50 from pot
tintin641: doesn't show hand 
*** SUMMARY ***
Total pot $2.50 | Rake $0 
Seat 1: ImaPeppaPig folded before Flop (didn't bet)
Seat 2: easy_sarcasm (button) folded before Flop (didn't bet)
Seat 3: CichiChanMarian (small blind) folded before Flop
Seat 4: YeeesMan (big blind) folded before Flop
Seat 5: codfatherbravo folded before Flop (didn't bet)
Seat 6: tintin641 collected ($2.50)



PokerStars Hand #254612838404:  Hold'em No Limit ($0.50/$1.00 USD) - 2025/01/29 21:34:12 WET [2025/01/29 16:34:12 ET]
Table 'Sniadeckia' 6-max Seat #3 is the button
Seat 1: ImaPeppaPig ($136.32 in chips) 
Seat 2: easy_sarcasm ($102.68 in chips) 
Seat 3: CichiChanMarian ($111.70 in chips) 
Seat 4: YeeesMan ($100 in chips) 
Seat 5: codfatherbravo ($91 in chips) 
Seat 6: tintin641 ($109.77 in chips) 
YeeesMan: posts small blind $0.50
codfatherbravo: posts big blind $1
*** HOLE CARDS ***
tintin641: folds 
ImaPeppaPig: folds 
easy_sarcasm: folds 
CichiChanMarian: raises $1.50 to $2.50
YeeesMan: folds 
codfatherbravo: calls $1.50
*** FLOP *** [9h As Jc]
codfatherbravo: bets $4
CichiChanMarian: calls $4
*** TURN *** [9h As Jc] [Js]
codfatherbravo: bets $14
CichiChanMarian: calls $14
*** RIVER *** [9h As Jc Js] [3s]
codfatherbravo: checks 
CichiChanMarian: bets $19.71
codfatherbravo: folds 
Uncalled bet ($19.71) returned to CichiChanMarian
CichiChanMarian collected $39.42 from pot
CichiChanMarian: doesn't show hand 
*** SUMMARY ***
Total pot $41.50 | Rake $2.08 
Board [9h As Jc Js 3s]
Seat 1: ImaPeppaPig folded before Flop (didn't bet)
Seat 2: easy_sarcasm folded before Flop (didn't bet)
Seat 3: CichiChanMarian (button) collected ($39.42)
Seat 4: YeeesMan (small blind) folded before Flop
Seat 5: codfatherbravo (big blind) folded on the River
Seat 6: tintin641 folded before Flop (didn't bet)



PokerStars Hand #254612856775:  Hold'em No Limit ($0.50/$1.00 USD) - 2025/01/29 21:35:15 WET [2025/01/29 16:35:15 ET]
Table 'Sniadeckia' 6-max Seat #4 is the button
Seat 1: ImaPeppaPig ($136.32 in chips) 
Seat 2: easy_sarcasm ($102.68 in chips) 
Seat 3: CichiChanMarian ($130.62 in chips) 
Seat 4: YeeesMan ($100 in chips) 
Seat 5: codfatherbravo ($70.50 in chips) 
Seat 6: tintin641 ($109.77 in chips) 
codfatherbravo: posts small blind $0.50
tintin641: posts big blind $1
*** HOLE CARDS ***
ImaPeppaPig: folds 
easy_sarcasm: folds 
CichiChanMarian: folds 
YeeesMan: raises $1.50 to $2.50
codfatherbravo: folds 
tintin641: calls $1.50
*** FLOP *** [Ks Qd Kh]
tintin641: checks 
YeeesMan: bets $1.72
tintin641: calls $1.72
*** TURN *** [Ks Qd Kh] [As]
tintin641: checks 
YeeesMan: bets $6.37
tintin641: folds 
Uncalled bet ($6.37) returned to YeeesMan
YeeesMan collected $8.49 from pot
YeeesMan: doesn't show hand 
*** SUMMARY ***
Total pot $8.94 | Rake $0.45 
Board [Ks Qd Kh As]
Seat 1: ImaPeppaPig folded before Flop (didn't bet)
Seat 2: easy_sarcasm folded before Flop (didn't bet)
Seat 3: CichiChanMarian folded before Flop (didn't bet)
Seat 4: YeeesMan (button) collected ($8.49)
Seat 5: codfatherbravo (small blind) folded before Flop
Seat 6: tintin641 (big blind) folded on the Turn



PokerStars Hand #254612878711:  Hold'em No Limit ($0.50/$1.00 USD) - 2025/01/29 21:36:31 WET [2025/01/29 16:36:31 ET]
Table 'Sniadeckia' 6-max Seat #5 is the button
Seat 1: ImaPeppaPig ($136.32 in chips) 
Seat 2: easy_sarcasm ($102.68 in chips) 
Seat 3: CichiChanMarian ($130.62 in chips) 
Seat 4: YeeesMan ($104.27 in chips) 
Seat 5: codfatherbravo ($70 in chips) 
Seat 6: tintin641 ($105.55 in chips) 
tintin641: posts small blind $0.50
ImaPeppaPig: posts big blind $1
*** HOLE CARDS ***
easy_sarcasm: raises $2 to $3
CichiChanMarian: folds 
YeeesMan: folds 
codfatherbravo: folds 
tintin641: folds 
ImaPeppaPig: folds 
Uncalled bet ($2) returned to easy_sarcasm
easy_sarcasm collected $2.50 from pot
*** SUMMARY ***
Total pot $2.50 | Rake $0 
Seat 1: ImaPeppaPig (big blind) folded before Flop
Seat 2: easy_sarcasm collected ($2.50)
Seat 3: CichiChanMarian folded before Flop (didn't bet)
Seat 4: YeeesMan folded before Flop (didn't bet)
Seat 5: codfatherbravo (button) folded before Flop (didn't bet)
Seat 6: tintin641 (small blind) folded before Flop



PokerStars Hand #254612883288:  Hold'em No Limit ($0.50/$1.00 USD) - 2025/01/29 21:36:47 WET [2025/01/29 16:36:47 ET]
Table 'Sniadeckia' 6-max Seat #6 is the button
Seat 1: ImaPeppaPig ($135.32 in chips) 
Seat 2: easy_sarcasm ($104.18 in chips) 
Seat 3: CichiChanMarian ($130.62 in chips) 
Seat 4: YeeesMan ($104.27 in chips) 
Seat 5: codfatherbravo ($70 in chips) 
Seat 6: tintin641 ($105.05 in chips) 
ImaPeppaPig: posts small blind $0.50
easy_sarcasm: posts big blind $1
*** HOLE CARDS ***
CichiChanMarian: raises $1.50 to $2.50
YeeesMan: folds 
codfatherbravo: calls $2.50
tintin641: folds 
ImaPeppaPig: folds 
easy_sarcasm: folds 
*** FLOP *** [7h Jh 4c]
CichiChanMarian: bets $2.04
codfatherbravo: calls $2.04
*** TURN *** [7h Jh 4c] [Qs]
CichiChanMarian: bets $7.54
codfatherbravo: calls $7.54
*** RIVER *** [7h Jh 4c Qs] [Js]
CichiChanMarian: checks 
codfatherbravo: bets $26.56
CichiChanMarian: folds 
Uncalled bet ($26.56) returned to codfatherbravo
codfatherbravo collected $24.38 from pot
*** SUMMARY ***
Total pot $25.66 | Rake $1.28 
Board [7h Jh 4c Qs Js]
Seat 1: ImaPeppaPig (small blind) folded before Flop
Seat 2: easy_sarcasm (big blind) folded before Flop
Seat 3: CichiChanMarian folded on the River
Seat 4: YeeesMan folded before Flop (didn't bet)
Seat 5: codfatherbravo collected ($24.38)
Seat 6: tintin641 (button) folded before Flop (didn't bet)



PokerStars Hand #254612906253:  Hold'em No Limit ($0.50/$1.00 USD) - 2025/01/29 21:38:06 WET [2025/01/29 16:38:06 ET]
Table 'Sniadeckia' 6-max Seat #1 is the button
Seat 1: ImaPeppaPig ($134.82 in chips) 
Seat 2: easy_sarcasm ($103.18 in chips) 
Seat 3: CichiChanMarian ($118.54 in chips) 
Seat 4: YeeesMan ($104.27 in chips) 
Seat 5: codfatherbravo ($82.30 in chips) 
Seat 6: tintin641 ($105.05 in chips) 
easy_sarcasm: posts small blind $0.50
CichiChanMarian: posts big blind $1
*** HOLE CARDS ***
YeeesMan: raises $1.50 to $2.50
codfatherbravo: folds 
tintin641: folds 
ImaPeppaPig: folds 
easy_sarcasm: folds 
CichiChanMarian: folds 
Uncalled bet ($1.50) returned to YeeesMan
YeeesMan collected $2.50 from pot
YeeesMan: doesn't show hand 
*** SUMMARY ***
Total pot $2.50 | Rake $0 
Seat 1: ImaPeppaPig (button) folded before Flop (didn't bet)
Seat 2: easy_sarcasm (small blind) folded before Flop
Seat 3: CichiChanMarian (big blind) folded before Flop
Seat 4: YeeesMan collected ($2.50)
Seat 5: codfatherbravo folded before Flop (didn't bet)
Seat 6: tintin641 folded before Flop (didn't bet)



PokerStars Hand #254612912174:  Hold'em No Limit ($0.50/$1.00 USD) - 2025/01/29 21:38:27 WET [2025/01/29 16:38:27 ET]
Table 'Sniadeckia' 6-max Seat #2 is the button
Seat 1: ImaPeppaPig ($134.82 in chips) 
Seat 2: easy_sarcasm ($102.68 in chips) 
Seat 3: CichiChanMarian ($117.54 in chips) 
Seat 4: YeeesMan ($105.77 in chips) 
Seat 5: codfatherbravo ($82.30 in chips) 
Seat 6: tintin641 ($105.05 in chips) 
CichiChanMarian: posts small blind $0.50
YeeesMan: posts big blind $1
*** HOLE CARDS ***
codfatherbravo: raises $3 to $4
tintin641: folds 
ImaPeppaPig: folds 
easy_sarcasm: folds 
CichiChanMarian: folds 
YeeesMan: folds 
Uncalled bet ($3) returned to codfatherbravo
codfatherbravo collected $2.50 from pot
*** SUMMARY ***
Total pot $2.50 | Rake $0 
Seat 1: ImaPeppaPig folded before Flop (didn't bet)
Seat 2: easy_sarcasm (button) folded before Flop (didn't bet)
Seat 3: CichiChanMarian (small blind) folded before Flop
Seat 4: YeeesMan (big blind) folded before Flop
Seat 5: codfatherbravo collected ($2.50)
Seat 6: tintin641 folded before Flop (didn't bet)



PokerStars Hand #254612919592:  Hold'em No Limit ($0.50/$1.00 USD) - 2025/01/29 21:38:53 WET [2025/01/29 16:38:53 ET]
Table 'Sniadeckia' 6-max Seat #3 is the button
Seat 1: ImaPeppaPig ($134.82 in chips) 
Seat 2: easy_sarcasm ($102.68 in chips) 
Seat 3: CichiChanMarian ($117.04 in chips) 
Seat 4: YeeesMan ($104.77 in chips) 
Seat 5: codfatherbravo ($83.80 in chips) 
Seat 6: tintin641 ($105.05 in chips) 
YeeesMan: posts small blind $0.50
codfatherbravo: posts big blind $1
*** HOLE CARDS ***
tintin641: folds 
ImaPeppaPig: raises $1.50 to $2.50
easy_sarcasm: folds 
CichiChanMarian: folds 
YeeesMan: folds 
codfatherbravo: folds 
Uncalled bet ($1.50) returned to ImaPeppaPig
ImaPeppaPig collected $2.50 from pot
ImaPeppaPig: doesn't show hand 
*** SUMMARY ***
Total pot $2.50 | Rake $0 
Seat 1: ImaPeppaPig collected ($2.50)
Seat 2: easy_sarcasm folded before Flop (didn't bet)
Seat 3: CichiChanMarian (button) folded before Flop (didn't bet)
Seat 4: YeeesMan (small blind) folded before Flop
Seat 5: codfatherbravo (big blind) folded before Flop
Seat 6: tintin641 folded before Flop (didn't bet)



PokerStars Hand #254612923679:  Hold'em No Limit ($0.50/$1.00 USD) - 2025/01/29 21:39:07 WET [2025/01/29 16:39:07 ET]
Table 'Sniadeckia' 6-max Seat #4 is the button
Seat 1: ImaPeppaPig ($136.32 in chips) 
Seat 2: easy_sarcasm ($102.68 in chips) 
Seat 3: CichiChanMarian ($117.04 in chips) 
Seat 4: YeeesMan ($104.27 in chips) 
Seat 5: codfatherbravo ($82.80 in chips) 
Seat 6: tintin641 ($105.05 in chips) 
codfatherbravo: posts small blind $0.50
tintin641: posts big blind $1
*** HOLE CARDS ***
ImaPeppaPig: raises $1 to $2
easy_sarcasm: folds 
CichiChanMarian: folds 
YeeesMan: folds 
codfatherbravo: folds 
tintin641: folds 
Uncalled bet ($1) returned to ImaPeppaPig
ImaPeppaPig collected $2.50 from pot
ImaPeppaPig: doesn't show hand 
*** SUMMARY ***
Total pot $2.50 | Rake $0 
Seat 1: ImaPeppaPig collected ($2.50)
Seat 2: easy_sarcasm folded before Flop (didn't bet)
Seat 3: CichiChanMarian folded before Flop (didn't bet)
Seat 4: YeeesMan (button) folded before Flop (didn't bet)
Seat 5: codfatherbravo (small blind) folded before Flop
Seat 6: tintin641 (big blind) folded before Flop



PokerStars Hand #254612931962:  Hold'em No Limit ($0.50/$1.00 USD) - 2025/01/29 21:39:36 WET [2025/01/29 16:39:36 ET]
Table 'Sniadeckia' 6-max Seat #5 is the button
Seat 1: ImaPeppaPig ($137.82 in chips) 
Seat 2: easy_sarcasm ($102.68 in chips) 
Seat 3: CichiChanMarian ($117.04 in chips) 
Seat 4: YeeesMan ($104.27 in chips) 
Seat 5: codfatherbravo ($82.30 in chips) 
Seat 6: tintin641 ($104.05 in chips) 
tintin641: posts small blind $0.50
ImaPeppaPig: posts big blind $1
*** HOLE CARDS ***
easy_sarcasm: folds 
CichiChanMarian: folds 
YeeesMan: folds 
codfatherbravo: folds 
tintin641: raises $2 to $3
ImaPeppaPig: calls $2
*** FLOP *** [3c 3d Ks]
tintin641: checks 
ImaPeppaPig: bets $3.68
tintin641: folds 
Uncalled bet ($3.68) returned to ImaPeppaPig
ImaPeppaPig collected $5.70 from pot
ImaPeppaPig: doesn't show hand 
*** SUMMARY ***
Total pot $6 | Rake $0.30 
Board [3c 3d Ks]
Seat 1: ImaPeppaPig (big blind) collected ($5.70)
Seat 2: easy_sarcasm folded before Flop (didn't bet)
Seat 3: CichiChanMarian folded before Flop (didn't bet)
Seat 4: YeeesMan folded before Flop (didn't bet)
Seat 5: codfatherbravo (button) folded before Flop (didn't bet)
Seat 6: tintin641 (small blind) folded on the Flop



PokerStars Hand #254612944424:  Hold'em No Limit ($0.50/$1.00 USD) - 2025/01/29 21:40:20 WET [2025/01/29 16:40:20 ET]
Table 'Sniadeckia' 6-max Seat #6 is the button
Seat 1: ImaPeppaPig ($140.52 in chips) 
Seat 2: easy_sarcasm ($102.68 in chips) 
Seat 3: CichiChanMarian ($117.04 in chips) 
Seat 4: YeeesMan ($104.27 in chips) 
Seat 5: codfatherbravo ($82.30 in chips) 
Seat 6: tintin641 ($101.05 in chips) 
ImaPeppaPig: posts small blind $0.50
easy_sarcasm: posts big blind $1
*** HOLE CARDS ***
CichiChanMarian: raises $1.50 to $2.50
YeeesMan: folds 
codfatherbravo: calls $2.50
tintin641: folds 
ImaPeppaPig: folds 
easy_sarcasm: folds 
*** FLOP *** [Ac 2c 3d]
CichiChanMarian: checks 
codfatherbravo: checks 
*** TURN *** [Ac 2c 3d] [Tc]
CichiChanMarian: bets $3.09
codfatherbravo: calls $3.09
*** RIVER *** [Ac 2c 3d Tc] [Jc]
CichiChanMarian: checks 
codfatherbravo: checks 
*** SHOW DOWN ***
CichiChanMarian: shows [As Kh] (a pair of Aces)
codfatherbravo: mucks hand 
CichiChanMarian collected $12.05 from pot
*** SUMMARY ***
Total pot $12.68 | Rake $0.63 
Board [Ac 2c 3d Tc Jc]
Seat 1: ImaPeppaPig (small blind) folded before Flop
Seat 2: easy_sarcasm (big blind) folded before Flop
Seat 3: CichiChanMarian showed [As Kh] and won ($12.05) with a pair of Aces
Seat 4: YeeesMan folded before Flop (didn't bet)
Seat 5: codfatherbravo mucked
Seat 6: tintin641 (button) folded before Flop (didn't bet)



PokerStars Hand #254612957226:  Hold'em No Limit ($0.50/$1.00 USD) - 2025/01/29 21:41:05 WET [2025/01/29 16:41:05 ET]
Table 'Sniadeckia' 6-max Seat #1 is the button
Seat 1: ImaPeppaPig ($140.02 in chips) 
Seat 2: easy_sarcasm ($101.68 in chips) 
Seat 3: CichiChanMarian ($123.50 in chips) 
Seat 4: YeeesMan ($104.27 in chips) 
Seat 5: codfatherbravo ($76.71 in chips) 
Seat 6: tintin641 ($101.05 in chips) 
easy_sarcasm: posts small blind $0.50
CichiChanMarian: posts big blind $1
*** HOLE CARDS ***
YeeesMan: folds 
codfatherbravo: folds 
tintin641: folds 
ImaPeppaPig: folds 
easy_sarcasm: folds 
Uncalled bet ($0.50) returned to CichiChanMarian
CichiChanMarian collected $1 from pot
CichiChanMarian: doesn't show hand 
*** SUMMARY ***
Total pot $1 | Rake $0 
Seat 1: ImaPeppaPig (button) folded before Flop (didn't bet)
Seat 2: easy_sarcasm (small blind) folded before Flop
Seat 3: CichiChanMarian (big blind) collected ($1)
Seat 4: YeeesMan folded before Flop (didn't bet)
Seat 5: codfatherbravo folded before Flop (didn't bet)
Seat 6: tintin641 folded before Flop (didn't bet)



PokerStars Hand #254612962424:  Hold'em No Limit ($0.50/$1.00 USD) - 2025/01/29 21:41:23 WET [2025/01/29 16:41:23 ET]
Table 'Sniadeckia' 6-max Seat #2 is the button
Seat 1: ImaPeppaPig ($140.02 in chips) 
Seat 2: easy_sarcasm ($101.18 in chips) 
Seat 3: CichiChanMarian ($124 in chips) 
Seat 4: YeeesMan ($104.27 in chips) 
Seat 5: codfatherbravo ($76.71 in chips) 
Seat 6: tintin641 ($101.05 in chips) 
CichiChanMarian: posts small blind $0.50
YeeesMan: posts big blind $1
*** HOLE CARDS ***
codfatherbravo: folds 
tintin641: raises $1.50 to $2.50
ImaPeppaPig: folds 
easy_sarcasm: folds 
CichiChanMarian: folds 
YeeesMan: folds 
Uncalled bet ($1.50) returned to tintin641
tintin641 collected $2.50 from pot
tintin641: doesn't show hand 
*** SUMMARY ***
Total pot $2.50 | Rake $0 
Seat 1: ImaPeppaPig folded before Flop (didn't bet)
Seat 2: easy_sarcasm (button) folded before Flop (didn't bet)
Seat 3: CichiChanMarian (small blind) folded before Flop
Seat 4: YeeesMan (big blind) folded before Flop
Seat 5: codfatherbravo folded before Flop (didn't bet)
Seat 6: tintin641 collected ($2.50)



PokerStars Hand #254612969079:  Hold'em No Limit ($0.50/$1.00 USD) - 2025/01/29 21:41:46 WET [2025/01/29 16:41:46 ET]
Table 'Sniadeckia' 6-max Seat #3 is the button
Seat 1: ImaPeppaPig ($140.02 in chips) 
Seat 2: easy_sarcasm ($101.18 in chips) 
Seat 3: CichiChanMarian ($123.50 in chips) 
Seat 4: YeeesMan ($103.27 in chips) 
Seat 5: codfatherbravo ($76.71 in chips) 
Seat 6: tintin641 ($102.55 in chips) 
YeeesMan: posts small blind $0.50
codfatherbravo: posts big blind $1
*** HOLE CARDS ***
tintin641: folds 
ImaPeppaPig: folds 
easy_sarcasm: folds 
CichiChanMarian: folds 
YeeesMan: folds 
Uncalled bet ($0.50) returned to codfatherbravo
codfatherbravo collected $1 from pot
*** SUMMARY ***
Total pot $1 | Rake $0 
Seat 1: ImaPeppaPig folded before Flop (didn't bet)
Seat 2: easy_sarcasm folded before Flop (didn't bet)
Seat 3: CichiChanMarian (button) folded before Flop (didn't bet)
Seat 4: YeeesMan (small blind) folded before Flop
Seat 5: codfatherbravo (big blind) collected ($1)
Seat 6: tintin641 folded before Flop (didn't bet)



PokerStars Hand #254612974551:  Hold'em No Limit ($0.50/$1.00 USD) - 2025/01/29 21:42:05 WET [2025/01/29 16:42:05 ET]
Table 'Sniadeckia' 6-max Seat #4 is the button
Seat 1: ImaPeppaPig ($140.02 in chips) 
Seat 2: easy_sarcasm ($101.18 in chips) 
Seat 3: CichiChanMarian ($123.50 in chips) 
Seat 4: YeeesMan ($102.77 in chips) 
Seat 5: codfatherbravo ($77.21 in chips) 
Seat 6: tintin641 ($102.55 in chips) 
codfatherbravo: posts small blind $0.50
tintin641: posts big blind $1
*** HOLE CARDS ***
ImaPeppaPig: folds 
easy_sarcasm: folds 
CichiChanMarian: folds 
YeeesMan: raises $1.50 to $2.50
codfatherbravo: raises $2.50 to $5
tintin641: folds 
YeeesMan: calls $2.50
*** FLOP *** [Js Kc Th]
codfatherbravo: checks 
YeeesMan: bets $7.84
codfatherbravo: calls $7.84
*** TURN *** [Js Kc Th] [Ac]
codfatherbravo: checks 
YeeesMan: bets $19
codfatherbravo: raises $45.37 to $64.37 and is all-in
YeeesMan: calls $45.37
*** RIVER *** [Js Kc Th Ac] [3c]
*** SHOW DOWN ***
codfatherbravo: shows [Ah Ts] (two pair, Aces and Tens)
YeeesMan: shows [Qc Kh] (a straight, Ten to Ace)
YeeesMan collected $152.92 from pot
codfatherbravo cashed out the hand for $18.74 | Cash Out Fee $0.38
*** SUMMARY ***
Total pot $155.42 | Rake $2.50 
Board [Js Kc Th Ac 3c]
Seat 1: ImaPeppaPig folded before Flop (didn't bet)
Seat 2: easy_sarcasm folded before Flop (didn't bet)
Seat 3: CichiChanMarian folded before Flop (didn't bet)
Seat 4: YeeesMan (button) showed [Qc Kh] and won ($152.92) with a straight, Ten to Ace
Seat 5: codfatherbravo (small blind) showed [Ah Ts] and lost with two pair, Aces and Tens (cashed out).
Seat 6: tintin641 (big blind) folded before Flop



PokerStars Hand #254612997209:  Hold'em No Limit ($0.50/$1.00 USD) - 2025/01/29 21:43:25 WET [2025/01/29 16:43:25 ET]
Table 'Sniadeckia' 6-max Seat #5 is the button
Seat 1: ImaPeppaPig ($140.02 in chips) 
Seat 2: easy_sarcasm ($101.18 in chips) 
Seat 3: CichiChanMarian ($123.50 in chips) 
Seat 4: YeeesMan ($178.48 in chips) 
Seat 5: codfatherbravo ($18.74 in chips) 
Seat 6: tintin641 ($101.55 in chips) 
tintin641: posts small blind $0.50
ImaPeppaPig: posts big blind $1
*** HOLE CARDS ***
easy_sarcasm: folds 
CichiChanMarian: folds 
YeeesMan: folds 
codfatherbravo: raises $17.74 to $18.74 and is all-in
tintin641: folds 
ImaPeppaPig: folds 
Uncalled bet ($17.74) returned to codfatherbravo
codfatherbravo collected $2.50 from pot
*** SUMMARY ***
Total pot $2.50 | Rake $0 
Seat 1: ImaPeppaPig (big blind) folded before Flop
Seat 2: easy_sarcasm folded before Flop (didn't bet)
Seat 3: CichiChanMarian folded before Flop (didn't bet)
Seat 4: YeeesMan folded before Flop (didn't bet)
Seat 5: codfatherbravo (button) collected ($2.50)
Seat 6: tintin641 (small blind) folded before Flop



PokerStars Hand #254613004329:  Hold'em No Limit ($0.50/$1.00 USD) - 2025/01/29 21:43:50 WET [2025/01/29 16:43:50 ET]
Table 'Sniadeckia' 6-max Seat #6 is the button
Seat 1: ImaPeppaPig ($139.02 in chips) 
Seat 2: easy_sarcasm ($101.18 in chips) 
Seat 3: CichiChanMarian ($123.50 in chips) 
Seat 4: YeeesMan ($178.48 in chips) 
Seat 5: codfatherbravo ($20.24 in chips) 
Seat 6: tintin641 ($101.05 in chips) 
ImaPeppaPig: posts small blind $0.50
easy_sarcasm: posts big blind $1
*** HOLE CARDS ***
CichiChanMarian: folds 
YeeesMan: folds 
codfatherbravo: calls $1
tintin641: folds 
ImaPeppaPig: raises $5 to $6
easy_sarcasm: folds 
codfatherbravo: folds 
Uncalled bet ($5) returned to ImaPeppaPig
ImaPeppaPig collected $3 from pot
ImaPeppaPig: doesn't show hand 
*** SUMMARY ***
Total pot $3 | Rake $0 
Seat 1: ImaPeppaPig (small blind) collected ($3)
Seat 2: easy_sarcasm (big blind) folded before Flop
Seat 3: CichiChanMarian folded before Flop (didn't bet)
Seat 4: YeeesMan folded before Flop (didn't bet)
Seat 5: codfatherbravo folded before Flop
Seat 6: tintin641 (button) folded before Flop (didn't bet)



PokerStars Hand #254613011235:  Hold'em No Limit ($0.50/$1.00 USD) - 2025/01/29 21:44:15 WET [2025/01/29 16:44:15 ET]
Table 'Sniadeckia' 6-max Seat #1 is the button
Seat 1: ImaPeppaPig ($141.02 in chips) 
Seat 2: easy_sarcasm ($100.18 in chips) 
Seat 3: CichiChanMarian ($123.50 in chips) 
Seat 4: YeeesMan ($178.48 in chips) 
Seat 5: codfatherbravo ($19.24 in chips) 
Seat 6: tintin641 ($101.05 in chips) 
easy_sarcasm: posts small blind $0.50
CichiChanMarian: posts big blind $1
*** HOLE CARDS ***
YeeesMan: folds 
codfatherbravo: raises $18.24 to $19.24 and is all-in
tintin641: folds 
ImaPeppaPig: folds 
easy_sarcasm: folds 
CichiChanMarian: folds 
Uncalled bet ($18.24) returned to codfatherbravo
codfatherbravo collected $2.50 from pot
*** SUMMARY ***
Total pot $2.50 | Rake $0 
Seat 1: ImaPeppaPig (button) folded before Flop (didn't bet)
Seat 2: easy_sarcasm (small blind) folded before Flop
Seat 3: CichiChanMarian (big blind) folded before Flop
Seat 4: YeeesMan folded before Flop (didn't bet)
Seat 5: codfatherbravo collected ($2.50)
Seat 6: tintin641 folded before Flop (didn't bet)



PokerStars Hand #254613018797:  Hold'em No Limit ($0.50/$1.00 USD) - 2025/01/29 21:44:41 WET [2025/01/29 16:44:41 ET]
Table 'Sniadeckia' 6-max Seat #2 is the button
Seat 1: ImaPeppaPig ($141.02 in chips) 
Seat 2: easy_sarcasm ($100 in chips) 
Seat 3: CichiChanMarian ($122.50 in chips) 
Seat 4: YeeesMan ($178.48 in chips) 
Seat 5: codfatherbravo ($20.74 in chips) 
Seat 6: tintin641 ($101.05 in chips) 
CichiChanMarian: posts small blind $0.50
YeeesMan: posts big blind $1
*** HOLE CARDS ***
codfatherbravo: calls $1
tintin641: folds 
ImaPeppaPig: folds 
easy_sarcasm: folds 
CichiChanMarian: folds 
YeeesMan: checks 
*** FLOP *** [7h Qc Kc]
YeeesMan: checks 
codfatherbravo: checks 
*** TURN *** [7h Qc Kc] [Jh]
YeeesMan: checks 
codfatherbravo: checks 
*** RIVER *** [7h Qc Kc Jh] [5h]
YeeesMan: bets $2.38
codfatherbravo: folds 
Uncalled bet ($2.38) returned to YeeesMan
YeeesMan collected $2.38 from pot
YeeesMan: doesn't show hand 
*** SUMMARY ***
Total pot $2.50 | Rake $0.12 
Board [7h Qc Kc Jh 5h]
Seat 1: ImaPeppaPig folded before Flop (didn't bet)
Seat 2: easy_sarcasm (button) folded before Flop (didn't bet)
Seat 3: CichiChanMarian (small blind) folded before Flop
Seat 4: YeeesMan (big blind) collected ($2.38)
Seat 5: codfatherbravo folded on the River
Seat 6: tintin641 folded before Flop (didn't bet)



PokerStars Hand #254613028500:  Hold'em No Limit ($0.50/$1.00 USD) - 2025/01/29 21:45:16 WET [2025/01/29 16:45:16 ET]
Table 'Sniadeckia' 6-max Seat #3 is the button
Seat 1: ImaPeppaPig ($141.02 in chips) 
Seat 2: easy_sarcasm ($100 in chips) 
Seat 3: CichiChanMarian ($122 in chips) 
Seat 4: YeeesMan ($179.86 in chips) 
Seat 5: codfatherbravo ($19.74 in chips) 
Seat 6: tintin641 ($101.05 in chips) 
YeeesMan: posts small blind $0.50
codfatherbravo: posts big blind $1
*** HOLE CARDS ***
tintin641: folds 
ImaPeppaPig: folds 
easy_sarcasm: folds 
CichiChanMarian: folds 
YeeesMan: raises $1 to $2
codfatherbravo: calls $1
*** FLOP *** [Jc 6c 8d]
YeeesMan: checks 
codfatherbravo: checks 
*** TURN *** [Jc 6c 8d] [4c]
YeeesMan: bets $2.85
codfatherbravo: calls $2.85
*** RIVER *** [Jc 6c 8d 4c] [5c]
YeeesMan: bets $15.83
codfatherbravo: calls $14.89 and is all-in
Uncalled bet ($0.94) returned to YeeesMan
*** SHOW DOWN ***
YeeesMan: shows [Jh Ac] (a flush, Ace high)
codfatherbravo: shows [Kd Tc] (a flush, Jack high)
YeeesMan collected $37.51 from pot
*** SUMMARY ***
Total pot $39.48 | Rake $1.97 
Board [Jc 6c 8d 4c 5c]
Seat 1: ImaPeppaPig folded before Flop (didn't bet)
Seat 2: easy_sarcasm folded before Flop (didn't bet)
Seat 3: CichiChanMarian (button) folded before Flop (didn't bet)
Seat 4: YeeesMan (small blind) showed [Jh Ac] and won ($37.51) with a flush, Ace high
Seat 5: codfatherbravo (big blind) showed [Kd Tc] and lost with a flush, Jack high
Seat 6: tintin641 folded before Flop (didn't bet)



PokerStars Hand #254613046643:  Hold'em No Limit ($0.50/$1.00 USD) - 2025/01/29 21:46:20 WET [2025/01/29 16:46:20 ET]
Table 'Sniadeckia' 6-max Seat #4 is the button
Seat 5: codfatherbravo ($0 in chips) is sitting out
Seat 1: ImaPeppaPig ($141.02 in chips) 
Seat 2: easy_sarcasm ($100 in chips) 
Seat 3: CichiChanMarian ($122 in chips) 
Seat 4: YeeesMan ($197.63 in chips) 
Seat 6: tintin641 ($101.05 in chips) 
tintin641: posts small blind $0.50
ImaPeppaPig: posts big blind $1
*** HOLE CARDS ***
easy_sarcasm: raises $2 to $3
codfatherbravo leaves the table
CichiChanMarian: folds 
YeeesMan: folds 
tintin641: folds 
ImaPeppaPig: calls $2
*** FLOP *** [Qh Jh Kh]
ImaPeppaPig: checks 
easy_sarcasm: bets $3.50
ImaPeppaPig: folds 
Uncalled bet ($3.50) returned to easy_sarcasm
easy_sarcasm collected $6.18 from pot
*** SUMMARY ***
Total pot $6.50 | Rake $0.32 
Board [Qh Jh Kh]
Seat 5: codfatherbravo
Seat 1: ImaPeppaPig (big blind) folded on the Flop
Seat 2: easy_sarcasm collected ($6.18)
Seat 3: CichiChanMarian folded before Flop (didn't bet)
Seat 4: YeeesMan (button) folded before Flop (didn't bet)
Seat 6: tintin641 (small blind) folded before Flop



PokerStars Hand #254613056658:  Hold'em No Limit ($0.50/$1.00 USD) - 2025/01/29 21:46:54 WET [2025/01/29 16:46:54 ET]
Table 'Sniadeckia' 6-max Seat #1 is the button
Seat 2: easy_sarcasm ($103.18 in chips) is sitting out
Seat 3: CichiChanMarian ($122 in chips) is sitting out
Seat 4: YeeesMan ($197.63 in chips) is sitting out
Seat 1: ImaPeppaPig ($138.02 in chips) 
Seat 6: tintin641 ($100.55 in chips) 
ImaPeppaPig: posts small blind $0.50
easy_sarcasm: is sitting out 
CichiChanMarian: is sitting out 
YeeesMan: is sitting out 
tintin641: posts big blind $1
*** HOLE CARDS ***
easy_sarcasm leaves the table
ImaPeppaPig: folds 
Uncalled bet ($0.50) returned to tintin641
tintin641 collected $1 from pot
tintin641: doesn't show hand 
CichiChanMarian leaves the table
*** SUMMARY ***
Total pot $1 | Rake $0 
Seat 2: easy_sarcasm
Seat 3: CichiChanMarian
Seat 4: YeeesMan
Seat 1: ImaPeppaPig (button) (small blind) folded before Flop
Seat 6: tintin641 (big blind) collected ($1)



PokerStars Hand #254613058939:  Hold'em No Limit ($0.50/$1.00 USD) - 2025/01/29 21:47:03 WET [2025/01/29 16:47:03 ET]
Table 'Sniadeckia' 6-max Seat #6 is the button
Seat 4: YeeesMan ($197.63 in chips) is sitting out
Seat 1: ImaPeppaPig ($137.52 in chips) 
Seat 6: tintin641 ($101.05 in chips) 
tintin641: posts small blind $0.50
ImaPeppaPig: posts big blind $1
*** HOLE CARDS ***
tintin641: raises $1.50 to $2.50
ImaPeppaPig: folds 
Uncalled bet ($1.50) returned to tintin641
YeeesMan leaves the table
tintin641 collected $2 from pot
tintin641: doesn't show hand 
*** SUMMARY ***
Total pot $2 | Rake $0 
Seat 4: YeeesMan
Seat 1: ImaPeppaPig (big blind) folded before Flop
Seat 6: tintin641 (button) (small blind) collected ($2)



PokerStars Hand #254613061465:  Hold'em No Limit ($0.50/$1.00 USD) - 2025/01/29 21:47:12 WET [2025/01/29 16:47:12 ET]
Table 'Sniadeckia' 6-max Seat #1 is the button
Seat 1: ImaPeppaPig ($136.52 in chips) 
Seat 6: tintin641 ($102.05 in chips) 
ImaPeppaPig: posts small blind $0.50
tintin641: posts big blind $1
*** HOLE CARDS ***
ImaPeppaPig: raises $1.50 to $2.50
tintin641: folds 
Uncalled bet ($1.50) returned to ImaPeppaPig
ImaPeppaPig collected $2 from pot
ImaPeppaPig: doesn't show hand 
*** SUMMARY ***
Total pot $2 | Rake $0 
Seat 1: ImaPeppaPig (button) (small blind) collected ($2)
Seat 6: tintin641 (big blind) folded before Flop



PokerStars Hand #254613065378:  Hold'em No Limit ($0.50/$1.00 USD) - 2025/01/29 21:47:25 WET [2025/01/29 16:47:25 ET]
Table 'Sniadeckia' 6-max Seat #6 is the button
Seat 1: ImaPeppaPig ($137.52 in chips) 
Seat 6: tintin641 ($101.05 in chips) 
tintin641: posts small blind $0.50
ImaPeppaPig: posts big blind $1
*** HOLE CARDS ***
tintin641: raises $1.50 to $2.50
ImaPeppaPig: calls $1.50
*** FLOP *** [Th 3s Kc]
ImaPeppaPig: checks 
tintin641: bets $1.57
ImaPeppaPig: calls $1.57
*** TURN *** [Th 3s Kc] [Ac]
ImaPeppaPig: checks 
tintin641: checks 
*** RIVER *** [Th 3s Kc Ac] [Jh]
ImaPeppaPig: checks 
tintin641: checks 
*** SHOW DOWN ***
ImaPeppaPig: shows [3d Ad] (two pair, Aces and Threes)
tintin641: mucks hand 
ImaPeppaPig collected $7.73 from pot
*** SUMMARY ***
Total pot $8.14 | Rake $0.41 
Board [Th 3s Kc Ac Jh]
Seat 1: ImaPeppaPig (big blind) showed [3d Ad] and won ($7.73) with two pair, Aces and Threes
Seat 6: tintin641 (button) (small blind) mucked



