PokerStars Hand #254611736236:  Hold'em No Limit ($0.50/$1.00 USD) - 2025/01/29 20:29:15 WET [2025/01/29 15:29:15 ET]
Table 'Mattiaca' 6-max Seat #4 is the button
Seat 6: R.M.Farcas ($68.26 in chips) is sitting out
Seat 2: YeeesMan ($100 in chips) 
Seat 4: Nicedaymybro ($100 in chips) 
Nicedaymybro: posts small blind $0.50
YeeesMan: posts big blind $1
*** HOLE CARDS ***
Nicedaymybro: raises $1.50 to $2.50
YeeesMan: folds 
Uncalled bet ($1.50) returned to Nicedaymybro
Nicedaymybro collected $2 from pot
Nicedaymybro: doesn't show hand 
*** SUMMARY ***
Total pot $2 | Rake $0 
Seat 6: R.M.Farcas
Seat 2: YeeesMan (big blind) folded before Flop
Seat 4: Nicedaymybro (button) (small blind) collected ($2)



PokerStars Hand #254611742942:  Hold'em No Limit ($0.50/$1.00 USD) - 2025/01/29 20:29:39 WET [2025/01/29 15:29:39 ET]
Table 'Mattiaca' 6-max Seat #2 is the button
Seat 6: R.M.Farcas ($68.26 in chips) is sitting out
Seat 2: YeeesMan ($100 in chips) 
Seat 4: Nicedaymybro ($101 in chips) 
YeeesMan: posts small blind $0.50
Nicedaymybro: posts big blind $1
*** HOLE CARDS ***
YeeesMan: raises $1.50 to $2.50
Nicedaymybro: raises $7.50 to $10
YeeesMan: folds 
Uncalled bet ($7.50) returned to Nicedaymybro
Nicedaymybro collected $5 from pot
Nicedaymybro: doesn't show hand 
*** SUMMARY ***
Total pot $5 | Rake $0 
Seat 6: R.M.Farcas
Seat 2: YeeesMan (button) (small blind) folded before Flop
Seat 4: Nicedaymybro (big blind) collected ($5)



PokerStars Hand #254611754596:  Hold'em No Limit ($0.50/$1.00 USD) - 2025/01/29 20:30:20 WET [2025/01/29 15:30:20 ET]
Table 'Mattiaca' 6-max Seat #3 is the button
Seat 1: antey89 ($80 in chips) 
Seat 3: Manifestorr ($100 in chips) 
Seat 4: Nicedaymybro ($103.50 in chips) 
Seat 5: franbasualdo10 ($41.40 in chips) 
Seat 6: R.M.Farcas ($68.26 in chips) 
Nicedaymybro: posts small blind $0.50
franbasualdo10: posts big blind $1
*** HOLE CARDS ***
R.M.Farcas: folds 
antey89: folds 
Manifestorr: raises $1.20 to $2.20
Nicedaymybro: folds 
franbasualdo10: folds 
Uncalled bet ($1.20) returned to Manifestorr
Manifestorr collected $2.50 from pot
*** SUMMARY ***
Total pot $2.50 | Rake $0 
Seat 1: antey89 folded before Flop (didn't bet)
Seat 3: Manifestorr (button) collected ($2.50)
Seat 4: Nicedaymybro (small blind) folded before Flop
Seat 5: franbasualdo10 (big blind) folded before Flop
Seat 6: R.M.Farcas folded before Flop (didn't bet)



PokerStars Hand #254611759559:  Hold'em No Limit ($0.50/$1.00 USD) - 2025/01/29 20:30:37 WET [2025/01/29 15:30:37 ET]
Table 'Mattiaca' 6-max Seat #4 is the button
Seat 1: antey89 ($100 in chips) 
Seat 3: Manifestorr ($101.50 in chips) 
Seat 4: Nicedaymybro ($103 in chips) 
Seat 5: franbasualdo10 ($40.40 in chips) 
Seat 6: R.M.Farcas ($68.26 in chips) 
franbasualdo10: posts small blind $0.50
R.M.Farcas: posts big blind $1
*** HOLE CARDS ***
antey89: folds 
Manifestorr: raises $1.20 to $2.20
Nicedaymybro: folds 
franbasualdo10: folds 
R.M.Farcas: folds 
Uncalled bet ($1.20) returned to Manifestorr
Manifestorr collected $2.50 from pot
*** SUMMARY ***
Total pot $2.50 | Rake $0 
Seat 1: antey89 folded before Flop (didn't bet)
Seat 3: Manifestorr collected ($2.50)
Seat 4: Nicedaymybro (button) folded before Flop (didn't bet)
Seat 5: franbasualdo10 (small blind) folded before Flop
Seat 6: R.M.Farcas (big blind) folded before Flop



PokerStars Hand #254611765200:  Hold'em No Limit ($0.50/$1.00 USD) - 2025/01/29 20:30:57 WET [2025/01/29 15:30:57 ET]
Table 'Mattiaca' 6-max Seat #5 is the button
Seat 1: antey89 ($100 in chips) 
Seat 3: Manifestorr ($103 in chips) 
Seat 4: Nicedaymybro ($103 in chips) 
Seat 5: franbasualdo10 ($39.90 in chips) 
Seat 6: R.M.Farcas ($67.26 in chips) 
R.M.Farcas: posts small blind $0.50
antey89: posts big blind $1
*** HOLE CARDS ***
Manifestorr: folds 
Nicedaymybro: folds 
2g00d4youu joins the table at seat #2 
franbasualdo10: folds 
R.M.Farcas: raises $2 to $3
antey89: calls $2
*** FLOP *** [6h 3d 6s]
R.M.Farcas: bets $4.28
antey89: raises $5.22 to $9.50
R.M.Farcas: raises $18.53 to $28.03
antey89: folds 
Uncalled bet ($18.53) returned to R.M.Farcas
R.M.Farcas collected $23.75 from pot
R.M.Farcas: doesn't show hand 
*** SUMMARY ***
Total pot $25 | Rake $1.25 
Board [6h 3d 6s]
Seat 1: antey89 (big blind) folded on the Flop
Seat 3: Manifestorr folded before Flop (didn't bet)
Seat 4: Nicedaymybro folded before Flop (didn't bet)
Seat 5: franbasualdo10 (button) folded before Flop (didn't bet)
Seat 6: R.M.Farcas (small blind) collected ($23.75)



PokerStars Hand #254611791205:  Hold'em No Limit ($0.50/$1.00 USD) - 2025/01/29 20:32:27 WET [2025/01/29 15:32:27 ET]
Table 'Mattiaca' 6-max Seat #6 is the button
Seat 1: antey89 ($100 in chips) 
Seat 2: 2g00d4youu ($100 in chips) 
Seat 3: Manifestorr ($103 in chips) 
Seat 4: Nicedaymybro ($103 in chips) 
Seat 5: franbasualdo10 ($39.90 in chips) 
Seat 6: R.M.Farcas ($78.51 in chips) 
antey89: posts small blind $0.50
2g00d4youu: posts big blind $1
*** HOLE CARDS ***
Manifestorr: raises $1.20 to $2.20
Nicedaymybro: folds 
franbasualdo10: calls $2.20
R.M.Farcas: folds 
antey89: folds 
2g00d4youu: folds 
*** FLOP *** [9s Qs 2s]
Manifestorr: checks 
franbasualdo10: checks 
*** TURN *** [9s Qs 2s] [Ac]
Manifestorr: checks 
franbasualdo10: checks 
*** RIVER *** [9s Qs 2s Ac] [Qc]
Manifestorr: checks 
franbasualdo10: checks 
*** SHOW DOWN ***
Manifestorr: shows [5d 5h] (two pair, Queens and Fives)
franbasualdo10: shows [Ad 3h] (two pair, Aces and Queens)
franbasualdo10 collected $5.60 from pot
*** SUMMARY ***
Total pot $5.90 | Rake $0.30 
Board [9s Qs 2s Ac Qc]
Seat 1: antey89 (small blind) folded before Flop
Seat 2: 2g00d4youu (big blind) folded before Flop
Seat 3: Manifestorr showed [5d 5h] and lost with two pair, Queens and Fives
Seat 4: Nicedaymybro folded before Flop (didn't bet)
Seat 5: franbasualdo10 showed [Ad 3h] and won ($5.60) with two pair, Aces and Queens
Seat 6: R.M.Farcas (button) folded before Flop (didn't bet)



PokerStars Hand #254611803283:  Hold'em No Limit ($0.50/$1.00 USD) - 2025/01/29 20:33:09 WET [2025/01/29 15:33:09 ET]
Table 'Mattiaca' 6-max Seat #1 is the button
Seat 3: Manifestorr ($100.80 in chips) is sitting out
Seat 1: antey89 ($100 in chips) 
Seat 2: 2g00d4youu ($100 in chips) 
Seat 4: Nicedaymybro ($103 in chips) 
Seat 5: franbasualdo10 ($43.30 in chips) 
Seat 6: R.M.Farcas ($78.51 in chips) 
2g00d4youu: posts small blind $0.50
Manifestorr: is sitting out 
Nicedaymybro: posts big blind $1
*** HOLE CARDS ***
Manifestorr leaves the table
franbasualdo10: raises $1 to $2
R.M.Farcas: folds 
antey89: folds 
2g00d4youu: folds 
Nicedaymybro: folds 
Uncalled bet ($1) returned to franbasualdo10
franbasualdo10 collected $2.50 from pot
*** SUMMARY ***
Total pot $2.50 | Rake $0 
Seat 3: Manifestorr
Seat 1: antey89 (button) folded before Flop (didn't bet)
Seat 2: 2g00d4youu (small blind) folded before Flop
Seat 4: Nicedaymybro (big blind) folded before Flop
Seat 5: franbasualdo10 collected ($2.50)
Seat 6: R.M.Farcas folded before Flop (didn't bet)



PokerStars Hand #254611807206:  Hold'em No Limit ($0.50/$1.00 USD) - 2025/01/29 20:33:22 WET [2025/01/29 15:33:22 ET]
Table 'Mattiaca' 6-max Seat #2 is the button
Seat 1: antey89 ($100 in chips) 
Seat 2: 2g00d4youu ($100 in chips) 
Seat 4: Nicedaymybro ($102 in chips) 
Seat 5: franbasualdo10 ($44.80 in chips) 
Seat 6: R.M.Farcas ($78.51 in chips) 
Nicedaymybro: posts small blind $0.50
franbasualdo10: posts big blind $1
*** HOLE CARDS ***
R.M.Farcas: folds 
BGS013 joins the table at seat #3 
antey89: raises $1.50 to $2.50
2g00d4youu: folds 
Nicedaymybro: folds 
franbasualdo10: folds 
Uncalled bet ($1.50) returned to antey89
antey89 collected $2.50 from pot
antey89: doesn't show hand 
*** SUMMARY ***
Total pot $2.50 | Rake $0 
Seat 1: antey89 collected ($2.50)
Seat 2: 2g00d4youu (button) folded before Flop (didn't bet)
Seat 4: Nicedaymybro (small blind) folded before Flop
Seat 5: franbasualdo10 (big blind) folded before Flop
Seat 6: R.M.Farcas folded before Flop (didn't bet)



PokerStars Hand #254611814069:  Hold'em No Limit ($0.50/$1.00 USD) - 2025/01/29 20:33:46 WET [2025/01/29 15:33:46 ET]
Table 'Mattiaca' 6-max Seat #4 is the button
Seat 3: BGS013 ($100 in chips) is sitting out
Seat 1: antey89 ($101.50 in chips) 
Seat 2: 2g00d4youu ($100 in chips) 
Seat 4: Nicedaymybro ($101.50 in chips) 
Seat 5: franbasualdo10 ($43.80 in chips) 
Seat 6: R.M.Farcas ($78.51 in chips) 
franbasualdo10: posts small blind $0.50
R.M.Farcas: posts big blind $1
BGS013: sits out 
*** HOLE CARDS ***
antey89: folds 
2g00d4youu: raises $1.50 to $2.50
Nicedaymybro: folds 
franbasualdo10: folds 
R.M.Farcas: folds 
Uncalled bet ($1.50) returned to 2g00d4youu
2g00d4youu collected $2.50 from pot
2g00d4youu: doesn't show hand 
*** SUMMARY ***
Total pot $2.50 | Rake $0 
Seat 3: BGS013
Seat 1: antey89 folded before Flop (didn't bet)
Seat 2: 2g00d4youu collected ($2.50)
Seat 4: Nicedaymybro (button) folded before Flop (didn't bet)
Seat 5: franbasualdo10 (small blind) folded before Flop
Seat 6: R.M.Farcas (big blind) folded before Flop



PokerStars Hand #254611818096:  Hold'em No Limit ($0.50/$1.00 USD) - 2025/01/29 20:34:01 WET [2025/01/29 15:34:01 ET]
Table 'Mattiaca' 6-max Seat #5 is the button
Seat 3: BGS013 ($100 in chips) is sitting out
Seat 1: antey89 ($101.50 in chips) 
Seat 2: 2g00d4youu ($101.50 in chips) 
Seat 4: Nicedaymybro ($101.50 in chips) 
Seat 5: franbasualdo10 ($43.30 in chips) 
Seat 6: R.M.Farcas ($77.51 in chips) 
R.M.Farcas: posts small blind $0.50
antey89: posts big blind $1
BGS013: sits out 
*** HOLE CARDS ***
2g00d4youu: folds 
Nicedaymybro: folds 
franbasualdo10: calls $1
R.M.Farcas: folds 
antey89: checks 
*** FLOP *** [Ts 3d 2s]
antey89: bets $1.79
franbasualdo10: calls $1.79
*** TURN *** [Ts 3d 2s] [8c]
antey89: checks 
franbasualdo10: checks 
*** RIVER *** [Ts 3d 2s 8c] [2h]
antey89: checks 
franbasualdo10: checks 
*** SHOW DOWN ***
antey89: shows [6c 3h] (two pair, Threes and Deuces)
franbasualdo10: mucks hand 
antey89 collected $5.78 from pot
*** SUMMARY ***
Total pot $6.08 | Rake $0.30 
Board [Ts 3d 2s 8c 2h]
Seat 3: BGS013
Seat 1: antey89 (big blind) showed [6c 3h] and won ($5.78) with two pair, Threes and Deuces
Seat 2: 2g00d4youu folded before Flop (didn't bet)
Seat 4: Nicedaymybro folded before Flop (didn't bet)
Seat 5: franbasualdo10 (button) mucked
Seat 6: R.M.Farcas (small blind) folded before Flop



PokerStars Hand #254611834687:  Hold'em No Limit ($0.50/$1.00 USD) - 2025/01/29 20:34:58 WET [2025/01/29 15:34:58 ET]
Table 'Mattiaca' 6-max Seat #6 is the button
Seat 3: BGS013 ($100 in chips) is sitting out
Seat 1: antey89 ($104.49 in chips) 
Seat 2: 2g00d4youu ($101.50 in chips) 
Seat 4: Nicedaymybro ($101.50 in chips) 
Seat 5: franbasualdo10 ($40.51 in chips) 
Seat 6: R.M.Farcas ($77.01 in chips) 
antey89: posts small blind $0.50
2g00d4youu: posts big blind $1
BGS013: sits out 
*** HOLE CARDS ***
Nicedaymybro: folds 
franbasualdo10: folds 
R.M.Farcas: folds 
antey89: raises $1.60 to $2.60
2g00d4youu: calls $1.60
*** FLOP *** [2s 6c 3d]
antey89: checks 
2g00d4youu: bets $1.98
antey89: folds 
Uncalled bet ($1.98) returned to 2g00d4youu
2g00d4youu collected $4.94 from pot
2g00d4youu: doesn't show hand 
*** SUMMARY ***
Total pot $5.20 | Rake $0.26 
Board [2s 6c 3d]
Seat 3: BGS013
Seat 1: antey89 (small blind) folded on the Flop
Seat 2: 2g00d4youu (big blind) collected ($4.94)
Seat 4: Nicedaymybro folded before Flop (didn't bet)
Seat 5: franbasualdo10 folded before Flop (didn't bet)
Seat 6: R.M.Farcas (button) folded before Flop (didn't bet)



PokerStars Hand #254611851322:  Hold'em No Limit ($0.50/$1.00 USD) - 2025/01/29 20:35:56 WET [2025/01/29 15:35:56 ET]
Table 'Mattiaca' 6-max Seat #1 is the button
Seat 1: antey89 ($101.89 in chips) 
Seat 2: 2g00d4youu ($103.84 in chips) 
Seat 3: BGS013 ($100 in chips) 
Seat 4: Nicedaymybro ($101.50 in chips) 
Seat 5: franbasualdo10 ($40.51 in chips) 
Seat 6: R.M.Farcas ($77.01 in chips) 
2g00d4youu: posts small blind $0.50
BGS013: posts big blind $1
*** HOLE CARDS ***
Nicedaymybro: folds 
franbasualdo10: folds 
R.M.Farcas: folds 
antey89: folds 
2g00d4youu: raises $2 to $3
BGS013: raises $6.50 to $9.50
2g00d4youu: folds 
Uncalled bet ($6.50) returned to BGS013
BGS013 collected $6 from pot
BGS013: doesn't show hand 
*** SUMMARY ***
Total pot $6 | Rake $0 
Seat 1: antey89 (button) folded before Flop (didn't bet)
Seat 2: 2g00d4youu (small blind) folded before Flop
Seat 3: BGS013 (big blind) collected ($6)
Seat 4: Nicedaymybro folded before Flop (didn't bet)
Seat 5: franbasualdo10 folded before Flop (didn't bet)
Seat 6: R.M.Farcas folded before Flop (didn't bet)



PokerStars Hand #254611859757:  Hold'em No Limit ($0.50/$1.00 USD) - 2025/01/29 20:36:25 WET [2025/01/29 15:36:25 ET]
Table 'Mattiaca' 6-max Seat #2 is the button
Seat 4: Nicedaymybro ($101.50 in chips) is sitting out
Seat 1: antey89 ($101.89 in chips) 
Seat 2: 2g00d4youu ($100.84 in chips) 
Seat 3: BGS013 ($103 in chips) 
Seat 5: franbasualdo10 ($40.51 in chips) 
Seat 6: R.M.Farcas ($77.01 in chips) 
BGS013: posts small blind $0.50
Nicedaymybro: is sitting out 
franbasualdo10: posts big blind $1
*** HOLE CARDS ***
Nicedaymybro leaves the table
R.M.Farcas: raises $1.50 to $2.50
kvcsszblcs joins the table at seat #4 
antey89: raises $5.50 to $8
2g00d4youu: folds 
BGS013: folds 
franbasualdo10: folds 
R.M.Farcas: calls $5.50
*** FLOP *** [3h 4c 4d]
R.M.Farcas: checks 
antey89: checks 
*** TURN *** [3h 4c 4d] [Jd]
R.M.Farcas: checks 
antey89: bets $9.50
R.M.Farcas: folds 
Uncalled bet ($9.50) returned to antey89
antey89 collected $16.62 from pot
antey89: doesn't show hand 
*** SUMMARY ***
Total pot $17.50 | Rake $0.88 
Board [3h 4c 4d Jd]
Seat 4: Nicedaymybro
Seat 1: antey89 collected ($16.62)
Seat 2: 2g00d4youu (button) folded before Flop (didn't bet)
Seat 3: BGS013 (small blind) folded before Flop
Seat 5: franbasualdo10 (big blind) folded before Flop
Seat 6: R.M.Farcas folded on the Turn



