PokerStars Hand #254602741141:  Hold'em No Limit ($0.50/$1.00 USD) - 2025/01/29 4:48:26 WET [2025/01/28 23:48:26 ET]
Table 'Alioth' 6-max Seat #1 is the button
Seat 1: XneferX ($100 in chips) 
Seat 2: 7bekon7 ($100 in chips) 
Seat 3: garrettmoose ($68.23 in chips) 
Seat 4: nastja336 ($100 in chips) 
Seat 5: reeqar ($100 in chips) 
Seat 6: Manifestorr ($100 in chips) 
7bekon7: posts small blind $0.50
garrettmoose: posts big blind $1
*** HOLE CARDS ***
nastja336: folds 
reeqar: folds 
Manifestorr: raises $1.20 to $2.20
XneferX: folds 
7bekon7: folds 
garrettmoose: calls $1.20
*** FLOP *** [7d Ad Js]
garrettmoose: checks 
Manifestorr: bets $6.29
garrettmoose: folds 
Uncalled bet ($6.29) returned to Manifestorr
Manifestorr collected $4.66 from pot
*** SUMMARY ***
Total pot $4.90 | Rake $0.24 
Board [7d Ad Js]
Seat 1: XneferX (button) folded before Flop (didn't bet)
Seat 2: 7bekon7 (small blind) folded before Flop
Seat 3: garrettmoose (big blind) folded on the Flop
Seat 4: nastja336 folded before Flop (didn't bet)
Seat 5: reeqar folded before Flop (didn't bet)
Seat 6: Manifestorr collected ($4.66)



PokerStars Hand #254602743683:  Hold'em No Limit ($0.50/$1.00 USD) - 2025/01/29 4:48:54 WET [2025/01/28 23:48:54 ET]
Table 'Alioth' 6-max Seat #2 is the button
Seat 1: XneferX ($100 in chips) 
Seat 2: 7bekon7 ($100 in chips) 
Seat 3: garrettmoose ($66.03 in chips) 
Seat 4: nastja336 ($100 in chips) 
Seat 5: reeqar ($100 in chips) 
Seat 6: Manifestorr ($102.46 in chips) 
garrettmoose: posts small blind $0.50
nastja336: posts big blind $1
*** HOLE CARDS ***
reeqar: folds 
Manifestorr: raises $1.20 to $2.20
XneferX: raises $4.80 to $7
7bekon7: folds 
garrettmoose: calls $6.50
nastja336: folds 
Manifestorr: calls $4.80
*** FLOP *** [6c 7c 9d]
garrettmoose: bets $59.03 and is all-in
Manifestorr: folds 
XneferX: calls $59.03
*** TURN *** [6c 7c 9d] [Jc]
*** RIVER *** [6c 7c 9d Jc] [Qc]
*** SHOW DOWN ***
garrettmoose: shows [Ad 3d] (high card Ace)
XneferX: shows [Kh Kc] (a flush, King high)
XneferX cashed out the hand for $109.20 | Cash Out Fee $2.23
*** SUMMARY ***
Total pot $140.06 | Rake $2.50 
Board [6c 7c 9d Jc Qc]
Seat 1: XneferX showed [Kh Kc] and won ($137.56) with a flush, King high (pot not awarded as player cashed out)
Seat 2: 7bekon7 (button) folded before Flop (didn't bet)
Seat 3: garrettmoose (small blind) showed [Ad 3d] and lost with high card Ace
Seat 4: nastja336 (big blind) folded before Flop
Seat 5: reeqar folded before Flop (didn't bet)
Seat 6: Manifestorr folded on the Flop



PokerStars Hand #254602748954:  Hold'em No Limit ($0.50/$1.00 USD) - 2025/01/29 4:49:51 WET [2025/01/28 23:49:51 ET]
Table 'Alioth' 6-max Seat #4 is the button
Seat 3: garrettmoose ($0 in chips) is sitting out
Seat 1: XneferX ($143.17 in chips) 
Seat 2: 7bekon7 ($100 in chips) 
Seat 4: nastja336 ($100 in chips) 
Seat 5: reeqar ($100 in chips) 
Seat 6: Manifestorr ($100 in chips) 
reeqar: posts small blind $0.50
Manifestorr: posts big blind $1
*** HOLE CARDS ***
XneferX: folds 
7bekon7: folds 
nastja336: folds 
reeqar: raises $2 to $3
Manifestorr: folds 
Uncalled bet ($2) returned to reeqar
reeqar collected $2 from pot
reeqar: doesn't show hand 
*** SUMMARY ***
Total pot $2 | Rake $0 
Seat 3: garrettmoose
Seat 1: XneferX folded before Flop (didn't bet)
Seat 2: 7bekon7 folded before Flop (didn't bet)
Seat 4: nastja336 (button) folded before Flop (didn't bet)
Seat 5: reeqar (small blind) collected ($2)
Seat 6: Manifestorr (big blind) folded before Flop



PokerStars Hand #254602750703:  Hold'em No Limit ($0.50/$1.00 USD) - 2025/01/29 4:50:10 WET [2025/01/28 23:50:10 ET]
Table 'Alioth' 6-max Seat #5 is the button
Seat 3: garrettmoose ($0 in chips) is sitting out
Seat 1: XneferX ($143.17 in chips) 
Seat 2: 7bekon7 ($100 in chips) 
Seat 4: nastja336 ($100 in chips) 
Seat 5: reeqar ($101 in chips) 
Seat 6: Manifestorr ($100 in chips) 
Manifestorr: posts small blind $0.50
XneferX: posts big blind $1
*** HOLE CARDS ***
7bekon7: folds 
nastja336: folds 
garrettmoose is disconnected 
reeqar: raises $1.50 to $2.50
Manifestorr: folds 
XneferX: folds 
Uncalled bet ($1.50) returned to reeqar
reeqar collected $2.50 from pot
reeqar: doesn't show hand 
*** SUMMARY ***
Total pot $2.50 | Rake $0 
Seat 3: garrettmoose
Seat 1: XneferX (big blind) folded before Flop
Seat 2: 7bekon7 folded before Flop (didn't bet)
Seat 4: nastja336 folded before Flop (didn't bet)
Seat 5: reeqar (button) collected ($2.50)
Seat 6: Manifestorr (small blind) folded before Flop



PokerStars Hand #254602752406:  Hold'em No Limit ($0.50/$1.00 USD) - 2025/01/29 4:50:29 WET [2025/01/28 23:50:29 ET]
Table 'Alioth' 6-max Seat #6 is the button
Seat 3: garrettmoose ($0 in chips) is sitting out
Seat 1: XneferX ($142.17 in chips) 
Seat 2: 7bekon7 ($100 in chips) 
Seat 4: nastja336 ($100 in chips) 
Seat 5: reeqar ($102.50 in chips) 
Seat 6: Manifestorr ($100 in chips) 
XneferX: posts small blind $0.50
7bekon7: posts big blind $1
*** HOLE CARDS ***
nastja336: folds 
reeqar: folds 
Manifestorr: folds 
XneferX: folds 
Uncalled bet ($0.50) returned to 7bekon7
7bekon7 collected $1 from pot
7bekon7: doesn't show hand 
*** SUMMARY ***
Total pot $1 | Rake $0 
Seat 3: garrettmoose
Seat 1: XneferX (small blind) folded before Flop
Seat 2: 7bekon7 (big blind) collected ($1)
Seat 4: nastja336 folded before Flop (didn't bet)
Seat 5: reeqar folded before Flop (didn't bet)
Seat 6: Manifestorr (button) folded before Flop (didn't bet)



PokerStars Hand #254602753620:  Hold'em No Limit ($0.50/$1.00 USD) - 2025/01/29 4:50:43 WET [2025/01/28 23:50:43 ET]
Table 'Alioth' 6-max Seat #1 is the button
Seat 3: garrettmoose ($0 in chips) is sitting out
Seat 1: XneferX ($141.67 in chips) 
Seat 2: 7bekon7 ($100.50 in chips) 
Seat 4: nastja336 ($100 in chips) 
Seat 5: reeqar ($102.50 in chips) 
Seat 6: Manifestorr ($100 in chips) 
7bekon7: posts small blind $0.50
nastja336: posts big blind $1
*** HOLE CARDS ***
reeqar: folds 
Manifestorr: folds 
XneferX: folds 
7bekon7: raises $2 to $3
nastja336: folds 
Uncalled bet ($2) returned to 7bekon7
7bekon7 collected $2 from pot
7bekon7: doesn't show hand 
*** SUMMARY ***
Total pot $2 | Rake $0 
Seat 3: garrettmoose
Seat 1: XneferX (button) folded before Flop (didn't bet)
Seat 2: 7bekon7 (small blind) collected ($2)
Seat 4: nastja336 (big blind) folded before Flop
Seat 5: reeqar folded before Flop (didn't bet)
Seat 6: Manifestorr folded before Flop (didn't bet)



PokerStars Hand #254602756427:  Hold'em No Limit ($0.50/$1.00 USD) - 2025/01/29 4:51:15 WET [2025/01/28 23:51:15 ET]
Table 'Alioth' 6-max Seat #2 is the button
Seat 3: garrettmoose ($0 in chips) is sitting out
Seat 1: XneferX ($141.67 in chips) 
Seat 2: 7bekon7 ($101.50 in chips) 
Seat 4: nastja336 ($100 in chips) 
Seat 5: reeqar ($102.50 in chips) 
Seat 6: Manifestorr ($100 in chips) 
nastja336: posts small blind $0.50
reeqar: posts big blind $1
*** HOLE CARDS ***
Manifestorr: folds 
XneferX: folds 
7bekon7: raises $1.25 to $2.25
nastja336: folds 
reeqar: calls $1.25
*** FLOP *** [9c 9d Kc]
reeqar: checks 
7bekon7: checks 
*** TURN *** [9c 9d Kc] [2c]
reeqar: bets $3.14
garrettmoose is disconnected 
7bekon7: folds 
Uncalled bet ($3.14) returned to reeqar
reeqar collected $4.75 from pot
reeqar: doesn't show hand 
*** SUMMARY ***
Total pot $5 | Rake $0.25 
Board [9c 9d Kc 2c]
Seat 3: garrettmoose
Seat 1: XneferX folded before Flop (didn't bet)
Seat 2: 7bekon7 (button) folded on the Turn
Seat 4: nastja336 (small blind) folded before Flop
Seat 5: reeqar (big blind) collected ($4.75)
Seat 6: Manifestorr folded before Flop (didn't bet)



PokerStars Hand #254602761938:  Hold'em No Limit ($0.50/$1.00 USD) - 2025/01/29 4:52:16 WET [2025/01/28 23:52:16 ET]
Table 'Alioth' 6-max Seat #4 is the button
Seat 3: garrettmoose ($0 in chips) is sitting out
Seat 1: XneferX ($141.67 in chips) 
Seat 2: 7bekon7 ($100 in chips) 
Seat 4: nastja336 ($100 in chips) 
Seat 5: reeqar ($105 in chips) 
Seat 6: Manifestorr ($100 in chips) 
reeqar: posts small blind $0.50
Manifestorr: posts big blind $1
*** HOLE CARDS ***
XneferX: folds 
7bekon7: folds 
nastja336: folds 
garrettmoose leaves the table
reeqar: folds 
Uncalled bet ($0.50) returned to Manifestorr
Manifestorr collected $1 from pot
*** SUMMARY ***
Total pot $1 | Rake $0 
Seat 3: garrettmoose
Seat 1: XneferX folded before Flop (didn't bet)
Seat 2: 7bekon7 folded before Flop (didn't bet)
Seat 4: nastja336 (button) folded before Flop (didn't bet)
Seat 5: reeqar (small blind) folded before Flop
Seat 6: Manifestorr (big blind) collected ($1)



PokerStars Hand #254602763413:  Hold'em No Limit ($0.50/$1.00 USD) - 2025/01/29 4:52:32 WET [2025/01/28 23:52:32 ET]
Table 'Alioth' 6-max Seat #6 is the button
Seat 1: XneferX ($141.67 in chips) is sitting out
Seat 2: 7bekon7 ($100 in chips) is sitting out
Seat 4: nastja336 ($100 in chips) is sitting out
Seat 5: reeqar ($104.50 in chips) 
Seat 6: Manifestorr ($100.50 in chips) 
Manifestorr: posts small blind $0.50
XneferX: is sitting out 
7bekon7: is sitting out 
nastja336: is sitting out 
reeqar: posts big blind $1
*** HOLE CARDS ***
nastja336 leaves the table
7bekon7 leaves the table
Manifestorr: raises $1 to $2
reeqar: folds 
Uncalled bet ($1) returned to Manifestorr
Manifestorr collected $2 from pot
XneferX leaves the table
*** SUMMARY ***
Total pot $2 | Rake $0 
Seat 1: XneferX
Seat 2: 7bekon7
Seat 4: nastja336
Seat 5: reeqar (big blind) folded before Flop
Seat 6: Manifestorr (button) (small blind) collected ($2)



PokerStars Hand #254602764357:  Hold'em No Limit ($0.50/$1.00 USD) - 2025/01/29 4:52:43 WET [2025/01/28 23:52:43 ET]
Table 'Alioth' 6-max Seat #5 is the button
Seat 5: reeqar ($103.50 in chips) 
Seat 6: Manifestorr ($101.50 in chips) 
reeqar: posts small blind $0.50
Manifestorr: posts big blind $1
*** HOLE CARDS ***
reeqar: raises $1.50 to $2.50
Manifestorr: calls $1.50
*** FLOP *** [Ac 8h 6d]
Manifestorr: checks 
reeqar: bets $1.57
Manifestorr: folds 
Uncalled bet ($1.57) returned to reeqar
reeqar collected $4.75 from pot
reeqar: doesn't show hand 
*** SUMMARY ***
Total pot $5 | Rake $0.25 
Board [Ac 8h 6d]
Seat 5: reeqar (button) (small blind) collected ($4.75)
Seat 6: Manifestorr (big blind) folded on the Flop



PokerStars Hand #254602814840:  Hold'em No Limit ($0.50/$1.00 USD) - 2025/01/29 5:03:26 WET [2025/01/29 0:03:26 ET]
Table 'Alioth' 6-max Seat #6 is the button
Seat 3: XneferX ($141.67 in chips) 
Seat 6: AlexEliseev7 ($100 in chips) 
AlexEliseev7: posts small blind $0.50
XneferX: posts big blind $1
*** HOLE CARDS ***
AlexEliseev7: raises $1.50 to $2.50
XneferX: calls $1.50
*** FLOP *** [5s 7d 9s]
XneferX: checks 
AlexEliseev7: bets $2.33
XneferX: folds 
Uncalled bet ($2.33) returned to AlexEliseev7
AlexEliseev7 collected $4.75 from pot
AlexEliseev7: doesn't show hand 
*** SUMMARY ***
Total pot $5 | Rake $0.25 
Board [5s 7d 9s]
Seat 3: XneferX (big blind) folded on the Flop
Seat 6: AlexEliseev7 (button) (small blind) collected ($4.75)



PokerStars Hand #254602817123:  Hold'em No Limit ($0.50/$1.00 USD) - 2025/01/29 5:03:54 WET [2025/01/29 0:03:54 ET]
Table 'Alioth' 6-max Seat #3 is the button
Seat 3: XneferX ($139.17 in chips) 
Seat 6: AlexEliseev7 ($102.25 in chips) 
XneferX: posts small blind $0.50
AlexEliseev7: posts big blind $1
*** HOLE CARDS ***
XneferX: folds 
Uncalled bet ($0.50) returned to AlexEliseev7
AlexEliseev7 collected $1 from pot
AlexEliseev7: doesn't show hand 
*** SUMMARY ***
Total pot $1 | Rake $0 
Seat 3: XneferX (button) (small blind) folded before Flop
Seat 6: AlexEliseev7 (big blind) collected ($1)



