PokerStars Hand #254606900602:  Hold'em No Limit ($0.50/$1.00 USD) - 2025/01/29 15:03:09 WET [2025/01/29 10:03:09 ET]
Table 'Mentor' 6-max Seat #3 is the button
Seat 1: easy_sarcasm ($100 in chips) 
Seat 2: vadjkeee ($100 in chips) 
Seat 3: Pon4uk.ua ($100 in chips) 
Seat 4: tintin641 ($100.50 in chips) 
Seat 5: Trojanovich ($100 in chips) 
Seat 6: Rosebalo ($104.96 in chips) 
tintin641: posts small blind $0.50
Trojanovich: posts big blind $1
*** HOLE CARDS ***
Rosebalo: raises $1 to $2
easy_sarcasm: calls $2
vadjkeee: folds 
Pon4uk.ua: folds 
tintin641: folds 
Trojanovich: folds 
*** FLOP *** [6c 6d 2s]
Rosebalo: checks 
easy_sarcasm: bets $2
Rosebalo: calls $2
*** TURN *** [6c 6d 2s] [Ts]
Rosebalo: checks 
easy_sarcasm: bets $7.50
Rosebalo: folds 
Uncalled bet ($7.50) returned to easy_sarcasm
easy_sarcasm collected $9.02 from pot
*** SUMMARY ***
Total pot $9.50 | Rake $0.48 
Board [6c 6d 2s Ts]
Seat 1: easy_sarcasm collected ($9.02)
Seat 2: vadjkeee folded before Flop (didn't bet)
Seat 3: Pon4uk.ua (button) folded before Flop (didn't bet)
Seat 4: tintin641 (small blind) folded before Flop
Seat 5: Trojanovich (big blind) folded before Flop
Seat 6: Rosebalo folded on the Turn



PokerStars Hand #254606907157:  Hold'em No Limit ($0.50/$1.00 USD) - 2025/01/29 15:03:44 WET [2025/01/29 10:03:44 ET]
Table 'Mentor' 6-max Seat #4 is the button
Seat 1: easy_sarcasm ($105.02 in chips) 
Seat 2: vadjkeee ($100 in chips) 
Seat 3: Pon4uk.ua ($100 in chips) 
Seat 4: tintin641 ($100 in chips) 
Seat 5: Trojanovich ($100 in chips) 
Seat 6: Rosebalo ($100.96 in chips) 
Trojanovich: posts small blind $0.50
Rosebalo: posts big blind $1
*** HOLE CARDS ***
easy_sarcasm: folds 
vadjkeee: folds 
Pon4uk.ua: folds 
vadjkeee leaves the table
tintin641: folds 
Trojanovich: raises $2 to $3
Rosebalo: calls $2
*** FLOP *** [Qc Qh 5s]
RAidakCo joins the table at seat #2 
Trojanovich: bets $1.88
Rosebalo: calls $1.88
*** TURN *** [Qc Qh 5s] [Th]
Trojanovich: bets $6.95
Rosebalo: calls $6.95
*** RIVER *** [Qc Qh 5s Th] [Ac]
Trojanovich: bets $33.72
Rosebalo: calls $33.72
*** SHOW DOWN ***
Trojanovich: shows [9d 7d] (a pair of Queens)
Rosebalo: shows [5c As] (two pair, Aces and Queens)
Rosebalo collected $88.60 from pot
*** SUMMARY ***
Total pot $91.10 | Rake $2.50 
Board [Qc Qh 5s Th Ac]
Seat 1: easy_sarcasm folded before Flop (didn't bet)
Seat 2: vadjkeee folded before Flop (didn't bet)
Seat 3: Pon4uk.ua folded before Flop (didn't bet)
Seat 4: tintin641 (button) folded before Flop (didn't bet)
Seat 5: Trojanovich (small blind) showed [9d 7d] and lost with a pair of Queens
Seat 6: Rosebalo (big blind) showed [5c As] and won ($88.60) with two pair, Aces and Queens



PokerStars Hand #254606924801:  Hold'em No Limit ($0.50/$1.00 USD) - 2025/01/29 15:05:16 WET [2025/01/29 10:05:16 ET]
Table 'Mentor' 6-max Seat #5 is the button
Seat 2: RAidakCo ($100 in chips) is sitting out
Seat 1: easy_sarcasm ($105.02 in chips) 
Seat 3: Pon4uk.ua ($100 in chips) 
Seat 4: tintin641 ($100 in chips) 
Seat 5: Trojanovich ($100 in chips) 
Seat 6: Rosebalo ($144.01 in chips) 
Rosebalo: posts small blind $0.50
easy_sarcasm: posts big blind $1
RAidakCo: sits out 
*** HOLE CARDS ***
Pon4uk.ua: folds 
tintin641: folds 
Trojanovich: folds 
Rosebalo: folds 
Uncalled bet ($0.50) returned to easy_sarcasm
easy_sarcasm collected $1 from pot
*** SUMMARY ***
Total pot $1 | Rake $0 
Seat 2: RAidakCo
Seat 1: easy_sarcasm (big blind) collected ($1)
Seat 3: Pon4uk.ua folded before Flop (didn't bet)
Seat 4: tintin641 folded before Flop (didn't bet)
Seat 5: Trojanovich (button) folded before Flop (didn't bet)
Seat 6: Rosebalo (small blind) folded before Flop



PokerStars Hand #254606930137:  Hold'em No Limit ($0.50/$1.00 USD) - 2025/01/29 15:05:43 WET [2025/01/29 10:05:43 ET]
Table 'Mentor' 6-max Seat #6 is the button
Seat 1: easy_sarcasm ($105.52 in chips) 
Seat 2: RAidakCo ($100 in chips) 
Seat 3: Pon4uk.ua ($100 in chips) 
Seat 4: tintin641 ($100 in chips) 
Seat 5: Trojanovich ($100 in chips) 
Seat 6: Rosebalo ($143.51 in chips) 
easy_sarcasm: posts small blind $0.50
RAidakCo: posts big blind $1
*** HOLE CARDS ***
Pon4uk.ua: folds 
tintin641: folds 
Trojanovich: folds 
Rosebalo: raises $2.50 to $3.50
easy_sarcasm: folds 
RAidakCo: folds 
Uncalled bet ($2.50) returned to Rosebalo
RAidakCo leaves the table
Rosebalo collected $2.50 from pot
*** SUMMARY ***
Total pot $2.50 | Rake $0 
Seat 1: easy_sarcasm (small blind) folded before Flop
Seat 2: RAidakCo (big blind) folded before Flop
Seat 3: Pon4uk.ua folded before Flop (didn't bet)
Seat 4: tintin641 folded before Flop (didn't bet)
Seat 5: Trojanovich folded before Flop (didn't bet)
Seat 6: Rosebalo (button) collected ($2.50)



PokerStars Hand #254606936455:  Hold'em No Limit ($0.50/$1.00 USD) - 2025/01/29 15:06:16 WET [2025/01/29 10:06:16 ET]
Table 'Mentor' 6-max Seat #1 is the button
Seat 1: easy_sarcasm ($105.02 in chips) 
Seat 3: Pon4uk.ua ($100 in chips) 
Seat 4: tintin641 ($100 in chips) 
Seat 5: Trojanovich ($100 in chips) 
Seat 6: Rosebalo ($145.01 in chips) 
Pon4uk.ua: posts small blind $0.50
tintin641: posts big blind $1
*** HOLE CARDS ***
Trojanovich: raises $1.50 to $2.50
Rosebalo: folds 
easy_sarcasm: folds 
Pon4uk.ua: folds 
tintin641: calls $1.50
*** FLOP *** [Ah Tc 2d]
tintin641: checks 
Trojanovich: bets $1.72
tintin641: calls $1.72
*** TURN *** [Ah Tc 2d] [3h]
tintin641: checks 
Trojanovich: bets $12.74
tintin641: folds 
Uncalled bet ($12.74) returned to Trojanovich
Trojanovich collected $8.49 from pot
Trojanovich: doesn't show hand 
*** SUMMARY ***
Total pot $8.94 | Rake $0.45 
Board [Ah Tc 2d 3h]
Seat 1: easy_sarcasm (button) folded before Flop (didn't bet)
Seat 3: Pon4uk.ua (small blind) folded before Flop
Seat 4: tintin641 (big blind) folded on the Turn
Seat 5: Trojanovich collected ($8.49)
Seat 6: Rosebalo folded before Flop (didn't bet)



PokerStars Hand #254606947198:  Hold'em No Limit ($0.50/$1.00 USD) - 2025/01/29 15:07:12 WET [2025/01/29 10:07:12 ET]
Table 'Mentor' 6-max Seat #3 is the button
Seat 1: easy_sarcasm ($105.02 in chips) 
Seat 3: Pon4uk.ua ($100 in chips) 
Seat 4: tintin641 ($100 in chips) 
Seat 5: Trojanovich ($104.27 in chips) 
Seat 6: Rosebalo ($145.01 in chips) 
tintin641: posts small blind $0.50
Trojanovich: posts big blind $1
*** HOLE CARDS ***
Rosebalo: folds 
Joe_Li7 joins the table at seat #2 
easy_sarcasm: folds 
Pon4uk.ua: folds 
tintin641: raises $2 to $3
Trojanovich: folds 
Uncalled bet ($2) returned to tintin641
tintin641 collected $2 from pot
tintin641: doesn't show hand 
*** SUMMARY ***
Total pot $2 | Rake $0 
Seat 1: easy_sarcasm folded before Flop (didn't bet)
Seat 3: Pon4uk.ua (button) folded before Flop (didn't bet)
Seat 4: tintin641 (small blind) collected ($2)
Seat 5: Trojanovich (big blind) folded before Flop
Seat 6: Rosebalo folded before Flop (didn't bet)



PokerStars Hand #254606950703:  Hold'em No Limit ($0.50/$1.00 USD) - 2025/01/29 15:07:31 WET [2025/01/29 10:07:31 ET]
Table 'Mentor' 6-max Seat #4 is the button
Seat 2: Joe_Li7 ($100 in chips) is sitting out
Seat 1: easy_sarcasm ($105.02 in chips) 
Seat 3: Pon4uk.ua ($100 in chips) 
Seat 4: tintin641 ($101 in chips) 
Seat 5: Trojanovich ($103.27 in chips) 
Seat 6: Rosebalo ($145.01 in chips) 
Trojanovich: posts small blind $0.50
Rosebalo: posts big blind $1
Joe_Li7: sits out 
*** HOLE CARDS ***
easy_sarcasm: folds 
Pon4uk.ua: raises $1.50 to $2.50
tintin641: calls $2.50
Trojanovich: folds 
Rosebalo: calls $1.50
*** FLOP *** [4s As 8h]
Rosebalo: checks 
Pon4uk.ua: bets $2.51
tintin641: folds 
Rosebalo: folds 
Uncalled bet ($2.51) returned to Pon4uk.ua
Pon4uk.ua collected $7.60 from pot
Pon4uk.ua: doesn't show hand 
*** SUMMARY ***
Total pot $8 | Rake $0.40 
Board [4s As 8h]
Seat 2: Joe_Li7
Seat 1: easy_sarcasm folded before Flop (didn't bet)
Seat 3: Pon4uk.ua collected ($7.60)
Seat 4: tintin641 (button) folded on the Flop
Seat 5: Trojanovich (small blind) folded before Flop
Seat 6: Rosebalo (big blind) folded on the Flop



PokerStars Hand #254606958087:  Hold'em No Limit ($0.50/$1.00 USD) - 2025/01/29 15:08:09 WET [2025/01/29 10:08:09 ET]
Table 'Mentor' 6-max Seat #5 is the button
Seat 2: Joe_Li7 ($100 in chips) is sitting out
Seat 1: easy_sarcasm ($105.02 in chips) 
Seat 3: Pon4uk.ua ($105.10 in chips) 
Seat 4: tintin641 ($100 in chips) 
Seat 5: Trojanovich ($102.77 in chips) 
Seat 6: Rosebalo ($142.51 in chips) 
Rosebalo: posts small blind $0.50
easy_sarcasm: posts big blind $1
Joe_Li7: sits out 
*** HOLE CARDS ***
Pon4uk.ua: raises $1 to $2
tintin641: folds 
Trojanovich: folds 
Rosebalo: folds 
easy_sarcasm: calls $1
*** FLOP *** [Kd Jh Qd]
easy_sarcasm: checks 
Pon4uk.ua: bets $1.41
easy_sarcasm: raises $7.59 to $9
Pon4uk.ua: folds 
Uncalled bet ($7.59) returned to easy_sarcasm
easy_sarcasm collected $6.95 from pot
*** SUMMARY ***
Total pot $7.32 | Rake $0.37 
Board [Kd Jh Qd]
Seat 2: Joe_Li7
Seat 1: easy_sarcasm (big blind) collected ($6.95)
Seat 3: Pon4uk.ua folded on the Flop
Seat 4: tintin641 folded before Flop (didn't bet)
Seat 5: Trojanovich (button) folded before Flop (didn't bet)
Seat 6: Rosebalo (small blind) folded before Flop



PokerStars Hand #254606963894:  Hold'em No Limit ($0.50/$1.00 USD) - 2025/01/29 15:08:40 WET [2025/01/29 10:08:40 ET]
Table 'Mentor' 6-max Seat #6 is the button
Seat 1: easy_sarcasm ($108.56 in chips) 
Seat 2: Joe_Li7 ($100 in chips) 
Seat 3: Pon4uk.ua ($101.69 in chips) 
Seat 4: tintin641 ($100 in chips) 
Seat 5: Trojanovich ($102.77 in chips) 
Seat 6: Rosebalo ($142.01 in chips) 
easy_sarcasm: posts small blind $0.50
Joe_Li7: posts big blind $1
*** HOLE CARDS ***
Pon4uk.ua: folds 
tintin641: folds 
Trojanovich: folds 
Rosebalo: raises $1 to $2
easy_sarcasm: raises $9 to $11
Joe_Li7: folds 
Rosebalo: calls $9
*** FLOP *** [6c 4h Js]
easy_sarcasm: bets $7.50
Rosebalo: calls $7.50
*** TURN *** [6c 4h Js] [Qd]
easy_sarcasm: bets $18.50
Rosebalo: folds 
Uncalled bet ($18.50) returned to easy_sarcasm
easy_sarcasm collected $36.10 from pot
*** SUMMARY ***
Total pot $38 | Rake $1.90 
Board [6c 4h Js Qd]
Seat 1: easy_sarcasm (small blind) collected ($36.10)
Seat 2: Joe_Li7 (big blind) folded before Flop
Seat 3: Pon4uk.ua folded before Flop (didn't bet)
Seat 4: tintin641 folded before Flop (didn't bet)
Seat 5: Trojanovich folded before Flop (didn't bet)
Seat 6: Rosebalo (button) folded on the Turn



PokerStars Hand #254606972835:  Hold'em No Limit ($0.50/$1.00 USD) - 2025/01/29 15:09:27 WET [2025/01/29 10:09:27 ET]
Table 'Mentor' 6-max Seat #1 is the button
Seat 1: easy_sarcasm ($126.16 in chips) 
Seat 2: Joe_Li7 ($100 in chips) 
Seat 3: Pon4uk.ua ($101.69 in chips) 
Seat 4: tintin641 ($100 in chips) 
Seat 5: Trojanovich ($102.77 in chips) 
Seat 6: Rosebalo ($123.51 in chips) 
Joe_Li7: posts small blind $0.50
Pon4uk.ua: posts big blind $1
*** HOLE CARDS ***
tintin641: raises $1.50 to $2.50
Trojanovich: raises $5 to $7.50
Rosebalo: folds 
easy_sarcasm: raises $12 to $19.50
Joe_Li7: folds 
Pon4uk.ua: folds 
tintin641: folds 
Trojanovich: folds 
Uncalled bet ($12) returned to easy_sarcasm
easy_sarcasm collected $19 from pot
*** SUMMARY ***
Total pot $19 | Rake $0 
Seat 1: easy_sarcasm (button) collected ($19)
Seat 2: Joe_Li7 (small blind) folded before Flop
Seat 3: Pon4uk.ua (big blind) folded before Flop
Seat 4: tintin641 folded before Flop
Seat 5: Trojanovich folded before Flop
Seat 6: Rosebalo folded before Flop (didn't bet)



PokerStars Hand #254606977966:  Hold'em No Limit ($0.50/$1.00 USD) - 2025/01/29 15:09:53 WET [2025/01/29 10:09:53 ET]
Table 'Mentor' 6-max Seat #2 is the button
Seat 1: easy_sarcasm ($137.66 in chips) 
Seat 2: Joe_Li7 ($100 in chips) 
Seat 3: Pon4uk.ua ($100.69 in chips) 
Seat 4: tintin641 ($100 in chips) 
Seat 5: Trojanovich ($100 in chips) 
Seat 6: Rosebalo ($123.51 in chips) 
Pon4uk.ua: posts small blind $0.50
tintin641: posts big blind $1
*** HOLE CARDS ***
Trojanovich: raises $1.50 to $2.50
Rosebalo: raises $6.50 to $9
easy_sarcasm: folds 
Joe_Li7: folds 
Pon4uk.ua: folds 
tintin641: folds 
Trojanovich: folds 
Uncalled bet ($6.50) returned to Rosebalo
Rosebalo collected $6.50 from pot
*** SUMMARY ***
Total pot $6.50 | Rake $0 
Seat 1: easy_sarcasm folded before Flop (didn't bet)
Seat 2: Joe_Li7 (button) folded before Flop (didn't bet)
Seat 3: Pon4uk.ua (small blind) folded before Flop
Seat 4: tintin641 (big blind) folded before Flop
Seat 5: Trojanovich folded before Flop
Seat 6: Rosebalo collected ($6.50)



PokerStars Hand #254606980907:  Hold'em No Limit ($0.50/$1.00 USD) - 2025/01/29 15:10:09 WET [2025/01/29 10:10:09 ET]
Table 'Mentor' 6-max Seat #3 is the button
Seat 1: easy_sarcasm ($137.66 in chips) 
Seat 2: Joe_Li7 ($100 in chips) 
Seat 3: Pon4uk.ua ($100.19 in chips) 
Seat 4: tintin641 ($100 in chips) 
Seat 5: Trojanovich ($100 in chips) 
Seat 6: Rosebalo ($127.51 in chips) 
tintin641: posts small blind $0.50
Trojanovich: posts big blind $1
*** HOLE CARDS ***
Rosebalo: folds 
easy_sarcasm: folds 
Joe_Li7: raises $1.20 to $2.20
Pon4uk.ua: folds 
tintin641: folds 
Trojanovich: calls $1.20
*** FLOP *** [8c As Jd]
Trojanovich: checks 
Joe_Li7: bets $1.17
Trojanovich: calls $1.17
*** TURN *** [8c As Jd] [8d]
Trojanovich: checks 
Joe_Li7: checks 
*** RIVER *** [8c As Jd 8d] [Kc]
Trojanovich: checks 
Joe_Li7: checks 
*** SHOW DOWN ***
Trojanovich: shows [7h 7c] (two pair, Eights and Sevens)
Joe_Li7: shows [Qc Qs] (two pair, Queens and Eights)
Joe_Li7 collected $6.88 from pot
*** SUMMARY ***
Total pot $7.24 | Rake $0.36 
Board [8c As Jd 8d Kc]
Seat 1: easy_sarcasm folded before Flop (didn't bet)
Seat 2: Joe_Li7 showed [Qc Qs] and won ($6.88) with two pair, Queens and Eights
Seat 3: Pon4uk.ua (button) folded before Flop (didn't bet)
Seat 4: tintin641 (small blind) folded before Flop
Seat 5: Trojanovich (big blind) showed [7h 7c] and lost with two pair, Eights and Sevens
Seat 6: Rosebalo folded before Flop (didn't bet)



PokerStars Hand #254606995648:  Hold'em No Limit ($0.50/$1.00 USD) - 2025/01/29 15:11:27 WET [2025/01/29 10:11:27 ET]
Table 'Mentor' 6-max Seat #4 is the button
Seat 1: easy_sarcasm ($137.66 in chips) 
Seat 2: Joe_Li7 ($103.51 in chips) 
Seat 3: Pon4uk.ua ($100.19 in chips) 
Seat 4: tintin641 ($100 in chips) 
Seat 5: Trojanovich ($100 in chips) 
Seat 6: Rosebalo ($127.51 in chips) 
Trojanovich: posts small blind $0.50
Rosebalo: posts big blind $1
*** HOLE CARDS ***
easy_sarcasm: folds 
Joe_Li7: folds 
Pon4uk.ua: folds 
tintin641: raises $1.50 to $2.50
Trojanovich: folds 
Rosebalo: calls $1.50
*** FLOP *** [Qd Qc 4s]
Rosebalo: checks 
tintin641: bets $1.72
Rosebalo: calls $1.72
*** TURN *** [Qd Qc 4s] [8h]
Rosebalo: checks 
tintin641: bets $6.37
Rosebalo: calls $6.37
*** RIVER *** [Qd Qc 4s 8h] [3c]
Rosebalo: checks 
tintin641: checks 
*** SHOW DOWN ***
Rosebalo: shows [Kd Qs] (three of a kind, Queens)
tintin641: mucks hand 
Rosebalo collected $20.60 from pot
*** SUMMARY ***
Total pot $21.68 | Rake $1.08 
Board [Qd Qc 4s 8h 3c]
Seat 1: easy_sarcasm folded before Flop (didn't bet)
Seat 2: Joe_Li7 folded before Flop (didn't bet)
Seat 3: Pon4uk.ua folded before Flop (didn't bet)
Seat 4: tintin641 (button) mucked
Seat 5: Trojanovich (small blind) folded before Flop
Seat 6: Rosebalo (big blind) showed [Kd Qs] and won ($20.60) with three of a kind, Queens



PokerStars Hand #254607005816:  Hold'em No Limit ($0.50/$1.00 USD) - 2025/01/29 15:12:20 WET [2025/01/29 10:12:20 ET]
Table 'Mentor' 6-max Seat #5 is the button
Seat 1: easy_sarcasm ($137.66 in chips) 
Seat 2: Joe_Li7 ($103.51 in chips) 
Seat 3: Pon4uk.ua ($100.19 in chips) 
Seat 4: tintin641 ($100 in chips) 
Seat 5: Trojanovich ($100 in chips) 
Seat 6: Rosebalo ($137.52 in chips) 
Rosebalo: posts small blind $0.50
easy_sarcasm: posts big blind $1
*** HOLE CARDS ***
Joe_Li7: folds 
Pon4uk.ua: raises $1 to $2
tintin641: folds 
Trojanovich: calls $2
Rosebalo: folds 
easy_sarcasm: raises $10 to $12
Pon4uk.ua: folds 
Trojanovich: calls $10
*** FLOP *** [Ad 3d Jd]
easy_sarcasm: bets $8.50
Trojanovich: calls $8.50
*** TURN *** [Ad 3d Jd] [Qd]
easy_sarcasm: bets $14.50
Trojanovich: folds 
Uncalled bet ($14.50) returned to easy_sarcasm
easy_sarcasm collected $41.32 from pot
*** SUMMARY ***
Total pot $43.50 | Rake $2.18 
Board [Ad 3d Jd Qd]
Seat 1: easy_sarcasm (big blind) collected ($41.32)
Seat 2: Joe_Li7 folded before Flop (didn't bet)
Seat 3: Pon4uk.ua folded before Flop
Seat 4: tintin641 folded before Flop (didn't bet)
Seat 5: Trojanovich (button) folded on the Turn
Seat 6: Rosebalo (small blind) folded before Flop



PokerStars Hand #254607016639:  Hold'em No Limit ($0.50/$1.00 USD) - 2025/01/29 15:13:15 WET [2025/01/29 10:13:15 ET]
Table 'Mentor' 6-max Seat #6 is the button
Seat 1: easy_sarcasm ($158.48 in chips) 
Seat 2: Joe_Li7 ($103.51 in chips) 
Seat 3: Pon4uk.ua ($100 in chips) 
Seat 4: tintin641 ($100 in chips) 
Seat 5: Trojanovich ($100 in chips) 
Seat 6: Rosebalo ($137.02 in chips) 
easy_sarcasm: posts small blind $0.50
Joe_Li7: posts big blind $1
*** HOLE CARDS ***
Pon4uk.ua: raises $1 to $2
tintin641: folds 
Trojanovich: folds 
Rosebalo: raises $3 to $5
easy_sarcasm: folds 
Joe_Li7: folds 
Pon4uk.ua: calls $3
*** FLOP *** [7d Ks 7h]
Pon4uk.ua: checks 
Rosebalo: bets $6.46
Pon4uk.ua: folds 
Uncalled bet ($6.46) returned to Rosebalo
Rosebalo collected $10.92 from pot
*** SUMMARY ***
Total pot $11.50 | Rake $0.58 
Board [7d Ks 7h]
Seat 1: easy_sarcasm (small blind) folded before Flop
Seat 2: Joe_Li7 (big blind) folded before Flop
Seat 3: Pon4uk.ua folded on the Flop
Seat 4: tintin641 folded before Flop (didn't bet)
Seat 5: Trojanovich folded before Flop (didn't bet)
Seat 6: Rosebalo (button) collected ($10.92)



PokerStars Hand #254607023358:  Hold'em No Limit ($0.50/$1.00 USD) - 2025/01/29 15:13:50 WET [2025/01/29 10:13:50 ET]
Table 'Mentor' 6-max Seat #1 is the button
Seat 1: easy_sarcasm ($157.98 in chips) 
Seat 2: Joe_Li7 ($102.51 in chips) 
Seat 3: Pon4uk.ua ($100 in chips) 
Seat 4: tintin641 ($100 in chips) 
Seat 5: Trojanovich ($100 in chips) 
Seat 6: Rosebalo ($142.94 in chips) 
Joe_Li7: posts small blind $0.50
Pon4uk.ua: posts big blind $1
*** HOLE CARDS ***
tintin641: raises $1.50 to $2.50
Trojanovich: folds 
Rosebalo: calls $2.50
easy_sarcasm: folds 
Joe_Li7: calls $2
Pon4uk.ua: calls $1.50
*** FLOP *** [Td Js 3h]
Joe_Li7: checks 
Pon4uk.ua: checks 
tintin641: checks 
Rosebalo: checks 
*** TURN *** [Td Js 3h] [3c]
Joe_Li7: checks 
Pon4uk.ua: bets $7.13
tintin641: calls $7.13
Rosebalo: folds 
Joe_Li7: folds 
*** RIVER *** [Td Js 3h 3c] [Ks]
Pon4uk.ua: bets $7.61
tintin641: raises $28.70 to $36.31
Pon4uk.ua: folds 
Uncalled bet ($28.70) returned to tintin641
tintin641 collected $37.51 from pot
tintin641: doesn't show hand 
*** SUMMARY ***
Total pot $39.48 | Rake $1.97 
Board [Td Js 3h 3c Ks]
Seat 1: easy_sarcasm (button) folded before Flop (didn't bet)
Seat 2: Joe_Li7 (small blind) folded on the Turn
Seat 3: Pon4uk.ua (big blind) folded on the River
Seat 4: tintin641 collected ($37.51)
Seat 5: Trojanovich folded before Flop (didn't bet)
Seat 6: Rosebalo folded on the Turn



PokerStars Hand #254607042614:  Hold'em No Limit ($0.50/$1.00 USD) - 2025/01/29 15:15:28 WET [2025/01/29 10:15:28 ET]
Table 'Mentor' 6-max Seat #2 is the button
Seat 1: easy_sarcasm ($157.98 in chips) 
Seat 2: Joe_Li7 ($100.01 in chips) 
Seat 3: Pon4uk.ua ($100 in chips) 
Seat 4: tintin641 ($120.27 in chips) 
Seat 5: Trojanovich ($100 in chips) 
Seat 6: Rosebalo ($140.44 in chips) 
Pon4uk.ua: posts small blind $0.50
tintin641: posts big blind $1
*** HOLE CARDS ***
Trojanovich: folds 
Rosebalo: folds 
easy_sarcasm: folds 
Joe_Li7: raises $1.20 to $2.20
Pon4uk.ua: folds 
tintin641: folds 
Uncalled bet ($1.20) returned to Joe_Li7
Joe_Li7 collected $2.50 from pot
*** SUMMARY ***
Total pot $2.50 | Rake $0 
Seat 1: easy_sarcasm folded before Flop (didn't bet)
Seat 2: Joe_Li7 (button) collected ($2.50)
Seat 3: Pon4uk.ua (small blind) folded before Flop
Seat 4: tintin641 (big blind) folded before Flop
Seat 5: Trojanovich folded before Flop (didn't bet)
Seat 6: Rosebalo folded before Flop (didn't bet)



PokerStars Hand #254607046191:  Hold'em No Limit ($0.50/$1.00 USD) - 2025/01/29 15:15:46 WET [2025/01/29 10:15:46 ET]
Table 'Mentor' 6-max Seat #3 is the button
Seat 1: easy_sarcasm ($157.98 in chips) 
Seat 2: Joe_Li7 ($101.51 in chips) 
Seat 3: Pon4uk.ua ($100 in chips) 
Seat 4: tintin641 ($119.27 in chips) 
Seat 5: Trojanovich ($100 in chips) 
Seat 6: Rosebalo ($140.44 in chips) 
tintin641: posts small blind $0.50
Trojanovich: posts big blind $1
*** HOLE CARDS ***
Rosebalo: raises $3.50 to $4.50
easy_sarcasm: calls $4.50
Joe_Li7: folds 
Pon4uk.ua: folds 
tintin641: folds 
Trojanovich: folds 
*** FLOP *** [2c 9h Td]
Rosebalo: bets $4.99
easy_sarcasm: folds 
Uncalled bet ($4.99) returned to Rosebalo
Rosebalo collected $9.98 from pot
*** SUMMARY ***
Total pot $10.50 | Rake $0.52 
Board [2c 9h Td]
Seat 1: easy_sarcasm folded on the Flop
Seat 2: Joe_Li7 folded before Flop (didn't bet)
Seat 3: Pon4uk.ua (button) folded before Flop (didn't bet)
Seat 4: tintin641 (small blind) folded before Flop
Seat 5: Trojanovich (big blind) folded before Flop
Seat 6: Rosebalo collected ($9.98)



PokerStars Hand #254607051301:  Hold'em No Limit ($0.50/$1.00 USD) - 2025/01/29 15:16:12 WET [2025/01/29 10:16:12 ET]
Table 'Mentor' 6-max Seat #4 is the button
Seat 1: easy_sarcasm ($153.48 in chips) 
Seat 2: Joe_Li7 ($101.51 in chips) 
Seat 3: Pon4uk.ua ($100 in chips) 
Seat 4: tintin641 ($118.77 in chips) 
Seat 5: Trojanovich ($100 in chips) 
Seat 6: Rosebalo ($145.92 in chips) 
Trojanovich: posts small blind $0.50
Rosebalo: posts big blind $1
*** HOLE CARDS ***
easy_sarcasm: folds 
Joe_Li7: folds 
Pon4uk.ua: folds 
tintin641: folds 
Trojanovich: raises $2 to $3
Rosebalo: raises $4 to $7
Trojanovich: folds 
Uncalled bet ($4) returned to Rosebalo
Rosebalo collected $6 from pot
*** SUMMARY ***
Total pot $6 | Rake $0 
Seat 1: easy_sarcasm folded before Flop (didn't bet)
Seat 2: Joe_Li7 folded before Flop (didn't bet)
Seat 3: Pon4uk.ua folded before Flop (didn't bet)
Seat 4: tintin641 (button) folded before Flop (didn't bet)
Seat 5: Trojanovich (small blind) folded before Flop
Seat 6: Rosebalo (big blind) collected ($6)



PokerStars Hand #254607055574:  Hold'em No Limit ($0.50/$1.00 USD) - 2025/01/29 15:16:34 WET [2025/01/29 10:16:34 ET]
Table 'Mentor' 6-max Seat #5 is the button
Seat 1: easy_sarcasm ($153.48 in chips) 
Seat 2: Joe_Li7 ($101.51 in chips) 
Seat 3: Pon4uk.ua ($100 in chips) 
Seat 4: tintin641 ($118.77 in chips) 
Seat 5: Trojanovich ($100 in chips) 
Seat 6: Rosebalo ($148.92 in chips) 
Rosebalo: posts small blind $0.50
easy_sarcasm: posts big blind $1
*** HOLE CARDS ***
Joe_Li7: folds 
Pon4uk.ua: folds 
tintin641: folds 
Trojanovich: raises $1.50 to $2.50
Rosebalo: calls $2
easy_sarcasm: folds 
*** FLOP *** [5c Qc Ac]
Rosebalo: checks 
Trojanovich: checks 
*** TURN *** [5c Qc Ac] [8d]
Rosebalo: checks 
Trojanovich: checks 
*** RIVER *** [5c Qc Ac 8d] [9c]
Rosebalo: checks 
Trojanovich: bets $1.88
Rosebalo: folds [As]
Uncalled bet ($1.88) returned to Trojanovich
Trojanovich collected $5.70 from pot
Trojanovich: doesn't show hand 
*** SUMMARY ***
Total pot $6 | Rake $0.30 
Board [5c Qc Ac 8d 9c]
Seat 1: easy_sarcasm (big blind) folded before Flop
Seat 2: Joe_Li7 folded before Flop (didn't bet)
Seat 3: Pon4uk.ua folded before Flop (didn't bet)
Seat 4: tintin641 folded before Flop (didn't bet)
Seat 5: Trojanovich (button) collected ($5.70)
Seat 6: Rosebalo (small blind) folded on the River



PokerStars Hand #254607062409:  Hold'em No Limit ($0.50/$1.00 USD) - 2025/01/29 15:17:08 WET [2025/01/29 10:17:08 ET]
Table 'Mentor' 6-max Seat #6 is the button
Seat 1: easy_sarcasm ($152.48 in chips) 
Seat 2: Joe_Li7 ($101.51 in chips) 
Seat 3: Pon4uk.ua ($100 in chips) 
Seat 4: tintin641 ($118.77 in chips) 
Seat 5: Trojanovich ($103.20 in chips) 
Seat 6: Rosebalo ($146.42 in chips) 
easy_sarcasm: posts small blind $0.50
Joe_Li7: posts big blind $1
*** HOLE CARDS ***
Pon4uk.ua: folds 
tintin641: folds 
Trojanovich: folds 
Rosebalo: folds 
easy_sarcasm: raises $2 to $3
Joe_Li7: raises $6 to $9
easy_sarcasm: folds 
Uncalled bet ($6) returned to Joe_Li7
Joe_Li7 collected $6 from pot
*** SUMMARY ***
Total pot $6 | Rake $0 
Seat 1: easy_sarcasm (small blind) folded before Flop
Seat 2: Joe_Li7 (big blind) collected ($6)
Seat 3: Pon4uk.ua folded before Flop (didn't bet)
Seat 4: tintin641 folded before Flop (didn't bet)
Seat 5: Trojanovich folded before Flop (didn't bet)
Seat 6: Rosebalo (button) folded before Flop (didn't bet)



PokerStars Hand #254607066666:  Hold'em No Limit ($0.50/$1.00 USD) - 2025/01/29 15:17:29 WET [2025/01/29 10:17:29 ET]
Table 'Mentor' 6-max Seat #1 is the button
Seat 1: easy_sarcasm ($149.48 in chips) 
Seat 2: Joe_Li7 ($104.51 in chips) 
Seat 3: Pon4uk.ua ($100 in chips) 
Seat 4: tintin641 ($118.77 in chips) 
Seat 5: Trojanovich ($103.20 in chips) 
Seat 6: Rosebalo ($146.42 in chips) 
Joe_Li7: posts small blind $0.50
Pon4uk.ua: posts big blind $1
*** HOLE CARDS ***
tintin641: folds 
Trojanovich: folds 
Rosebalo: raises $3.50 to $4.50
easy_sarcasm: raises $7.65 to $12.15
Joe_Li7: folds 
Pon4uk.ua: folds 
Rosebalo: calls $7.65
*** FLOP *** [7s 2d 3s]
Rosebalo: checks 
easy_sarcasm: bets $12.50
Rosebalo: folds [Qs Ac]
Uncalled bet ($12.50) returned to easy_sarcasm
easy_sarcasm collected $24.51 from pot
*** SUMMARY ***
Total pot $25.80 | Rake $1.29 
Board [7s 2d 3s]
Seat 1: easy_sarcasm (button) collected ($24.51)
Seat 2: Joe_Li7 (small blind) folded before Flop
Seat 3: Pon4uk.ua (big blind) folded before Flop
Seat 4: tintin641 folded before Flop (didn't bet)
Seat 5: Trojanovich folded before Flop (didn't bet)
Seat 6: Rosebalo folded on the Flop



PokerStars Hand #254607073642:  Hold'em No Limit ($0.50/$1.00 USD) - 2025/01/29 15:18:04 WET [2025/01/29 10:18:04 ET]
Table 'Mentor' 6-max Seat #2 is the button
Seat 1: easy_sarcasm ($161.84 in chips) 
Seat 2: Joe_Li7 ($104.01 in chips) 
Seat 3: Pon4uk.ua ($100 in chips) 
Seat 4: tintin641 ($118.77 in chips) 
Seat 5: Trojanovich ($103.20 in chips) 
Seat 6: Rosebalo ($134.27 in chips) 
Pon4uk.ua: posts small blind $0.50
tintin641: posts big blind $1
*** HOLE CARDS ***
Trojanovich: folds 
Rosebalo: folds 
easy_sarcasm: raises $2 to $3
Joe_Li7: folds 
Pon4uk.ua: folds 
tintin641: folds 
Uncalled bet ($2) returned to easy_sarcasm
easy_sarcasm collected $2.50 from pot
*** SUMMARY ***
Total pot $2.50 | Rake $0 
Seat 1: easy_sarcasm collected ($2.50)
Seat 2: Joe_Li7 (button) folded before Flop (didn't bet)
Seat 3: Pon4uk.ua (small blind) folded before Flop
Seat 4: tintin641 (big blind) folded before Flop
Seat 5: Trojanovich folded before Flop (didn't bet)
Seat 6: Rosebalo folded before Flop (didn't bet)



PokerStars Hand #254607076358:  Hold'em No Limit ($0.50/$1.00 USD) - 2025/01/29 15:18:17 WET [2025/01/29 10:18:17 ET]
Table 'Mentor' 6-max Seat #3 is the button
Seat 1: easy_sarcasm ($163.34 in chips) 
Seat 2: Joe_Li7 ($104.01 in chips) 
Seat 3: Pon4uk.ua ($100 in chips) 
Seat 4: tintin641 ($117.77 in chips) 
Seat 5: Trojanovich ($103.20 in chips) 
Seat 6: Rosebalo ($134.27 in chips) 
tintin641: posts small blind $0.50
Trojanovich: posts big blind $1
*** HOLE CARDS ***
Rosebalo: raises $1 to $2
easy_sarcasm: folds 
Joe_Li7: raises $5.50 to $7.50
Pon4uk.ua: folds 
tintin641: folds 
Trojanovich: folds 
Rosebalo: calls $5.50
*** FLOP *** [6c Js 4d]
Rosebalo: checks 
Joe_Li7: bets $5.18
Rosebalo: calls $5.18
*** TURN *** [6c Js 4d] [Th]
Rosebalo: checks 
Joe_Li7: bets $19.13
Rosebalo: calls $19.13
*** RIVER *** [6c Js 4d Th] [8h]
Rosebalo: checks 
Joe_Li7: checks 
*** SHOW DOWN ***
Rosebalo: shows [2h 2s] (a pair of Deuces)
Joe_Li7: mucks hand 
Rosebalo collected $62.62 from pot
*** SUMMARY ***
Total pot $65.12 | Rake $2.50 
Board [6c Js 4d Th 8h]
Seat 1: easy_sarcasm folded before Flop (didn't bet)
Seat 2: Joe_Li7 mucked
Seat 3: Pon4uk.ua (button) folded before Flop (didn't bet)
Seat 4: tintin641 (small blind) folded before Flop
Seat 5: Trojanovich (big blind) folded before Flop
Seat 6: Rosebalo showed [2h 2s] and won ($62.62) with a pair of Deuces



PokerStars Hand #254607097826:  Hold'em No Limit ($0.50/$1.00 USD) - 2025/01/29 15:20:03 WET [2025/01/29 10:20:03 ET]
Table 'Mentor' 6-max Seat #4 is the button
Seat 1: easy_sarcasm ($163.34 in chips) 
Seat 2: Joe_Li7 ($100 in chips) 
Seat 3: Pon4uk.ua ($100 in chips) 
Seat 4: tintin641 ($117.27 in chips) 
Seat 5: Trojanovich ($102.20 in chips) 
Seat 6: Rosebalo ($165.08 in chips) 
Trojanovich: posts small blind $0.50
Rosebalo: posts big blind $1
*** HOLE CARDS ***
easy_sarcasm: folds 
Joe_Li7: folds 
Pon4uk.ua: folds 
tintin641: folds 
Trojanovich: raises $1.50 to $2.50
Rosebalo: calls $1.50
*** FLOP *** [4s 3d 5s]
Trojanovich: checks 
Rosebalo: checks 
*** TURN *** [4s 3d 5s] [Ah]
Trojanovich: checks 
Rosebalo: bets $2.38
Trojanovich: folds 
Uncalled bet ($2.38) returned to Rosebalo
Rosebalo collected $4.75 from pot
*** SUMMARY ***
Total pot $5 | Rake $0.25 
Board [4s 3d 5s Ah]
Seat 1: easy_sarcasm folded before Flop (didn't bet)
Seat 2: Joe_Li7 folded before Flop (didn't bet)
Seat 3: Pon4uk.ua folded before Flop (didn't bet)
Seat 4: tintin641 (button) folded before Flop (didn't bet)
Seat 5: Trojanovich (small blind) folded on the Turn
Seat 6: Rosebalo (big blind) collected ($4.75)



PokerStars Hand #254607106719:  Hold'em No Limit ($0.50/$1.00 USD) - 2025/01/29 15:20:46 WET [2025/01/29 10:20:46 ET]
Table 'Mentor' 6-max Seat #5 is the button
Seat 1: easy_sarcasm ($163.34 in chips) 
Seat 2: Joe_Li7 ($100 in chips) 
Seat 3: Pon4uk.ua ($100 in chips) 
Seat 4: tintin641 ($117.27 in chips) 
Seat 5: Trojanovich ($100 in chips) 
Seat 6: Rosebalo ($167.33 in chips) 
Rosebalo: posts small blind $0.50
easy_sarcasm: posts big blind $1
*** HOLE CARDS ***
Joe_Li7: raises $1.20 to $2.20
Pon4uk.ua: folds 
tintin641: folds 
Trojanovich: folds 
Rosebalo: folds 
easy_sarcasm: folds 
Uncalled bet ($1.20) returned to Joe_Li7
Joe_Li7 collected $2.50 from pot
*** SUMMARY ***
Total pot $2.50 | Rake $0 
Seat 1: easy_sarcasm (big blind) folded before Flop
Seat 2: Joe_Li7 collected ($2.50)
Seat 3: Pon4uk.ua folded before Flop (didn't bet)
Seat 4: tintin641 folded before Flop (didn't bet)
Seat 5: Trojanovich (button) folded before Flop (didn't bet)
Seat 6: Rosebalo (small blind) folded before Flop



PokerStars Hand #254607109384:  Hold'em No Limit ($0.50/$1.00 USD) - 2025/01/29 15:20:59 WET [2025/01/29 10:20:59 ET]
Table 'Mentor' 6-max Seat #6 is the button
Seat 1: easy_sarcasm ($162.34 in chips) 
Seat 2: Joe_Li7 ($101.50 in chips) 
Seat 3: Pon4uk.ua ($100 in chips) 
Seat 4: tintin641 ($117.27 in chips) 
Seat 5: Trojanovich ($100 in chips) 
Seat 6: Rosebalo ($166.83 in chips) 
easy_sarcasm: posts small blind $0.50
Joe_Li7: posts big blind $1
*** HOLE CARDS ***
Pon4uk.ua: raises $1 to $2
tintin641: folds 
Trojanovich: folds 
Rosebalo: calls $2
easy_sarcasm: raises $10 to $12
Joe_Li7: folds 
Pon4uk.ua: folds 
Rosebalo: folds 
Uncalled bet ($10) returned to easy_sarcasm
easy_sarcasm collected $7 from pot
*** SUMMARY ***
Total pot $7 | Rake $0 
Seat 1: easy_sarcasm (small blind) collected ($7)
Seat 2: Joe_Li7 (big blind) folded before Flop
Seat 3: Pon4uk.ua folded before Flop
Seat 4: tintin641 folded before Flop (didn't bet)
Seat 5: Trojanovich folded before Flop (didn't bet)
Seat 6: Rosebalo (button) folded before Flop



PokerStars Hand #254607114751:  Hold'em No Limit ($0.50/$1.00 USD) - 2025/01/29 15:21:25 WET [2025/01/29 10:21:25 ET]
Table 'Mentor' 6-max Seat #1 is the button
Seat 1: easy_sarcasm ($167.34 in chips) 
Seat 2: Joe_Li7 ($100.50 in chips) 
Seat 3: Pon4uk.ua ($100 in chips) 
Seat 4: tintin641 ($117.27 in chips) 
Seat 5: Trojanovich ($100 in chips) 
Seat 6: Rosebalo ($164.83 in chips) 
Joe_Li7: posts small blind $0.50
Pon4uk.ua: posts big blind $1
*** HOLE CARDS ***
tintin641: folds 
Trojanovich: folds 
Rosebalo: folds 
easy_sarcasm: folds 
Joe_Li7: raises $2 to $3
Pon4uk.ua: folds 
Uncalled bet ($2) returned to Joe_Li7
Joe_Li7 collected $2 from pot
*** SUMMARY ***
Total pot $2 | Rake $0 
Seat 1: easy_sarcasm (button) folded before Flop (didn't bet)
Seat 2: Joe_Li7 (small blind) collected ($2)
Seat 3: Pon4uk.ua (big blind) folded before Flop
Seat 4: tintin641 folded before Flop (didn't bet)
Seat 5: Trojanovich folded before Flop (didn't bet)
Seat 6: Rosebalo folded before Flop (didn't bet)



PokerStars Hand #254607117293:  Hold'em No Limit ($0.50/$1.00 USD) - 2025/01/29 15:21:38 WET [2025/01/29 10:21:38 ET]
Table 'Mentor' 6-max Seat #2 is the button
Seat 4: tintin641 ($117.27 in chips) is sitting out
Seat 1: easy_sarcasm ($167.34 in chips) 
Seat 2: Joe_Li7 ($101.50 in chips) 
Seat 3: Pon4uk.ua ($100 in chips) 
Seat 5: Trojanovich ($100 in chips) 
Seat 6: Rosebalo ($164.83 in chips) 
Pon4uk.ua: posts small blind $0.50
tintin641: is sitting out 
Trojanovich: posts big blind $1
*** HOLE CARDS ***
Rosebalo: raises $2.50 to $3.50
easy_sarcasm: folds 
Joe_Li7: folds 
Pon4uk.ua: folds 
Trojanovich: folds 
Uncalled bet ($2.50) returned to Rosebalo
Rosebalo collected $2.50 from pot
*** SUMMARY ***
Total pot $2.50 | Rake $0 
Seat 4: tintin641
Seat 1: easy_sarcasm folded before Flop (didn't bet)
Seat 2: Joe_Li7 (button) folded before Flop (didn't bet)
Seat 3: Pon4uk.ua (small blind) folded before Flop
Seat 5: Trojanovich (big blind) folded before Flop
Seat 6: Rosebalo collected ($2.50)



PokerStars Hand #254607119804:  Hold'em No Limit ($0.50/$1.00 USD) - 2025/01/29 15:21:50 WET [2025/01/29 10:21:50 ET]
Table 'Mentor' 6-max Seat #3 is the button
Seat 4: tintin641 ($117.27 in chips) is sitting out
Seat 1: easy_sarcasm ($167.34 in chips) 
Seat 2: Joe_Li7 ($101.50 in chips) 
Seat 3: Pon4uk.ua ($100 in chips) 
Seat 5: Trojanovich ($100 in chips) 
Seat 6: Rosebalo ($166.33 in chips) 
Trojanovich: posts small blind $0.50
Rosebalo: posts big blind $1
*** HOLE CARDS ***
easy_sarcasm: raises $2 to $3
Joe_Li7: folds 
Pon4uk.ua: folds 
Trojanovich: folds 
Rosebalo: folds 
Uncalled bet ($2) returned to easy_sarcasm
easy_sarcasm collected $2.50 from pot
*** SUMMARY ***
Total pot $2.50 | Rake $0 
Seat 4: tintin641
Seat 1: easy_sarcasm collected ($2.50)
Seat 2: Joe_Li7 folded before Flop (didn't bet)
Seat 3: Pon4uk.ua (button) folded before Flop (didn't bet)
Seat 5: Trojanovich (small blind) folded before Flop
Seat 6: Rosebalo (big blind) folded before Flop



PokerStars Hand #254607122274:  Hold'em No Limit ($0.50/$1.00 USD) - 2025/01/29 15:22:02 WET [2025/01/29 10:22:02 ET]
Table 'Mentor' 6-max Seat #5 is the button
Seat 4: tintin641 ($117.27 in chips) is sitting out
Seat 1: easy_sarcasm ($168.84 in chips) 
Seat 2: Joe_Li7 ($101.50 in chips) 
Seat 3: Pon4uk.ua ($100 in chips) 
Seat 5: Trojanovich ($100 in chips) 
Seat 6: Rosebalo ($165.33 in chips) 
Rosebalo: posts small blind $0.50
easy_sarcasm: posts big blind $1
*** HOLE CARDS ***
Joe_Li7: folds 
Pon4uk.ua: raises $1.50 to $2.50
Trojanovich: raises $5 to $7.50
Rosebalo: folds 
easy_sarcasm: folds 
Pon4uk.ua: folds 
Uncalled bet ($5) returned to Trojanovich
Trojanovich collected $6.50 from pot
Trojanovich: doesn't show hand 
*** SUMMARY ***
Total pot $6.50 | Rake $0 
Seat 4: tintin641
Seat 1: easy_sarcasm (big blind) folded before Flop
Seat 2: Joe_Li7 folded before Flop (didn't bet)
Seat 3: Pon4uk.ua folded before Flop
Seat 5: Trojanovich (button) collected ($6.50)
Seat 6: Rosebalo (small blind) folded before Flop



PokerStars Hand #254607126046:  Hold'em No Limit ($0.50/$1.00 USD) - 2025/01/29 15:22:21 WET [2025/01/29 10:22:21 ET]
Table 'Mentor' 6-max Seat #6 is the button
Seat 4: tintin641 ($117.27 in chips) is sitting out
Seat 1: easy_sarcasm ($167.84 in chips) 
Seat 2: Joe_Li7 ($101.50 in chips) 
Seat 3: Pon4uk.ua ($100 in chips) 
Seat 5: Trojanovich ($104 in chips) 
Seat 6: Rosebalo ($164.83 in chips) 
easy_sarcasm: posts small blind $0.50
Joe_Li7: posts big blind $1
*** HOLE CARDS ***
Pon4uk.ua: folds 
Trojanovich: folds 
Rosebalo: folds 
easy_sarcasm: folds 
Uncalled bet ($0.50) returned to Joe_Li7
Joe_Li7 collected $1 from pot
*** SUMMARY ***
Total pot $1 | Rake $0 
Seat 4: tintin641
Seat 1: easy_sarcasm (small blind) folded before Flop
Seat 2: Joe_Li7 (big blind) collected ($1)
Seat 3: Pon4uk.ua folded before Flop (didn't bet)
Seat 5: Trojanovich folded before Flop (didn't bet)
Seat 6: Rosebalo (button) folded before Flop (didn't bet)



PokerStars Hand #254607127540:  Hold'em No Limit ($0.50/$1.00 USD) - 2025/01/29 15:22:28 WET [2025/01/29 10:22:28 ET]
Table 'Mentor' 6-max Seat #1 is the button
Seat 4: tintin641 ($117.27 in chips) is sitting out
Seat 1: easy_sarcasm ($167.34 in chips) 
Seat 2: Joe_Li7 ($102 in chips) 
Seat 3: Pon4uk.ua ($100 in chips) 
Seat 5: Trojanovich ($104 in chips) 
Seat 6: Rosebalo ($164.83 in chips) 
Joe_Li7: posts small blind $0.50
Pon4uk.ua: posts big blind $1
*** HOLE CARDS ***
Trojanovich: folds 
Rosebalo: raises $2 to $3
easy_sarcasm: folds 
Joe_Li7: folds 
Pon4uk.ua: folds 
Uncalled bet ($2) returned to Rosebalo
Rosebalo collected $2.50 from pot
*** SUMMARY ***
Total pot $2.50 | Rake $0 
Seat 4: tintin641
Seat 1: easy_sarcasm (button) folded before Flop (didn't bet)
Seat 2: Joe_Li7 (small blind) folded before Flop
Seat 3: Pon4uk.ua (big blind) folded before Flop
Seat 5: Trojanovich folded before Flop (didn't bet)
Seat 6: Rosebalo collected ($2.50)



PokerStars Hand #254607130531:  Hold'em No Limit ($0.50/$1.00 USD) - 2025/01/29 15:22:42 WET [2025/01/29 10:22:42 ET]
Table 'Mentor' 6-max Seat #2 is the button
Seat 4: tintin641 ($117.27 in chips) is sitting out
Seat 1: easy_sarcasm ($167.34 in chips) 
Seat 2: Joe_Li7 ($101.50 in chips) 
Seat 3: Pon4uk.ua ($100 in chips) 
Seat 5: Trojanovich ($104 in chips) 
Seat 6: Rosebalo ($166.33 in chips) 
Pon4uk.ua: posts small blind $0.50
Trojanovich: posts big blind $1
*** HOLE CARDS ***
Rosebalo: raises $2 to $3
easy_sarcasm: folds 
Joe_Li7: folds 
Pon4uk.ua: folds 
Trojanovich: folds 
Uncalled bet ($2) returned to Rosebalo
Rosebalo collected $2.50 from pot
*** SUMMARY ***
Total pot $2.50 | Rake $0 
Seat 4: tintin641
Seat 1: easy_sarcasm folded before Flop (didn't bet)
Seat 2: Joe_Li7 (button) folded before Flop (didn't bet)
Seat 3: Pon4uk.ua (small blind) folded before Flop
Seat 5: Trojanovich (big blind) folded before Flop
Seat 6: Rosebalo collected ($2.50)



PokerStars Hand #254607133109:  Hold'em No Limit ($0.50/$1.00 USD) - 2025/01/29 15:22:55 WET [2025/01/29 10:22:55 ET]
Table 'Mentor' 6-max Seat #3 is the button
Seat 4: tintin641 ($117.27 in chips) is sitting out
Seat 1: easy_sarcasm ($167.34 in chips) 
Seat 2: Joe_Li7 ($101.50 in chips) 
Seat 3: Pon4uk.ua ($100 in chips) 
Seat 5: Trojanovich ($103 in chips) 
Seat 6: Rosebalo ($167.83 in chips) 
Trojanovich: posts small blind $0.50
Rosebalo: posts big blind $1
*** HOLE CARDS ***
easy_sarcasm: raises $2 to $3
Joe_Li7: folds 
Pon4uk.ua: folds 
Trojanovich: folds 
Rosebalo: folds 
Uncalled bet ($2) returned to easy_sarcasm
easy_sarcasm collected $2.50 from pot
*** SUMMARY ***
Total pot $2.50 | Rake $0 
Seat 4: tintin641
Seat 1: easy_sarcasm collected ($2.50)
Seat 2: Joe_Li7 folded before Flop (didn't bet)
Seat 3: Pon4uk.ua (button) folded before Flop (didn't bet)
Seat 5: Trojanovich (small blind) folded before Flop
Seat 6: Rosebalo (big blind) folded before Flop



PokerStars Hand #254607135507:  Hold'em No Limit ($0.50/$1.00 USD) - 2025/01/29 15:23:07 WET [2025/01/29 10:23:07 ET]
Table 'Mentor' 6-max Seat #5 is the button
Seat 4: tintin641 ($117.27 in chips) is sitting out
Seat 1: easy_sarcasm ($168.84 in chips) 
Seat 2: Joe_Li7 ($101.50 in chips) 
Seat 3: Pon4uk.ua ($100 in chips) 
Seat 5: Trojanovich ($102.50 in chips) 
Seat 6: Rosebalo ($166.83 in chips) 
Rosebalo: posts small blind $0.50
easy_sarcasm: posts big blind $1
*** HOLE CARDS ***
Joe_Li7: folds 
Pon4uk.ua: folds 
Trojanovich: raises $1.50 to $2.50
Rosebalo: folds 
easy_sarcasm: folds 
Uncalled bet ($1.50) returned to Trojanovich
Trojanovich collected $2.50 from pot
Trojanovich: doesn't show hand 
*** SUMMARY ***
Total pot $2.50 | Rake $0 
Seat 4: tintin641
Seat 1: easy_sarcasm (big blind) folded before Flop
Seat 2: Joe_Li7 folded before Flop (didn't bet)
Seat 3: Pon4uk.ua folded before Flop (didn't bet)
Seat 5: Trojanovich (button) collected ($2.50)
Seat 6: Rosebalo (small blind) folded before Flop



PokerStars Hand #254607137247:  Hold'em No Limit ($0.50/$1.00 USD) - 2025/01/29 15:23:16 WET [2025/01/29 10:23:16 ET]
Table 'Mentor' 6-max Seat #6 is the button
Seat 4: tintin641 ($117.27 in chips) is sitting out
Seat 1: easy_sarcasm ($167.84 in chips) 
Seat 2: Joe_Li7 ($101.50 in chips) 
Seat 3: Pon4uk.ua ($100 in chips) 
Seat 5: Trojanovich ($104 in chips) 
Seat 6: Rosebalo ($166.33 in chips) 
easy_sarcasm: posts small blind $0.50
Joe_Li7: posts big blind $1
*** HOLE CARDS ***
Pon4uk.ua: folds 
Trojanovich: folds 
Rosebalo: folds 
easy_sarcasm: folds 
Uncalled bet ($0.50) returned to Joe_Li7
Joe_Li7 collected $1 from pot
*** SUMMARY ***
Total pot $1 | Rake $0 
Seat 4: tintin641
Seat 1: easy_sarcasm (small blind) folded before Flop
Seat 2: Joe_Li7 (big blind) collected ($1)
Seat 3: Pon4uk.ua folded before Flop (didn't bet)
Seat 5: Trojanovich folded before Flop (didn't bet)
Seat 6: Rosebalo (button) folded before Flop (didn't bet)



PokerStars Hand #254607187181:  Hold'em No Limit ($0.50/$1.00 USD) - 2025/01/29 15:27:18 WET [2025/01/29 10:27:18 ET]
Table 'Mentor' 6-max Seat #3 is the button
Seat 1: easy_sarcasm ($168.89 in chips) 
Seat 2: Joe_Li7 ($114.15 in chips) 
Seat 3: Pon4uk.ua ($100 in chips) 
Seat 4: tintin641 ($116.27 in chips) 
Seat 5: Trojanovich ($106.40 in chips) 
Seat 6: Rosebalo ($153.33 in chips) 
tintin641: posts small blind $0.50
Trojanovich: posts big blind $1
*** HOLE CARDS ***
Rosebalo: raises $2.50 to $3.50
easy_sarcasm: raises $8.50 to $12
Joe_Li7: folds 
Pon4uk.ua: folds 
tintin641: folds 
Trojanovich: folds 
Rosebalo: calls $8.50
*** FLOP *** [Qs 2d 4c]
Rosebalo: checks 
easy_sarcasm: bets $7.99
Rosebalo: folds 
Uncalled bet ($7.99) returned to easy_sarcasm
easy_sarcasm collected $24.22 from pot
*** SUMMARY ***
Total pot $25.50 | Rake $1.28 
Board [Qs 2d 4c]
Seat 1: easy_sarcasm collected ($24.22)
Seat 2: Joe_Li7 folded before Flop (didn't bet)
Seat 3: Pon4uk.ua (button) folded before Flop (didn't bet)
Seat 4: tintin641 (small blind) folded before Flop
Seat 5: Trojanovich (big blind) folded before Flop
Seat 6: Rosebalo folded on the Flop



PokerStars Hand #254607197004:  Hold'em No Limit ($0.50/$1.00 USD) - 2025/01/29 15:28:06 WET [2025/01/29 10:28:06 ET]
Table 'Mentor' 6-max Seat #4 is the button
Seat 1: easy_sarcasm ($181.11 in chips) 
Seat 2: Joe_Li7 ($114.15 in chips) 
Seat 3: Pon4uk.ua ($100 in chips) 
Seat 4: tintin641 ($115.77 in chips) 
Seat 5: Trojanovich ($105.40 in chips) 
Seat 6: Rosebalo ($141.33 in chips) 
Trojanovich: posts small blind $0.50
Rosebalo: posts big blind $1
*** HOLE CARDS ***
easy_sarcasm: folds 
Joe_Li7: folds 
Pon4uk.ua: folds 
tintin641: raises $1.50 to $2.50
Trojanovich: folds 
Rosebalo: folds 
Uncalled bet ($1.50) returned to tintin641
tintin641 collected $2.50 from pot
tintin641: doesn't show hand 
*** SUMMARY ***
Total pot $2.50 | Rake $0 
Seat 1: easy_sarcasm folded before Flop (didn't bet)
Seat 2: Joe_Li7 folded before Flop (didn't bet)
Seat 3: Pon4uk.ua folded before Flop (didn't bet)
Seat 4: tintin641 (button) collected ($2.50)
Seat 5: Trojanovich (small blind) folded before Flop
Seat 6: Rosebalo (big blind) folded before Flop



PokerStars Hand #254607202075:  Hold'em No Limit ($0.50/$1.00 USD) - 2025/01/29 15:28:31 WET [2025/01/29 10:28:31 ET]
Table 'Mentor' 6-max Seat #5 is the button
Seat 1: easy_sarcasm ($181.11 in chips) 
Seat 2: Joe_Li7 ($114.15 in chips) 
Seat 3: Pon4uk.ua ($100 in chips) 
Seat 4: tintin641 ($117.27 in chips) 
Seat 5: Trojanovich ($104.90 in chips) 
Seat 6: Rosebalo ($140.33 in chips) 
Rosebalo: posts small blind $0.50
easy_sarcasm: posts big blind $1
*** HOLE CARDS ***
Joe_Li7: folds 
Pon4uk.ua: folds 
tintin641: raises $1.50 to $2.50
Trojanovich: folds 
Rosebalo: raises $6 to $8.50
easy_sarcasm: folds 
tintin641: calls $6
*** FLOP *** [3d 7d 6s]
Rosebalo: bets $10.55
tintin641: calls $10.55
*** TURN *** [3d 7d 6s] [9d]
Rosebalo: checks 
tintin641: checks 
*** RIVER *** [3d 7d 6s 9d] [3h]
Rosebalo: checks 
tintin641: checks 
*** SHOW DOWN ***
Rosebalo: shows [Qh Kh] (a pair of Threes)
tintin641: shows [8s 8c] (two pair, Eights and Threes)
tintin641 collected $37.14 from pot
*** SUMMARY ***
Total pot $39.10 | Rake $1.96 
Board [3d 7d 6s 9d 3h]
Seat 1: easy_sarcasm (big blind) folded before Flop
Seat 2: Joe_Li7 folded before Flop (didn't bet)
Seat 3: Pon4uk.ua folded before Flop (didn't bet)
Seat 4: tintin641 showed [8s 8c] and won ($37.14) with two pair, Eights and Threes
Seat 5: Trojanovich (button) folded before Flop (didn't bet)
Seat 6: Rosebalo (small blind) showed [Qh Kh] and lost with a pair of Threes



PokerStars Hand #254607217675:  Hold'em No Limit ($0.50/$1.00 USD) - 2025/01/29 15:29:47 WET [2025/01/29 10:29:47 ET]
Table 'Mentor' 6-max Seat #6 is the button
Seat 1: easy_sarcasm ($180.11 in chips) 
Seat 2: Joe_Li7 ($114.15 in chips) 
Seat 3: Pon4uk.ua ($100 in chips) 
Seat 4: tintin641 ($135.36 in chips) 
Seat 5: Trojanovich ($104.90 in chips) 
Seat 6: Rosebalo ($121.28 in chips) 
easy_sarcasm: posts small blind $0.50
Joe_Li7: posts big blind $1
*** HOLE CARDS ***
Pon4uk.ua: folds 
tintin641: folds 
Trojanovich: folds 
Rosebalo: calls $1
easy_sarcasm: calls $0.50
Joe_Li7: checks 
*** FLOP *** [7h 4s 2c]
easy_sarcasm: checks 
Joe_Li7: checks 
Rosebalo: checks 
*** TURN *** [7h 4s 2c] [6c]
easy_sarcasm: checks 
Joe_Li7: bets $2.14
Rosebalo: folds 
easy_sarcasm: folds 
Uncalled bet ($2.14) returned to Joe_Li7
Joe_Li7 collected $2.85 from pot
*** SUMMARY ***
Total pot $3 | Rake $0.15 
Board [7h 4s 2c 6c]
Seat 1: easy_sarcasm (small blind) folded on the Turn
Seat 2: Joe_Li7 (big blind) collected ($2.85)
Seat 3: Pon4uk.ua folded before Flop (didn't bet)
Seat 4: tintin641 folded before Flop (didn't bet)
Seat 5: Trojanovich folded before Flop (didn't bet)
Seat 6: Rosebalo (button) folded on the Turn



PokerStars Hand #254607228424:  Hold'em No Limit ($0.50/$1.00 USD) - 2025/01/29 15:30:39 WET [2025/01/29 10:30:39 ET]
Table 'Mentor' 6-max Seat #1 is the button
Seat 1: easy_sarcasm ($179.11 in chips) 
Seat 2: Joe_Li7 ($116 in chips) 
Seat 3: Pon4uk.ua ($100 in chips) 
Seat 4: tintin641 ($135.36 in chips) 
Seat 5: Trojanovich ($104.90 in chips) 
Seat 6: Rosebalo ($120.28 in chips) 
Joe_Li7: posts small blind $0.50
Pon4uk.ua: posts big blind $1
*** HOLE CARDS ***
tintin641: folds 
Trojanovich: folds 
Rosebalo: raises $2.50 to $3.50
easy_sarcasm: folds 
Joe_Li7: folds 
Pon4uk.ua: calls $2.50
*** FLOP *** [7d 7s 8c]
Pon4uk.ua: checks 
Rosebalo: checks 
*** TURN *** [7d 7s 8c] [6c]
Pon4uk.ua: bets $3.56
Rosebalo: calls $3.56
*** RIVER *** [7d 7s 8c 6c] [Ad]
Pon4uk.ua: checks 
Rosebalo: checks 
*** SHOW DOWN ***
Pon4uk.ua: shows [3h 3d] (two pair, Sevens and Threes)
Rosebalo: mucks hand 
Pon4uk.ua collected $13.89 from pot
*** SUMMARY ***
Total pot $14.62 | Rake $0.73 
Board [7d 7s 8c 6c Ad]
Seat 1: easy_sarcasm (button) folded before Flop (didn't bet)
Seat 2: Joe_Li7 (small blind) folded before Flop
Seat 3: Pon4uk.ua (big blind) showed [3h 3d] and won ($13.89) with two pair, Sevens and Threes
Seat 4: tintin641 folded before Flop (didn't bet)
Seat 5: Trojanovich folded before Flop (didn't bet)
Seat 6: Rosebalo mucked



PokerStars Hand #254607248878:  Hold'em No Limit ($0.50/$1.00 USD) - 2025/01/29 15:32:18 WET [2025/01/29 10:32:18 ET]
Table 'Mentor' 6-max Seat #2 is the button
Seat 1: easy_sarcasm ($179.11 in chips) 
Seat 2: Joe_Li7 ($115.50 in chips) 
Seat 3: Pon4uk.ua ($106.83 in chips) 
Seat 4: tintin641 ($135.36 in chips) 
Seat 5: Trojanovich ($104.90 in chips) 
Seat 6: Rosebalo ($113.22 in chips) 
Pon4uk.ua: posts small blind $0.50
tintin641: posts big blind $1
*** HOLE CARDS ***
Trojanovich: folds 
Rosebalo: folds 
easy_sarcasm: folds 
Joe_Li7: raises $1.20 to $2.20
Pon4uk.ua: folds 
tintin641: calls $1.20
*** FLOP *** [7c Qs 5d]
tintin641: checks 
Joe_Li7: bets $1.54
tintin641: calls $1.54
*** TURN *** [7c Qs 5d] [3h]
tintin641: checks 
Joe_Li7: bets $7.58
tintin641: folds 
Uncalled bet ($7.58) returned to Joe_Li7
Joe_Li7 collected $7.58 from pot
*** SUMMARY ***
Total pot $7.98 | Rake $0.40 
Board [7c Qs 5d 3h]
Seat 1: easy_sarcasm folded before Flop (didn't bet)
Seat 2: Joe_Li7 (button) collected ($7.58)
Seat 3: Pon4uk.ua (small blind) folded before Flop
Seat 4: tintin641 (big blind) folded on the Turn
Seat 5: Trojanovich folded before Flop (didn't bet)
Seat 6: Rosebalo folded before Flop (didn't bet)



PokerStars Hand #254607266524:  Hold'em No Limit ($0.50/$1.00 USD) - 2025/01/29 15:33:42 WET [2025/01/29 10:33:42 ET]
Table 'Mentor' 6-max Seat #3 is the button
Seat 1: easy_sarcasm ($179.11 in chips) 
Seat 2: Joe_Li7 ($119.34 in chips) 
Seat 3: Pon4uk.ua ($106.33 in chips) 
Seat 4: tintin641 ($131.62 in chips) 
Seat 5: Trojanovich ($104.90 in chips) 
Seat 6: Rosebalo ($113.22 in chips) 
tintin641: posts small blind $0.50
Trojanovich: posts big blind $1
*** HOLE CARDS ***
Rosebalo: folds 
easy_sarcasm: folds 
Joe_Li7: raises $1.20 to $2.20
Pon4uk.ua: folds 
tintin641: folds 
Trojanovich: calls $1.20
*** FLOP *** [Jh Kc 2h]
Trojanovich: checks 
Joe_Li7: bets $4.66
Trojanovich: folds 
Uncalled bet ($4.66) returned to Joe_Li7
Joe_Li7 collected $4.66 from pot
*** SUMMARY ***
Total pot $4.90 | Rake $0.24 
Board [Jh Kc 2h]
Seat 1: easy_sarcasm folded before Flop (didn't bet)
Seat 2: Joe_Li7 collected ($4.66)
Seat 3: Pon4uk.ua (button) folded before Flop (didn't bet)
Seat 4: tintin641 (small blind) folded before Flop
Seat 5: Trojanovich (big blind) folded on the Flop
Seat 6: Rosebalo folded before Flop (didn't bet)



PokerStars Hand #254607274302:  Hold'em No Limit ($0.50/$1.00 USD) - 2025/01/29 15:34:20 WET [2025/01/29 10:34:20 ET]
Table 'Mentor' 6-max Seat #4 is the button
Seat 1: easy_sarcasm ($179.11 in chips) 
Seat 2: Joe_Li7 ($121.80 in chips) 
Seat 3: Pon4uk.ua ($106.33 in chips) 
Seat 4: tintin641 ($131.12 in chips) 
Seat 5: Trojanovich ($102.70 in chips) 
Seat 6: Rosebalo ($113.22 in chips) 
Trojanovich: posts small blind $0.50
Rosebalo: posts big blind $1
*** HOLE CARDS ***
easy_sarcasm: folds 
Joe_Li7: folds 
Pon4uk.ua: folds 
tintin641: raises $1.50 to $2.50
Trojanovich: folds 
Rosebalo: raises $5.50 to $8
tintin641: folds 
Uncalled bet ($5.50) returned to Rosebalo
Rosebalo collected $5.50 from pot
*** SUMMARY ***
Total pot $5.50 | Rake $0 
Seat 1: easy_sarcasm folded before Flop (didn't bet)
Seat 2: Joe_Li7 folded before Flop (didn't bet)
Seat 3: Pon4uk.ua folded before Flop (didn't bet)
Seat 4: tintin641 (button) folded before Flop
Seat 5: Trojanovich (small blind) folded before Flop
Seat 6: Rosebalo (big blind) collected ($5.50)



PokerStars Hand #254607280182:  Hold'em No Limit ($0.50/$1.00 USD) - 2025/01/29 15:34:48 WET [2025/01/29 10:34:48 ET]
Table 'Mentor' 6-max Seat #5 is the button
Seat 1: easy_sarcasm ($179.11 in chips) 
Seat 2: Joe_Li7 ($121.80 in chips) 
Seat 3: Pon4uk.ua ($106.33 in chips) 
Seat 4: tintin641 ($128.62 in chips) 
Seat 5: Trojanovich ($102.20 in chips) 
Seat 6: Rosebalo ($116.22 in chips) 
Rosebalo: posts small blind $0.50
easy_sarcasm: posts big blind $1
*** HOLE CARDS ***
Joe_Li7: folds 
Pon4uk.ua: folds 
tintin641: raises $1.50 to $2.50
Trojanovich: calls $2.50
Rosebalo: calls $2
easy_sarcasm: folds 
*** FLOP *** [9d 3s Ac]
Rosebalo: checks 
tintin641: checks 
Trojanovich: checks 
*** TURN *** [9d 3s Ac] [Th]
Rosebalo: bets $4.04
tintin641: raises $12.12 to $16.16
Trojanovich: folds 
Rosebalo: folds 
Uncalled bet ($12.12) returned to tintin641
tintin641 collected $15.75 from pot
tintin641: doesn't show hand 
*** SUMMARY ***
Total pot $16.58 | Rake $0.83 
Board [9d 3s Ac Th]
Seat 1: easy_sarcasm (big blind) folded before Flop
Seat 2: Joe_Li7 folded before Flop (didn't bet)
Seat 3: Pon4uk.ua folded before Flop (didn't bet)
Seat 4: tintin641 collected ($15.75)
Seat 5: Trojanovich (button) folded on the Turn
Seat 6: Rosebalo (small blind) folded on the Turn



PokerStars Hand #254607295191:  Hold'em No Limit ($0.50/$1.00 USD) - 2025/01/29 15:36:00 WET [2025/01/29 10:36:00 ET]
Table 'Mentor' 6-max Seat #6 is the button
Seat 1: easy_sarcasm ($178.11 in chips) 
Seat 2: Joe_Li7 ($121.80 in chips) 
Seat 3: Pon4uk.ua ($106.33 in chips) 
Seat 4: tintin641 ($137.83 in chips) 
Seat 5: Trojanovich ($100 in chips) 
Seat 6: Rosebalo ($109.68 in chips) 
easy_sarcasm: posts small blind $0.50
Joe_Li7: posts big blind $1
*** HOLE CARDS ***
Pon4uk.ua: folds 
tintin641: folds 
Trojanovich: raises $1.50 to $2.50
Rosebalo: folds 
easy_sarcasm: folds 
Joe_Li7: folds 
Uncalled bet ($1.50) returned to Trojanovich
Trojanovich collected $2.50 from pot
Trojanovich: doesn't show hand 
*** SUMMARY ***
Total pot $2.50 | Rake $0 
Seat 1: easy_sarcasm (small blind) folded before Flop
Seat 2: Joe_Li7 (big blind) folded before Flop
Seat 3: Pon4uk.ua folded before Flop (didn't bet)
Seat 4: tintin641 folded before Flop (didn't bet)
Seat 5: Trojanovich collected ($2.50)
Seat 6: Rosebalo (button) folded before Flop (didn't bet)



PokerStars Hand #254607297517:  Hold'em No Limit ($0.50/$1.00 USD) - 2025/01/29 15:36:11 WET [2025/01/29 10:36:11 ET]
Table 'Mentor' 6-max Seat #1 is the button
Seat 1: easy_sarcasm ($177.61 in chips) 
Seat 2: Joe_Li7 ($120.80 in chips) 
Seat 3: Pon4uk.ua ($106.33 in chips) 
Seat 4: tintin641 ($137.83 in chips) 
Seat 5: Trojanovich ($101.50 in chips) 
Seat 6: Rosebalo ($109.68 in chips) 
Joe_Li7: posts small blind $0.50
Pon4uk.ua: posts big blind $1
*** HOLE CARDS ***
tintin641: raises $1.50 to $2.50
Trojanovich: folds 
Rosebalo: calls $2.50
easy_sarcasm: folds 
Joe_Li7: folds 
Pon4uk.ua: raises $11.50 to $14
tintin641: folds 
Rosebalo: calls $11.50
*** FLOP *** [Qd 5s 5c]
Pon4uk.ua: bets $7
Rosebalo: calls $7
*** TURN *** [Qd 5s 5c] [6c]
Pon4uk.ua: bets $14.11
Rosebalo has timed out
Rosebalo: folds 
Uncalled bet ($14.11) returned to Pon4uk.ua
Pon4uk.ua collected $42.75 from pot
Pon4uk.ua: doesn't show hand 
*** SUMMARY ***
Total pot $45 | Rake $2.25 
Board [Qd 5s 5c 6c]
Seat 1: easy_sarcasm (button) folded before Flop (didn't bet)
Seat 2: Joe_Li7 (small blind) folded before Flop
Seat 3: Pon4uk.ua (big blind) collected ($42.75)
Seat 4: tintin641 folded before Flop
Seat 5: Trojanovich folded before Flop (didn't bet)
Seat 6: Rosebalo folded on the Turn



PokerStars Hand #254607315241:  Hold'em No Limit ($0.50/$1.00 USD) - 2025/01/29 15:37:36 WET [2025/01/29 10:37:36 ET]
Table 'Mentor' 6-max Seat #2 is the button
Seat 1: easy_sarcasm ($177.61 in chips) 
Seat 2: Joe_Li7 ($120.30 in chips) 
Seat 3: Pon4uk.ua ($128.08 in chips) 
Seat 4: tintin641 ($135.33 in chips) 
Seat 5: Trojanovich ($101.50 in chips) 
Seat 6: Rosebalo ($88.68 in chips) 
Pon4uk.ua: posts small blind $0.50
tintin641: posts big blind $1
*** HOLE CARDS ***
Trojanovich: folds 
Rosebalo: folds 
easy_sarcasm: folds 
Joe_Li7: raises $1.20 to $2.20
Pon4uk.ua: folds 
tintin641: calls $1.20
*** FLOP *** [Ks Kh 4c]
tintin641: checks 
Joe_Li7: bets $1.17
tintin641: raises $3.50 to $4.67
Joe_Li7: folds 
Uncalled bet ($3.50) returned to tintin641
tintin641 collected $6.88 from pot
tintin641: doesn't show hand 
*** SUMMARY ***
Total pot $7.24 | Rake $0.36 
Board [Ks Kh 4c]
Seat 1: easy_sarcasm folded before Flop (didn't bet)
Seat 2: Joe_Li7 (button) folded on the Flop
Seat 3: Pon4uk.ua (small blind) folded before Flop
Seat 4: tintin641 (big blind) collected ($6.88)
Seat 5: Trojanovich folded before Flop (didn't bet)
Seat 6: Rosebalo folded before Flop (didn't bet)



PokerStars Hand #254607326642:  Hold'em No Limit ($0.50/$1.00 USD) - 2025/01/29 15:38:31 WET [2025/01/29 10:38:31 ET]
Table 'Mentor' 6-max Seat #3 is the button
Seat 1: easy_sarcasm ($177.61 in chips) 
Seat 2: Joe_Li7 ($116.93 in chips) 
Seat 3: Pon4uk.ua ($127.58 in chips) 
Seat 4: tintin641 ($138.84 in chips) 
Seat 5: Trojanovich ($101.50 in chips) 
Seat 6: Rosebalo ($88.68 in chips) 
tintin641: posts small blind $0.50
Trojanovich: posts big blind $1
*** HOLE CARDS ***
Rosebalo: folds 
easy_sarcasm: folds 
Joe_Li7: folds 
Pon4uk.ua: raises $1.50 to $2.50
tintin641: folds 
Trojanovich: folds 
Uncalled bet ($1.50) returned to Pon4uk.ua
Pon4uk.ua collected $2.50 from pot
Pon4uk.ua: doesn't show hand 
*** SUMMARY ***
Total pot $2.50 | Rake $0 
Seat 1: easy_sarcasm folded before Flop (didn't bet)
Seat 2: Joe_Li7 folded before Flop (didn't bet)
Seat 3: Pon4uk.ua (button) collected ($2.50)
Seat 4: tintin641 (small blind) folded before Flop
Seat 5: Trojanovich (big blind) folded before Flop
Seat 6: Rosebalo folded before Flop (didn't bet)



PokerStars Hand #254607329413:  Hold'em No Limit ($0.50/$1.00 USD) - 2025/01/29 15:38:44 WET [2025/01/29 10:38:44 ET]
Table 'Mentor' 6-max Seat #4 is the button
Seat 1: easy_sarcasm ($177.61 in chips) 
Seat 2: Joe_Li7 ($116.93 in chips) 
Seat 3: Pon4uk.ua ($129.08 in chips) 
Seat 4: tintin641 ($138.34 in chips) 
Seat 5: Trojanovich ($100.50 in chips) 
Seat 6: Rosebalo ($88.68 in chips) 
Trojanovich: posts small blind $0.50
Rosebalo: posts big blind $1
*** HOLE CARDS ***
easy_sarcasm: folds 
Joe_Li7: raises $1.20 to $2.20
Pon4uk.ua: folds 
tintin641: folds 
Trojanovich: folds 
Rosebalo: calls $1.20
*** FLOP *** [Tc Qd Th]
Rosebalo: checks 
Joe_Li7: bets $1.54
Rosebalo: folds 
Uncalled bet ($1.54) returned to Joe_Li7
Joe_Li7 collected $4.66 from pot
*** SUMMARY ***
Total pot $4.90 | Rake $0.24 
Board [Tc Qd Th]
Seat 1: easy_sarcasm folded before Flop (didn't bet)
Seat 2: Joe_Li7 collected ($4.66)
Seat 3: Pon4uk.ua folded before Flop (didn't bet)
Seat 4: tintin641 (button) folded before Flop (didn't bet)
Seat 5: Trojanovich (small blind) folded before Flop
Seat 6: Rosebalo (big blind) folded on the Flop



PokerStars Hand #254607334434:  Hold'em No Limit ($0.50/$1.00 USD) - 2025/01/29 15:39:09 WET [2025/01/29 10:39:09 ET]
Table 'Mentor' 6-max Seat #5 is the button
Seat 1: easy_sarcasm ($177.61 in chips) 
Seat 2: Joe_Li7 ($119.39 in chips) 
Seat 3: Pon4uk.ua ($129.08 in chips) 
Seat 4: tintin641 ($138.34 in chips) 
Seat 5: Trojanovich ($100 in chips) 
Seat 6: Rosebalo ($86.48 in chips) 
Rosebalo: posts small blind $0.50
easy_sarcasm: posts big blind $1
*** HOLE CARDS ***
Joe_Li7: folds 
Pon4uk.ua: raises $1 to $2
tintin641: raises $5 to $7
Trojanovich: folds 
Rosebalo: folds 
easy_sarcasm: folds 
Pon4uk.ua: calls $5
*** FLOP *** [5c 5h 4d]
Pon4uk.ua: checks 
tintin641: bets $7.36
Pon4uk.ua: calls $7.36
*** TURN *** [5c 5h 4d] [Jc]
Pon4uk.ua: checks 
tintin641: bets $21.53
Pon4uk.ua: folds 
Uncalled bet ($21.53) returned to tintin641
tintin641 collected $28.71 from pot
tintin641: doesn't show hand 
*** SUMMARY ***
Total pot $30.22 | Rake $1.51 
Board [5c 5h 4d Jc]
Seat 1: easy_sarcasm (big blind) folded before Flop
Seat 2: Joe_Li7 folded before Flop (didn't bet)
Seat 3: Pon4uk.ua folded on the Turn
Seat 4: tintin641 collected ($28.71)
Seat 5: Trojanovich (button) folded before Flop (didn't bet)
Seat 6: Rosebalo (small blind) folded before Flop



PokerStars Hand #254607354056:  Hold'em No Limit ($0.50/$1.00 USD) - 2025/01/29 15:40:41 WET [2025/01/29 10:40:41 ET]
Table 'Mentor' 6-max Seat #6 is the button
Seat 1: easy_sarcasm ($176.61 in chips) 
Seat 2: Joe_Li7 ($119.39 in chips) 
Seat 3: Pon4uk.ua ($114.72 in chips) 
Seat 4: tintin641 ($152.69 in chips) 
Seat 5: Trojanovich ($100 in chips) 
Seat 6: Rosebalo ($85.98 in chips) 
easy_sarcasm: posts small blind $0.50
Joe_Li7: posts big blind $1
*** HOLE CARDS ***
Pon4uk.ua: folds 
tintin641: folds 
Trojanovich: folds 
Rosebalo: raises $2.50 to $3.50
easy_sarcasm: folds 
Joe_Li7: folds 
Uncalled bet ($2.50) returned to Rosebalo
Rosebalo collected $2.50 from pot
*** SUMMARY ***
Total pot $2.50 | Rake $0 
Seat 1: easy_sarcasm (small blind) folded before Flop
Seat 2: Joe_Li7 (big blind) folded before Flop
Seat 3: Pon4uk.ua folded before Flop (didn't bet)
Seat 4: tintin641 folded before Flop (didn't bet)
Seat 5: Trojanovich folded before Flop (didn't bet)
Seat 6: Rosebalo (button) collected ($2.50)



PokerStars Hand #254607358357:  Hold'em No Limit ($0.50/$1.00 USD) - 2025/01/29 15:41:02 WET [2025/01/29 10:41:02 ET]
Table 'Mentor' 6-max Seat #1 is the button
Seat 1: easy_sarcasm ($176.11 in chips) 
Seat 2: Joe_Li7 ($118.39 in chips) 
Seat 3: Pon4uk.ua ($114.72 in chips) 
Seat 4: tintin641 ($152.69 in chips) 
Seat 5: Trojanovich ($100 in chips) 
Seat 6: Rosebalo ($87.48 in chips) 
Joe_Li7: posts small blind $0.50
Pon4uk.ua: posts big blind $1
*** HOLE CARDS ***
tintin641: folds 
Trojanovich: raises $1.50 to $2.50
Rosebalo: folds 
easy_sarcasm: folds 
Joe_Li7: folds 
Pon4uk.ua: calls $1.50
*** FLOP *** [8d 4h Qd]
Pon4uk.ua: checks 
Trojanovich: bets $3.92
Pon4uk.ua: folds 
Uncalled bet ($3.92) returned to Trojanovich
Trojanovich collected $5.22 from pot
Trojanovich: doesn't show hand 
*** SUMMARY ***
Total pot $5.50 | Rake $0.28 
Board [8d 4h Qd]
Seat 1: easy_sarcasm (button) folded before Flop (didn't bet)
Seat 2: Joe_Li7 (small blind) folded before Flop
Seat 3: Pon4uk.ua (big blind) folded on the Flop
Seat 4: tintin641 folded before Flop (didn't bet)
Seat 5: Trojanovich collected ($5.22)
Seat 6: Rosebalo folded before Flop (didn't bet)



PokerStars Hand #254607367371:  Hold'em No Limit ($0.50/$1.00 USD) - 2025/01/29 15:41:45 WET [2025/01/29 10:41:45 ET]
Table 'Mentor' 6-max Seat #2 is the button
Seat 1: easy_sarcasm ($176.11 in chips) 
Seat 2: Joe_Li7 ($117.89 in chips) 
Seat 3: Pon4uk.ua ($112.22 in chips) 
Seat 4: tintin641 ($152.69 in chips) 
Seat 5: Trojanovich ($102.72 in chips) 
Seat 6: Rosebalo ($87.48 in chips) 
Pon4uk.ua: posts small blind $0.50
tintin641: posts big blind $1
*** HOLE CARDS ***
Trojanovich: raises $1.50 to $2.50
Rosebalo: calls $2.50
easy_sarcasm: folds 
Joe_Li7: folds 
Pon4uk.ua: folds 
tintin641: folds 
*** FLOP *** [Kd 8h 4h]
Trojanovich: checks 
Rosebalo: bets $6.18
Trojanovich: folds 
Uncalled bet ($6.18) returned to Rosebalo
Rosebalo collected $6.18 from pot
*** SUMMARY ***
Total pot $6.50 | Rake $0.32 
Board [Kd 8h 4h]
Seat 1: easy_sarcasm folded before Flop (didn't bet)
Seat 2: Joe_Li7 (button) folded before Flop (didn't bet)
Seat 3: Pon4uk.ua (small blind) folded before Flop
Seat 4: tintin641 (big blind) folded before Flop
Seat 5: Trojanovich folded on the Flop
Seat 6: Rosebalo collected ($6.18)



PokerStars Hand #254607373121:  Hold'em No Limit ($0.50/$1.00 USD) - 2025/01/29 15:42:12 WET [2025/01/29 10:42:12 ET]
Table 'Mentor' 6-max Seat #3 is the button
Seat 1: easy_sarcasm ($176.11 in chips) 
Seat 2: Joe_Li7 ($117.89 in chips) 
Seat 3: Pon4uk.ua ($111.72 in chips) 
Seat 4: tintin641 ($151.69 in chips) 
Seat 5: Trojanovich ($100.22 in chips) 
Seat 6: Rosebalo ($91.16 in chips) 
tintin641: posts small blind $0.50
Trojanovich: posts big blind $1
*** HOLE CARDS ***
Rosebalo: folds 
easy_sarcasm: folds 
Joe_Li7: folds 
Pon4uk.ua: folds 
tintin641: folds 
Uncalled bet ($0.50) returned to Trojanovich
Trojanovich collected $1 from pot
Trojanovich: doesn't show hand 
*** SUMMARY ***
Total pot $1 | Rake $0 
Seat 1: easy_sarcasm folded before Flop (didn't bet)
Seat 2: Joe_Li7 folded before Flop (didn't bet)
Seat 3: Pon4uk.ua (button) folded before Flop (didn't bet)
Seat 4: tintin641 (small blind) folded before Flop
Seat 5: Trojanovich (big blind) collected ($1)
Seat 6: Rosebalo folded before Flop (didn't bet)



PokerStars Hand #254607375978:  Hold'em No Limit ($0.50/$1.00 USD) - 2025/01/29 15:42:25 WET [2025/01/29 10:42:25 ET]
Table 'Mentor' 6-max Seat #4 is the button
Seat 1: easy_sarcasm ($176.11 in chips) 
Seat 2: Joe_Li7 ($117.89 in chips) 
Seat 3: Pon4uk.ua ($111.72 in chips) 
Seat 4: tintin641 ($151.19 in chips) 
Seat 5: Trojanovich ($100.72 in chips) 
Seat 6: Rosebalo ($91.16 in chips) 
Trojanovich: posts small blind $0.50
Rosebalo: posts big blind $1
*** HOLE CARDS ***
easy_sarcasm: folds 
Joe_Li7: folds 
Pon4uk.ua: raises $1.50 to $2.50
tintin641: folds 
Trojanovich: folds 
Rosebalo: calls $1.50
*** FLOP *** [5h Ac 7d]
Rosebalo: checks 
Pon4uk.ua: bets $1.72
Rosebalo: calls $1.72
*** TURN *** [5h Ac 7d] [Ts]
Rosebalo: checks 
Pon4uk.ua: checks 
*** RIVER *** [5h Ac 7d Ts] [Jd]
Rosebalo: checks 
Pon4uk.ua: checks 
*** SHOW DOWN ***
Rosebalo: shows [7c 8h] (a pair of Sevens)
Pon4uk.ua: mucks hand 
Rosebalo collected $8.49 from pot
*** SUMMARY ***
Total pot $8.94 | Rake $0.45 
Board [5h Ac 7d Ts Jd]
Seat 1: easy_sarcasm folded before Flop (didn't bet)
Seat 2: Joe_Li7 folded before Flop (didn't bet)
Seat 3: Pon4uk.ua mucked
Seat 4: tintin641 (button) folded before Flop (didn't bet)
Seat 5: Trojanovich (small blind) folded before Flop
Seat 6: Rosebalo (big blind) showed [7c 8h] and won ($8.49) with a pair of Sevens



PokerStars Hand #254607388941:  Hold'em No Limit ($0.50/$1.00 USD) - 2025/01/29 15:43:26 WET [2025/01/29 10:43:26 ET]
Table 'Mentor' 6-max Seat #5 is the button
Seat 1: easy_sarcasm ($176.11 in chips) 
Seat 2: Joe_Li7 ($117.89 in chips) 
Seat 3: Pon4uk.ua ($107.50 in chips) 
Seat 4: tintin641 ($151.19 in chips) 
Seat 5: Trojanovich ($100.22 in chips) 
Seat 6: Rosebalo ($95.43 in chips) 
Rosebalo: posts small blind $0.50
easy_sarcasm: posts big blind $1
*** HOLE CARDS ***
Joe_Li7: folds 
Pon4uk.ua: folds 
tintin641: folds 
Trojanovich: folds 
Rosebalo: folds 
Uncalled bet ($0.50) returned to easy_sarcasm
easy_sarcasm collected $1 from pot
*** SUMMARY ***
Total pot $1 | Rake $0 
Seat 1: easy_sarcasm (big blind) collected ($1)
Seat 2: Joe_Li7 folded before Flop (didn't bet)
Seat 3: Pon4uk.ua folded before Flop (didn't bet)
Seat 4: tintin641 folded before Flop (didn't bet)
Seat 5: Trojanovich (button) folded before Flop (didn't bet)
Seat 6: Rosebalo (small blind) folded before Flop



PokerStars Hand #254607391320:  Hold'em No Limit ($0.50/$1.00 USD) - 2025/01/29 15:43:37 WET [2025/01/29 10:43:37 ET]
Table 'Mentor' 6-max Seat #6 is the button
Seat 1: easy_sarcasm ($176.61 in chips) 
Seat 2: Joe_Li7 ($117.89 in chips) 
Seat 3: Pon4uk.ua ($107.50 in chips) 
Seat 4: tintin641 ($151.19 in chips) 
Seat 5: Trojanovich ($100.22 in chips) 
Seat 6: Rosebalo ($94.93 in chips) 
easy_sarcasm: posts small blind $0.50
Joe_Li7: posts big blind $1
*** HOLE CARDS ***
Pon4uk.ua: folds 
tintin641: folds 
Trojanovich: raises $1.50 to $2.50
Rosebalo: folds 
easy_sarcasm: folds 
Joe_Li7: raises $8.50 to $11
Trojanovich: raises $13 to $24
Joe_Li7: folds 
Uncalled bet ($13) returned to Trojanovich
Trojanovich collected $22.50 from pot
Trojanovich: doesn't show hand 
*** SUMMARY ***
Total pot $22.50 | Rake $0 
Seat 1: easy_sarcasm (small blind) folded before Flop
Seat 2: Joe_Li7 (big blind) folded before Flop
Seat 3: Pon4uk.ua folded before Flop (didn't bet)
Seat 4: tintin641 folded before Flop (didn't bet)
Seat 5: Trojanovich collected ($22.50)
Seat 6: Rosebalo (button) folded before Flop (didn't bet)



PokerStars Hand #254607403268:  Hold'em No Limit ($0.50/$1.00 USD) - 2025/01/29 15:44:33 WET [2025/01/29 10:44:33 ET]
Table 'Mentor' 6-max Seat #1 is the button
Seat 1: easy_sarcasm ($176.11 in chips) 
Seat 2: Joe_Li7 ($106.89 in chips) 
Seat 3: Pon4uk.ua ($107.50 in chips) 
Seat 4: tintin641 ($151.19 in chips) 
Seat 5: Trojanovich ($111.72 in chips) 
Seat 6: Rosebalo ($94.93 in chips) 
Joe_Li7: posts small blind $0.50
Pon4uk.ua: posts big blind $1
*** HOLE CARDS ***
tintin641: folds 
Trojanovich: folds 
Rosebalo: folds 
easy_sarcasm: folds 
Joe_Li7: raises $2 to $3
Pon4uk.ua: folds 
Uncalled bet ($2) returned to Joe_Li7
Joe_Li7 collected $2 from pot
*** SUMMARY ***
Total pot $2 | Rake $0 
Seat 1: easy_sarcasm (button) folded before Flop (didn't bet)
Seat 2: Joe_Li7 (small blind) collected ($2)
Seat 3: Pon4uk.ua (big blind) folded before Flop
Seat 4: tintin641 folded before Flop (didn't bet)
Seat 5: Trojanovich folded before Flop (didn't bet)
Seat 6: Rosebalo folded before Flop (didn't bet)



PokerStars Hand #254607407458:  Hold'em No Limit ($0.50/$1.00 USD) - 2025/01/29 15:44:53 WET [2025/01/29 10:44:53 ET]
Table 'Mentor' 6-max Seat #2 is the button
Seat 1: easy_sarcasm ($176.11 in chips) 
Seat 2: Joe_Li7 ($107.89 in chips) 
Seat 3: Pon4uk.ua ($106.50 in chips) 
Seat 4: tintin641 ($151.19 in chips) 
Seat 5: Trojanovich ($111.72 in chips) 
Seat 6: Rosebalo ($94.93 in chips) 
Pon4uk.ua: posts small blind $0.50
tintin641: posts big blind $1
*** HOLE CARDS ***
Trojanovich: folds 
Rosebalo: raises $2.50 to $3.50
easy_sarcasm: raises $5.95 to $9.45
Joe_Li7: folds 
Pon4uk.ua: folds 
tintin641: folds 
Rosebalo: calls $5.95
*** FLOP *** [Ad 9d Qc]
Rosebalo: checks 
easy_sarcasm: bets $9.88
Rosebalo: calls $9.88
*** TURN *** [Ad 9d Qc] [9h]
Rosebalo: checks 
easy_sarcasm: checks 
*** RIVER *** [Ad 9d Qc 9h] [3h]
Rosebalo: checks 
easy_sarcasm: bets $18.50
Rosebalo: calls $18.50
*** SHOW DOWN ***
easy_sarcasm: shows [Td As] (two pair, Aces and Nines)
Rosebalo: shows [Ac 4c] (two pair, Aces and Nines)
Rosebalo collected $37.33 from pot
easy_sarcasm collected $37.33 from pot
*** SUMMARY ***
Total pot $77.16 | Rake $2.50 
Board [Ad 9d Qc 9h 3h]
Seat 1: easy_sarcasm showed [Td As] and won ($37.33) with two pair, Aces and Nines
Seat 2: Joe_Li7 (button) folded before Flop (didn't bet)
Seat 3: Pon4uk.ua (small blind) folded before Flop
Seat 4: tintin641 (big blind) folded before Flop
Seat 5: Trojanovich folded before Flop (didn't bet)
Seat 6: Rosebalo showed [Ac 4c] and won ($37.33) with two pair, Aces and Nines



PokerStars Hand #254607416685:  Hold'em No Limit ($0.50/$1.00 USD) - 2025/01/29 15:45:36 WET [2025/01/29 10:45:36 ET]
Table 'Mentor' 6-max Seat #3 is the button
Seat 1: easy_sarcasm ($175.61 in chips) 
Seat 2: Joe_Li7 ($107.89 in chips) 
Seat 3: Pon4uk.ua ($106 in chips) 
Seat 4: tintin641 ($150.19 in chips) 
Seat 5: Trojanovich ($111.72 in chips) 
Seat 6: Rosebalo ($94.43 in chips) 
tintin641: posts small blind $0.50
Trojanovich: posts big blind $1
*** HOLE CARDS ***
Rosebalo: folds 
easy_sarcasm: folds 
Joe_Li7: folds 
Pon4uk.ua: folds 
tintin641: folds 
Uncalled bet ($0.50) returned to Trojanovich
Trojanovich collected $1 from pot
Trojanovich: doesn't show hand 
*** SUMMARY ***
Total pot $1 | Rake $0 
Seat 1: easy_sarcasm folded before Flop (didn't bet)
Seat 2: Joe_Li7 folded before Flop (didn't bet)
Seat 3: Pon4uk.ua (button) folded before Flop (didn't bet)
Seat 4: tintin641 (small blind) folded before Flop
Seat 5: Trojanovich (big blind) collected ($1)
Seat 6: Rosebalo folded before Flop (didn't bet)



PokerStars Hand #254607420932:  Hold'em No Limit ($0.50/$1.00 USD) - 2025/01/29 15:45:55 WET [2025/01/29 10:45:55 ET]
Table 'Mentor' 6-max Seat #4 is the button
Seat 1: easy_sarcasm ($175.61 in chips) 
Seat 2: Joe_Li7 ($107.89 in chips) 
Seat 3: Pon4uk.ua ($106 in chips) 
Seat 4: tintin641 ($149.69 in chips) 
Seat 5: Trojanovich ($112.22 in chips) 
Seat 6: Rosebalo ($94.43 in chips) 
Trojanovich: posts small blind $0.50
Rosebalo: posts big blind $1
*** HOLE CARDS ***
easy_sarcasm: folds 
Joe_Li7: folds 
Pon4uk.ua: folds 
tintin641: folds 
Trojanovich: folds 
Uncalled bet ($0.50) returned to Rosebalo
Rosebalo collected $1 from pot
*** SUMMARY ***
Total pot $1 | Rake $0 
Seat 1: easy_sarcasm folded before Flop (didn't bet)
Seat 2: Joe_Li7 folded before Flop (didn't bet)
Seat 3: Pon4uk.ua folded before Flop (didn't bet)
Seat 4: tintin641 (button) folded before Flop (didn't bet)
Seat 5: Trojanovich (small blind) folded before Flop
Seat 6: Rosebalo (big blind) collected ($1)



PokerStars Hand #254607423021:  Hold'em No Limit ($0.50/$1.00 USD) - 2025/01/29 15:46:05 WET [2025/01/29 10:46:05 ET]
Table 'Mentor' 6-max Seat #5 is the button
Seat 1: easy_sarcasm ($175.61 in chips) 
Seat 2: Joe_Li7 ($107.89 in chips) 
Seat 3: Pon4uk.ua ($106 in chips) 
Seat 4: tintin641 ($149.69 in chips) 
Seat 5: Trojanovich ($111.72 in chips) 
Seat 6: Rosebalo ($94.93 in chips) 
Rosebalo: posts small blind $0.50
easy_sarcasm: posts big blind $1
*** HOLE CARDS ***
Joe_Li7: raises $1.20 to $2.20
Pon4uk.ua: folds 
tintin641: folds 
Trojanovich: folds 
Rosebalo: calls $1.70
easy_sarcasm: folds 
*** FLOP *** [8h 5h 3c]
Rosebalo: checks 
Joe_Li7: checks 
*** TURN *** [8h 5h 3c] [Kc]
Rosebalo: checks 
Joe_Li7: checks 
*** RIVER *** [8h 5h 3c Kc] [6c]
Rosebalo: bets $2.57
Joe_Li7: calls $2.57
*** SHOW DOWN ***
Rosebalo: shows [Ad 6s] (a pair of Sixes)
Joe_Li7: mucks hand 
Rosebalo collected $10.01 from pot
*** SUMMARY ***
Total pot $10.54 | Rake $0.53 
Board [8h 5h 3c Kc 6c]
Seat 1: easy_sarcasm (big blind) folded before Flop
Seat 2: Joe_Li7 mucked
Seat 3: Pon4uk.ua folded before Flop (didn't bet)
Seat 4: tintin641 folded before Flop (didn't bet)
Seat 5: Trojanovich (button) folded before Flop (didn't bet)
Seat 6: Rosebalo (small blind) showed [Ad 6s] and won ($10.01) with a pair of Sixes



PokerStars Hand #254607436557:  Hold'em No Limit ($0.50/$1.00 USD) - 2025/01/29 15:47:08 WET [2025/01/29 10:47:08 ET]
Table 'Mentor' 6-max Seat #6 is the button
Seat 1: easy_sarcasm ($174.61 in chips) 
Seat 2: Joe_Li7 ($103.12 in chips) 
Seat 3: Pon4uk.ua ($106 in chips) 
Seat 4: tintin641 ($149.69 in chips) 
Seat 5: Trojanovich ($111.72 in chips) 
Seat 6: Rosebalo ($100.17 in chips) 
easy_sarcasm: posts small blind $0.50
Joe_Li7: posts big blind $1
*** HOLE CARDS ***
Pon4uk.ua: folds 
tintin641: folds 
Trojanovich: raises $1.50 to $2.50
Rosebalo: folds 
easy_sarcasm: folds 
Joe_Li7: calls $1.50
*** FLOP *** [5d Kc Jd]
Joe_Li7: checks 
Trojanovich: checks 
*** TURN *** [5d Kc Jd] [7s]
Joe_Li7: checks 
Trojanovich: checks 
*** RIVER *** [5d Kc Jd 7s] [Js]
Joe_Li7: checks 
Trojanovich: checks 
*** SHOW DOWN ***
Joe_Li7: shows [As 6s] (a pair of Jacks)
Trojanovich: shows [4d 4h] (two pair, Jacks and Fours)
Trojanovich collected $5.22 from pot
*** SUMMARY ***
Total pot $5.50 | Rake $0.28 
Board [5d Kc Jd 7s Js]
Seat 1: easy_sarcasm (small blind) folded before Flop
Seat 2: Joe_Li7 (big blind) showed [As 6s] and lost with a pair of Jacks
Seat 3: Pon4uk.ua folded before Flop (didn't bet)
Seat 4: tintin641 folded before Flop (didn't bet)
Seat 5: Trojanovich showed [4d 4h] and won ($5.22) with two pair, Jacks and Fours
Seat 6: Rosebalo (button) folded before Flop (didn't bet)



PokerStars Hand #254607450557:  Hold'em No Limit ($0.50/$1.00 USD) - 2025/01/29 15:48:12 WET [2025/01/29 10:48:12 ET]
Table 'Mentor' 6-max Seat #1 is the button
Seat 1: easy_sarcasm ($174.11 in chips) 
Seat 2: Joe_Li7 ($100.62 in chips) 
Seat 3: Pon4uk.ua ($106 in chips) 
Seat 4: tintin641 ($149.69 in chips) 
Seat 5: Trojanovich ($114.44 in chips) 
Seat 6: Rosebalo ($100.17 in chips) 
Joe_Li7: posts small blind $0.50
Pon4uk.ua: posts big blind $1
*** HOLE CARDS ***
tintin641: folds 
Trojanovich: folds 
Rosebalo: raises $2.50 to $3.50
easy_sarcasm: folds 
Joe_Li7: folds 
Pon4uk.ua: folds 
Uncalled bet ($2.50) returned to Rosebalo
Rosebalo collected $2.50 from pot
*** SUMMARY ***
Total pot $2.50 | Rake $0 
Seat 1: easy_sarcasm (button) folded before Flop (didn't bet)
Seat 2: Joe_Li7 (small blind) folded before Flop
Seat 3: Pon4uk.ua (big blind) folded before Flop
Seat 4: tintin641 folded before Flop (didn't bet)
Seat 5: Trojanovich folded before Flop (didn't bet)
Seat 6: Rosebalo collected ($2.50)



PokerStars Hand #254607454490:  Hold'em No Limit ($0.50/$1.00 USD) - 2025/01/29 15:48:31 WET [2025/01/29 10:48:31 ET]
Table 'Mentor' 6-max Seat #2 is the button
Seat 1: easy_sarcasm ($174.11 in chips) 
Seat 2: Joe_Li7 ($100.12 in chips) 
Seat 3: Pon4uk.ua ($105 in chips) 
Seat 4: tintin641 ($149.69 in chips) 
Seat 5: Trojanovich ($114.44 in chips) 
Seat 6: Rosebalo ($101.67 in chips) 
Pon4uk.ua: posts small blind $0.50
tintin641: posts big blind $1
*** HOLE CARDS ***
Trojanovich: raises $1.50 to $2.50
Rosebalo: raises $6.50 to $9
easy_sarcasm: folds 
Joe_Li7: folds 
Pon4uk.ua: folds 
tintin641: folds 
Trojanovich: folds 
Uncalled bet ($6.50) returned to Rosebalo
Rosebalo collected $6.50 from pot
*** SUMMARY ***
Total pot $6.50 | Rake $0 
Seat 1: easy_sarcasm folded before Flop (didn't bet)
Seat 2: Joe_Li7 (button) folded before Flop (didn't bet)
Seat 3: Pon4uk.ua (small blind) folded before Flop
Seat 4: tintin641 (big blind) folded before Flop
Seat 5: Trojanovich folded before Flop
Seat 6: Rosebalo collected ($6.50)



PokerStars Hand #254607458120:  Hold'em No Limit ($0.50/$1.00 USD) - 2025/01/29 15:48:47 WET [2025/01/29 10:48:47 ET]
Table 'Mentor' 6-max Seat #3 is the button
Seat 1: easy_sarcasm ($174.11 in chips) 
Seat 2: Joe_Li7 ($100.12 in chips) 
Seat 3: Pon4uk.ua ($104.50 in chips) 
Seat 4: tintin641 ($148.69 in chips) 
Seat 5: Trojanovich ($111.94 in chips) 
Seat 6: Rosebalo ($105.67 in chips) 
tintin641: posts small blind $0.50
Trojanovich: posts big blind $1
*** HOLE CARDS ***
Rosebalo: calls $1
easy_sarcasm: folds 
Joe_Li7: raises $3.50 to $4.50
Pon4uk.ua: folds 
tintin641: folds 
Trojanovich: folds 
Rosebalo: calls $3.50
*** FLOP *** [5h 6h Ts]
Rosebalo: checks 
Joe_Li7: checks 
*** TURN *** [5h 6h Ts] [2d]
Rosebalo: bets $10.98
Joe_Li7: folds 
Uncalled bet ($10.98) returned to Rosebalo
Rosebalo collected $9.98 from pot
*** SUMMARY ***
Total pot $10.50 | Rake $0.52 
Board [5h 6h Ts 2d]
Seat 1: easy_sarcasm folded before Flop (didn't bet)
Seat 2: Joe_Li7 folded on the Turn
Seat 3: Pon4uk.ua (button) folded before Flop (didn't bet)
Seat 4: tintin641 (small blind) folded before Flop
Seat 5: Trojanovich (big blind) folded before Flop
Seat 6: Rosebalo collected ($9.98)



PokerStars Hand #254607140968:  Hold'em No Limit ($0.50/$1.00 USD) - 2025/01/29 15:23:34 WET [2025/01/29 10:23:34 ET]
Table 'Mentor' 6-max Seat #1 is the button
Seat 4: tintin641 ($117.27 in chips) is sitting out
Seat 1: easy_sarcasm ($167.34 in chips) 
Seat 2: Joe_Li7 ($102 in chips) 
Seat 3: Pon4uk.ua ($100 in chips) 
Seat 5: Trojanovich ($104 in chips) 
Seat 6: Rosebalo ($166.33 in chips) 
Joe_Li7: posts small blind $0.50
Pon4uk.ua: posts big blind $1
*** HOLE CARDS ***
Trojanovich: raises $1.50 to $2.50
Rosebalo: folds 
easy_sarcasm: folds 
Joe_Li7: folds 
Pon4uk.ua: calls $1.50
*** FLOP *** [2s Kc 2h]
Pon4uk.ua: checks 
Trojanovich: bets $1.30
Pon4uk.ua: calls $1.30
*** TURN *** [2s Kc 2h] [Ts]
Pon4uk.ua: checks 
Trojanovich: bets $11.55
Pon4uk.ua: folds 
Uncalled bet ($11.55) returned to Trojanovich
Trojanovich collected $7.70 from pot
Trojanovich: doesn't show hand 
*** SUMMARY ***
Total pot $8.10 | Rake $0.40 
Board [2s Kc 2h Ts]
Seat 4: tintin641
Seat 1: easy_sarcasm (button) folded before Flop (didn't bet)
Seat 2: Joe_Li7 (small blind) folded before Flop
Seat 3: Pon4uk.ua (big blind) folded on the Turn
Seat 5: Trojanovich collected ($7.70)
Seat 6: Rosebalo folded before Flop (didn't bet)



PokerStars Hand #254607150605:  Hold'em No Limit ($0.50/$1.00 USD) - 2025/01/29 15:24:21 WET [2025/01/29 10:24:21 ET]
Table 'Mentor' 6-max Seat #2 is the button
Seat 4: tintin641 ($117.27 in chips) is sitting out
Seat 1: easy_sarcasm ($167.34 in chips) 
Seat 2: Joe_Li7 ($101.50 in chips) 
Seat 3: Pon4uk.ua ($100 in chips) 
Seat 5: Trojanovich ($107.90 in chips) 
Seat 6: Rosebalo ($166.33 in chips) 
Pon4uk.ua: posts small blind $0.50
Trojanovich: posts big blind $1
*** HOLE CARDS ***
Rosebalo: folds 
easy_sarcasm: raises $2 to $3
Joe_Li7: folds 
Pon4uk.ua: folds 
Trojanovich: folds 
Uncalled bet ($2) returned to easy_sarcasm
easy_sarcasm collected $2.50 from pot
*** SUMMARY ***
Total pot $2.50 | Rake $0 
Seat 4: tintin641
Seat 1: easy_sarcasm collected ($2.50)
Seat 2: Joe_Li7 (button) folded before Flop (didn't bet)
Seat 3: Pon4uk.ua (small blind) folded before Flop
Seat 5: Trojanovich (big blind) folded before Flop
Seat 6: Rosebalo folded before Flop (didn't bet)



PokerStars Hand #254607152696:  Hold'em No Limit ($0.50/$1.00 USD) - 2025/01/29 15:24:32 WET [2025/01/29 10:24:32 ET]
Table 'Mentor' 6-max Seat #3 is the button
Seat 4: tintin641 ($117.27 in chips) is sitting out
Seat 1: easy_sarcasm ($168.84 in chips) 
Seat 2: Joe_Li7 ($101.50 in chips) 
Seat 3: Pon4uk.ua ($100 in chips) 
Seat 5: Trojanovich ($106.90 in chips) 
Seat 6: Rosebalo ($166.33 in chips) 
Trojanovich: posts small blind $0.50
Rosebalo: posts big blind $1
*** HOLE CARDS ***
easy_sarcasm: raises $2 to $3
Joe_Li7: raises $6 to $9
Pon4uk.ua: folds 
Trojanovich: folds 
Rosebalo: folds 
easy_sarcasm: folds 
Uncalled bet ($6) returned to Joe_Li7
Joe_Li7 collected $7.50 from pot
*** SUMMARY ***
Total pot $7.50 | Rake $0 
Seat 4: tintin641
Seat 1: easy_sarcasm folded before Flop
Seat 2: Joe_Li7 collected ($7.50)
Seat 3: Pon4uk.ua (button) folded before Flop (didn't bet)
Seat 5: Trojanovich (small blind) folded before Flop
Seat 6: Rosebalo (big blind) folded before Flop



PokerStars Hand #254607158693:  Hold'em No Limit ($0.50/$1.00 USD) - 2025/01/29 15:25:01 WET [2025/01/29 10:25:01 ET]
Table 'Mentor' 6-max Seat #5 is the button
Seat 4: tintin641 ($117.27 in chips) is sitting out
Seat 1: easy_sarcasm ($165.84 in chips) 
Seat 2: Joe_Li7 ($106 in chips) 
Seat 3: Pon4uk.ua ($100 in chips) 
Seat 5: Trojanovich ($106.40 in chips) 
Seat 6: Rosebalo ($165.33 in chips) 
Rosebalo: posts small blind $0.50
easy_sarcasm: posts big blind $1
*** HOLE CARDS ***
Joe_Li7: folds 
Pon4uk.ua: raises $1.50 to $2.50
Trojanovich: folds 
Rosebalo: folds 
easy_sarcasm: folds 
Uncalled bet ($1.50) returned to Pon4uk.ua
Pon4uk.ua collected $2.50 from pot
Pon4uk.ua: doesn't show hand 
*** SUMMARY ***
Total pot $2.50 | Rake $0 
Seat 4: tintin641
Seat 1: easy_sarcasm (big blind) folded before Flop
Seat 2: Joe_Li7 folded before Flop (didn't bet)
Seat 3: Pon4uk.ua collected ($2.50)
Seat 5: Trojanovich (button) folded before Flop (didn't bet)
Seat 6: Rosebalo (small blind) folded before Flop



PokerStars Hand #254607162679:  Hold'em No Limit ($0.50/$1.00 USD) - 2025/01/29 15:25:21 WET [2025/01/29 10:25:21 ET]
Table 'Mentor' 6-max Seat #6 is the button
Seat 4: tintin641 ($117.27 in chips) is sitting out
Seat 1: easy_sarcasm ($164.84 in chips) 
Seat 2: Joe_Li7 ($106 in chips) 
Seat 3: Pon4uk.ua ($101.50 in chips) 
Seat 5: Trojanovich ($106.40 in chips) 
Seat 6: Rosebalo ($164.83 in chips) 
easy_sarcasm: posts small blind $0.50
Joe_Li7: posts big blind $1
*** HOLE CARDS ***
Pon4uk.ua: folds 
Trojanovich: folds 
Rosebalo: folds 
easy_sarcasm: raises $2 to $3
Joe_Li7: calls $2
*** FLOP *** [Kc 5d Qc]
easy_sarcasm: bets $1.50
Joe_Li7: calls $1.50
*** TURN *** [Kc 5d Qc] [2h]
easy_sarcasm: bets $4.28
Joe_Li7: folds 
Uncalled bet ($4.28) returned to easy_sarcasm
easy_sarcasm collected $8.55 from pot
*** SUMMARY ***
Total pot $9 | Rake $0.45 
Board [Kc 5d Qc 2h]
Seat 4: tintin641
Seat 1: easy_sarcasm (small blind) collected ($8.55)
Seat 2: Joe_Li7 (big blind) folded on the Turn
Seat 3: Pon4uk.ua folded before Flop (didn't bet)
Seat 5: Trojanovich folded before Flop (didn't bet)
Seat 6: Rosebalo (button) folded before Flop (didn't bet)



PokerStars Hand #254607173370:  Hold'em No Limit ($0.50/$1.00 USD) - 2025/01/29 15:26:11 WET [2025/01/29 10:26:11 ET]
Table 'Mentor' 6-max Seat #1 is the button
Seat 4: tintin641 ($117.27 in chips) is sitting out
Seat 1: easy_sarcasm ($168.89 in chips) 
Seat 2: Joe_Li7 ($101.50 in chips) 
Seat 3: Pon4uk.ua ($101.50 in chips) 
Seat 5: Trojanovich ($106.40 in chips) 
Seat 6: Rosebalo ($164.83 in chips) 
Joe_Li7: posts small blind $0.50
Pon4uk.ua: posts big blind $1
tintin641: sits out 
*** HOLE CARDS ***
Trojanovich: folds 
Rosebalo: raises $2.50 to $3.50
easy_sarcasm: folds 
Joe_Li7: raises $9.50 to $13
Pon4uk.ua: folds 
Rosebalo: calls $9.50
*** FLOP *** [6h Kh 7s]
Joe_Li7: bets $12.85
Rosebalo: folds 
Uncalled bet ($12.85) returned to Joe_Li7
Joe_Li7 collected $25.65 from pot
*** SUMMARY ***
Total pot $27 | Rake $1.35 
Board [6h Kh 7s]
Seat 4: tintin641
Seat 1: easy_sarcasm (button) folded before Flop (didn't bet)
Seat 2: Joe_Li7 (small blind) collected ($25.65)
Seat 3: Pon4uk.ua (big blind) folded before Flop
Seat 5: Trojanovich folded before Flop (didn't bet)
Seat 6: Rosebalo folded on the Flop



PokerStars Hand #254607183301:  Hold'em No Limit ($0.50/$1.00 USD) - 2025/01/29 15:27:00 WET [2025/01/29 10:27:00 ET]
Table 'Mentor' 6-max Seat #2 is the button
Seat 1: easy_sarcasm ($168.89 in chips) 
Seat 2: Joe_Li7 ($114.15 in chips) 
Seat 3: Pon4uk.ua ($100.50 in chips) 
Seat 4: tintin641 ($117.27 in chips) 
Seat 5: Trojanovich ($106.40 in chips) 
Seat 6: Rosebalo ($151.83 in chips) 
Pon4uk.ua: posts small blind $0.50
tintin641: posts big blind $1
*** HOLE CARDS ***
Trojanovich: folds 
Rosebalo: raises $3.50 to $4.50
easy_sarcasm: folds 
Joe_Li7: folds 
Pon4uk.ua: folds 
tintin641: folds 
Uncalled bet ($3.50) returned to Rosebalo
Rosebalo collected $2.50 from pot
*** SUMMARY ***
Total pot $2.50 | Rake $0 
Seat 1: easy_sarcasm folded before Flop (didn't bet)
Seat 2: Joe_Li7 (button) folded before Flop (didn't bet)
Seat 3: Pon4uk.ua (small blind) folded before Flop
Seat 4: tintin641 (big blind) folded before Flop
Seat 5: Trojanovich folded before Flop (didn't bet)
Seat 6: Rosebalo collected ($2.50)



PokerStars Hand #254607469394:  Hold'em No Limit ($0.50/$1.00 USD) - 2025/01/29 15:49:39 WET [2025/01/29 10:49:39 ET]
Table 'Mentor' 6-max Seat #4 is the button
Seat 1: easy_sarcasm ($174.11 in chips) 
Seat 2: Joe_Li7 ($100 in chips) 
Seat 3: Pon4uk.ua ($104.50 in chips) 
Seat 4: tintin641 ($148.19 in chips) 
Seat 5: Trojanovich ($110.94 in chips) 
Seat 6: Rosebalo ($111.15 in chips) 
Trojanovich: posts small blind $0.50
Rosebalo: posts big blind $1
*** HOLE CARDS ***
easy_sarcasm: folds 
Joe_Li7: folds 
Pon4uk.ua: raises $1.50 to $2.50
tintin641: folds 
Trojanovich: folds 
Rosebalo: calls $1.50
*** FLOP *** [6s 2h Tc]
Rosebalo: checks 
Pon4uk.ua: bets $2.61
Rosebalo: calls $2.61
*** TURN *** [6s 2h Tc] [Ah]
Rosebalo: checks 
Pon4uk.ua: checks 
*** RIVER *** [6s 2h Tc Ah] [Kc]
Rosebalo: bets $10.18
Pon4uk.ua: folds 
Uncalled bet ($10.18) returned to Rosebalo
Rosebalo collected $10.18 from pot
*** SUMMARY ***
Total pot $10.72 | Rake $0.54 
Board [6s 2h Tc Ah Kc]
Seat 1: easy_sarcasm folded before Flop (didn't bet)
Seat 2: Joe_Li7 folded before Flop (didn't bet)
Seat 3: Pon4uk.ua folded on the River
Seat 4: tintin641 (button) folded before Flop (didn't bet)
Seat 5: Trojanovich (small blind) folded before Flop
Seat 6: Rosebalo (big blind) collected ($10.18)



PokerStars Hand #254607482467:  Hold'em No Limit ($0.50/$1.00 USD) - 2025/01/29 15:50:41 WET [2025/01/29 10:50:41 ET]
Table 'Mentor' 6-max Seat #5 is the button
Seat 1: easy_sarcasm ($174.11 in chips) 
Seat 2: Joe_Li7 ($100 in chips) 
Seat 3: Pon4uk.ua ($100 in chips) 
Seat 4: tintin641 ($148.19 in chips) 
Seat 5: Trojanovich ($110.44 in chips) 
Seat 6: Rosebalo ($116.22 in chips) 
Rosebalo: posts small blind $0.50
easy_sarcasm: posts big blind $1
*** HOLE CARDS ***
Joe_Li7: folds 
Pon4uk.ua: raises $1 to $2
tintin641: folds 
Trojanovich: calls $2
Rosebalo: calls $1.50
easy_sarcasm: calls $1
*** FLOP *** [6d Jc 2c]
Rosebalo: checks 
easy_sarcasm: checks 
Pon4uk.ua: bets $2.51
Trojanovich: calls $2.51
Rosebalo: calls $2.51
easy_sarcasm: folds 
*** TURN *** [6d Jc 2c] [Th]
Rosebalo: checks 
Pon4uk.ua: bets $19.86
Trojanovich: calls $19.86
Rosebalo: folds 
*** RIVER *** [6d Jc 2c Th] [7s]
Pon4uk.ua: checks 
Trojanovich: checks 
*** SHOW DOWN ***
Pon4uk.ua: shows [Qc 9c] (high card Queen)
Trojanovich: shows [Ac Jd] (a pair of Jacks)
Trojanovich collected $52.75 from pot
*** SUMMARY ***
Total pot $55.25 | Rake $2.50 
Board [6d Jc 2c Th 7s]
Seat 1: easy_sarcasm (big blind) folded on the Flop
Seat 2: Joe_Li7 folded before Flop (didn't bet)
Seat 3: Pon4uk.ua showed [Qc 9c] and lost with high card Queen
Seat 4: tintin641 folded before Flop (didn't bet)
Seat 5: Trojanovich (button) showed [Ac Jd] and won ($52.75) with a pair of Jacks
Seat 6: Rosebalo (small blind) folded on the Turn



PokerStars Hand #254607502605:  Hold'em No Limit ($0.50/$1.00 USD) - 2025/01/29 15:52:17 WET [2025/01/29 10:52:17 ET]
Table 'Mentor' 6-max Seat #6 is the button
Seat 1: easy_sarcasm ($172.11 in chips) 
Seat 2: Joe_Li7 ($100 in chips) 
Seat 3: Pon4uk.ua ($100 in chips) 
Seat 4: tintin641 ($148.19 in chips) 
Seat 5: Trojanovich ($138.82 in chips) 
Seat 6: Rosebalo ($111.71 in chips) 
easy_sarcasm: posts small blind $0.50
Joe_Li7: posts big blind $1
*** HOLE CARDS ***
Pon4uk.ua: folds 
tintin641: raises $1.50 to $2.50
Trojanovich: folds 
Rosebalo: calls $2.50
easy_sarcasm: folds 
Joe_Li7: folds 
*** FLOP *** [9c 2s 2h]
tintin641: checks 
Rosebalo: bets $3
tintin641: folds 
Uncalled bet ($3) returned to Rosebalo
Rosebalo collected $6.18 from pot
*** SUMMARY ***
Total pot $6.50 | Rake $0.32 
Board [9c 2s 2h]
Seat 1: easy_sarcasm (small blind) folded before Flop
Seat 2: Joe_Li7 (big blind) folded before Flop
Seat 3: Pon4uk.ua folded before Flop (didn't bet)
Seat 4: tintin641 folded on the Flop
Seat 5: Trojanovich folded before Flop (didn't bet)
Seat 6: Rosebalo (button) collected ($6.18)



PokerStars Hand #254607509886:  Hold'em No Limit ($0.50/$1.00 USD) - 2025/01/29 15:52:52 WET [2025/01/29 10:52:52 ET]
Table 'Mentor' 6-max Seat #1 is the button
Seat 1: easy_sarcasm ($171.61 in chips) 
Seat 2: Joe_Li7 ($100 in chips) 
Seat 3: Pon4uk.ua ($100 in chips) 
Seat 4: tintin641 ($145.69 in chips) 
Seat 5: Trojanovich ($138.82 in chips) 
Seat 6: Rosebalo ($115.39 in chips) 
Joe_Li7: posts small blind $0.50
Pon4uk.ua: posts big blind $1
*** HOLE CARDS ***
tintin641: folds 
Trojanovich: folds 
Rosebalo: folds 
easy_sarcasm: folds 
Joe_Li7: raises $2 to $3
Pon4uk.ua: calls $2
*** FLOP *** [Jh Ah Qs]
Joe_Li7: bets $1.43
Pon4uk.ua: folds 
Uncalled bet ($1.43) returned to Joe_Li7
Joe_Li7 collected $5.70 from pot
*** SUMMARY ***
Total pot $6 | Rake $0.30 
Board [Jh Ah Qs]
Seat 1: easy_sarcasm (button) folded before Flop (didn't bet)
Seat 2: Joe_Li7 (small blind) collected ($5.70)
Seat 3: Pon4uk.ua (big blind) folded on the Flop
Seat 4: tintin641 folded before Flop (didn't bet)
Seat 5: Trojanovich folded before Flop (didn't bet)
Seat 6: Rosebalo folded before Flop (didn't bet)



PokerStars Hand #254607516549:  Hold'em No Limit ($0.50/$1.00 USD) - 2025/01/29 15:53:24 WET [2025/01/29 10:53:24 ET]
Table 'Mentor' 6-max Seat #2 is the button
Seat 1: easy_sarcasm ($171.61 in chips) 
Seat 2: Joe_Li7 ($102.70 in chips) 
Seat 3: Pon4uk.ua ($100 in chips) 
Seat 4: tintin641 ($145.69 in chips) 
Seat 5: Trojanovich ($138.82 in chips) 
Seat 6: Rosebalo ($115.39 in chips) 
Pon4uk.ua: posts small blind $0.50
tintin641: posts big blind $1
*** HOLE CARDS ***
Trojanovich: folds 
Rosebalo: folds 
easy_sarcasm: folds 
Joe_Li7: folds 
Pon4uk.ua: folds 
Uncalled bet ($0.50) returned to tintin641
tintin641 collected $1 from pot
tintin641: doesn't show hand 
*** SUMMARY ***
Total pot $1 | Rake $0 
Seat 1: easy_sarcasm folded before Flop (didn't bet)
Seat 2: Joe_Li7 (button) folded before Flop (didn't bet)
Seat 3: Pon4uk.ua (small blind) folded before Flop
Seat 4: tintin641 (big blind) collected ($1)
Seat 5: Trojanovich folded before Flop (didn't bet)
Seat 6: Rosebalo folded before Flop (didn't bet)



PokerStars Hand #254607520841:  Hold'em No Limit ($0.50/$1.00 USD) - 2025/01/29 15:53:44 WET [2025/01/29 10:53:44 ET]
Table 'Mentor' 6-max Seat #3 is the button
Seat 1: easy_sarcasm ($171.61 in chips) 
Seat 2: Joe_Li7 ($102.70 in chips) 
Seat 3: Pon4uk.ua ($100 in chips) 
Seat 4: tintin641 ($146.19 in chips) 
Seat 5: Trojanovich ($138.82 in chips) 
Seat 6: Rosebalo ($115.39 in chips) 
tintin641: posts small blind $0.50
Trojanovich: posts big blind $1
*** HOLE CARDS ***
Rosebalo: folds 
easy_sarcasm: raises $2 to $3
Joe_Li7: folds 
Pon4uk.ua: folds 
tintin641: folds 
Trojanovich: folds 
Uncalled bet ($2) returned to easy_sarcasm
easy_sarcasm collected $2.50 from pot
*** SUMMARY ***
Total pot $2.50 | Rake $0 
Seat 1: easy_sarcasm collected ($2.50)
Seat 2: Joe_Li7 folded before Flop (didn't bet)
Seat 3: Pon4uk.ua (button) folded before Flop (didn't bet)
Seat 4: tintin641 (small blind) folded before Flop
Seat 5: Trojanovich (big blind) folded before Flop
Seat 6: Rosebalo folded before Flop (didn't bet)



PokerStars Hand #254607525222:  Hold'em No Limit ($0.50/$1.00 USD) - 2025/01/29 15:54:05 WET [2025/01/29 10:54:05 ET]
Table 'Mentor' 6-max Seat #4 is the button
Seat 1: easy_sarcasm ($173.11 in chips) 
Seat 2: Joe_Li7 ($102.70 in chips) 
Seat 3: Pon4uk.ua ($100 in chips) 
Seat 4: tintin641 ($145.69 in chips) 
Seat 5: Trojanovich ($137.82 in chips) 
Seat 6: Rosebalo ($115.39 in chips) 
Trojanovich: posts small blind $0.50
Rosebalo: posts big blind $1
*** HOLE CARDS ***
easy_sarcasm: raises $2 to $3
Joe_Li7: folds 
Pon4uk.ua: folds 
tintin641: folds 
Trojanovich: folds 
Rosebalo: raises $3 to $6
easy_sarcasm: calls $3
*** FLOP *** [Jc 9d Kh]
Rosebalo: bets $5.94
easy_sarcasm: calls $5.94
*** TURN *** [Jc 9d Kh] [7s]
Rosebalo: checks 
easy_sarcasm: checks 
*** RIVER *** [Jc 9d Kh 7s] [9h]
Rosebalo: checks 
easy_sarcasm: checks 
*** SHOW DOWN ***
Rosebalo: shows [8s As] (a pair of Nines)
easy_sarcasm: shows [Jh Ah] (two pair, Jacks and Nines)
easy_sarcasm collected $23.16 from pot
*** SUMMARY ***
Total pot $24.38 | Rake $1.22 
Board [Jc 9d Kh 7s 9h]
Seat 1: easy_sarcasm showed [Jh Ah] and won ($23.16) with two pair, Jacks and Nines
Seat 2: Joe_Li7 folded before Flop (didn't bet)
Seat 3: Pon4uk.ua folded before Flop (didn't bet)
Seat 4: tintin641 (button) folded before Flop (didn't bet)
Seat 5: Trojanovich (small blind) folded before Flop
Seat 6: Rosebalo (big blind) showed [8s As] and lost with a pair of Nines



PokerStars Hand #254607537996:  Hold'em No Limit ($0.50/$1.00 USD) - 2025/01/29 15:55:05 WET [2025/01/29 10:55:05 ET]
Table 'Mentor' 6-max Seat #5 is the button
Seat 1: easy_sarcasm ($184.33 in chips) is sitting out
Seat 2: Joe_Li7 ($102.70 in chips) 
Seat 3: Pon4uk.ua ($100 in chips) 
Seat 4: tintin641 ($145.69 in chips) 
Seat 5: Trojanovich ($137.32 in chips) 
Seat 6: Rosebalo ($103.45 in chips) 
Rosebalo: posts small blind $0.50
easy_sarcasm: is sitting out 
Joe_Li7: posts big blind $1
*** HOLE CARDS ***
easy_sarcasm leaves the table
Pon4uk.ua: raises $1 to $2
tintin641: raises $5 to $7
Trojanovich: folds 
Rosebalo: folds 
Joe_Li7: folds 
Pon4uk.ua: calls $5
*** FLOP *** [Jd 7d As]
Pon4uk.ua: checks 
tintin641: bets $4.86
Pon4uk.ua: calls $4.86
*** TURN *** [Jd 7d As] [Qs]
Pon4uk.ua: checks 
sta$igk joins the table at seat #1 
tintin641: checks 
*** RIVER *** [Jd 7d As Qs] [8c]
Pon4uk.ua: bets $5
tintin641: calls $5
*** SHOW DOWN ***
Pon4uk.ua: shows [Td Ad] (a pair of Aces)
tintin641: shows [Ks Ac] (a pair of Aces - King kicker)
tintin641 collected $33.46 from pot
*** SUMMARY ***
Total pot $35.22 | Rake $1.76 
Board [Jd 7d As Qs 8c]
Seat 1: easy_sarcasm
Seat 2: Joe_Li7 (big blind) folded before Flop
Seat 3: Pon4uk.ua showed [Td Ad] and lost with a pair of Aces
Seat 4: tintin641 showed [Ks Ac] and won ($33.46) with a pair of Aces
Seat 5: Trojanovich (button) folded before Flop (didn't bet)
Seat 6: Rosebalo (small blind) folded before Flop



PokerStars Hand #254607550140:  Hold'em No Limit ($0.50/$1.00 USD) - 2025/01/29 15:56:19 WET [2025/01/29 10:56:19 ET]
Table 'Mentor' 6-max Seat #6 is the button
Seat 1: sta$igk ($100 in chips) is sitting out
Seat 2: Joe_Li7 ($101.70 in chips) 
Seat 3: Pon4uk.ua ($100 in chips) 
Seat 4: tintin641 ($162.29 in chips) 
Seat 5: Trojanovich ($137.32 in chips) 
Seat 6: Rosebalo ($102.95 in chips) 
Joe_Li7: posts small blind $0.50
Pon4uk.ua: posts big blind $1
*** HOLE CARDS ***
tintin641: folds 
Trojanovich: raises $1.50 to $2.50
Rosebalo: folds 
Joe_Li7: raises $8 to $10.50
Pon4uk.ua: folds 
Trojanovich: calls $8
*** FLOP *** [Ts 4c 3h]
Joe_Li7: bets $10.45
Trojanovich: calls $10.45
*** TURN *** [Ts 4c 3h] [8c]
Joe_Li7: checks 
Trojanovich: checks 
*** RIVER *** [Ts 4c 3h 8c] [Qs]
Joe_Li7: bets $13.46
Trojanovich: calls $13.46
*** SHOW DOWN ***
Joe_Li7: shows [Ks Js] (high card King)
Trojanovich: shows [Jh Th] (a pair of Tens)
Trojanovich collected $67.32 from pot
*** SUMMARY ***
Total pot $69.82 | Rake $2.50 
Board [Ts 4c 3h 8c Qs]
Seat 1: sta$igk
Seat 2: Joe_Li7 (small blind) showed [Ks Js] and lost with high card King
Seat 3: Pon4uk.ua (big blind) folded before Flop
Seat 4: tintin641 folded before Flop (didn't bet)
Seat 5: Trojanovich showed [Jh Th] and won ($67.32) with a pair of Tens
Seat 6: Rosebalo (button) folded before Flop (didn't bet)



PokerStars Hand #254607566553:  Hold'em No Limit ($0.50/$1.00 USD) - 2025/01/29 15:57:59 WET [2025/01/29 10:57:59 ET]
Table 'Mentor' 6-max Seat #2 is the button
Seat 1: sta$igk ($100 in chips) is sitting out
Seat 2: Joe_Li7 ($100 in chips) 
Seat 3: Pon4uk.ua ($100 in chips) 
Seat 4: tintin641 ($162.29 in chips) 
Seat 5: Trojanovich ($170.23 in chips) 
Seat 6: Rosebalo ($102.95 in chips) 
Pon4uk.ua: posts small blind $0.50
tintin641: posts big blind $1
sta$igk: sits out 
*** HOLE CARDS ***
Trojanovich: folds 
Rosebalo: raises $2 to $3
Joe_Li7: folds 
Pon4uk.ua: raises $5 to $8
tintin641: folds 
Rosebalo: calls $5
*** FLOP *** [Qd 9c 6h]
Pon4uk.ua: bets $8.08
Rosebalo: calls $8.08
*** TURN *** [Qd 9c 6h] [9s]
Pon4uk.ua: checks 
Rosebalo: checks 
*** RIVER *** [Qd 9c 6h 9s] [Kc]
Pon4uk.ua: bets $10.40
Rosebalo: folds 
Uncalled bet ($10.40) returned to Pon4uk.ua
Pon4uk.ua collected $31.50 from pot
Pon4uk.ua: doesn't show hand 
*** SUMMARY ***
Total pot $33.16 | Rake $1.66 
Board [Qd 9c 6h 9s Kc]
Seat 1: sta$igk
Seat 2: Joe_Li7 (button) folded before Flop (didn't bet)
Seat 3: Pon4uk.ua (small blind) collected ($31.50)
Seat 4: tintin641 (big blind) folded before Flop
Seat 5: Trojanovich folded before Flop (didn't bet)
Seat 6: Rosebalo folded on the River



PokerStars Hand #254607579038:  Hold'em No Limit ($0.50/$1.00 USD) - 2025/01/29 15:59:15 WET [2025/01/29 10:59:15 ET]
Table 'Mentor' 6-max Seat #3 is the button
Seat 1: sta$igk ($100 in chips) is sitting out
Seat 2: Joe_Li7 ($100 in chips) 
Seat 3: Pon4uk.ua ($115.42 in chips) 
Seat 4: tintin641 ($161.29 in chips) 
Seat 5: Trojanovich ($170.23 in chips) 
Seat 6: Rosebalo ($86.87 in chips) 
tintin641: posts small blind $0.50
Trojanovich: posts big blind $1
sta$igk: sits out 
*** HOLE CARDS ***
Rosebalo: calls $1
Joe_Li7: folds 
Pon4uk.ua: folds 
tintin641: raises $4 to $5
Trojanovich: folds 
Rosebalo: raises $81.87 to $86.87 and is all-in
tintin641: folds 
Uncalled bet ($81.87) returned to Rosebalo
Rosebalo collected $11 from pot
*** SUMMARY ***
Total pot $11 | Rake $0 
Seat 1: sta$igk
Seat 2: Joe_Li7 folded before Flop (didn't bet)
Seat 3: Pon4uk.ua (button) folded before Flop (didn't bet)
Seat 4: tintin641 (small blind) folded before Flop
Seat 5: Trojanovich (big blind) folded before Flop
Seat 6: Rosebalo collected ($11)



PokerStars Hand #254607583622:  Hold'em No Limit ($0.50/$1.00 USD) - 2025/01/29 15:59:44 WET [2025/01/29 10:59:44 ET]
Table 'Mentor' 6-max Seat #4 is the button
Seat 1: sta$igk ($100 in chips) is sitting out
Seat 2: Joe_Li7 ($100 in chips) 
Seat 3: Pon4uk.ua ($115.42 in chips) 
Seat 4: tintin641 ($156.29 in chips) 
Seat 5: Trojanovich ($169.23 in chips) 
Seat 6: Rosebalo ($92.87 in chips) 
Trojanovich: posts small blind $0.50
Rosebalo: posts big blind $1
sta$igk: sits out 
*** HOLE CARDS ***
Joe_Li7: folds 
Pon4uk.ua: raises $1.50 to $2.50
tintin641: folds 
Trojanovich: folds 
Rosebalo: folds 
Uncalled bet ($1.50) returned to Pon4uk.ua
Pon4uk.ua collected $2.50 from pot
Pon4uk.ua: doesn't show hand 
*** SUMMARY ***
Total pot $2.50 | Rake $0 
Seat 1: sta$igk
Seat 2: Joe_Li7 folded before Flop (didn't bet)
Seat 3: Pon4uk.ua collected ($2.50)
Seat 4: tintin641 (button) folded before Flop (didn't bet)
Seat 5: Trojanovich (small blind) folded before Flop
Seat 6: Rosebalo (big blind) folded before Flop



PokerStars Hand #254607586542:  Hold'em No Limit ($0.50/$1.00 USD) - 2025/01/29 16:00:01 WET [2025/01/29 11:00:01 ET]
Table 'Mentor' 6-max Seat #5 is the button
Seat 1: sta$igk ($100 in chips) 
Seat 2: Joe_Li7 ($100 in chips) 
Seat 3: Pon4uk.ua ($116.92 in chips) 
Seat 4: tintin641 ($156.29 in chips) 
Seat 5: Trojanovich ($168.73 in chips) 
Seat 6: Rosebalo ($91.87 in chips) 
Rosebalo: posts small blind $0.50
sta$igk: posts big blind $1
*** HOLE CARDS ***
Joe_Li7: folds 
Pon4uk.ua: folds 
tintin641: folds 
Trojanovich: folds 
Rosebalo: raises $2 to $3
sta$igk: calls $2
*** FLOP *** [6s 7h 3d]
Rosebalo: bets $2.85
sta$igk: calls $2.85
*** TURN *** [6s 7h 3d] [Td]
Rosebalo: bets $5.56
sta$igk: raises $13.62 to $19.18
Rosebalo: calls $13.62
*** RIVER *** [6s 7h 3d Td] [4d]
Rosebalo: checks 
sta$igk: checks 
*** SHOW DOWN ***
Rosebalo: shows [Ac Kh] (high card Ace)
sta$igk: shows [Ts Ah] (a pair of Tens)
sta$igk collected $47.56 from pot
*** SUMMARY ***
Total pot $50.06 | Rake $2.50 
Board [6s 7h 3d Td 4d]
Seat 1: sta$igk (big blind) showed [Ts Ah] and won ($47.56) with a pair of Tens
Seat 2: Joe_Li7 folded before Flop (didn't bet)
Seat 3: Pon4uk.ua folded before Flop (didn't bet)
Seat 4: tintin641 folded before Flop (didn't bet)
Seat 5: Trojanovich (button) folded before Flop (didn't bet)
Seat 6: Rosebalo (small blind) showed [Ac Kh] and lost with high card Ace



PokerStars Hand #254607594981:  Hold'em No Limit ($0.50/$1.00 USD) - 2025/01/29 16:00:50 WET [2025/01/29 11:00:50 ET]
Table 'Mentor' 6-max Seat #6 is the button
Seat 1: sta$igk ($122.53 in chips) 
Seat 2: Joe_Li7 ($100 in chips) 
Seat 3: Pon4uk.ua ($116.92 in chips) 
Seat 4: tintin641 ($156.29 in chips) 
Seat 5: Trojanovich ($168.73 in chips) 
Seat 6: Rosebalo ($66.84 in chips) 
sta$igk: posts small blind $0.50
Joe_Li7: posts big blind $1
*** HOLE CARDS ***
Pon4uk.ua: folds 
tintin641: folds 
Trojanovich: raises $1.50 to $2.50
Rosebalo: folds 
sta$igk: raises $8.50 to $11
Joe_Li7: raises $11 to $22
Trojanovich: folds 
sta$igk: folds 
Uncalled bet ($11) returned to Joe_Li7
Joe_Li7 collected $24.50 from pot
*** SUMMARY ***
Total pot $24.50 | Rake $0 
Seat 1: sta$igk (small blind) folded before Flop
Seat 2: Joe_Li7 (big blind) collected ($24.50)
Seat 3: Pon4uk.ua folded before Flop (didn't bet)
Seat 4: tintin641 folded before Flop (didn't bet)
Seat 5: Trojanovich folded before Flop
Seat 6: Rosebalo (button) folded before Flop (didn't bet)



PokerStars Hand #254607604216:  Hold'em No Limit ($0.50/$1.00 USD) - 2025/01/29 16:01:36 WET [2025/01/29 11:01:36 ET]
Table 'Mentor' 6-max Seat #1 is the button
Seat 1: sta$igk ($111.53 in chips) 
Seat 2: Joe_Li7 ($113.50 in chips) 
Seat 3: Pon4uk.ua ($116.92 in chips) 
Seat 4: tintin641 ($156.29 in chips) 
Seat 5: Trojanovich ($166.23 in chips) 
Seat 6: Rosebalo ($66.84 in chips) 
Joe_Li7: posts small blind $0.50
Pon4uk.ua: posts big blind $1
*** HOLE CARDS ***
tintin641: folds 
Trojanovich: folds 
Rosebalo: raises $2 to $3
sta$igk: folds 
Joe_Li7: folds 
Pon4uk.ua: folds 
Uncalled bet ($2) returned to Rosebalo
Rosebalo collected $2.50 from pot
*** SUMMARY ***
Total pot $2.50 | Rake $0 
Seat 1: sta$igk (button) folded before Flop (didn't bet)
Seat 2: Joe_Li7 (small blind) folded before Flop
Seat 3: Pon4uk.ua (big blind) folded before Flop
Seat 4: tintin641 folded before Flop (didn't bet)
Seat 5: Trojanovich folded before Flop (didn't bet)
Seat 6: Rosebalo collected ($2.50)



PokerStars Hand #254607606470:  Hold'em No Limit ($0.50/$1.00 USD) - 2025/01/29 16:01:47 WET [2025/01/29 11:01:47 ET]
Table 'Mentor' 6-max Seat #2 is the button
Seat 1: sta$igk ($111.53 in chips) 
Seat 2: Joe_Li7 ($113 in chips) 
Seat 3: Pon4uk.ua ($115.92 in chips) 
Seat 4: tintin641 ($156.29 in chips) 
Seat 5: Trojanovich ($166.23 in chips) 
Seat 6: Rosebalo ($68.34 in chips) 
Pon4uk.ua: posts small blind $0.50
tintin641: posts big blind $1
*** HOLE CARDS ***
Trojanovich: folds 
Rosebalo: calls $1
sta$igk: folds 
Joe_Li7: folds 
Pon4uk.ua: raises $4 to $5
tintin641: folds 
Rosebalo: calls $4
*** FLOP *** [Ac Qd 4c]
Pon4uk.ua: checks 
Rosebalo: checks 
*** TURN *** [Ac Qd 4c] [9c]
Pon4uk.ua: checks 
Rosebalo: checks 
*** RIVER *** [Ac Qd 4c 9c] [Ts]
Pon4uk.ua: checks 
Rosebalo: checks 
*** SHOW DOWN ***
Pon4uk.ua: shows [Jc Jd] (a pair of Jacks)
Rosebalo: mucks hand 
Pon4uk.ua collected $10.45 from pot
*** SUMMARY ***
Total pot $11 | Rake $0.55 
Board [Ac Qd 4c 9c Ts]
Seat 1: sta$igk folded before Flop (didn't bet)
Seat 2: Joe_Li7 (button) folded before Flop (didn't bet)
Seat 3: Pon4uk.ua (small blind) showed [Jc Jd] and won ($10.45) with a pair of Jacks
Seat 4: tintin641 (big blind) folded before Flop
Seat 5: Trojanovich folded before Flop (didn't bet)
Seat 6: Rosebalo mucked



PokerStars Hand #254607617446:  Hold'em No Limit ($0.50/$1.00 USD) - 2025/01/29 16:02:39 WET [2025/01/29 11:02:39 ET]
Table 'Mentor' 6-max Seat #3 is the button
Seat 1: sta$igk ($111.53 in chips) 
Seat 2: Joe_Li7 ($113 in chips) 
Seat 3: Pon4uk.ua ($121.37 in chips) 
Seat 4: tintin641 ($155.29 in chips) 
Seat 5: Trojanovich ($166.23 in chips) 
Seat 6: Rosebalo ($63.34 in chips) 
tintin641: posts small blind $0.50
Trojanovich: posts big blind $1
*** HOLE CARDS ***
Rosebalo: raises $1 to $2
sta$igk: folds 
Joe_Li7: raises $6 to $8
Pon4uk.ua: folds 
tintin641: folds 
Trojanovich: folds 
Rosebalo: calls $6
*** FLOP *** [2d 2c Ad]
Rosebalo: bets $3.31
Joe_Li7: folds 
Uncalled bet ($3.31) returned to Rosebalo
Rosebalo collected $16.62 from pot
*** SUMMARY ***
Total pot $17.50 | Rake $0.88 
Board [2d 2c Ad]
Seat 1: sta$igk folded before Flop (didn't bet)
Seat 2: Joe_Li7 folded on the Flop
Seat 3: Pon4uk.ua (button) folded before Flop (didn't bet)
Seat 4: tintin641 (small blind) folded before Flop
Seat 5: Trojanovich (big blind) folded before Flop
Seat 6: Rosebalo collected ($16.62)



PokerStars Hand #254607626766:  Hold'em No Limit ($0.50/$1.00 USD) - 2025/01/29 16:03:23 WET [2025/01/29 11:03:23 ET]
Table 'Mentor' 6-max Seat #4 is the button
Seat 1: sta$igk ($111.53 in chips) 
Seat 2: Joe_Li7 ($105 in chips) 
Seat 3: Pon4uk.ua ($121.37 in chips) 
Seat 4: tintin641 ($154.79 in chips) 
Seat 5: Trojanovich ($165.23 in chips) 
Seat 6: Rosebalo ($71.96 in chips) 
Trojanovich: posts small blind $0.50
Rosebalo: posts big blind $1
*** HOLE CARDS ***
sta$igk: raises $1.50 to $2.50
Joe_Li7: folds 
Pon4uk.ua: folds 
tintin641: folds 
Trojanovich: folds 
Rosebalo: calls $1.50
*** FLOP *** [4s 3s Tc]
Rosebalo: checks 
sta$igk: bets $3.92
Rosebalo: folds 
Uncalled bet ($3.92) returned to sta$igk
sta$igk collected $5.22 from pot
sta$igk: doesn't show hand 
*** SUMMARY ***
Total pot $5.50 | Rake $0.28 
Board [4s 3s Tc]
Seat 1: sta$igk collected ($5.22)
Seat 2: Joe_Li7 folded before Flop (didn't bet)
Seat 3: Pon4uk.ua folded before Flop (didn't bet)
Seat 4: tintin641 (button) folded before Flop (didn't bet)
Seat 5: Trojanovich (small blind) folded before Flop
Seat 6: Rosebalo (big blind) folded on the Flop



PokerStars Hand #254607633670:  Hold'em No Limit ($0.50/$1.00 USD) - 2025/01/29 16:03:55 WET [2025/01/29 11:03:55 ET]
Table 'Mentor' 6-max Seat #5 is the button
Seat 1: sta$igk ($114.25 in chips) is sitting out
Seat 2: Joe_Li7 ($105 in chips) 
Seat 3: Pon4uk.ua ($121.37 in chips) 
Seat 4: tintin641 ($154.79 in chips) 
Seat 5: Trojanovich ($164.73 in chips) 
Seat 6: Rosebalo ($69.46 in chips) 
Rosebalo: posts small blind $0.50
sta$igk: is sitting out 
Joe_Li7: posts big blind $1
*** HOLE CARDS ***
sta$igk leaves the table
Pon4uk.ua: folds 
tintin641: raises $1.50 to $2.50
Trojanovich: folds 
Rosebalo: calls $2
Joe_Li7: folds 
*** FLOP *** [5h 8c Jd]
Rosebalo: checks 
tintin641: bets $4.28
S3MPR3IGUAL joins the table at seat #1 
Rosebalo: folds 
Uncalled bet ($4.28) returned to tintin641
tintin641 collected $5.70 from pot
tintin641: doesn't show hand 
*** SUMMARY ***
Total pot $6 | Rake $0.30 
Board [5h 8c Jd]
Seat 1: sta$igk
Seat 2: Joe_Li7 (big blind) folded before Flop
Seat 3: Pon4uk.ua folded before Flop (didn't bet)
Seat 4: tintin641 collected ($5.70)
Seat 5: Trojanovich (button) folded before Flop (didn't bet)
Seat 6: Rosebalo (small blind) folded on the Flop



PokerStars Hand #254607644175:  Hold'em No Limit ($0.50/$1.00 USD) - 2025/01/29 16:04:44 WET [2025/01/29 11:04:44 ET]
Table 'Mentor' 6-max Seat #6 is the button
Seat 1: S3MPR3IGUAL ($100 in chips) is sitting out
Seat 2: Joe_Li7 ($104 in chips) 
Seat 3: Pon4uk.ua ($121.37 in chips) 
Seat 4: tintin641 ($157.99 in chips) 
Seat 5: Trojanovich ($164.73 in chips) 
Seat 6: Rosebalo ($66.96 in chips) 
Joe_Li7: posts small blind $0.50
Pon4uk.ua: posts big blind $1
*** HOLE CARDS ***
tintin641: folds 
Trojanovich: raises $1.50 to $2.50
Rosebalo: folds 
Joe_Li7: folds 
Pon4uk.ua: calls $1.50
*** FLOP *** [Kc 2h Jh]
Pon4uk.ua: checks 
Trojanovich: bets $3.92
Pon4uk.ua: folds 
Uncalled bet ($3.92) returned to Trojanovich
Trojanovich collected $5.22 from pot
Trojanovich: doesn't show hand 
*** SUMMARY ***
Total pot $5.50 | Rake $0.28 
Board [Kc 2h Jh]
Seat 1: S3MPR3IGUAL
Seat 2: Joe_Li7 (small blind) folded before Flop
Seat 3: Pon4uk.ua (big blind) folded on the Flop
Seat 4: tintin641 folded before Flop (didn't bet)
Seat 5: Trojanovich collected ($5.22)
Seat 6: Rosebalo (button) folded before Flop (didn't bet)



PokerStars Hand #254607652833:  Hold'em No Limit ($0.50/$1.00 USD) - 2025/01/29 16:05:24 WET [2025/01/29 11:05:24 ET]
Table 'Mentor' 6-max Seat #2 is the button
Seat 1: S3MPR3IGUAL ($100 in chips) is sitting out
Seat 2: Joe_Li7 ($103.50 in chips) 
Seat 3: Pon4uk.ua ($118.87 in chips) 
Seat 4: tintin641 ($157.99 in chips) 
Seat 5: Trojanovich ($167.45 in chips) 
Seat 6: Rosebalo ($66.96 in chips) 
Pon4uk.ua: posts small blind $0.50
tintin641: posts big blind $1
S3MPR3IGUAL: sits out 
*** HOLE CARDS ***
Trojanovich: folds 
Rosebalo: folds 
Joe_Li7: raises $1.20 to $2.20
Pon4uk.ua: folds 
tintin641: folds 
Uncalled bet ($1.20) returned to Joe_Li7
Joe_Li7 collected $2.50 from pot
*** SUMMARY ***
Total pot $2.50 | Rake $0 
Seat 1: S3MPR3IGUAL
Seat 2: Joe_Li7 (button) collected ($2.50)
Seat 3: Pon4uk.ua (small blind) folded before Flop
Seat 4: tintin641 (big blind) folded before Flop
Seat 5: Trojanovich folded before Flop (didn't bet)
Seat 6: Rosebalo folded before Flop (didn't bet)



PokerStars Hand #254607659137:  Hold'em No Limit ($0.50/$1.00 USD) - 2025/01/29 16:05:53 WET [2025/01/29 11:05:53 ET]
Table 'Mentor' 6-max Seat #3 is the button
Seat 1: S3MPR3IGUAL ($100 in chips) is sitting out
Seat 2: Joe_Li7 ($105 in chips) 
Seat 3: Pon4uk.ua ($118.37 in chips) 
Seat 4: tintin641 ($156.99 in chips) 
Seat 5: Trojanovich ($167.45 in chips) 
Seat 6: Rosebalo ($66.96 in chips) 
tintin641: posts small blind $0.50
Trojanovich: posts big blind $1
S3MPR3IGUAL: sits out 
*** HOLE CARDS ***
Rosebalo: folds 
Joe_Li7: folds 
Pon4uk.ua: raises $1.50 to $2.50
tintin641: folds 
Trojanovich: folds 
Uncalled bet ($1.50) returned to Pon4uk.ua
Pon4uk.ua collected $2.50 from pot
Pon4uk.ua: doesn't show hand 
*** SUMMARY ***
Total pot $2.50 | Rake $0 
Seat 1: S3MPR3IGUAL
Seat 2: Joe_Li7 folded before Flop (didn't bet)
Seat 3: Pon4uk.ua (button) collected ($2.50)
Seat 4: tintin641 (small blind) folded before Flop
Seat 5: Trojanovich (big blind) folded before Flop
Seat 6: Rosebalo folded before Flop (didn't bet)



PokerStars Hand #254607662118:  Hold'em No Limit ($0.50/$1.00 USD) - 2025/01/29 16:06:07 WET [2025/01/29 11:06:07 ET]
Table 'Mentor' 6-max Seat #4 is the button
Seat 1: S3MPR3IGUAL ($100 in chips) is sitting out
Seat 2: Joe_Li7 ($105 in chips) 
Seat 3: Pon4uk.ua ($119.87 in chips) 
Seat 4: tintin641 ($156.49 in chips) 
Seat 5: Trojanovich ($166.45 in chips) 
Seat 6: Rosebalo ($66.96 in chips) 
Trojanovich: posts small blind $0.50
Rosebalo: posts big blind $1
S3MPR3IGUAL: sits out 
*** HOLE CARDS ***
Joe_Li7: folds 
Pon4uk.ua: folds 
tintin641: folds 
Trojanovich: raises $2 to $3
Rosebalo: folds 
Uncalled bet ($2) returned to Trojanovich
Trojanovich collected $2 from pot
Trojanovich: doesn't show hand 
*** SUMMARY ***
Total pot $2 | Rake $0 
Seat 1: S3MPR3IGUAL
Seat 2: Joe_Li7 folded before Flop (didn't bet)
Seat 3: Pon4uk.ua folded before Flop (didn't bet)
Seat 4: tintin641 (button) folded before Flop (didn't bet)
Seat 5: Trojanovich (small blind) collected ($2)
Seat 6: Rosebalo (big blind) folded before Flop



PokerStars Hand #254607667067:  Hold'em No Limit ($0.50/$1.00 USD) - 2025/01/29 16:06:29 WET [2025/01/29 11:06:29 ET]
Table 'Mentor' 6-max Seat #5 is the button
Seat 1: S3MPR3IGUAL ($100 in chips) 
Seat 2: Joe_Li7 ($105 in chips) 
Seat 3: Pon4uk.ua ($119.87 in chips) 
Seat 4: tintin641 ($156.49 in chips) 
Seat 5: Trojanovich ($167.45 in chips) 
Seat 6: Rosebalo ($65.96 in chips) 
Rosebalo: posts small blind $0.50
S3MPR3IGUAL: posts big blind $1
*** HOLE CARDS ***
Joe_Li7: folds 
Pon4uk.ua: folds 
tintin641: folds 
Trojanovich: folds 
Rosebalo: calls $0.50
S3MPR3IGUAL: checks 
*** FLOP *** [5h 3c 6c]
Rosebalo: bets $1.90
S3MPR3IGUAL: calls $1.90
*** TURN *** [5h 3c 6c] [8d]
Rosebalo: bets $5.51
S3MPR3IGUAL: folds 
Uncalled bet ($5.51) returned to Rosebalo
Rosebalo collected $5.51 from pot
*** SUMMARY ***
Total pot $5.80 | Rake $0.29 
Board [5h 3c 6c 8d]
Seat 1: S3MPR3IGUAL (big blind) folded on the Turn
Seat 2: Joe_Li7 folded before Flop (didn't bet)
Seat 3: Pon4uk.ua folded before Flop (didn't bet)
Seat 4: tintin641 folded before Flop (didn't bet)
Seat 5: Trojanovich (button) folded before Flop (didn't bet)
Seat 6: Rosebalo (small blind) collected ($5.51)



PokerStars Hand #254607678653:  Hold'em No Limit ($0.50/$1.00 USD) - 2025/01/29 16:07:23 WET [2025/01/29 11:07:23 ET]
Table 'Mentor' 6-max Seat #6 is the button
Seat 1: S3MPR3IGUAL ($100 in chips) 
Seat 2: Joe_Li7 ($105 in chips) 
Seat 3: Pon4uk.ua ($119.87 in chips) 
Seat 4: tintin641 ($156.49 in chips) 
Seat 5: Trojanovich ($167.45 in chips) 
Seat 6: Rosebalo ($68.57 in chips) 
S3MPR3IGUAL: posts small blind $0.50
Joe_Li7: posts big blind $1
*** HOLE CARDS ***
Pon4uk.ua: raises $1 to $2
tintin641: folds 
Trojanovich: folds 
Rosebalo: raises $5.50 to $7.50
S3MPR3IGUAL: folds 
Joe_Li7: folds 
Pon4uk.ua: raises $10.50 to $18
Rosebalo: raises $50.57 to $68.57 and is all-in
Pon4uk.ua: calls $50.57
*** FLOP *** [Ah 6c 2d]
*** TURN *** [Ah 6c 2d] [2s]
*** RIVER *** [Ah 6c 2d 2s] [Jc]
*** SHOW DOWN ***
Pon4uk.ua: shows [Kd Ks] (two pair, Kings and Deuces)
Rosebalo: shows [Ac Qs] (two pair, Aces and Deuces)
Rosebalo collected $136.14 from pot
*** SUMMARY ***
Total pot $138.64 | Rake $2.50 
Board [Ah 6c 2d 2s Jc]
Seat 1: S3MPR3IGUAL (small blind) folded before Flop
Seat 2: Joe_Li7 (big blind) folded before Flop
Seat 3: Pon4uk.ua showed [Kd Ks] and lost with two pair, Kings and Deuces
Seat 4: tintin641 folded before Flop (didn't bet)
Seat 5: Trojanovich folded before Flop (didn't bet)
Seat 6: Rosebalo (button) showed [Ac Qs] and won ($136.14) with two pair, Aces and Deuces



PokerStars Hand #254607689585:  Hold'em No Limit ($0.50/$1.00 USD) - 2025/01/29 16:08:13 WET [2025/01/29 11:08:13 ET]
Table 'Mentor' 6-max Seat #1 is the button
Seat 1: S3MPR3IGUAL ($100 in chips) 
Seat 2: Joe_Li7 ($104 in chips) 
Seat 3: Pon4uk.ua ($100 in chips) 
Seat 4: tintin641 ($156.49 in chips) 
Seat 5: Trojanovich ($167.45 in chips) 
Seat 6: Rosebalo ($136.14 in chips) 
Joe_Li7: posts small blind $0.50
Pon4uk.ua: posts big blind $1
*** HOLE CARDS ***
tintin641: raises $1.50 to $2.50
Trojanovich: folds 
Rosebalo: folds 
S3MPR3IGUAL: folds 
Joe_Li7: folds 
Pon4uk.ua: folds 
Uncalled bet ($1.50) returned to tintin641
tintin641 collected $2.50 from pot
tintin641: doesn't show hand 
*** SUMMARY ***
Total pot $2.50 | Rake $0 
Seat 1: S3MPR3IGUAL (button) folded before Flop (didn't bet)
Seat 2: Joe_Li7 (small blind) folded before Flop
Seat 3: Pon4uk.ua (big blind) folded before Flop
Seat 4: tintin641 collected ($2.50)
Seat 5: Trojanovich folded before Flop (didn't bet)
Seat 6: Rosebalo folded before Flop (didn't bet)



PokerStars Hand #254607694486:  Hold'em No Limit ($0.50/$1.00 USD) - 2025/01/29 16:08:35 WET [2025/01/29 11:08:35 ET]
Table 'Mentor' 6-max Seat #2 is the button
Seat 1: S3MPR3IGUAL ($100 in chips) 
Seat 2: Joe_Li7 ($103.50 in chips) 
Seat 3: Pon4uk.ua ($100 in chips) 
Seat 4: tintin641 ($157.99 in chips) 
Seat 5: Trojanovich ($167.45 in chips) 
Seat 6: Rosebalo ($136.14 in chips) 
Pon4uk.ua: posts small blind $0.50
tintin641: posts big blind $1
*** HOLE CARDS ***
Trojanovich: raises $1.50 to $2.50
Rosebalo: folds 
S3MPR3IGUAL: raises $5 to $7.50
Joe_Li7: folds 
Pon4uk.ua: calls $7
tintin641: folds 
Trojanovich: folds 
*** FLOP *** [4d Jh 8s]
Pon4uk.ua: checks 
S3MPR3IGUAL: bets $4.40
Pon4uk.ua: folds 
Uncalled bet ($4.40) returned to S3MPR3IGUAL
S3MPR3IGUAL collected $17.58 from pot
S3MPR3IGUAL: doesn't show hand 
*** SUMMARY ***
Total pot $18.50 | Rake $0.92 
Board [4d Jh 8s]
Seat 1: S3MPR3IGUAL collected ($17.58)
Seat 2: Joe_Li7 (button) folded before Flop (didn't bet)
Seat 3: Pon4uk.ua (small blind) folded on the Flop
Seat 4: tintin641 (big blind) folded before Flop
Seat 5: Trojanovich folded before Flop
Seat 6: Rosebalo folded before Flop (didn't bet)



PokerStars Hand #254607705487:  Hold'em No Limit ($0.50/$1.00 USD) - 2025/01/29 16:09:26 WET [2025/01/29 11:09:26 ET]
Table 'Mentor' 6-max Seat #3 is the button
Seat 1: S3MPR3IGUAL ($110.08 in chips) 
Seat 2: Joe_Li7 ($103.50 in chips) 
Seat 3: Pon4uk.ua ($100 in chips) 
Seat 4: tintin641 ($156.99 in chips) 
Seat 5: Trojanovich ($164.95 in chips) 
Seat 6: Rosebalo ($136.14 in chips) 
tintin641: posts small blind $0.50
Trojanovich: posts big blind $1
*** HOLE CARDS ***
Rosebalo: folds 
S3MPR3IGUAL: folds 
Joe_Li7: raises $1.20 to $2.20
Pon4uk.ua: folds 
tintin641: raises $8.80 to $11
Trojanovich: folds 
Joe_Li7: folds 
Uncalled bet ($8.80) returned to tintin641
tintin641 collected $5.40 from pot
tintin641: doesn't show hand 
*** SUMMARY ***
Total pot $5.40 | Rake $0 
Seat 1: S3MPR3IGUAL folded before Flop (didn't bet)
Seat 2: Joe_Li7 folded before Flop
Seat 3: Pon4uk.ua (button) folded before Flop (didn't bet)
Seat 4: tintin641 (small blind) collected ($5.40)
Seat 5: Trojanovich (big blind) folded before Flop
Seat 6: Rosebalo folded before Flop (didn't bet)



PokerStars Hand #254607711859:  Hold'em No Limit ($0.50/$1.00 USD) - 2025/01/29 16:09:56 WET [2025/01/29 11:09:56 ET]
Table 'Mentor' 6-max Seat #4 is the button
Seat 1: S3MPR3IGUAL ($110.08 in chips) 
Seat 2: Joe_Li7 ($101.30 in chips) 
Seat 3: Pon4uk.ua ($100 in chips) 
Seat 4: tintin641 ($160.19 in chips) 
Seat 5: Trojanovich ($163.95 in chips) 
Seat 6: Rosebalo ($136.14 in chips) 
Trojanovich: posts small blind $0.50
Rosebalo: posts big blind $1
*** HOLE CARDS ***
S3MPR3IGUAL: raises $1.20 to $2.20
Joe_Li7: folds 
Pon4uk.ua: raises $4.80 to $7
tintin641: folds 
Trojanovich: raises $13 to $20
Rosebalo: folds 
S3MPR3IGUAL: raises $90.08 to $110.08 and is all-in
Pon4uk.ua: folds 
Trojanovich: folds 
Uncalled bet ($90.08) returned to S3MPR3IGUAL
S3MPR3IGUAL collected $48 from pot
S3MPR3IGUAL: doesn't show hand 
*** SUMMARY ***
Total pot $48 | Rake $0 
Seat 1: S3MPR3IGUAL collected ($48)
Seat 2: Joe_Li7 folded before Flop (didn't bet)
Seat 3: Pon4uk.ua folded before Flop
Seat 4: tintin641 (button) folded before Flop (didn't bet)
Seat 5: Trojanovich (small blind) folded before Flop
Seat 6: Rosebalo (big blind) folded before Flop



PokerStars Hand #254607720530:  Hold'em No Limit ($0.50/$1.00 USD) - 2025/01/29 16:10:35 WET [2025/01/29 11:10:35 ET]
Table 'Mentor' 6-max Seat #5 is the button
Seat 1: S3MPR3IGUAL ($138.08 in chips) 
Seat 2: Joe_Li7 ($101.30 in chips) 
Seat 3: Pon4uk.ua ($100 in chips) 
Seat 4: tintin641 ($160.19 in chips) 
Seat 5: Trojanovich ($143.95 in chips) 
Seat 6: Rosebalo ($135.14 in chips) 
Rosebalo: posts small blind $0.50
S3MPR3IGUAL: posts big blind $1
*** HOLE CARDS ***
Joe_Li7: raises $1.20 to $2.20
Pon4uk.ua: folds 
tintin641: folds 
Trojanovich: folds 
Rosebalo: folds 
S3MPR3IGUAL: calls $1.20
*** FLOP *** [2c Ac 7s]
S3MPR3IGUAL: checks 
Joe_Li7: bets $1.54
S3MPR3IGUAL: calls $1.54
*** TURN *** [2c Ac 7s] [2s]
S3MPR3IGUAL: checks 
Joe_Li7: bets $7.58
S3MPR3IGUAL: folds 
Uncalled bet ($7.58) returned to Joe_Li7
Joe_Li7 collected $7.58 from pot
*** SUMMARY ***
Total pot $7.98 | Rake $0.40 
Board [2c Ac 7s 2s]
Seat 1: S3MPR3IGUAL (big blind) folded on the Turn
Seat 2: Joe_Li7 collected ($7.58)
Seat 3: Pon4uk.ua folded before Flop (didn't bet)
Seat 4: tintin641 folded before Flop (didn't bet)
Seat 5: Trojanovich (button) folded before Flop (didn't bet)
Seat 6: Rosebalo (small blind) folded before Flop



PokerStars Hand #254607735918:  Hold'em No Limit ($0.50/$1.00 USD) - 2025/01/29 16:11:45 WET [2025/01/29 11:11:45 ET]
Table 'Mentor' 6-max Seat #6 is the button
Seat 1: S3MPR3IGUAL ($134.34 in chips) 
Seat 2: Joe_Li7 ($105.14 in chips) 
Seat 3: Pon4uk.ua ($100 in chips) 
Seat 4: tintin641 ($160.19 in chips) 
Seat 5: Trojanovich ($143.95 in chips) 
Seat 6: Rosebalo ($134.64 in chips) 
S3MPR3IGUAL: posts small blind $0.50
Joe_Li7: posts big blind $1
*** HOLE CARDS ***
Pon4uk.ua: folds 
tintin641: folds 
Trojanovich: folds 
Rosebalo: folds 
S3MPR3IGUAL: raises $2 to $3
Joe_Li7: calls $2
*** FLOP *** [2d 5h 4h]
S3MPR3IGUAL: checks 
Joe_Li7: bets $1.88
S3MPR3IGUAL: folds 
Uncalled bet ($1.88) returned to Joe_Li7
Joe_Li7 collected $5.70 from pot
*** SUMMARY ***
Total pot $6 | Rake $0.30 
Board [2d 5h 4h]
Seat 1: S3MPR3IGUAL (small blind) folded on the Flop
Seat 2: Joe_Li7 (big blind) collected ($5.70)
Seat 3: Pon4uk.ua folded before Flop (didn't bet)
Seat 4: tintin641 folded before Flop (didn't bet)
Seat 5: Trojanovich folded before Flop (didn't bet)
Seat 6: Rosebalo (button) folded before Flop (didn't bet)



PokerStars Hand #254607743000:  Hold'em No Limit ($0.50/$1.00 USD) - 2025/01/29 16:12:17 WET [2025/01/29 11:12:17 ET]
Table 'Mentor' 6-max Seat #1 is the button
Seat 1: S3MPR3IGUAL ($131.34 in chips) 
Seat 2: Joe_Li7 ($107.84 in chips) 
Seat 3: Pon4uk.ua ($100 in chips) 
Seat 4: tintin641 ($160.19 in chips) 
Seat 5: Trojanovich ($143.95 in chips) 
Seat 6: Rosebalo ($134.64 in chips) 
Joe_Li7: posts small blind $0.50
Pon4uk.ua: posts big blind $1
*** HOLE CARDS ***
tintin641: raises $1.50 to $2.50
Trojanovich: folds 
Rosebalo: raises $6.50 to $9
S3MPR3IGUAL: folds 
Joe_Li7: folds 
Pon4uk.ua: folds 
tintin641: calls $6.50
*** FLOP *** [2c 6c 6h]
tintin641: checks 
Rosebalo: bets $18.52
tintin641: folds 
Uncalled bet ($18.52) returned to Rosebalo
Rosebalo collected $18.52 from pot
*** SUMMARY ***
Total pot $19.50 | Rake $0.98 
Board [2c 6c 6h]
Seat 1: S3MPR3IGUAL (button) folded before Flop (didn't bet)
Seat 2: Joe_Li7 (small blind) folded before Flop
Seat 3: Pon4uk.ua (big blind) folded before Flop
Seat 4: tintin641 folded on the Flop
Seat 5: Trojanovich folded before Flop (didn't bet)
Seat 6: Rosebalo collected ($18.52)



PokerStars Hand #254607752693:  Hold'em No Limit ($0.50/$1.00 USD) - 2025/01/29 16:13:01 WET [2025/01/29 11:13:01 ET]
Table 'Mentor' 6-max Seat #2 is the button
Seat 1: S3MPR3IGUAL ($131.34 in chips) 
Seat 2: Joe_Li7 ($107.34 in chips) 
Seat 3: Pon4uk.ua ($100 in chips) 
Seat 4: tintin641 ($151.19 in chips) 
Seat 5: Trojanovich ($143.95 in chips) 
Seat 6: Rosebalo ($144.16 in chips) 
Pon4uk.ua: posts small blind $0.50
tintin641: posts big blind $1
*** HOLE CARDS ***
Trojanovich: raises $1.50 to $2.50
Rosebalo: folds 
S3MPR3IGUAL: folds 
Joe_Li7: folds 
Pon4uk.ua: folds 
tintin641: calls $1.50
*** FLOP *** [Th Tc 2c]
tintin641: checks 
Trojanovich: checks 
*** TURN *** [Th Tc 2c] [2s]
tintin641: checks 
Trojanovich: bets $1.72
tintin641: folds 
Uncalled bet ($1.72) returned to Trojanovich
Trojanovich collected $5.22 from pot
Trojanovich: doesn't show hand 
*** SUMMARY ***
Total pot $5.50 | Rake $0.28 
Board [Th Tc 2c 2s]
Seat 1: S3MPR3IGUAL folded before Flop (didn't bet)
Seat 2: Joe_Li7 (button) folded before Flop (didn't bet)
Seat 3: Pon4uk.ua (small blind) folded before Flop
Seat 4: tintin641 (big blind) folded on the Turn
Seat 5: Trojanovich collected ($5.22)
Seat 6: Rosebalo folded before Flop (didn't bet)



PokerStars Hand #254607763233:  Hold'em No Limit ($0.50/$1.00 USD) - 2025/01/29 16:13:48 WET [2025/01/29 11:13:48 ET]
Table 'Mentor' 6-max Seat #3 is the button
Seat 1: S3MPR3IGUAL ($131.34 in chips) 
Seat 2: Joe_Li7 ($107.34 in chips) 
Seat 3: Pon4uk.ua ($100 in chips) 
Seat 4: tintin641 ($148.69 in chips) 
Seat 5: Trojanovich ($146.67 in chips) 
Seat 6: Rosebalo ($144.16 in chips) 
tintin641: posts small blind $0.50
Trojanovich: posts big blind $1
*** HOLE CARDS ***
Rosebalo: raises $2.50 to $3.50
S3MPR3IGUAL: folds 
Joe_Li7: raises $7.50 to $11
Pon4uk.ua: folds 
tintin641: folds 
Trojanovich: folds 
Rosebalo: calls $7.50
*** FLOP *** [3d Ks 8d]
Rosebalo: checks 
Joe_Li7: bets $5.58
Rosebalo: raises $16.74 to $22.32
Joe_Li7: raises $74.02 to $96.34 and is all-in
Rosebalo: calls $74.02
*** TURN *** [3d Ks 8d] [7s]
*** RIVER *** [3d Ks 8d 7s] [9h]
*** SHOW DOWN ***
Rosebalo: shows [Qs 3s] (a pair of Threes)
Joe_Li7: shows [4d Kd] (a pair of Kings)
Joe_Li7 collected $213.68 from pot
Rosebalo cashed out the hand for $34.49 | Cash Out Fee $0.70
*** SUMMARY ***
Total pot $216.18 | Rake $2.50 
Board [3d Ks 8d 7s 9h]
Seat 1: S3MPR3IGUAL folded before Flop (didn't bet)
Seat 2: Joe_Li7 showed [4d Kd] and won ($213.68) with a pair of Kings
Seat 3: Pon4uk.ua (button) folded before Flop (didn't bet)
Seat 4: tintin641 (small blind) folded before Flop
Seat 5: Trojanovich (big blind) folded before Flop
Seat 6: Rosebalo showed [Qs 3s] and lost with a pair of Threes (cashed out).



PokerStars Hand #254607786006:  Hold'em No Limit ($0.50/$1.00 USD) - 2025/01/29 16:15:29 WET [2025/01/29 11:15:29 ET]
Table 'Mentor' 6-max Seat #4 is the button
Seat 1: S3MPR3IGUAL ($131.34 in chips) 
Seat 2: Joe_Li7 ($213.68 in chips) 
Seat 3: Pon4uk.ua ($100 in chips) 
Seat 4: tintin641 ($148.19 in chips) 
Seat 5: Trojanovich ($145.67 in chips) 
Seat 6: Rosebalo ($71.31 in chips) 
Trojanovich: posts small blind $0.50
Rosebalo: posts big blind $1
*** HOLE CARDS ***
S3MPR3IGUAL: folds 
Joe_Li7: folds 
Pon4uk.ua: folds 
tintin641: folds 
Trojanovich: raises $2 to $3
Rosebalo: raises $2 to $5
Trojanovich: calls $2
*** FLOP *** [As 3c Th]
Trojanovich: checks 
Rosebalo: bets $1
Trojanovich: folds 
Uncalled bet ($1) returned to Rosebalo
Rosebalo collected $9.50 from pot
*** SUMMARY ***
Total pot $10 | Rake $0.50 
Board [As 3c Th]
Seat 1: S3MPR3IGUAL folded before Flop (didn't bet)
Seat 2: Joe_Li7 folded before Flop (didn't bet)
Seat 3: Pon4uk.ua folded before Flop (didn't bet)
Seat 4: tintin641 (button) folded before Flop (didn't bet)
Seat 5: Trojanovich (small blind) folded on the Flop
Seat 6: Rosebalo (big blind) collected ($9.50)



PokerStars Hand #254607794574:  Hold'em No Limit ($0.50/$1.00 USD) - 2025/01/29 16:16:07 WET [2025/01/29 11:16:07 ET]
Table 'Mentor' 6-max Seat #5 is the button
Seat 1: S3MPR3IGUAL ($131.34 in chips) 
Seat 2: Joe_Li7 ($213.68 in chips) 
Seat 3: Pon4uk.ua ($100 in chips) 
Seat 4: tintin641 ($148.19 in chips) 
Seat 5: Trojanovich ($140.67 in chips) 
Seat 6: Rosebalo ($75.81 in chips) 
Rosebalo: posts small blind $0.50
S3MPR3IGUAL: posts big blind $1
*** HOLE CARDS ***
Joe_Li7: folds 
Pon4uk.ua: raises $1 to $2
tintin641: folds 
Trojanovich: folds 
Rosebalo: raises $1 to $3
S3MPR3IGUAL: calls $2
Pon4uk.ua: raises $11 to $14
Rosebalo: calls $11
S3MPR3IGUAL: folds 
*** FLOP *** [6h Td 3c]
Rosebalo: checks 
Pon4uk.ua: bets $7
Rosebalo: calls $7
*** TURN *** [6h Td 3c] [Tc]
Rosebalo: checks 
Pon4uk.ua: bets $10
Rosebalo: calls $10
*** RIVER *** [6h Td 3c Tc] [4h]
Rosebalo: checks 
Pon4uk.ua: bets $46.88
Rosebalo has timed out
Rosebalo: folds 
Uncalled bet ($46.88) returned to Pon4uk.ua
Pon4uk.ua collected $62.50 from pot
Pon4uk.ua: doesn't show hand 
*** SUMMARY ***
Total pot $65 | Rake $2.50 
Board [6h Td 3c Tc 4h]
Seat 1: S3MPR3IGUAL (big blind) folded before Flop
Seat 2: Joe_Li7 folded before Flop (didn't bet)
Seat 3: Pon4uk.ua collected ($62.50)
Seat 4: tintin641 folded before Flop (didn't bet)
Seat 5: Trojanovich (button) folded before Flop (didn't bet)
Seat 6: Rosebalo (small blind) folded on the River



PokerStars Hand #254607822929:  Hold'em No Limit ($0.50/$1.00 USD) - 2025/01/29 16:18:13 WET [2025/01/29 11:18:13 ET]
Table 'Mentor' 6-max Seat #6 is the button
Seat 1: S3MPR3IGUAL ($128.34 in chips) 
Seat 2: Joe_Li7 ($213.68 in chips) 
Seat 3: Pon4uk.ua ($131.50 in chips) 
Seat 4: tintin641 ($148.19 in chips) 
Seat 5: Trojanovich ($140.67 in chips) 
Seat 6: Rosebalo ($44.81 in chips) 
S3MPR3IGUAL: posts small blind $0.50
Joe_Li7: posts big blind $1
*** HOLE CARDS ***
Pon4uk.ua: folds 
tintin641: folds 
Trojanovich: folds 
Rosebalo: folds 
S3MPR3IGUAL: folds 
Uncalled bet ($0.50) returned to Joe_Li7
Joe_Li7 collected $1 from pot
*** SUMMARY ***
Total pot $1 | Rake $0 
Seat 1: S3MPR3IGUAL (small blind) folded before Flop
Seat 2: Joe_Li7 (big blind) collected ($1)
Seat 3: Pon4uk.ua folded before Flop (didn't bet)
Seat 4: tintin641 folded before Flop (didn't bet)
Seat 5: Trojanovich folded before Flop (didn't bet)
Seat 6: Rosebalo (button) folded before Flop (didn't bet)



PokerStars Hand #254607825869:  Hold'em No Limit ($0.50/$1.00 USD) - 2025/01/29 16:18:26 WET [2025/01/29 11:18:26 ET]
Table 'Mentor' 6-max Seat #1 is the button
Seat 1: S3MPR3IGUAL ($127.84 in chips) 
Seat 2: Joe_Li7 ($214.18 in chips) 
Seat 3: Pon4uk.ua ($131.50 in chips) 
Seat 4: tintin641 ($148.19 in chips) 
Seat 5: Trojanovich ($140.67 in chips) 
Seat 6: Rosebalo ($44.81 in chips) 
Joe_Li7: posts small blind $0.50
Pon4uk.ua: posts big blind $1
*** HOLE CARDS ***
tintin641: folds 
Trojanovich: folds 
Rosebalo: raises $2.50 to $3.50
S3MPR3IGUAL: raises $7 to $10.50
Joe_Li7: folds 
Pon4uk.ua: folds 
Rosebalo: raises $34.31 to $44.81 and is all-in
S3MPR3IGUAL: calls $34.31
*** FLOP *** [Qh 4s Td]
*** TURN *** [Qh 4s Td] [Jd]
*** RIVER *** [Qh 4s Td Jd] [2c]
*** SHOW DOWN ***
Rosebalo: shows [7d 7s] (a pair of Sevens)
S3MPR3IGUAL: shows [9s 9c] (a pair of Nines)
S3MPR3IGUAL collected $88.62 from pot
*** SUMMARY ***
Total pot $91.12 | Rake $2.50 
Board [Qh 4s Td Jd 2c]
Seat 1: S3MPR3IGUAL (button) showed [9s 9c] and won ($88.62) with a pair of Nines
Seat 2: Joe_Li7 (small blind) folded before Flop
Seat 3: Pon4uk.ua (big blind) folded before Flop
Seat 4: tintin641 folded before Flop (didn't bet)
Seat 5: Trojanovich folded before Flop (didn't bet)
Seat 6: Rosebalo showed [7d 7s] and lost with a pair of Sevens



PokerStars Hand #254607833764:  Hold'em No Limit ($0.50/$1.00 USD) - 2025/01/29 16:19:01 WET [2025/01/29 11:19:01 ET]
Table 'Mentor' 6-max Seat #2 is the button
Seat 6: Rosebalo ($0 in chips) is sitting out
Seat 1: S3MPR3IGUAL ($171.65 in chips) 
Seat 2: Joe_Li7 ($213.68 in chips) 
Seat 3: Pon4uk.ua ($130.50 in chips) 
Seat 4: tintin641 ($148.19 in chips) 
Seat 5: Trojanovich ($140.67 in chips) 
Pon4uk.ua: posts small blind $0.50
tintin641: posts big blind $1
*** HOLE CARDS ***
Trojanovich: folds 
S3MPR3IGUAL: raises $1.20 to $2.20
Joe_Li7: folds 
Pon4uk.ua: folds 
tintin641: calls $1.20
*** FLOP *** [7h Kd 6c]
Rosebalo is disconnected 
tintin641: checks 
S3MPR3IGUAL: checks 
*** TURN *** [7h Kd 6c] [7c]
tintin641: bets $6.99
S3MPR3IGUAL: calls $6.99
*** RIVER *** [7h Kd 6c 7c] [4c]
tintin641: checks 
S3MPR3IGUAL: checks 
*** SHOW DOWN ***
tintin641: shows [9h 8h] (a pair of Sevens)
S3MPR3IGUAL: shows [Ks 9s] (two pair, Kings and Sevens)
S3MPR3IGUAL collected $17.94 from pot
*** SUMMARY ***
Total pot $18.88 | Rake $0.94 
Board [7h Kd 6c 7c 4c]
Seat 6: Rosebalo
Seat 1: S3MPR3IGUAL showed [Ks 9s] and won ($17.94) with two pair, Kings and Sevens
Seat 2: Joe_Li7 (button) folded before Flop (didn't bet)
Seat 3: Pon4uk.ua (small blind) folded before Flop
Seat 4: tintin641 (big blind) showed [9h 8h] and lost with a pair of Sevens
Seat 5: Trojanovich folded before Flop (didn't bet)



PokerStars Hand #254607849675:  Hold'em No Limit ($0.50/$1.00 USD) - 2025/01/29 16:20:11 WET [2025/01/29 11:20:11 ET]
Table 'Mentor' 6-max Seat #3 is the button
Seat 6: Rosebalo ($0 in chips) is sitting out
Seat 1: S3MPR3IGUAL ($180.40 in chips) 
Seat 2: Joe_Li7 ($213.68 in chips) 
Seat 3: Pon4uk.ua ($130 in chips) 
Seat 4: tintin641 ($139 in chips) 
Seat 5: Trojanovich ($140.67 in chips) 
tintin641: posts small blind $0.50
Trojanovich: posts big blind $1
*** HOLE CARDS ***
S3MPR3IGUAL: raises $1.20 to $2.20
Joe_Li7: folds 
Pon4uk.ua: folds 
tintin641: folds 
Trojanovich: calls $1.20
*** FLOP *** [7c 4h 6d]
Trojanovich: checks 
S3MPR3IGUAL: checks 
*** TURN *** [7c 4h 6d] [8h]
Trojanovich: bets $3.50
S3MPR3IGUAL: folds 
Uncalled bet ($3.50) returned to Trojanovich
Trojanovich collected $4.66 from pot
Trojanovich: doesn't show hand 
*** SUMMARY ***
Total pot $4.90 | Rake $0.24 
Board [7c 4h 6d 8h]
Seat 6: Rosebalo
Seat 1: S3MPR3IGUAL folded on the Turn
Seat 2: Joe_Li7 folded before Flop (didn't bet)
Seat 3: Pon4uk.ua (button) folded before Flop (didn't bet)
Seat 4: tintin641 (small blind) folded before Flop
Seat 5: Trojanovich (big blind) collected ($4.66)



PokerStars Hand #254607857553:  Hold'em No Limit ($0.50/$1.00 USD) - 2025/01/29 16:20:46 WET [2025/01/29 11:20:46 ET]
Table 'Mentor' 6-max Seat #4 is the button
Seat 1: S3MPR3IGUAL ($178.20 in chips) is sitting out
Seat 2: Joe_Li7 ($213.68 in chips) is sitting out
Seat 6: Rosebalo ($0 in chips) is sitting out
Seat 3: Pon4uk.ua ($130 in chips) 
Seat 4: tintin641 ($138.50 in chips) 
Seat 5: Trojanovich ($143.13 in chips) 
Trojanovich: posts small blind $0.50
S3MPR3IGUAL: is sitting out 
Joe_Li7: is sitting out 
Pon4uk.ua: posts big blind $1
*** HOLE CARDS ***
tintin641: folds 
Trojanovich: folds 
Uncalled bet ($0.50) returned to Pon4uk.ua
Pon4uk.ua collected $1 from pot
Pon4uk.ua: doesn't show hand 
*** SUMMARY ***
Total pot $1 | Rake $0 
Seat 1: S3MPR3IGUAL
Seat 2: Joe_Li7
Seat 6: Rosebalo
Seat 3: Pon4uk.ua (big blind) collected ($1)
Seat 4: tintin641 (button) folded before Flop (didn't bet)
Seat 5: Trojanovich (small blind) folded before Flop



PokerStars Hand #254607858853:  Hold'em No Limit ($0.50/$1.00 USD) - 2025/01/29 16:20:52 WET [2025/01/29 11:20:52 ET]
Table 'Mentor' 6-max Seat #3 is the button
Seat 1: S3MPR3IGUAL ($178.20 in chips) is sitting out
Seat 2: Joe_Li7 ($213.68 in chips) is sitting out
Seat 4: tintin641 ($138.50 in chips) is sitting out
Seat 6: Rosebalo ($0 in chips) is sitting out
Seat 3: Pon4uk.ua ($130.50 in chips) 
Seat 5: Trojanovich ($142.63 in chips) 
Pon4uk.ua: posts small blind $0.50
tintin641: is sitting out 
Trojanovich: posts big blind $1
*** HOLE CARDS ***
tintin641 leaves the table
Pon4uk.ua: raises $1.50 to $2.50
Trojanovich: calls $1.50
*** FLOP *** [2c 2h 8d]
Trojanovich: checks 
Pon4uk.ua: bets $2.38
Trojanovich: folds 
Uncalled bet ($2.38) returned to Pon4uk.ua
Pon4uk.ua collected $4.75 from pot
Pon4uk.ua: doesn't show hand 
*** SUMMARY ***
Total pot $5 | Rake $0.25 
Board [2c 2h 8d]
Seat 1: S3MPR3IGUAL
Seat 2: Joe_Li7
Seat 4: tintin641
Seat 6: Rosebalo
Seat 3: Pon4uk.ua (button) (small blind) collected ($4.75)
Seat 5: Trojanovich (big blind) folded on the Flop



