PokerStars Hand #254611674213:  Hold'em No Limit ($0.50/$1.00 USD) - 2025/01/29 20:25:39 WET [2025/01/29 15:25:39 ET]
Table 'Euler' 6-max Seat #2 is the button
Seat 1: TCK2 ($10.85 in chips) 
Seat 2: sta$igk ($100 in chips) 
Seat 3: Mr.Taraseus ($100 in chips) 
Seat 5: Diamondplaces ($20.55 in chips) 
Seat 6: AigarsK ($27 in chips) 
Mr.Taraseus: posts small blind $0.50
Diamondplaces: posts big blind $1
*** HOLE CARDS ***
AigarsK: raises $1 to $2
TCK2: folds 
sta$igk: folds 
Mr.Taraseus: folds 
Diamondplaces: folds 
Uncalled bet ($1) returned to AigarsK
AigarsK collected $2.50 from pot
AigarsK: doesn't show hand 
*** SUMMARY ***
Total pot $2.50 | Rake $0 
Seat 1: TCK2 folded before Flop (didn't bet)
Seat 2: sta$igk (button) folded before Flop (didn't bet)
Seat 3: Mr.Taraseus (small blind) folded before Flop
Seat 5: Diamondplaces (big blind) folded before Flop
Seat 6: AigarsK collected ($2.50)



PokerStars Hand #254611678737:  Hold'em No Limit ($0.50/$1.00 USD) - 2025/01/29 20:25:55 WET [2025/01/29 15:25:55 ET]
Table 'Euler' 6-max Seat #3 is the button
Seat 1: TCK2 ($10.85 in chips) 
Seat 2: sta$igk ($100 in chips) 
Seat 3: Mr.Taraseus ($100 in chips) 
Seat 5: Diamondplaces ($19.55 in chips) 
Seat 6: AigarsK ($28.50 in chips) 
Diamondplaces: posts small blind $0.50
AigarsK: posts big blind $1
*** HOLE CARDS ***
TCK2: folds 
sta$igk: raises $1 to $2
Mr.Taraseus: folds 
Diamondplaces: folds 
AigarsK: calls $1
*** FLOP *** [9s 4c 9d]
AigarsK: bets $2
sta$igk: raises $4.50 to $6.50
AigarsK: folds 
Uncalled bet ($4.50) returned to sta$igk
sta$igk collected $8.08 from pot
sta$igk: doesn't show hand 
*** SUMMARY ***
Total pot $8.50 | Rake $0.42 
Board [9s 4c 9d]
Seat 1: TCK2 folded before Flop (didn't bet)
Seat 2: sta$igk collected ($8.08)
Seat 3: Mr.Taraseus (button) folded before Flop (didn't bet)
Seat 5: Diamondplaces (small blind) folded before Flop
Seat 6: AigarsK (big blind) folded on the Flop



PokerStars Hand #254611686256:  Hold'em No Limit ($0.50/$1.00 USD) - 2025/01/29 20:26:21 WET [2025/01/29 15:26:21 ET]
Table 'Euler' 6-max Seat #5 is the button
Seat 1: TCK2 ($10.85 in chips) 
Seat 2: sta$igk ($104.08 in chips) 
Seat 3: Mr.Taraseus ($100 in chips) 
Seat 5: Diamondplaces ($19.05 in chips) 
Seat 6: AigarsK ($24.50 in chips) 
AigarsK: posts small blind $0.50
TCK2: posts big blind $1
*** HOLE CARDS ***
sta$igk: raises $1 to $2
Mr.Taraseus: folds 
Diamondplaces: calls $2
AigarsK: folds 
TCK2: calls $1
*** FLOP *** [7s 8d 6c]
TCK2: checks 
sta$igk: checks 
Diamondplaces: checks 
*** TURN *** [7s 8d 6c] [Qc]
TCK2: checks 
sta$igk: bets $2.04
Diamondplaces: folds 
TCK2: folds 
Uncalled bet ($2.04) returned to sta$igk
sta$igk collected $6.18 from pot
sta$igk: doesn't show hand 
*** SUMMARY ***
Total pot $6.50 | Rake $0.32 
Board [7s 8d 6c Qc]
Seat 1: TCK2 (big blind) folded on the Turn
Seat 2: sta$igk collected ($6.18)
Seat 3: Mr.Taraseus folded before Flop (didn't bet)
Seat 5: Diamondplaces (button) folded on the Turn
Seat 6: AigarsK (small blind) folded before Flop



PokerStars Hand #254611700238:  Hold'em No Limit ($0.50/$1.00 USD) - 2025/01/29 20:27:10 WET [2025/01/29 15:27:10 ET]
Table 'Euler' 6-max Seat #6 is the button
Seat 1: TCK2 ($8.85 in chips) 
Seat 2: sta$igk ($108.26 in chips) 
Seat 3: Mr.Taraseus ($100 in chips) 
Seat 5: Diamondplaces ($17.05 in chips) 
Seat 6: AigarsK ($24 in chips) 
TCK2: posts small blind $0.50
sta$igk: posts big blind $1
*** HOLE CARDS ***
Mr.Taraseus: folds 
Diamondplaces: folds 
Mr.Taraseus leaves the table
AigarsK: raises $2.50 to $3.50
nastja336 joins the table at seat #4 
TCK2: folds 
sta$igk: folds 
Uncalled bet ($2.50) returned to AigarsK
AigarsK collected $2.50 from pot
AigarsK: doesn't show hand 
*** SUMMARY ***
Total pot $2.50 | Rake $0 
Seat 1: TCK2 (small blind) folded before Flop
Seat 2: sta$igk (big blind) folded before Flop
Seat 3: Mr.Taraseus folded before Flop (didn't bet)
Seat 5: Diamondplaces folded before Flop (didn't bet)
Seat 6: AigarsK (button) collected ($2.50)



PokerStars Hand #254611705564:  Hold'em No Limit ($0.50/$1.00 USD) - 2025/01/29 20:27:29 WET [2025/01/29 15:27:29 ET]
Table 'Euler' 6-max Seat #1 is the button
Seat 1: TCK2 ($8.35 in chips) 
Seat 2: sta$igk ($107.26 in chips) 
Seat 4: nastja336 ($100 in chips) 
Seat 5: Diamondplaces ($17.05 in chips) 
Seat 6: AigarsK ($25.50 in chips) 
sta$igk: posts small blind $0.50
nastja336: posts big blind $1
*** HOLE CARDS ***
Diamondplaces: folds 
AigarsK: folds 
prodeaalin joins the table at seat #3 
prodeaalin is disconnected 
TCK2: folds 
sta$igk: folds 
Uncalled bet ($0.50) returned to nastja336
nastja336 collected $1 from pot
nastja336: doesn't show hand 
*** SUMMARY ***
Total pot $1 | Rake $0 
Seat 1: TCK2 (button) folded before Flop (didn't bet)
Seat 2: sta$igk (small blind) folded before Flop
Seat 4: nastja336 (big blind) collected ($1)
Seat 5: Diamondplaces folded before Flop (didn't bet)
Seat 6: AigarsK folded before Flop (didn't bet)



PokerStars Hand #254611708825:  Hold'em No Limit ($0.50/$1.00 USD) - 2025/01/29 20:27:40 WET [2025/01/29 15:27:40 ET]
Table 'Euler' 6-max Seat #2 is the button
Seat 3: prodeaalin ($22.77 in chips) is sitting out
Seat 1: TCK2 ($8.35 in chips) 
Seat 2: sta$igk ($106.76 in chips) 
Seat 4: nastja336 ($100.50 in chips) 
Seat 5: Diamondplaces ($17.05 in chips) 
Seat 6: AigarsK ($25.50 in chips) 
nastja336: posts small blind $0.50
Diamondplaces: posts big blind $1
*** HOLE CARDS ***
AigarsK: folds 
TCK2: folds 
sta$igk: folds 
nastja336: raises $2 to $3
Diamondplaces: folds 
Uncalled bet ($2) returned to nastja336
nastja336 collected $2 from pot
nastja336: doesn't show hand 
*** SUMMARY ***
Total pot $2 | Rake $0 
Seat 3: prodeaalin
Seat 1: TCK2 folded before Flop (didn't bet)
Seat 2: sta$igk (button) folded before Flop (didn't bet)
Seat 4: nastja336 (small blind) collected ($2)
Seat 5: Diamondplaces (big blind) folded before Flop
Seat 6: AigarsK folded before Flop (didn't bet)



PokerStars Hand #254611714416:  Hold'em No Limit ($0.50/$1.00 USD) - 2025/01/29 20:28:00 WET [2025/01/29 15:28:00 ET]
Table 'Euler' 6-max Seat #4 is the button
Seat 1: TCK2 ($8.35 in chips) 
Seat 2: sta$igk ($106.76 in chips) 
Seat 3: prodeaalin ($22.77 in chips) 
Seat 4: nastja336 ($101.50 in chips) 
Seat 5: Diamondplaces ($16.05 in chips) 
Seat 6: AigarsK ($25.50 in chips) 
Diamondplaces: posts small blind $0.50
AigarsK: posts big blind $1
prodeaalin: posts big blind $1
*** HOLE CARDS ***
TCK2: folds 
sta$igk: raises $3 to $4
prodeaalin: calls $3
nastja336: folds 
Diamondplaces: folds 
AigarsK: folds 
*** FLOP *** [3d Th 5s]
sta$igk: checks 
prodeaalin: bets $9.02
sta$igk: raises $93.74 to $102.76 and is all-in
prodeaalin: calls $9.75 and is all-in
Uncalled bet ($83.99) returned to sta$igk
*** TURN *** [3d Th 5s] [2h]
*** RIVER *** [3d Th 5s 2h] [Ah]
*** SHOW DOWN ***
sta$igk: shows [Ac As] (three of a kind, Aces)
prodeaalin: shows [Ts 9d] (a pair of Tens)
sta$igk collected $44.69 from pot
*** SUMMARY ***
Total pot $47.04 | Rake $2.35 
Board [3d Th 5s 2h Ah]
Seat 1: TCK2 folded before Flop (didn't bet)
Seat 2: sta$igk showed [Ac As] and won ($44.69) with three of a kind, Aces
Seat 3: prodeaalin showed [Ts 9d] and lost with a pair of Tens
Seat 4: nastja336 (button) folded before Flop (didn't bet)
Seat 5: Diamondplaces (small blind) folded before Flop
Seat 6: AigarsK (big blind) folded before Flop



PokerStars Hand #254611729724:  Hold'em No Limit ($0.50/$1.00 USD) - 2025/01/29 20:28:53 WET [2025/01/29 15:28:53 ET]
Table 'Euler' 6-max Seat #5 is the button
Seat 3: prodeaalin ($0 in chips) is sitting out
Seat 1: TCK2 ($8.35 in chips) 
Seat 2: sta$igk ($128.68 in chips) 
Seat 4: nastja336 ($101.50 in chips) 
Seat 5: Diamondplaces ($15.55 in chips) 
Seat 6: AigarsK ($24.50 in chips) 
AigarsK: posts small blind $0.50
TCK2: posts big blind $1
*** HOLE CARDS ***
sta$igk: folds 
nastja336: folds 
Diamondplaces: folds 
AigarsK: raises $2 to $3
TCK2: folds 
Uncalled bet ($2) returned to AigarsK
AigarsK collected $2 from pot
AigarsK: doesn't show hand 
*** SUMMARY ***
Total pot $2 | Rake $0 
Seat 3: prodeaalin
Seat 1: TCK2 (big blind) folded before Flop
Seat 2: sta$igk folded before Flop (didn't bet)
Seat 4: nastja336 folded before Flop (didn't bet)
Seat 5: Diamondplaces (button) folded before Flop (didn't bet)
Seat 6: AigarsK (small blind) collected ($2)



PokerStars Hand #254611737110:  Hold'em No Limit ($0.50/$1.00 USD) - 2025/01/29 20:29:19 WET [2025/01/29 15:29:19 ET]
Table 'Euler' 6-max Seat #6 is the button
Seat 1: TCK2 ($7.35 in chips) 
Seat 2: sta$igk ($128.68 in chips) 
Seat 3: prodeaalin ($59.80 in chips) 
Seat 4: nastja336 ($101.50 in chips) 
Seat 5: Diamondplaces ($15.55 in chips) 
Seat 6: AigarsK ($25.50 in chips) 
TCK2: posts small blind $0.50
sta$igk: posts big blind $1
*** HOLE CARDS ***
prodeaalin: calls $1
nastja336: folds 
Diamondplaces: folds 
AigarsK: folds 
TCK2: calls $0.50
sta$igk: checks 
*** FLOP *** [5h Qh 6s]
TCK2: bets $2.43
sta$igk: folds 
prodeaalin: calls $2.43
*** TURN *** [5h Qh 6s] [Kh]
TCK2: bets $3.92 and is all-in
prodeaalin: calls $3.92
*** RIVER *** [5h Qh 6s Kh] [6c]
*** SHOW DOWN ***
TCK2: shows [Kc Qd] (two pair, Kings and Queens)
prodeaalin: shows [5d Ks] (two pair, Kings and Sixes)
TCK2 collected $14.92 from pot
*** SUMMARY ***
Total pot $15.70 | Rake $0.78 
Board [5h Qh 6s Kh 6c]
Seat 1: TCK2 (small blind) showed [Kc Qd] and won ($14.92) with two pair, Kings and Queens
Seat 2: sta$igk (big blind) folded on the Flop
Seat 3: prodeaalin showed [5d Ks] and lost with two pair, Kings and Sixes
Seat 4: nastja336 folded before Flop (didn't bet)
Seat 5: Diamondplaces folded before Flop (didn't bet)
Seat 6: AigarsK (button) folded before Flop (didn't bet)



PokerStars Hand #254611746404:  Hold'em No Limit ($0.50/$1.00 USD) - 2025/01/29 20:29:51 WET [2025/01/29 15:29:51 ET]
Table 'Euler' 6-max Seat #1 is the button
Seat 1: TCK2 ($14.92 in chips) 
Seat 2: sta$igk ($127.68 in chips) 
Seat 3: prodeaalin ($52.45 in chips) 
Seat 4: nastja336 ($101.50 in chips) 
Seat 5: Diamondplaces ($15.55 in chips) 
Seat 6: AigarsK ($25.50 in chips) 
sta$igk: posts small blind $0.50
prodeaalin: posts big blind $1
*** HOLE CARDS ***
nastja336: folds 
Diamondplaces: folds 
AigarsK: raises $2.50 to $3.50
TCK2: folds 
sta$igk: folds 
prodeaalin: calls $2.50
*** FLOP *** [4s Kh 6h]
prodeaalin: checks 
AigarsK: checks 
*** TURN *** [4s Kh 6h] [6s]
prodeaalin: bets $3
AigarsK: calls $3
*** RIVER *** [4s Kh 6h 6s] [Td]
prodeaalin: bets $6
AigarsK: calls $6
*** SHOW DOWN ***
prodeaalin: shows [Ks 7d] (two pair, Kings and Sixes)
AigarsK: mucks hand 
prodeaalin collected $24.22 from pot
*** SUMMARY ***
Total pot $25.50 | Rake $1.28 
Board [4s Kh 6h 6s Td]
Seat 1: TCK2 (button) folded before Flop (didn't bet)
Seat 2: sta$igk (small blind) folded before Flop
Seat 3: prodeaalin (big blind) showed [Ks 7d] and won ($24.22) with two pair, Kings and Sixes
Seat 4: nastja336 folded before Flop (didn't bet)
Seat 5: Diamondplaces folded before Flop (didn't bet)
Seat 6: AigarsK mucked



PokerStars Hand #254611759070:  Hold'em No Limit ($0.50/$1.00 USD) - 2025/01/29 20:30:35 WET [2025/01/29 15:30:35 ET]
Table 'Euler' 6-max Seat #2 is the button
Seat 1: TCK2 ($14.92 in chips) 
Seat 2: sta$igk ($127.18 in chips) 
Seat 3: prodeaalin ($64.17 in chips) 
Seat 4: nastja336 ($101.50 in chips) 
Seat 5: Diamondplaces ($15.55 in chips) 
Seat 6: AigarsK ($13 in chips) 
prodeaalin: posts small blind $0.50
nastja336: posts big blind $1
*** HOLE CARDS ***
Diamondplaces: folds 
AigarsK: folds 
AigarsK leaves the table
TCK2: folds 
sta$igk: folds 
prodeaalin: raises $2 to $3
nastja336: folds 
Uncalled bet ($2) returned to prodeaalin
prodeaalin collected $2 from pot
*** SUMMARY ***
Total pot $2 | Rake $0 
Seat 1: TCK2 folded before Flop (didn't bet)
Seat 2: sta$igk (button) folded before Flop (didn't bet)
Seat 3: prodeaalin (small blind) collected ($2)
Seat 4: nastja336 (big blind) folded before Flop
Seat 5: Diamondplaces folded before Flop (didn't bet)
Seat 6: AigarsK folded before Flop (didn't bet)



PokerStars Hand #254611766832:  Hold'em No Limit ($0.50/$1.00 USD) - 2025/01/29 20:31:02 WET [2025/01/29 15:31:02 ET]
Table 'Euler' 6-max Seat #3 is the button
Seat 1: TCK2 ($14.92 in chips) 
Seat 2: sta$igk ($127.18 in chips) 
Seat 3: prodeaalin ($65.17 in chips) 
Seat 4: nastja336 ($100.50 in chips) 
Seat 5: Diamondplaces ($15.55 in chips) 
nastja336: posts small blind $0.50
Diamondplaces: posts big blind $1
*** HOLE CARDS ***
TCK2: folds 
sta$igk: folds 
prodeaalin: raises $1 to $2
nastja336: calls $1.50
Diamondplaces: folds 
*** FLOP *** [Td 5s 2d]
nastja336: checks 
prodeaalin: checks 
*** TURN *** [Td 5s 2d] [Ah]
henri789 joins the table at seat #6 
nastja336: checks 
prodeaalin: checks 
*** RIVER *** [Td 5s 2d Ah] [8s]
nastja336: checks 
prodeaalin: checks 
*** SHOW DOWN ***
nastja336: shows [Kh 8h] (a pair of Eights)
prodeaalin: mucks hand 
nastja336 collected $4.75 from pot
*** SUMMARY ***
Total pot $5 | Rake $0.25 
Board [Td 5s 2d Ah 8s]
Seat 1: TCK2 folded before Flop (didn't bet)
Seat 2: sta$igk folded before Flop (didn't bet)
Seat 3: prodeaalin (button) mucked
Seat 4: nastja336 (small blind) showed [Kh 8h] and won ($4.75) with a pair of Eights
Seat 5: Diamondplaces (big blind) folded before Flop



PokerStars Hand #254611778481:  Hold'em No Limit ($0.50/$1.00 USD) - 2025/01/29 20:31:42 WET [2025/01/29 15:31:42 ET]
Table 'Euler' 6-max Seat #4 is the button
Seat 1: TCK2 ($14.92 in chips) 
Seat 2: sta$igk ($127.18 in chips) 
Seat 3: prodeaalin ($63.17 in chips) 
Seat 4: nastja336 ($103.25 in chips) 
Seat 5: Diamondplaces ($14.55 in chips) 
Seat 6: henri789 ($100 in chips) 
Diamondplaces: posts small blind $0.50
henri789: posts big blind $1
*** HOLE CARDS ***
TCK2: folds 
sta$igk: folds 
prodeaalin: calls $1
nastja336: folds 
Diamondplaces: calls $0.50
henri789: checks 
*** FLOP *** [7d 6d Jd]
Diamondplaces: checks 
henri789: checks 
prodeaalin: bets $1
Diamondplaces: calls $1
henri789: folds 
*** TURN *** [7d 6d Jd] [7c]
Diamondplaces: checks 
prodeaalin: bets $2
Diamondplaces: calls $2
*** RIVER *** [7d 6d Jd 7c] [Ts]
Diamondplaces: checks 
prodeaalin: bets $7.55
Diamondplaces: folds 
Uncalled bet ($7.55) returned to prodeaalin
prodeaalin collected $8.55 from pot
*** SUMMARY ***
Total pot $9 | Rake $0.45 
Board [7d 6d Jd 7c Ts]
Seat 1: TCK2 folded before Flop (didn't bet)
Seat 2: sta$igk folded before Flop (didn't bet)
Seat 3: prodeaalin collected ($8.55)
Seat 4: nastja336 (button) folded before Flop (didn't bet)
Seat 5: Diamondplaces (small blind) folded on the River
Seat 6: henri789 (big blind) folded on the Flop



PokerStars Hand #254611794593:  Hold'em No Limit ($0.50/$1.00 USD) - 2025/01/29 20:32:38 WET [2025/01/29 15:32:38 ET]
Table 'Euler' 6-max Seat #5 is the button
Seat 1: TCK2 ($14.92 in chips) is sitting out
Seat 2: sta$igk ($127.18 in chips) 
Seat 3: prodeaalin ($67.72 in chips) 
Seat 4: nastja336 ($103.25 in chips) 
Seat 5: Diamondplaces ($10.55 in chips) 
Seat 6: henri789 ($100 in chips) 
henri789: posts small blind $0.50
TCK2: is sitting out 
sta$igk: posts big blind $1
*** HOLE CARDS ***
prodeaalin: folds 
nastja336: folds 
TCK2 leaves the table
Diamondplaces: folds 
henri789: raises $2 to $3
sta$igk: folds 
Uncalled bet ($2) returned to henri789
henri789 collected $2 from pot
henri789: doesn't show hand 
*** SUMMARY ***
Total pot $2 | Rake $0 
Seat 1: TCK2
Seat 2: sta$igk (big blind) folded before Flop
Seat 3: prodeaalin folded before Flop (didn't bet)
Seat 4: nastja336 folded before Flop (didn't bet)
Seat 5: Diamondplaces (button) folded before Flop (didn't bet)
Seat 6: henri789 (small blind) collected ($2)



PokerStars Hand #254611799473:  Hold'em No Limit ($0.50/$1.00 USD) - 2025/01/29 20:32:56 WET [2025/01/29 15:32:56 ET]
Table 'Euler' 6-max Seat #6 is the button
Seat 2: sta$igk ($126.18 in chips) 
Seat 3: prodeaalin ($67.72 in chips) 
Seat 4: nastja336 ($103.25 in chips) 
Seat 5: Diamondplaces ($10.55 in chips) 
Seat 6: henri789 ($101 in chips) 
sta$igk: posts small blind $0.50
prodeaalin: posts big blind $1
*** HOLE CARDS ***
nastja336: raises $1.50 to $2.50
Diamondplaces: folds 
henri789: folds 
sta$igk: folds 
prodeaalin: calls $1.50
*** FLOP *** [Td 7s Jh]
XneferX joins the table at seat #1 
prodeaalin: checks 
nastja336: bets $2.61
prodeaalin: calls $2.61
*** TURN *** [Td 7s Jh] [6s]
prodeaalin: checks 
nastja336: checks 
*** RIVER *** [Td 7s Jh 6s] [4d]
prodeaalin: checks 
nastja336: checks 
*** SHOW DOWN ***
prodeaalin: shows [4h 9h] (a pair of Fours)
nastja336: mucks hand 
prodeaalin collected $10.18 from pot
*** SUMMARY ***
Total pot $10.72 | Rake $0.54 
Board [Td 7s Jh 6s 4d]
Seat 2: sta$igk (small blind) folded before Flop
Seat 3: prodeaalin (big blind) showed [4h 9h] and won ($10.18) with a pair of Fours
Seat 4: nastja336 mucked
Seat 5: Diamondplaces folded before Flop (didn't bet)
Seat 6: henri789 (button) folded before Flop (didn't bet)



PokerStars Hand #254611812240:  Hold'em No Limit ($0.50/$1.00 USD) - 2025/01/29 20:33:40 WET [2025/01/29 15:33:40 ET]
Table 'Euler' 6-max Seat #2 is the button
Seat 1: XneferX ($100 in chips) is sitting out
Seat 2: sta$igk ($125.68 in chips) 
Seat 3: prodeaalin ($72.79 in chips) 
Seat 4: nastja336 ($100 in chips) 
Seat 5: Diamondplaces ($10.55 in chips) 
Seat 6: henri789 ($101 in chips) 
prodeaalin: posts small blind $0.50
nastja336: posts big blind $1
XneferX: sits out 
*** HOLE CARDS ***
Diamondplaces: folds 
henri789: folds 
sta$igk: raises $1.50 to $2.50
prodeaalin: folds 
nastja336: folds 
Uncalled bet ($1.50) returned to sta$igk
sta$igk collected $2.50 from pot
sta$igk: doesn't show hand 
*** SUMMARY ***
Total pot $2.50 | Rake $0 
Seat 1: XneferX
Seat 2: sta$igk (button) collected ($2.50)
Seat 3: prodeaalin (small blind) folded before Flop
Seat 4: nastja336 (big blind) folded before Flop
Seat 5: Diamondplaces folded before Flop (didn't bet)
Seat 6: henri789 folded before Flop (didn't bet)



PokerStars Hand #254611817066:  Hold'em No Limit ($0.50/$1.00 USD) - 2025/01/29 20:33:57 WET [2025/01/29 15:33:57 ET]
Table 'Euler' 6-max Seat #3 is the button
Seat 1: XneferX ($100 in chips) is sitting out
Seat 2: sta$igk ($127.18 in chips) 
Seat 3: prodeaalin ($72.29 in chips) 
Seat 4: nastja336 ($100 in chips) 
Seat 5: Diamondplaces ($10.55 in chips) 
Seat 6: henri789 ($101 in chips) 
nastja336: posts small blind $0.50
Diamondplaces: posts big blind $1
XneferX: sits out 
*** HOLE CARDS ***
henri789: folds 
sta$igk: raises $1.50 to $2.50
prodeaalin: calls $2.50
nastja336: raises $11.50 to $14
Diamondplaces: calls $9.55 and is all-in
sta$igk: folds 
prodeaalin: calls $11.50
*** FLOP *** [Jd 8c Qd]
nastja336: checks 
prodeaalin: checks 
*** TURN *** [Jd 8c Qd] [Qc]
nastja336: checks 
prodeaalin: checks 
*** RIVER *** [Jd 8c Qd Qc] [6c]
nastja336: checks 
prodeaalin: bets $15.50
nastja336: folds 
Uncalled bet ($15.50) returned to prodeaalin
*** SHOW DOWN ***
prodeaalin: shows [Js Kc] (two pair, Queens and Jacks)
prodeaalin collected $6.56 from side pot
Diamondplaces: shows [3s 3c] (two pair, Queens and Threes)
prodeaalin collected $32.44 from main pot
*** SUMMARY ***
Total pot $41.05 Main pot $32.44. Side pot $6.56. | Rake $2.05 
Board [Jd 8c Qd Qc 6c]
Seat 1: XneferX
Seat 2: sta$igk folded before Flop
Seat 3: prodeaalin (button) showed [Js Kc] and won ($39) with two pair, Queens and Jacks
Seat 4: nastja336 (small blind) folded on the River
Seat 5: Diamondplaces (big blind) showed [3s 3c] and lost with two pair, Queens and Threes
Seat 6: henri789 folded before Flop (didn't bet)



PokerStars Hand #254611832361:  Hold'em No Limit ($0.50/$1.00 USD) - 2025/01/29 20:34:50 WET [2025/01/29 15:34:50 ET]
Table 'Euler' 6-max Seat #4 is the button
Seat 5: Diamondplaces ($0 in chips) is sitting out
Seat 1: XneferX ($100 in chips) 
Seat 2: sta$igk ($124.68 in chips) 
Seat 3: prodeaalin ($97.29 in chips) 
Seat 4: nastja336 ($100 in chips) 
Seat 6: henri789 ($101 in chips) 
henri789: posts small blind $0.50
XneferX: posts big blind $1
*** HOLE CARDS ***
sta$igk: folds 
prodeaalin: raises $1 to $2
nastja336: raises $7 to $9
henri789: folds 
XneferX: folds 
prodeaalin: calls $7
*** FLOP *** [3d 5d 6s]
prodeaalin: checks 
nastja336: checks 
*** TURN *** [3d 5d 6s] [7h]
prodeaalin: checks 
nastja336: checks 
*** RIVER *** [3d 5d 6s 7h] [Ac]
prodeaalin: checks 
nastja336: bets $6.11
prodeaalin: folds 
Uncalled bet ($6.11) returned to nastja336
nastja336 collected $18.52 from pot
nastja336: doesn't show hand 
*** SUMMARY ***
Total pot $19.50 | Rake $0.98 
Board [3d 5d 6s 7h Ac]
Seat 5: Diamondplaces
Seat 1: XneferX (big blind) folded before Flop
Seat 2: sta$igk folded before Flop (didn't bet)
Seat 3: prodeaalin folded on the River
Seat 4: nastja336 (button) collected ($18.52)
Seat 6: henri789 (small blind) folded before Flop



PokerStars Hand #254611846264:  Hold'em No Limit ($0.50/$1.00 USD) - 2025/01/29 20:35:39 WET [2025/01/29 15:35:39 ET]
Table 'Euler' 6-max Seat #6 is the button
Seat 1: XneferX ($100 in chips) 
Seat 2: sta$igk ($124.68 in chips) 
Seat 3: prodeaalin ($88.29 in chips) 
Seat 4: nastja336 ($109.52 in chips) 
Seat 5: Diamondplaces ($18.10 in chips) 
Seat 6: henri789 ($100.50 in chips) 
XneferX: posts small blind $0.50
sta$igk: posts big blind $1
Diamondplaces: posts small blind $0.50
*** HOLE CARDS ***
prodeaalin: folds 
nastja336: folds 
Diamondplaces: folds 
henri789: raises $1.50 to $2.50
XneferX: folds 
sta$igk: calls $1.50
*** FLOP *** [Ks 2s Tc]
sta$igk: checks 
henri789: checks 
*** TURN *** [Ks 2s Tc] [Jd]
sta$igk: checks 
henri789: checks 
*** RIVER *** [Ks 2s Tc Jd] [3d]
sta$igk: bets $1.88
henri789: calls $1.88
*** SHOW DOWN ***
sta$igk: shows [Th Ad] (a pair of Tens)
henri789: shows [Qc Qs] (a pair of Queens)
henri789 collected $9.27 from pot
*** SUMMARY ***
Total pot $9.76 | Rake $0.49 
Board [Ks 2s Tc Jd 3d]
Seat 1: XneferX (small blind) folded before Flop
Seat 2: sta$igk (big blind) showed [Th Ad] and lost with a pair of Tens
Seat 3: prodeaalin folded before Flop (didn't bet)
Seat 4: nastja336 folded before Flop (didn't bet)
Seat 5: Diamondplaces folded before Flop (didn't bet)
Seat 6: henri789 (button) showed [Qc Qs] and won ($9.27) with a pair of Queens



PokerStars Hand #254611871431:  Hold'em No Limit ($0.50/$1.00 USD) - 2025/01/29 20:37:06 WET [2025/01/29 15:37:06 ET]
Table 'Euler' 6-max Seat #1 is the button
Seat 1: XneferX ($100 in chips) 
Seat 2: sta$igk ($120.30 in chips) 
Seat 3: prodeaalin ($88.29 in chips) 
Seat 4: nastja336 ($109.52 in chips) 
Seat 5: Diamondplaces ($17.60 in chips) 
Seat 6: henri789 ($105.39 in chips) 
sta$igk: posts small blind $0.50
prodeaalin: posts big blind $1
*** HOLE CARDS ***
nastja336: raises $1.50 to $2.50
Diamondplaces: folds 
henri789: raises $5 to $7.50
XneferX: folds 
sta$igk: folds 
prodeaalin: folds 
nastja336: raises $14.50 to $22
henri789: folds 
Uncalled bet ($14.50) returned to nastja336
nastja336 collected $16.50 from pot
nastja336: doesn't show hand 
*** SUMMARY ***
Total pot $16.50 | Rake $0 
Seat 1: XneferX (button) folded before Flop (didn't bet)
Seat 2: sta$igk (small blind) folded before Flop
Seat 3: prodeaalin (big blind) folded before Flop
Seat 4: nastja336 collected ($16.50)
Seat 5: Diamondplaces folded before Flop (didn't bet)
Seat 6: henri789 folded before Flop



PokerStars Hand #254612018963:  Hold'em No Limit ($0.50/$1.00 USD) - 2025/01/29 20:45:44 WET [2025/01/29 15:45:44 ET]
Table 'Euler' 6-max Seat #1 is the button
Seat 3: prodeaalin ($0 in chips) is sitting out
Seat 1: XneferX ($114.51 in chips) 
Seat 2: sta$igk ($120.07 in chips) 
Seat 4: nastja336 ($120.64 in chips) 
Seat 5: Diamondplaces ($16.81 in chips) 
Seat 6: henri789 ($100 in chips) 
sta$igk: posts small blind $0.50
nastja336: posts big blind $1
*** HOLE CARDS ***
Diamondplaces: calls $1
henri789: folds 
XneferX: folds 
sta$igk: folds 
nastja336: checks 
*** FLOP *** [2s 9h Qd]
nastja336: checks 
Diamondplaces: checks 
*** TURN *** [2s 9h Qd] [3s]
nastja336: bets $1.19
Diamondplaces: calls $1.19
*** RIVER *** [2s 9h Qd 3s] [Th]
nastja336: checks 
Diamondplaces: checks 
*** SHOW DOWN ***
nastja336: shows [As 6s] (high card Ace)
Diamondplaces: shows [2h Ah] (a pair of Deuces)
Diamondplaces collected $4.64 from pot
*** SUMMARY ***
Total pot $4.88 | Rake $0.24 
Board [2s 9h Qd 3s Th]
Seat 3: prodeaalin
Seat 1: XneferX (button) folded before Flop (didn't bet)
Seat 2: sta$igk (small blind) folded before Flop
Seat 4: nastja336 (big blind) showed [As 6s] and lost with high card Ace
Seat 5: Diamondplaces showed [2h Ah] and won ($4.64) with a pair of Deuces
Seat 6: henri789 folded before Flop (didn't bet)



PokerStars Hand #254612029390:  Hold'em No Limit ($0.50/$1.00 USD) - 2025/01/29 20:46:22 WET [2025/01/29 15:46:22 ET]
Table 'Euler' 6-max Seat #2 is the button
Seat 3: prodeaalin ($0 in chips) is sitting out
Seat 1: XneferX ($114.51 in chips) 
Seat 2: sta$igk ($119.57 in chips) 
Seat 4: nastja336 ($118.45 in chips) 
Seat 5: Diamondplaces ($19.26 in chips) 
Seat 6: henri789 ($100 in chips) 
nastja336: posts small blind $0.50
Diamondplaces: posts big blind $1
*** HOLE CARDS ***
prodeaalin leaves the table
henri789: raises $1.10 to $2.10
XneferX: folds 
sta$igk: folds 
nastja336: folds 
Diamondplaces: calls $1.10
*** FLOP *** [Qs Td 6c]
Diamondplaces: checks 
henri789: checks 
*** TURN *** [Qs Td 6c] [4s]
Diamondplaces: checks 
henri789: bets $3.12
Diamondplaces: calls $3.12
*** RIVER *** [Qs Td 6c 4s] [7s]
HeisenbergC10 joins the table at seat #3 
HeisenbergC10 is disconnected 
Diamondplaces: checks 
henri789: checks 
*** SHOW DOWN ***
Diamondplaces: shows [Kc Jh] (high card King)
henri789: shows [Kh Tc] (a pair of Tens)
henri789 collected $10.39 from pot
*** SUMMARY ***
Total pot $10.94 | Rake $0.55 
Board [Qs Td 6c 4s 7s]
Seat 3: prodeaalin
Seat 1: XneferX folded before Flop (didn't bet)
Seat 2: sta$igk (button) folded before Flop (didn't bet)
Seat 4: nastja336 (small blind) folded before Flop
Seat 5: Diamondplaces (big blind) showed [Kc Jh] and lost with high card King
Seat 6: henri789 showed [Kh Tc] and won ($10.39) with a pair of Tens



PokerStars Hand #254612046438:  Hold'em No Limit ($0.50/$1.00 USD) - 2025/01/29 20:47:22 WET [2025/01/29 15:47:22 ET]
Table 'Euler' 6-max Seat #5 is the button
Seat 3: HeisenbergC10 ($26.92 in chips) is sitting out
Seat 4: nastja336 ($117.95 in chips) is sitting out
Seat 1: XneferX ($114.51 in chips) 
Seat 2: sta$igk ($119.57 in chips) 
Seat 5: Diamondplaces ($14.04 in chips) 
Seat 6: henri789 ($105.17 in chips) 
henri789: posts small blind $0.50
XneferX: posts big blind $1
HeisenbergC10: sits out 
*** HOLE CARDS ***
sta$igk: raises $1.50 to $2.50
Diamondplaces: folds 
nastja336 leaves the table
henri789: folds 
XneferX: folds 
Uncalled bet ($1.50) returned to sta$igk
sta$igk collected $2.50 from pot
sta$igk: doesn't show hand 
*** SUMMARY ***
Total pot $2.50 | Rake $0 
Seat 3: HeisenbergC10
Seat 4: nastja336
Seat 1: XneferX (big blind) folded before Flop
Seat 2: sta$igk collected ($2.50)
Seat 5: Diamondplaces (button) folded before Flop (didn't bet)
Seat 6: henri789 (small blind) folded before Flop



PokerStars Hand #254612049987:  Hold'em No Limit ($0.50/$1.00 USD) - 2025/01/29 20:47:34 WET [2025/01/29 15:47:34 ET]
Table 'Euler' 6-max Seat #6 is the button
Seat 2: sta$igk ($121.07 in chips) is sitting out
Seat 1: XneferX ($113.51 in chips) 
Seat 3: HeisenbergC10 ($26.92 in chips) 
Seat 5: Diamondplaces ($14.04 in chips) 
Seat 6: henri789 ($104.67 in chips) 
XneferX: posts small blind $0.50
sta$igk: is sitting out 
HeisenbergC10: posts big blind $1
*** HOLE CARDS ***
Diamondplaces: folds 
sta$igk leaves the table
Yoalfre joins the table at seat #4 
henri789: folds 
XneferX: raises $2 to $3
HeisenbergC10: folds 
Uncalled bet ($2) returned to XneferX
XneferX collected $2 from pot
XneferX: doesn't show hand 
BGS013 joins the table at seat #2 
*** SUMMARY ***
Total pot $2 | Rake $0 
Seat 2: sta$igk
Seat 1: XneferX (small blind) collected ($2)
Seat 3: HeisenbergC10 (big blind) folded before Flop
Seat 5: Diamondplaces folded before Flop (didn't bet)
Seat 6: henri789 (button) folded before Flop (didn't bet)



PokerStars Hand #254612054437:  Hold'em No Limit ($0.50/$1.00 USD) - 2025/01/29 20:47:50 WET [2025/01/29 15:47:50 ET]
Table 'Euler' 6-max Seat #1 is the button
Seat 2: BGS013 ($100 in chips) is sitting out
Seat 1: XneferX ($114.51 in chips) 
Seat 3: HeisenbergC10 ($25.92 in chips) 
Seat 4: Yoalfre ($100 in chips) 
Seat 5: Diamondplaces ($14.04 in chips) 
Seat 6: henri789 ($104.67 in chips) 
HeisenbergC10: posts small blind $0.50
Yoalfre: posts big blind $1
*** HOLE CARDS ***
Diamondplaces: folds 
henri789: folds 
XneferX: folds 
HeisenbergC10: folds 
Uncalled bet ($0.50) returned to Yoalfre
Yoalfre collected $1 from pot
Yoalfre: doesn't show hand 
*** SUMMARY ***
Total pot $1 | Rake $0 
Seat 2: BGS013
Seat 1: XneferX (button) folded before Flop (didn't bet)
Seat 3: HeisenbergC10 (small blind) folded before Flop
Seat 4: Yoalfre (big blind) collected ($1)
Seat 5: Diamondplaces folded before Flop (didn't bet)
Seat 6: henri789 folded before Flop (didn't bet)



PokerStars Hand #254612057982:  Hold'em No Limit ($0.50/$1.00 USD) - 2025/01/29 20:48:03 WET [2025/01/29 15:48:03 ET]
Table 'Euler' 6-max Seat #3 is the button
Seat 2: BGS013 ($100 in chips) is sitting out
Seat 1: XneferX ($114.51 in chips) 
Seat 3: HeisenbergC10 ($25.42 in chips) 
Seat 4: Yoalfre ($100.50 in chips) 
Seat 5: Diamondplaces ($14.04 in chips) 
Seat 6: henri789 ($104.67 in chips) 
Yoalfre: posts small blind $0.50
Diamondplaces: posts big blind $1
BGS013: sits out 
*** HOLE CARDS ***
henri789: raises $1.10 to $2.10
XneferX: folds 
HeisenbergC10: folds 
Yoalfre has timed out
Yoalfre: folds 
Diamondplaces: folds 
Uncalled bet ($1.10) returned to henri789
henri789 collected $2.50 from pot
henri789: doesn't show hand 
*** SUMMARY ***
Total pot $2.50 | Rake $0 
Seat 2: BGS013
Seat 1: XneferX folded before Flop (didn't bet)
Seat 3: HeisenbergC10 (button) folded before Flop (didn't bet)
Seat 4: Yoalfre (small blind) folded before Flop
Seat 5: Diamondplaces (big blind) folded before Flop
Seat 6: henri789 collected ($2.50)



PokerStars Hand #254612071312:  Hold'em No Limit ($0.50/$1.00 USD) - 2025/01/29 20:48:50 WET [2025/01/29 15:48:50 ET]
Table 'Euler' 6-max Seat #5 is the button
Seat 2: BGS013 ($100 in chips) is sitting out
Seat 4: Yoalfre ($100 in chips) is sitting out
Seat 1: XneferX ($114.51 in chips) 
Seat 3: HeisenbergC10 ($25.42 in chips) 
Seat 5: Diamondplaces ($13.04 in chips) 
Seat 6: henri789 ($106.17 in chips) 
henri789: posts small blind $0.50
XneferX: posts big blind $1
BGS013: sits out 
*** HOLE CARDS ***
HeisenbergC10: folds 
Diamondplaces: folds 
henri789: folds 
Uncalled bet ($0.50) returned to XneferX
XneferX collected $1 from pot
XneferX: doesn't show hand 
*** SUMMARY ***
Total pot $1 | Rake $0 
Seat 2: BGS013
Seat 4: Yoalfre
Seat 1: XneferX (big blind) collected ($1)
Seat 3: HeisenbergC10 folded before Flop (didn't bet)
Seat 5: Diamondplaces (button) folded before Flop (didn't bet)
Seat 6: henri789 (small blind) folded before Flop



PokerStars Hand #254612076301:  Hold'em No Limit ($0.50/$1.00 USD) - 2025/01/29 20:49:08 WET [2025/01/29 15:49:08 ET]
Table 'Euler' 6-max Seat #6 is the button
Seat 4: Yoalfre ($100 in chips) is sitting out
Seat 1: XneferX ($115.01 in chips) 
Seat 2: BGS013 ($100 in chips) 
Seat 3: HeisenbergC10 ($25.42 in chips) 
Seat 5: Diamondplaces ($13.04 in chips) 
Seat 6: henri789 ($105.67 in chips) 
XneferX: posts small blind $0.50
BGS013: posts big blind $1
*** HOLE CARDS ***
HeisenbergC10: folds 
Diamondplaces: folds 
henri789: folds 
XneferX: folds 
Uncalled bet ($0.50) returned to BGS013
BGS013 collected $1 from pot
BGS013: doesn't show hand 
*** SUMMARY ***
Total pot $1 | Rake $0 
Seat 4: Yoalfre
Seat 1: XneferX (small blind) folded before Flop
Seat 2: BGS013 (big blind) collected ($1)
Seat 3: HeisenbergC10 folded before Flop (didn't bet)
Seat 5: Diamondplaces folded before Flop (didn't bet)
Seat 6: henri789 (button) folded before Flop (didn't bet)



PokerStars Hand #254612082689:  Hold'em No Limit ($0.50/$1.00 USD) - 2025/01/29 20:49:31 WET [2025/01/29 15:49:31 ET]
Table 'Euler' 6-max Seat #1 is the button
Seat 3: HeisenbergC10 ($25.42 in chips) is sitting out
Seat 1: XneferX ($114.51 in chips) 
Seat 2: BGS013 ($100.50 in chips) 
Seat 4: Yoalfre ($100 in chips) 
Seat 5: Diamondplaces ($13.04 in chips) 
Seat 6: henri789 ($105.67 in chips) 
BGS013: posts small blind $0.50
HeisenbergC10 is disconnected 
HeisenbergC10 has timed out while disconnected
HeisenbergC10: is sitting out 
Yoalfre: posts big blind $1
*** HOLE CARDS ***
Diamondplaces: folds 
henri789: folds 
XneferX: raises $1.77 to $2.77
BGS013: folds 
Yoalfre: calls $1.77
*** FLOP *** [2s Kc 4s]
Yoalfre: checks 
XneferX: checks 
*** TURN *** [2s Kc 4s] [5h]
Yoalfre: bets $2.87
XneferX: folds 
Uncalled bet ($2.87) returned to Yoalfre
Yoalfre collected $5.74 from pot
Yoalfre: doesn't show hand 
*** SUMMARY ***
Total pot $6.04 | Rake $0.30 
Board [2s Kc 4s 5h]
Seat 3: HeisenbergC10
Seat 1: XneferX (button) folded on the Turn
Seat 2: BGS013 (small blind) folded before Flop
Seat 4: Yoalfre (big blind) collected ($5.74)
Seat 5: Diamondplaces folded before Flop (didn't bet)
Seat 6: henri789 folded before Flop (didn't bet)



PokerStars Hand #254612098762:  Hold'em No Limit ($0.50/$1.00 USD) - 2025/01/29 20:50:27 WET [2025/01/29 15:50:27 ET]
Table 'Euler' 6-max Seat #2 is the button
Seat 3: HeisenbergC10 ($25.42 in chips) is sitting out
Seat 1: XneferX ($111.74 in chips) 
Seat 2: BGS013 ($100 in chips) 
Seat 4: Yoalfre ($102.97 in chips) 
Seat 5: Diamondplaces ($13.04 in chips) 
Seat 6: henri789 ($105.67 in chips) 
Yoalfre: posts small blind $0.50
Diamondplaces: posts big blind $1
*** HOLE CARDS ***
henri789: folds 
XneferX: raises $1.30 to $2.30
BGS013: folds 
Yoalfre: folds 
Diamondplaces: folds 
Uncalled bet ($1.30) returned to XneferX
XneferX collected $2.50 from pot
XneferX: doesn't show hand 
*** SUMMARY ***
Total pot $2.50 | Rake $0 
Seat 3: HeisenbergC10
Seat 1: XneferX collected ($2.50)
Seat 2: BGS013 (button) folded before Flop (didn't bet)
Seat 4: Yoalfre (small blind) folded before Flop
Seat 5: Diamondplaces (big blind) folded before Flop
Seat 6: henri789 folded before Flop (didn't bet)



PokerStars Hand #254612101936:  Hold'em No Limit ($0.50/$1.00 USD) - 2025/01/29 20:50:38 WET [2025/01/29 15:50:38 ET]
Table 'Euler' 6-max Seat #4 is the button
Seat 3: HeisenbergC10 ($25.42 in chips) is sitting out
Seat 1: XneferX ($113.24 in chips) 
Seat 2: BGS013 ($100 in chips) 
Seat 4: Yoalfre ($102.47 in chips) 
Seat 5: Diamondplaces ($12.04 in chips) 
Seat 6: henri789 ($105.67 in chips) 
Diamondplaces: posts small blind $0.50
henri789: posts big blind $1
HeisenbergC10: sits out 
*** HOLE CARDS ***
XneferX: folds 
BGS013: folds 
Yoalfre: raises $1.50 to $2.50
Diamondplaces: folds 
henri789: folds 
Uncalled bet ($1.50) returned to Yoalfre
Yoalfre collected $2.50 from pot
Yoalfre: doesn't show hand 
*** SUMMARY ***
Total pot $2.50 | Rake $0 
Seat 3: HeisenbergC10
Seat 1: XneferX folded before Flop (didn't bet)
Seat 2: BGS013 folded before Flop (didn't bet)
Seat 4: Yoalfre (button) collected ($2.50)
Seat 5: Diamondplaces (small blind) folded before Flop
Seat 6: henri789 (big blind) folded before Flop



PokerStars Hand #254612107401:  Hold'em No Limit ($0.50/$1.00 USD) - 2025/01/29 20:50:58 WET [2025/01/29 15:50:58 ET]
Table 'Euler' 6-max Seat #5 is the button
Seat 1: XneferX ($113.24 in chips) 
Seat 2: BGS013 ($100 in chips) 
Seat 3: HeisenbergC10 ($25.42 in chips) 
Seat 4: Yoalfre ($103.97 in chips) 
Seat 5: Diamondplaces ($11.54 in chips) 
Seat 6: henri789 ($104.67 in chips) 
henri789: posts small blind $0.50
XneferX: posts big blind $1
HeisenbergC10: posts small & big blinds $1.50
*** HOLE CARDS ***
BGS013: folds 
HeisenbergC10: checks 
Yoalfre: folds 
Diamondplaces: raises $10.54 to $11.54 and is all-in
henri789: folds 
XneferX: folds 
HeisenbergC10: folds 
Uncalled bet ($10.54) returned to Diamondplaces
Diamondplaces collected $4 from pot
*** SUMMARY ***
Total pot $4 | Rake $0 
Seat 1: XneferX (big blind) folded before Flop
Seat 2: BGS013 folded before Flop (didn't bet)
Seat 3: HeisenbergC10 folded before Flop (didn't bet)
Seat 4: Yoalfre folded before Flop (didn't bet)
Seat 5: Diamondplaces (button) collected ($4)
Seat 6: henri789 (small blind) folded before Flop



PokerStars Hand #254612114326:  Hold'em No Limit ($0.50/$1.00 USD) - 2025/01/29 20:51:22 WET [2025/01/29 15:51:22 ET]
Table 'Euler' 6-max Seat #6 is the button
Seat 1: XneferX ($112.24 in chips) 
Seat 2: BGS013 ($100 in chips) 
Seat 3: HeisenbergC10 ($23.92 in chips) 
Seat 4: Yoalfre ($103.97 in chips) 
Seat 5: Diamondplaces ($14.54 in chips) 
Seat 6: henri789 ($104.17 in chips) 
XneferX: posts small blind $0.50
BGS013: posts big blind $1
*** HOLE CARDS ***
HeisenbergC10: folds 
Yoalfre: folds 
Diamondplaces: folds 
henri789: folds 
XneferX: raises $2 to $3
BGS013: calls $2
*** FLOP *** [9c Kd Jc]
XneferX: bets $1.94
BGS013: calls $1.94
*** TURN *** [9c Kd Jc] [6d]
XneferX: bets $7.23
BGS013: folds 
Uncalled bet ($7.23) returned to XneferX
XneferX collected $9.39 from pot
XneferX: doesn't show hand 
*** SUMMARY ***
Total pot $9.88 | Rake $0.49 
Board [9c Kd Jc 6d]
Seat 1: XneferX (small blind) collected ($9.39)
Seat 2: BGS013 (big blind) folded on the Turn
Seat 3: HeisenbergC10 folded before Flop (didn't bet)
Seat 4: Yoalfre folded before Flop (didn't bet)
Seat 5: Diamondplaces folded before Flop (didn't bet)
Seat 6: henri789 (button) folded before Flop (didn't bet)



PokerStars Hand #254612133427:  Hold'em No Limit ($0.50/$1.00 USD) - 2025/01/29 20:52:28 WET [2025/01/29 15:52:28 ET]
Table 'Euler' 6-max Seat #1 is the button
Seat 1: XneferX ($116.69 in chips) 
Seat 2: BGS013 ($100 in chips) 
Seat 3: HeisenbergC10 ($23.92 in chips) 
Seat 4: Yoalfre ($103.97 in chips) 
Seat 5: Diamondplaces ($14.54 in chips) 
Seat 6: henri789 ($104.17 in chips) 
BGS013: posts small blind $0.50
HeisenbergC10: posts big blind $1
*** HOLE CARDS ***
Yoalfre: raises $1.50 to $2.50
Diamondplaces: folds 
henri789: folds 
XneferX: folds 
BGS013: raises $8.50 to $11
HeisenbergC10: folds 
Yoalfre: folds 
Uncalled bet ($8.50) returned to BGS013
BGS013 collected $6 from pot
BGS013: doesn't show hand 
*** SUMMARY ***
Total pot $6 | Rake $0 
Seat 1: XneferX (button) folded before Flop (didn't bet)
Seat 2: BGS013 (small blind) collected ($6)
Seat 3: HeisenbergC10 (big blind) folded before Flop
Seat 4: Yoalfre folded before Flop
Seat 5: Diamondplaces folded before Flop (didn't bet)
Seat 6: henri789 folded before Flop (didn't bet)



PokerStars Hand #254612142865:  Hold'em No Limit ($0.50/$1.00 USD) - 2025/01/29 20:53:01 WET [2025/01/29 15:53:01 ET]
Table 'Euler' 6-max Seat #2 is the button
Seat 1: XneferX ($116.69 in chips) 
Seat 2: BGS013 ($103.50 in chips) 
Seat 3: HeisenbergC10 ($22.92 in chips) 
Seat 4: Yoalfre ($101.47 in chips) 
Seat 5: Diamondplaces ($14.54 in chips) 
Seat 6: henri789 ($104.17 in chips) 
HeisenbergC10: posts small blind $0.50
Yoalfre: posts big blind $1
*** HOLE CARDS ***
Diamondplaces: folds 
henri789: folds 
XneferX: folds 
BGS013: raises $1.50 to $2.50
HeisenbergC10: calls $2
Yoalfre: folds 
*** FLOP *** [6c As Qs]
HeisenbergC10: checks 
BGS013: bets $1.48
HeisenbergC10: calls $1.48
*** TURN *** [6c As Qs] [5d]
HeisenbergC10: checks 
BGS013: checks 
*** RIVER *** [6c As Qs 5d] [4s]
HeisenbergC10: bets $5.26
BGS013: folds 
Uncalled bet ($5.26) returned to HeisenbergC10
HeisenbergC10 collected $8.51 from pot
*** SUMMARY ***
Total pot $8.96 | Rake $0.45 
Board [6c As Qs 5d 4s]
Seat 1: XneferX folded before Flop (didn't bet)
Seat 2: BGS013 (button) folded on the River
Seat 3: HeisenbergC10 (small blind) collected ($8.51)
Seat 4: Yoalfre (big blind) folded before Flop
Seat 5: Diamondplaces folded before Flop (didn't bet)
Seat 6: henri789 folded before Flop (didn't bet)



PokerStars Hand #254612154138:  Hold'em No Limit ($0.50/$1.00 USD) - 2025/01/29 20:53:40 WET [2025/01/29 15:53:40 ET]
Table 'Euler' 6-max Seat #3 is the button
Seat 1: XneferX ($116.69 in chips) 
Seat 2: BGS013 ($100 in chips) 
Seat 3: HeisenbergC10 ($27.45 in chips) 
Seat 4: Yoalfre ($100.47 in chips) 
Seat 5: Diamondplaces ($14.54 in chips) 
Seat 6: henri789 ($104.17 in chips) 
Yoalfre: posts small blind $0.50
Diamondplaces: posts big blind $1
*** HOLE CARDS ***
henri789: raises $1.10 to $2.10
XneferX: folds 
BGS013: folds 
HeisenbergC10: folds 
Yoalfre: folds 
Diamondplaces: folds 
Uncalled bet ($1.10) returned to henri789
henri789 collected $2.50 from pot
henri789: doesn't show hand 
*** SUMMARY ***
Total pot $2.50 | Rake $0 
Seat 1: XneferX folded before Flop (didn't bet)
Seat 2: BGS013 folded before Flop (didn't bet)
Seat 3: HeisenbergC10 (button) folded before Flop (didn't bet)
Seat 4: Yoalfre (small blind) folded before Flop
Seat 5: Diamondplaces (big blind) folded before Flop
Seat 6: henri789 collected ($2.50)



PokerStars Hand #254612157854:  Hold'em No Limit ($0.50/$1.00 USD) - 2025/01/29 20:53:53 WET [2025/01/29 15:53:53 ET]
Table 'Euler' 6-max Seat #4 is the button
Seat 1: XneferX ($116.69 in chips) 
Seat 2: BGS013 ($100 in chips) 
Seat 3: HeisenbergC10 ($27.45 in chips) 
Seat 4: Yoalfre ($100 in chips) 
Seat 5: Diamondplaces ($13.54 in chips) 
Seat 6: henri789 ($105.67 in chips) 
Diamondplaces: posts small blind $0.50
henri789: posts big blind $1
*** HOLE CARDS ***
XneferX: folds 
BGS013: raises $1 to $2
HeisenbergC10: folds 
Yoalfre: folds 
Diamondplaces: raises $11.54 to $13.54 and is all-in
henri789: folds 
BGS013: calls $11.54
HeisenbergC10 is disconnected 
*** FLOP *** [4h 2h Tc]
*** TURN *** [4h 2h Tc] [5c]
*** RIVER *** [4h 2h Tc 5c] [Js]
*** SHOW DOWN ***
Diamondplaces: shows [9c Ah] (high card Ace)
BGS013: shows [Qh Ac] (high card Ace - Queen kicker)
BGS013 collected $26.68 from pot
Diamondplaces cashed out the hand for $6.81 | Cash Out Fee $0.14
*** SUMMARY ***
Total pot $28.08 | Rake $1.40 
Board [4h 2h Tc 5c Js]
Seat 1: XneferX folded before Flop (didn't bet)
Seat 2: BGS013 showed [Qh Ac] and won ($26.68) with high card Ace
Seat 3: HeisenbergC10 folded before Flop (didn't bet)
Seat 4: Yoalfre (button) folded before Flop (didn't bet)
Seat 5: Diamondplaces (small blind) showed [9c Ah] and lost with high card Ace (cashed out).
Seat 6: henri789 (big blind) folded before Flop



PokerStars Hand #254612168299:  Hold'em No Limit ($0.50/$1.00 USD) - 2025/01/29 20:54:28 WET [2025/01/29 15:54:28 ET]
Table 'Euler' 6-max Seat #5 is the button
Seat 1: XneferX ($116.69 in chips) 
Seat 2: BGS013 ($113.14 in chips) 
Seat 3: HeisenbergC10 ($27.45 in chips) 
Seat 4: Yoalfre ($100 in chips) 
Seat 5: Diamondplaces ($6.81 in chips) 
Seat 6: henri789 ($104.67 in chips) 
henri789: posts small blind $0.50
XneferX: posts big blind $1
*** HOLE CARDS ***
BGS013: folds 
BGS013 leaves the table
HeisenbergC10 has timed out while disconnected
HeisenbergC10: folds 
Yoalfre: folds 
Diamondplaces: folds 
henri789: folds 
Uncalled bet ($0.50) returned to XneferX
XneferX collected $1 from pot
XneferX: doesn't show hand 
*** SUMMARY ***
Total pot $1 | Rake $0 
Seat 1: XneferX (big blind) collected ($1)
Seat 2: BGS013 folded before Flop (didn't bet)
Seat 3: HeisenbergC10 folded before Flop (didn't bet)
Seat 4: Yoalfre folded before Flop (didn't bet)
Seat 5: Diamondplaces (button) folded before Flop (didn't bet)
Seat 6: henri789 (small blind) folded before Flop



PokerStars Hand #254612175734:  Hold'em No Limit ($0.50/$1.00 USD) - 2025/01/29 20:54:54 WET [2025/01/29 15:54:54 ET]
Table 'Euler' 6-max Seat #6 is the button
Seat 3: HeisenbergC10 ($27.45 in chips) is sitting out
Seat 1: XneferX ($117.19 in chips) 
Seat 4: Yoalfre ($100 in chips) 
Seat 5: Diamondplaces ($6.81 in chips) 
Seat 6: henri789 ($104.17 in chips) 
XneferX: posts small blind $0.50
Yoalfre: posts big blind $1
*** HOLE CARDS ***
Diamondplaces: folds 
henri789: folds 
XneferX: raises $2 to $3
Yoalfre: raises $6 to $9
XneferX: raises $15 to $24
Yoalfre: raises $76 to $100 and is all-in
XneferX: folds 
Uncalled bet ($76) returned to Yoalfre
Yoalfre collected $48 from pot
Yoalfre: doesn't show hand 
*** SUMMARY ***
Total pot $48 | Rake $0 
Seat 3: HeisenbergC10
Seat 1: XneferX (small blind) folded before Flop
Seat 4: Yoalfre (big blind) collected ($48)
Seat 5: Diamondplaces folded before Flop (didn't bet)
Seat 6: henri789 (button) folded before Flop (didn't bet)



PokerStars Hand #254612187146:  Hold'em No Limit ($0.50/$1.00 USD) - 2025/01/29 20:55:48 WET [2025/01/29 15:55:48 ET]
Table 'Euler' 6-max Seat #1 is the button
Seat 3: HeisenbergC10 ($27.45 in chips) is sitting out
Seat 1: XneferX ($100 in chips) 
Seat 4: Yoalfre ($124 in chips) 
Seat 5: Diamondplaces ($6.81 in chips) 
Seat 6: henri789 ($104.17 in chips) 
Yoalfre: posts small blind $0.50
Diamondplaces: posts big blind $1
*** HOLE CARDS ***
henri789: folds 
XneferX: folds 
Yoalfre: raises $10 to $11
HeisenbergC10 is disconnected 
Diamondplaces: calls $5.81 and is all-in
Uncalled bet ($4.19) returned to Yoalfre
*** FLOP *** [Ac 5s 4s]
*** TURN *** [Ac 5s 4s] [2c]
*** RIVER *** [Ac 5s 4s 2c] [3h]
*** SHOW DOWN ***
Yoalfre: shows [7d Td] (a straight, Ace to Five)
Diamondplaces: shows [5d 5h] (a straight, Ace to Five)
Yoalfre collected $6.47 from pot
Diamondplaces collected $6.47 from pot
*** SUMMARY ***
Total pot $13.62 | Rake $0.68 
Board [Ac 5s 4s 2c 3h]
Seat 3: HeisenbergC10
Seat 1: XneferX (button) folded before Flop (didn't bet)
Seat 4: Yoalfre (small blind) showed [7d Td] and won ($6.47) with a straight, Ace to Five
Seat 5: Diamondplaces (big blind) showed [5d 5h] and won ($6.47) with a straight, Ace to Five
Seat 6: henri789 folded before Flop (didn't bet)



PokerStars Hand #254612192355:  Hold'em No Limit ($0.50/$1.00 USD) - 2025/01/29 20:56:13 WET [2025/01/29 15:56:13 ET]
Table 'Euler' 6-max Seat #4 is the button
Seat 1: XneferX ($100 in chips) 
Seat 3: HeisenbergC10 ($27.45 in chips) 
Seat 4: Yoalfre ($123.66 in chips) 
Seat 5: Diamondplaces ($6.47 in chips) 
Seat 6: henri789 ($104.17 in chips) 
Diamondplaces: posts small blind $0.50
henri789: posts big blind $1
HeisenbergC10 is connected 
HeisenbergC10: posts small & big blinds $1.50
*** HOLE CARDS ***
XneferX: folds 
HeisenbergC10: raises $2 to $3
Yoalfre: folds 
Diamondplaces: folds 
henri789: folds 
Uncalled bet ($2) returned to HeisenbergC10
HeisenbergC10 collected $3 from pot
*** SUMMARY ***
Total pot $3 | Rake $0 
Seat 1: XneferX folded before Flop (didn't bet)
Seat 3: HeisenbergC10 collected ($3)
Seat 4: Yoalfre (button) folded before Flop (didn't bet)
Seat 5: Diamondplaces (small blind) folded before Flop
Seat 6: henri789 (big blind) folded before Flop



PokerStars Hand #254612195916:  Hold'em No Limit ($0.50/$1.00 USD) - 2025/01/29 20:56:30 WET [2025/01/29 15:56:30 ET]
Table 'Euler' 6-max Seat #5 is the button
Seat 1: XneferX ($100 in chips) 
Seat 3: HeisenbergC10 ($28.95 in chips) 
Seat 4: Yoalfre ($123.66 in chips) 
Seat 5: Diamondplaces ($5.97 in chips) 
Seat 6: henri789 ($103.17 in chips) 
henri789: posts small blind $0.50
XneferX: posts big blind $1
*** HOLE CARDS ***
HeisenbergC10: raises $1 to $2
Yoalfre: folds 
Diamondplaces: folds 
henri789: folds 
XneferX: folds 
Uncalled bet ($1) returned to HeisenbergC10
HeisenbergC10 collected $2.50 from pot
*** SUMMARY ***
Total pot $2.50 | Rake $0 
Seat 1: XneferX (big blind) folded before Flop
Seat 3: HeisenbergC10 collected ($2.50)
Seat 4: Yoalfre folded before Flop (didn't bet)
Seat 5: Diamondplaces (button) folded before Flop (didn't bet)
Seat 6: henri789 (small blind) folded before Flop



PokerStars Hand #254612200056:  Hold'em No Limit ($0.50/$1.00 USD) - 2025/01/29 20:56:50 WET [2025/01/29 15:56:50 ET]
Table 'Euler' 6-max Seat #6 is the button
Seat 1: XneferX ($100 in chips) 
Seat 3: HeisenbergC10 ($30.45 in chips) 
Seat 4: Yoalfre ($123.66 in chips) 
Seat 5: Diamondplaces ($5.97 in chips) 
Seat 6: henri789 ($102.67 in chips) 
XneferX: posts small blind $0.50
HeisenbergC10: posts big blind $1
*** HOLE CARDS ***
Yoalfre: folds 
Diamondplaces: folds 
henri789: folds 
XneferX: folds 
Uncalled bet ($0.50) returned to HeisenbergC10
HeisenbergC10 collected $1 from pot
*** SUMMARY ***
Total pot $1 | Rake $0 
Seat 1: XneferX (small blind) folded before Flop
Seat 3: HeisenbergC10 (big blind) collected ($1)
Seat 4: Yoalfre folded before Flop (didn't bet)
Seat 5: Diamondplaces folded before Flop (didn't bet)
Seat 6: henri789 (button) folded before Flop (didn't bet)



PokerStars Hand #254612203677:  Hold'em No Limit ($0.50/$1.00 USD) - 2025/01/29 20:57:07 WET [2025/01/29 15:57:07 ET]
Table 'Euler' 6-max Seat #1 is the button
Seat 1: XneferX ($100 in chips) 
Seat 3: HeisenbergC10 ($30.95 in chips) 
Seat 4: Yoalfre ($123.66 in chips) 
Seat 5: Diamondplaces ($5.97 in chips) 
Seat 6: henri789 ($102.67 in chips) 
HeisenbergC10: posts small blind $0.50
Yoalfre: posts big blind $1
*** HOLE CARDS ***
Diamondplaces: folds 
henri789: folds 
XneferX: raises $1.77 to $2.77
a$$face93 joins the table at seat #2 
a$$face93 is disconnected 
HeisenbergC10: folds 
Yoalfre: folds 
Uncalled bet ($1.77) returned to XneferX
XneferX collected $2.50 from pot
XneferX: doesn't show hand 
*** SUMMARY ***
Total pot $2.50 | Rake $0 
Seat 1: XneferX (button) collected ($2.50)
Seat 3: HeisenbergC10 (small blind) folded before Flop
Seat 4: Yoalfre (big blind) folded before Flop
Seat 5: Diamondplaces folded before Flop (didn't bet)
Seat 6: henri789 folded before Flop (didn't bet)



PokerStars Hand #254612207949:  Hold'em No Limit ($0.50/$1.00 USD) - 2025/01/29 20:57:27 WET [2025/01/29 15:57:27 ET]
Table 'Euler' 6-max Seat #3 is the button
Seat 1: XneferX ($101.50 in chips) 
Seat 2: a$$face93 ($68.71 in chips) 
Seat 3: HeisenbergC10 ($30.45 in chips) 
Seat 4: Yoalfre ($122.66 in chips) 
Seat 5: Diamondplaces ($5.97 in chips) 
Seat 6: henri789 ($102.67 in chips) 
Yoalfre: posts small blind $0.50
Diamondplaces: posts big blind $1
a$$face93: posts big blind $1
*** HOLE CARDS ***
henri789: folds 
XneferX: raises $1.10 to $2.10
a$$face93: calls $1.10
HeisenbergC10: folds 
Yoalfre: folds 
Diamondplaces: folds 
*** FLOP *** [Ah 2c 3d]
XneferX: bets $1.84
a$$face93: calls $1.84
*** TURN *** [Ah 2c 3d] [Js]
XneferX: bets $6.86
a$$face93: raises $8.86 to $15.72
XneferX: calls $8.86
*** RIVER *** [Ah 2c 3d Js] [9h]
XneferX: checks 
a$$face93: bets $49.05 and is all-in
XneferX: calls $49.05
*** SHOW DOWN ***
a$$face93: shows [6h Jh] (a pair of Jacks)
XneferX: shows [Qs Ac] (a pair of Aces)
XneferX collected $136.42 from pot
*** SUMMARY ***
Total pot $138.92 | Rake $2.50 
Board [Ah 2c 3d Js 9h]
Seat 1: XneferX showed [Qs Ac] and won ($136.42) with a pair of Aces
Seat 2: a$$face93 showed [6h Jh] and lost with a pair of Jacks
Seat 3: HeisenbergC10 (button) folded before Flop (didn't bet)
Seat 4: Yoalfre (small blind) folded before Flop
Seat 5: Diamondplaces (big blind) folded before Flop
Seat 6: henri789 folded before Flop (didn't bet)



PokerStars Hand #254612225504:  Hold'em No Limit ($0.50/$1.00 USD) - 2025/01/29 20:58:51 WET [2025/01/29 15:58:51 ET]
Table 'Euler' 6-max Seat #4 is the button
Seat 2: a$$face93 ($0 in chips) is sitting out
Seat 1: XneferX ($169.21 in chips) 
Seat 3: HeisenbergC10 ($30.45 in chips) 
Seat 4: Yoalfre ($122.16 in chips) 
Seat 5: Diamondplaces ($4.97 in chips) 
Seat 6: henri789 ($102.67 in chips) 
Diamondplaces: posts small blind $0.50
henri789: posts big blind $1
*** HOLE CARDS ***
XneferX: folds 
a$$face93 is disconnected 
HeisenbergC10: calls $1
Yoalfre: folds 
Diamondplaces: folds 
henri789: checks 
*** FLOP *** [Kh Th 6s]
henri789: checks 
HeisenbergC10: bets $1.19
henri789: folds 
Uncalled bet ($1.19) returned to HeisenbergC10
HeisenbergC10 collected $2.38 from pot
*** SUMMARY ***
Total pot $2.50 | Rake $0.12 
Board [Kh Th 6s]
Seat 2: a$$face93
Seat 1: XneferX folded before Flop (didn't bet)
Seat 3: HeisenbergC10 collected ($2.38)
Seat 4: Yoalfre (button) folded before Flop (didn't bet)
Seat 5: Diamondplaces (small blind) folded before Flop
Seat 6: henri789 (big blind) folded on the Flop



PokerStars Hand #254612232722:  Hold'em No Limit ($0.50/$1.00 USD) - 2025/01/29 20:59:25 WET [2025/01/29 15:59:25 ET]
Table 'Euler' 6-max Seat #5 is the button
Seat 2: a$$face93 ($0 in chips) is sitting out
Seat 1: XneferX ($169.21 in chips) 
Seat 3: HeisenbergC10 ($31.83 in chips) 
Seat 4: Yoalfre ($122.16 in chips) 
Seat 5: Diamondplaces ($4.47 in chips) 
Seat 6: henri789 ($101.67 in chips) 
henri789: posts small blind $0.50
XneferX: posts big blind $1
*** HOLE CARDS ***
HeisenbergC10: folds 
Yoalfre: folds 
Diamondplaces: calls $1
henri789: raises $5 to $6
XneferX: folds 
Diamondplaces: calls $3.47 and is all-in
Uncalled bet ($1.53) returned to henri789
*** FLOP *** [Jh As 5s]
*** TURN *** [Jh As 5s] [Ad]
*** RIVER *** [Jh As 5s Ad] [Qc]
*** SHOW DOWN ***
henri789: shows [Kh Qh] (two pair, Aces and Queens)
Diamondplaces: shows [Th Jd] (two pair, Aces and Jacks)
henri789 collected $9.44 from pot
*** SUMMARY ***
Total pot $9.94 | Rake $0.50 
Board [Jh As 5s Ad Qc]
Seat 2: a$$face93
Seat 1: XneferX (big blind) folded before Flop
Seat 3: HeisenbergC10 folded before Flop (didn't bet)
Seat 4: Yoalfre folded before Flop (didn't bet)
Seat 5: Diamondplaces (button) showed [Th Jd] and lost with two pair, Aces and Jacks
Seat 6: henri789 (small blind) showed [Kh Qh] and won ($9.44) with two pair, Aces and Queens



PokerStars Hand #254612240996:  Hold'em No Limit ($0.50/$1.00 USD) - 2025/01/29 21:00:03 WET [2025/01/29 16:00:03 ET]
Table 'Euler' 6-max Seat #6 is the button
Seat 2: a$$face93 ($0 in chips) is sitting out
Seat 5: Diamondplaces ($0 in chips) is sitting out
Seat 1: XneferX ($168.21 in chips) 
Seat 3: HeisenbergC10 ($31.83 in chips) 
Seat 4: Yoalfre ($122.16 in chips) 
Seat 6: henri789 ($106.64 in chips) 
XneferX: posts small blind $0.50
HeisenbergC10: posts big blind $1
*** HOLE CARDS ***
Yoalfre: folds 
henri789: raises $1.10 to $2.10
Diamondplaces leaves the table
XneferX: folds 
HeisenbergC10: calls $1.10
*** FLOP *** [8c 4c Jh]
mr.Jckpot joins the table at seat #5 
HeisenbergC10: checks 
henri789: checks 
*** TURN *** [8c 4c Jh] [Ks]
HeisenbergC10: checks 
henri789: bets $3.12
HeisenbergC10: calls $3.12
*** RIVER *** [8c 4c Jh Ks] [Tc]
HeisenbergC10: bets $13.39
henri789: folds 
Uncalled bet ($13.39) returned to HeisenbergC10
henri789 leaves the table
HeisenbergC10 collected $10.39 from pot
*** SUMMARY ***
Total pot $10.94 | Rake $0.55 
Board [8c 4c Jh Ks Tc]
Seat 2: a$$face93
Seat 5: Diamondplaces
Seat 1: XneferX (small blind) folded before Flop
Seat 3: HeisenbergC10 (big blind) collected ($10.39)
Seat 4: Yoalfre folded before Flop (didn't bet)
Seat 6: henri789 (button) folded on the River



PokerStars Hand #254612262008:  Hold'em No Limit ($0.50/$1.00 USD) - 2025/01/29 21:01:30 WET [2025/01/29 16:01:30 ET]
Table 'Euler' 6-max Seat #1 is the button
Seat 2: a$$face93 ($0 in chips) is sitting out
Seat 5: mr.Jckpot ($100 in chips) is sitting out
Seat 1: XneferX ($167.71 in chips) 
Seat 3: HeisenbergC10 ($37 in chips) 
Seat 4: Yoalfre ($122.16 in chips) 
HeisenbergC10: posts small blind $0.50
Yoalfre: posts big blind $1
mr.Jckpot: sits out 
*** HOLE CARDS ***
XneferX: raises $1.77 to $2.77
J0SHB0SH joins the table at seat #6 
HeisenbergC10: folds 
Yoalfre: folds 
Uncalled bet ($1.77) returned to XneferX
XneferX collected $2.50 from pot
XneferX: doesn't show hand 
*** SUMMARY ***
Total pot $2.50 | Rake $0 
Seat 2: a$$face93
Seat 5: mr.Jckpot
Seat 1: XneferX (button) collected ($2.50)
Seat 3: HeisenbergC10 (small blind) folded before Flop
Seat 4: Yoalfre (big blind) folded before Flop



PokerStars Hand #254612264580:  Hold'em No Limit ($0.50/$1.00 USD) - 2025/01/29 21:01:40 WET [2025/01/29 16:01:40 ET]
Table 'Euler' 6-max Seat #3 is the button
Seat 2: a$$face93 ($0 in chips) is sitting out
Seat 6: J0SHB0SH ($100 in chips) is sitting out
Seat 1: XneferX ($169.21 in chips) 
Seat 3: HeisenbergC10 ($36.50 in chips) 
Seat 4: Yoalfre ($121.16 in chips) 
Seat 5: mr.Jckpot ($100 in chips) 
Yoalfre: posts small blind $0.50
mr.Jckpot: posts big blind $1
J0SHB0SH: sits out 
*** HOLE CARDS ***
XneferX: raises $1.30 to $2.30
HeisenbergC10: folds 
Yoalfre: folds 
mr.Jckpot: folds 
Uncalled bet ($1.30) returned to XneferX
XneferX collected $2.50 from pot
XneferX: doesn't show hand 
*** SUMMARY ***
Total pot $2.50 | Rake $0 
Seat 2: a$$face93
Seat 6: J0SHB0SH
Seat 1: XneferX collected ($2.50)
Seat 3: HeisenbergC10 (button) folded before Flop (didn't bet)
Seat 4: Yoalfre (small blind) folded before Flop
Seat 5: mr.Jckpot (big blind) folded before Flop



PokerStars Hand #254612270746:  Hold'em No Limit ($0.50/$1.00 USD) - 2025/01/29 21:02:01 WET [2025/01/29 16:02:01 ET]
Table 'Euler' 6-max Seat #4 is the button
Seat 2: a$$face93 ($0 in chips) is sitting out
Seat 1: XneferX ($170.71 in chips) 
Seat 3: HeisenbergC10 ($36.50 in chips) 
Seat 4: Yoalfre ($120.66 in chips) 
Seat 5: mr.Jckpot ($100 in chips) 
Seat 6: J0SHB0SH ($100 in chips) 
mr.Jckpot: posts small blind $0.50
J0SHB0SH: posts big blind $1
*** HOLE CARDS ***
XneferX: raises $1.10 to $2.10
HeisenbergC10: calls $2.10
Yoalfre: raises $8.90 to $11
mr.Jckpot: folds 
J0SHB0SH: folds 
XneferX: folds 
HeisenbergC10: folds 
Uncalled bet ($8.90) returned to Yoalfre
Yoalfre collected $7.80 from pot
Yoalfre: doesn't show hand 
*** SUMMARY ***
Total pot $7.80 | Rake $0 
Seat 2: a$$face93
Seat 1: XneferX folded before Flop
Seat 3: HeisenbergC10 folded before Flop
Seat 4: Yoalfre (button) collected ($7.80)
Seat 5: mr.Jckpot (small blind) folded before Flop
Seat 6: J0SHB0SH (big blind) folded before Flop



PokerStars Hand #254612278432:  Hold'em No Limit ($0.50/$1.00 USD) - 2025/01/29 21:02:28 WET [2025/01/29 16:02:28 ET]
Table 'Euler' 6-max Seat #5 is the button
Seat 2: a$$face93 ($0 in chips) is sitting out
Seat 1: XneferX ($168.61 in chips) 
Seat 3: HeisenbergC10 ($34.40 in chips) 
Seat 4: Yoalfre ($126.36 in chips) 
Seat 5: mr.Jckpot ($100 in chips) 
Seat 6: J0SHB0SH ($100 in chips) 
J0SHB0SH: posts small blind $0.50
XneferX: posts big blind $1
*** HOLE CARDS ***
HeisenbergC10: calls $1
Yoalfre: folds 
mr.Jckpot: raises $2.50 to $3.50
J0SHB0SH: folds 
XneferX: folds 
HeisenbergC10: calls $2.50
*** FLOP *** [9h 9c As]
HeisenbergC10: checks 
mr.Jckpot: checks 
*** TURN *** [9h 9c As] [Kc]
HeisenbergC10: bets $5.04
mr.Jckpot: folds 
Uncalled bet ($5.04) returned to HeisenbergC10
HeisenbergC10 collected $8.08 from pot
*** SUMMARY ***
Total pot $8.50 | Rake $0.42 
Board [9h 9c As Kc]
Seat 2: a$$face93
Seat 1: XneferX (big blind) folded before Flop
Seat 3: HeisenbergC10 collected ($8.08)
Seat 4: Yoalfre folded before Flop (didn't bet)
Seat 5: mr.Jckpot (button) folded on the Turn
Seat 6: J0SHB0SH (small blind) folded before Flop



PokerStars Hand #254612292295:  Hold'em No Limit ($0.50/$1.00 USD) - 2025/01/29 21:03:16 WET [2025/01/29 16:03:16 ET]
Table 'Euler' 6-max Seat #6 is the button
Seat 2: a$$face93 ($0 in chips) is sitting out
Seat 1: XneferX ($167.61 in chips) 
Seat 3: HeisenbergC10 ($38.98 in chips) 
Seat 4: Yoalfre ($126.36 in chips) 
Seat 5: mr.Jckpot ($100 in chips) 
Seat 6: J0SHB0SH ($100 in chips) 
XneferX: posts small blind $0.50
HeisenbergC10: posts big blind $1
*** HOLE CARDS ***
Yoalfre: folds 
mr.Jckpot: folds 
J0SHB0SH: raises $1.50 to $2.50
XneferX: raises $9.50 to $12
HeisenbergC10: folds 
J0SHB0SH: folds 
Uncalled bet ($9.50) returned to XneferX
XneferX collected $6 from pot
XneferX: doesn't show hand 
*** SUMMARY ***
Total pot $6 | Rake $0 
Seat 2: a$$face93
Seat 1: XneferX (small blind) collected ($6)
Seat 3: HeisenbergC10 (big blind) folded before Flop
Seat 4: Yoalfre folded before Flop (didn't bet)
Seat 5: mr.Jckpot folded before Flop (didn't bet)
Seat 6: J0SHB0SH (button) folded before Flop



PokerStars Hand #254612299670:  Hold'em No Limit ($0.50/$1.00 USD) - 2025/01/29 21:03:41 WET [2025/01/29 16:03:41 ET]
Table 'Euler' 6-max Seat #1 is the button
Seat 2: a$$face93 ($0 in chips) is sitting out
Seat 1: XneferX ($171.11 in chips) 
Seat 3: HeisenbergC10 ($37.98 in chips) 
Seat 4: Yoalfre ($126.36 in chips) 
Seat 5: mr.Jckpot ($100 in chips) 
Seat 6: J0SHB0SH ($100 in chips) 
HeisenbergC10: posts small blind $0.50
Yoalfre: posts big blind $1
*** HOLE CARDS ***
mr.Jckpot: folds 
J0SHB0SH: raises $1.50 to $2.50
XneferX: folds 
HeisenbergC10: calls $2
Yoalfre: folds 
*** FLOP *** [4h Kc 6c]
HeisenbergC10: checks 
J0SHB0SH: bets $3
HeisenbergC10: folds 
Uncalled bet ($3) returned to J0SHB0SH
J0SHB0SH collected $5.70 from pot
J0SHB0SH: doesn't show hand 
*** SUMMARY ***
Total pot $6 | Rake $0.30 
Board [4h Kc 6c]
Seat 2: a$$face93
Seat 1: XneferX (button) folded before Flop (didn't bet)
Seat 3: HeisenbergC10 (small blind) folded on the Flop
Seat 4: Yoalfre (big blind) folded before Flop
Seat 5: mr.Jckpot folded before Flop (didn't bet)
Seat 6: J0SHB0SH collected ($5.70)



PokerStars Hand #254612315841:  Hold'em No Limit ($0.50/$1.00 USD) - 2025/01/29 21:04:35 WET [2025/01/29 16:04:35 ET]
Table 'Euler' 6-max Seat #3 is the button
Seat 2: a$$face93 ($0 in chips) is sitting out
Seat 1: XneferX ($171.11 in chips) 
Seat 3: HeisenbergC10 ($35.48 in chips) 
Seat 4: Yoalfre ($125.36 in chips) 
Seat 5: mr.Jckpot ($100 in chips) 
Seat 6: J0SHB0SH ($103.20 in chips) 
Yoalfre: posts small blind $0.50
mr.Jckpot: posts big blind $1
*** HOLE CARDS ***
J0SHB0SH: folds 
XneferX: folds 
HeisenbergC10: folds 
Yoalfre: folds 
Uncalled bet ($0.50) returned to mr.Jckpot
mr.Jckpot collected $1 from pot
mr.Jckpot: doesn't show hand 
*** SUMMARY ***
Total pot $1 | Rake $0 
Seat 2: a$$face93
Seat 1: XneferX folded before Flop (didn't bet)
Seat 3: HeisenbergC10 (button) folded before Flop (didn't bet)
Seat 4: Yoalfre (small blind) folded before Flop
Seat 5: mr.Jckpot (big blind) collected ($1)
Seat 6: J0SHB0SH folded before Flop (didn't bet)



PokerStars Hand #254612319230:  Hold'em No Limit ($0.50/$1.00 USD) - 2025/01/29 21:04:46 WET [2025/01/29 16:04:46 ET]
Table 'Euler' 6-max Seat #4 is the button
Seat 2: a$$face93 ($0 in chips) is sitting out
Seat 1: XneferX ($171.11 in chips) 
Seat 3: HeisenbergC10 ($35.48 in chips) 
Seat 4: Yoalfre ($124.86 in chips) 
Seat 5: mr.Jckpot ($100.50 in chips) 
Seat 6: J0SHB0SH ($103.20 in chips) 
mr.Jckpot: posts small blind $0.50
J0SHB0SH: posts big blind $1
*** HOLE CARDS ***
XneferX: folds 
HeisenbergC10: folds 
Yoalfre: folds 
mr.Jckpot: folds 
Uncalled bet ($0.50) returned to J0SHB0SH
J0SHB0SH collected $1 from pot
J0SHB0SH: doesn't show hand 
*** SUMMARY ***
Total pot $1 | Rake $0 
Seat 2: a$$face93
Seat 1: XneferX folded before Flop (didn't bet)
Seat 3: HeisenbergC10 folded before Flop (didn't bet)
Seat 4: Yoalfre (button) folded before Flop (didn't bet)
Seat 5: mr.Jckpot (small blind) folded before Flop
Seat 6: J0SHB0SH (big blind) collected ($1)



PokerStars Hand #254612323653:  Hold'em No Limit ($0.50/$1.00 USD) - 2025/01/29 21:05:00 WET [2025/01/29 16:05:00 ET]
Table 'Euler' 6-max Seat #5 is the button
Seat 2: a$$face93 ($0 in chips) is sitting out
Seat 1: XneferX ($171.11 in chips) 
Seat 3: HeisenbergC10 ($35.48 in chips) 
Seat 4: Yoalfre ($124.86 in chips) 
Seat 5: mr.Jckpot ($100 in chips) 
Seat 6: J0SHB0SH ($103.70 in chips) 
J0SHB0SH: posts small blind $0.50
XneferX: posts big blind $1
*** HOLE CARDS ***
HeisenbergC10: calls $1
Yoalfre: folds 
mr.Jckpot: folds 
J0SHB0SH: folds 
XneferX: checks 
*** FLOP *** [Ks Qd Ac]
XneferX: checks 
HeisenbergC10: bets $1
XneferX: folds 
Uncalled bet ($1) returned to HeisenbergC10
HeisenbergC10 collected $2.38 from pot
*** SUMMARY ***
Total pot $2.50 | Rake $0.12 
Board [Ks Qd Ac]
Seat 2: a$$face93
Seat 1: XneferX (big blind) folded on the Flop
Seat 3: HeisenbergC10 collected ($2.38)
Seat 4: Yoalfre folded before Flop (didn't bet)
Seat 5: mr.Jckpot (button) folded before Flop (didn't bet)
Seat 6: J0SHB0SH (small blind) folded before Flop



PokerStars Hand #254612335104:  Hold'em No Limit ($0.50/$1.00 USD) - 2025/01/29 21:05:39 WET [2025/01/29 16:05:39 ET]
Table 'Euler' 6-max Seat #6 is the button
Seat 2: a$$face93 ($0 in chips) is sitting out
Seat 1: XneferX ($170.11 in chips) 
Seat 3: HeisenbergC10 ($36.86 in chips) 
Seat 4: Yoalfre ($124.86 in chips) 
Seat 5: mr.Jckpot ($100 in chips) 
Seat 6: J0SHB0SH ($103.20 in chips) 
XneferX: posts small blind $0.50
HeisenbergC10: posts big blind $1
*** HOLE CARDS ***
Yoalfre: folds 
mr.Jckpot: folds 
J0SHB0SH: folds 
XneferX: raises $2.50 to $3.50
HeisenbergC10: folds 
Uncalled bet ($2.50) returned to XneferX
XneferX collected $2 from pot
XneferX: doesn't show hand 
*** SUMMARY ***
Total pot $2 | Rake $0 
Seat 2: a$$face93
Seat 1: XneferX (small blind) collected ($2)
Seat 3: HeisenbergC10 (big blind) folded before Flop
Seat 4: Yoalfre folded before Flop (didn't bet)
Seat 5: mr.Jckpot folded before Flop (didn't bet)
Seat 6: J0SHB0SH (button) folded before Flop (didn't bet)



PokerStars Hand #254612341920:  Hold'em No Limit ($0.50/$1.00 USD) - 2025/01/29 21:06:01 WET [2025/01/29 16:06:01 ET]
Table 'Euler' 6-max Seat #1 is the button
Seat 2: a$$face93 ($0 in chips) is sitting out
Seat 1: XneferX ($171.11 in chips) 
Seat 3: HeisenbergC10 ($35.86 in chips) 
Seat 4: Yoalfre ($124.86 in chips) 
Seat 5: mr.Jckpot ($100 in chips) 
Seat 6: J0SHB0SH ($103.20 in chips) 
HeisenbergC10: posts small blind $0.50
Yoalfre: posts big blind $1
*** HOLE CARDS ***
mr.Jckpot: folds 
J0SHB0SH: folds 
XneferX: folds 
HeisenbergC10: folds 
Uncalled bet ($0.50) returned to Yoalfre
Yoalfre collected $1 from pot
Yoalfre: doesn't show hand 
*** SUMMARY ***
Total pot $1 | Rake $0 
Seat 2: a$$face93
Seat 1: XneferX (button) folded before Flop (didn't bet)
Seat 3: HeisenbergC10 (small blind) folded before Flop
Seat 4: Yoalfre (big blind) collected ($1)
Seat 5: mr.Jckpot folded before Flop (didn't bet)
Seat 6: J0SHB0SH folded before Flop (didn't bet)



PokerStars Hand #254612346132:  Hold'em No Limit ($0.50/$1.00 USD) - 2025/01/29 21:06:15 WET [2025/01/29 16:06:15 ET]
Table 'Euler' 6-max Seat #3 is the button
Seat 2: a$$face93 ($0 in chips) is sitting out
Seat 1: XneferX ($171.11 in chips) 
Seat 3: HeisenbergC10 ($35.36 in chips) 
Seat 4: Yoalfre ($125.36 in chips) 
Seat 5: mr.Jckpot ($100 in chips) 
Seat 6: J0SHB0SH ($103.20 in chips) 
Yoalfre: posts small blind $0.50
mr.Jckpot: posts big blind $1
*** HOLE CARDS ***
J0SHB0SH: folds 
XneferX: folds 
HeisenbergC10: calls $1
Yoalfre: raises $4 to $5
mr.Jckpot: folds 
HeisenbergC10: folds 
Uncalled bet ($4) returned to Yoalfre
Yoalfre collected $3 from pot
Yoalfre: doesn't show hand 
*** SUMMARY ***
Total pot $3 | Rake $0 
Seat 2: a$$face93
Seat 1: XneferX folded before Flop (didn't bet)
Seat 3: HeisenbergC10 (button) folded before Flop
Seat 4: Yoalfre (small blind) collected ($3)
Seat 5: mr.Jckpot (big blind) folded before Flop
Seat 6: J0SHB0SH folded before Flop (didn't bet)



PokerStars Hand #254612353160:  Hold'em No Limit ($0.50/$1.00 USD) - 2025/01/29 21:06:38 WET [2025/01/29 16:06:38 ET]
Table 'Euler' 6-max Seat #4 is the button
Seat 2: a$$face93 ($0 in chips) is sitting out
Seat 1: XneferX ($171.11 in chips) 
Seat 3: HeisenbergC10 ($34.36 in chips) 
Seat 4: Yoalfre ($127.36 in chips) 
Seat 5: mr.Jckpot ($100 in chips) 
Seat 6: J0SHB0SH ($103.20 in chips) 
mr.Jckpot: posts small blind $0.50
J0SHB0SH: posts big blind $1
*** HOLE CARDS ***
XneferX: raises $1.10 to $2.10
HeisenbergC10: folds 
Yoalfre: folds 
mr.Jckpot: folds 
J0SHB0SH: calls $1.10
*** FLOP *** [7s Qh 5c]
J0SHB0SH: checks 
XneferX: checks 
*** TURN *** [7s Qh 5c] [Th]
J0SHB0SH: checks 
XneferX: bets $2.27
J0SHB0SH: raises $12.73 to $15
XneferX: folds 
Uncalled bet ($12.73) returned to J0SHB0SH
J0SHB0SH collected $8.78 from pot
J0SHB0SH: doesn't show hand 
*** SUMMARY ***
Total pot $9.24 | Rake $0.46 
Board [7s Qh 5c Th]
Seat 2: a$$face93
Seat 1: XneferX folded on the Turn
Seat 3: HeisenbergC10 folded before Flop (didn't bet)
Seat 4: Yoalfre (button) folded before Flop (didn't bet)
Seat 5: mr.Jckpot (small blind) folded before Flop
Seat 6: J0SHB0SH (big blind) collected ($8.78)



PokerStars Hand #254612371962:  Hold'em No Limit ($0.50/$1.00 USD) - 2025/01/29 21:07:41 WET [2025/01/29 16:07:41 ET]
Table 'Euler' 6-max Seat #5 is the button
Seat 2: a$$face93 ($0 in chips) is sitting out
Seat 1: XneferX ($166.74 in chips) 
Seat 3: HeisenbergC10 ($34.36 in chips) 
Seat 4: Yoalfre ($127.36 in chips) 
Seat 5: mr.Jckpot ($100 in chips) 
Seat 6: J0SHB0SH ($107.61 in chips) 
J0SHB0SH: posts small blind $0.50
XneferX: posts big blind $1
*** HOLE CARDS ***
HeisenbergC10: calls $1
Yoalfre: folds 
mr.Jckpot: folds 
J0SHB0SH: folds 
XneferX: checks 
*** FLOP *** [Jc 5c Ah]
XneferX: checks 
HeisenbergC10: checks 
*** TURN *** [Jc 5c Ah] [4s]
XneferX: checks 
HeisenbergC10: bets $2.19
XneferX: folds 
Uncalled bet ($2.19) returned to HeisenbergC10
HeisenbergC10 collected $2.38 from pot
*** SUMMARY ***
Total pot $2.50 | Rake $0.12 
Board [Jc 5c Ah 4s]
Seat 2: a$$face93
Seat 1: XneferX (big blind) folded on the Turn
Seat 3: HeisenbergC10 collected ($2.38)
Seat 4: Yoalfre folded before Flop (didn't bet)
Seat 5: mr.Jckpot (button) folded before Flop (didn't bet)
Seat 6: J0SHB0SH (small blind) folded before Flop



PokerStars Hand #254612448265:  Hold'em No Limit ($0.50/$1.00 USD) - 2025/01/29 21:12:01 WET [2025/01/29 16:12:01 ET]
Table 'Euler' 6-max Seat #1 is the button
Seat 3: HeisenbergC10 ($0 in chips) is sitting out
Seat 1: XneferX ($163.74 in chips) 
Seat 2: Palacios777 ($100 in chips) 
Seat 4: Yoalfre ($131.06 in chips) 
Seat 5: mr.Jckpot ($100 in chips) 
Seat 6: J0SHB0SH ($140.73 in chips) 
Palacios777: posts small blind $0.50
Yoalfre: posts big blind $1
*** HOLE CARDS ***
mr.Jckpot: folds 
J0SHB0SH: raises $1.50 to $2.50
HeisenbergC10 leaves the table
XneferX: folds 
Palacios777: raises $8.50 to $11
Yoalfre: folds 
J0SHB0SH: calls $8.50
*** FLOP *** [Qc 2h Th]
thefrog2004 joins the table at seat #3 
thefrog2004 is disconnected 
Palacios777: bets $10.93
J0SHB0SH: calls $10.93
*** TURN *** [Qc 2h Th] [6c]
Palacios777: bets $31.97
J0SHB0SH: folds 
Uncalled bet ($31.97) returned to Palacios777
Palacios777 collected $42.62 from pot
Palacios777: doesn't show hand 
*** SUMMARY ***
Total pot $44.86 | Rake $2.24 
Board [Qc 2h Th 6c]
Seat 3: HeisenbergC10
Seat 1: XneferX (button) folded before Flop (didn't bet)
Seat 2: Palacios777 (small blind) collected ($42.62)
Seat 4: Yoalfre (big blind) folded before Flop
Seat 5: mr.Jckpot folded before Flop (didn't bet)
Seat 6: J0SHB0SH folded on the Turn



PokerStars Hand #254612477446:  Hold'em No Limit ($0.50/$1.00 USD) - 2025/01/29 21:13:38 WET [2025/01/29 16:13:38 ET]
Table 'Euler' 6-max Seat #2 is the button
Seat 3: thefrog2004 ($40.14 in chips) is sitting out
Seat 1: XneferX ($163.74 in chips) 
Seat 2: Palacios777 ($120.69 in chips) 
Seat 4: Yoalfre ($130.06 in chips) 
Seat 5: mr.Jckpot ($100 in chips) 
Seat 6: J0SHB0SH ($118.80 in chips) 
Yoalfre: posts small blind $0.50
mr.Jckpot: posts big blind $1
*** HOLE CARDS ***
J0SHB0SH: folds 
XneferX: folds 
Palacios777: folds 
Yoalfre: folds 
Uncalled bet ($0.50) returned to mr.Jckpot
mr.Jckpot collected $1 from pot
mr.Jckpot: doesn't show hand 
*** SUMMARY ***
Total pot $1 | Rake $0 
Seat 3: thefrog2004
Seat 1: XneferX folded before Flop (didn't bet)
Seat 2: Palacios777 (button) folded before Flop (didn't bet)
Seat 4: Yoalfre (small blind) folded before Flop
Seat 5: mr.Jckpot (big blind) collected ($1)
Seat 6: J0SHB0SH folded before Flop (didn't bet)



PokerStars Hand #254612481611:  Hold'em No Limit ($0.50/$1.00 USD) - 2025/01/29 21:13:52 WET [2025/01/29 16:13:52 ET]
Table 'Euler' 6-max Seat #4 is the button
Seat 1: XneferX ($163.74 in chips) 
Seat 2: Palacios777 ($120.69 in chips) 
Seat 3: thefrog2004 ($40.14 in chips) 
Seat 4: Yoalfre ($129.56 in chips) 
Seat 5: mr.Jckpot ($100.50 in chips) 
Seat 6: J0SHB0SH ($118.80 in chips) 
mr.Jckpot: posts small blind $0.50
J0SHB0SH: posts big blind $1
thefrog2004: posts big blind $1
*** HOLE CARDS ***
XneferX: raises $1.10 to $2.10
Palacios777: folds 
thefrog2004: calls $1.10
Yoalfre: folds 
mr.Jckpot: folds 
J0SHB0SH: calls $1.10
*** FLOP *** [5c Tc Ad]
J0SHB0SH: checks 
XneferX: bets $2.20
thefrog2004: calls $2.20
J0SHB0SH: folds 
*** TURN *** [5c Tc Ad] [Ks]
XneferX: bets $12.45
thefrog2004: folds 
Uncalled bet ($12.45) returned to XneferX
XneferX collected $10.64 from pot
XneferX: doesn't show hand 
*** SUMMARY ***
Total pot $11.20 | Rake $0.56 
Board [5c Tc Ad Ks]
Seat 1: XneferX collected ($10.64)
Seat 2: Palacios777 folded before Flop (didn't bet)
Seat 3: thefrog2004 folded on the Turn
Seat 4: Yoalfre (button) folded before Flop (didn't bet)
Seat 5: mr.Jckpot (small blind) folded before Flop
Seat 6: J0SHB0SH (big blind) folded on the Flop



PokerStars Hand #254612498852:  Hold'em No Limit ($0.50/$1.00 USD) - 2025/01/29 21:14:51 WET [2025/01/29 16:14:51 ET]
Table 'Euler' 6-max Seat #5 is the button
Seat 1: XneferX ($170.08 in chips) 
Seat 2: Palacios777 ($120.69 in chips) 
Seat 3: thefrog2004 ($35.84 in chips) 
Seat 4: Yoalfre ($129.56 in chips) 
Seat 5: mr.Jckpot ($100 in chips) 
Seat 6: J0SHB0SH ($116.70 in chips) 
J0SHB0SH: posts small blind $0.50
XneferX: posts big blind $1
*** HOLE CARDS ***
Palacios777: raises $1.20 to $2.20
thefrog2004: folds 
Yoalfre: folds 
mr.Jckpot: folds 
J0SHB0SH: raises $9.80 to $12
XneferX: folds 
Palacios777: folds 
Uncalled bet ($9.80) returned to J0SHB0SH
J0SHB0SH collected $5.40 from pot
J0SHB0SH: doesn't show hand 
*** SUMMARY ***
Total pot $5.40 | Rake $0 
Seat 1: XneferX (big blind) folded before Flop
Seat 2: Palacios777 folded before Flop
Seat 3: thefrog2004 folded before Flop (didn't bet)
Seat 4: Yoalfre folded before Flop (didn't bet)
Seat 5: mr.Jckpot (button) folded before Flop (didn't bet)
Seat 6: J0SHB0SH (small blind) collected ($5.40)



PokerStars Hand #254612506388:  Hold'em No Limit ($0.50/$1.00 USD) - 2025/01/29 21:15:16 WET [2025/01/29 16:15:16 ET]
Table 'Euler' 6-max Seat #6 is the button
Seat 1: XneferX ($169.08 in chips) 
Seat 2: Palacios777 ($118.49 in chips) 
Seat 3: thefrog2004 ($35.84 in chips) 
Seat 4: Yoalfre ($129.56 in chips) 
Seat 5: mr.Jckpot ($100 in chips) 
Seat 6: J0SHB0SH ($119.90 in chips) 
XneferX: posts small blind $0.50
Palacios777: posts big blind $1
*** HOLE CARDS ***
thefrog2004: calls $1
Yoalfre: folds 
mr.Jckpot: folds 
J0SHB0SH: folds 
XneferX: folds 
Palacios777: checks 
*** FLOP *** [Ah Th 5h]
Palacios777: checks 
thefrog2004: checks 
*** TURN *** [Ah Th 5h] [6s]
Palacios777: checks 
thefrog2004: checks 
*** RIVER *** [Ah Th 5h 6s] [3c]
Palacios777: checks 
thefrog2004: checks 
*** SHOW DOWN ***
Palacios777: shows [2s Kc] (high card Ace)
thefrog2004: mucks hand 
Palacios777 collected $2.38 from pot
*** SUMMARY ***
Total pot $2.50 | Rake $0.12 
Board [Ah Th 5h 6s 3c]
Seat 1: XneferX (small blind) folded before Flop
Seat 2: Palacios777 (big blind) showed [2s Kc] and won ($2.38) with high card Ace
Seat 3: thefrog2004 mucked
Seat 4: Yoalfre folded before Flop (didn't bet)
Seat 5: mr.Jckpot folded before Flop (didn't bet)
Seat 6: J0SHB0SH (button) folded before Flop (didn't bet)



PokerStars Hand #254612524617:  Hold'em No Limit ($0.50/$1.00 USD) - 2025/01/29 21:16:17 WET [2025/01/29 16:16:17 ET]
Table 'Euler' 6-max Seat #1 is the button
Seat 1: XneferX ($168.58 in chips) 
Seat 2: Palacios777 ($119.87 in chips) 
Seat 3: thefrog2004 ($34.84 in chips) 
Seat 4: Yoalfre ($129.56 in chips) 
Seat 5: mr.Jckpot ($100 in chips) 
Seat 6: J0SHB0SH ($119.90 in chips) 
Palacios777: posts small blind $0.50
thefrog2004: posts big blind $1
*** HOLE CARDS ***
Yoalfre: folds 
mr.Jckpot: raises $1.50 to $2.50
J0SHB0SH: folds 
XneferX: folds 
Palacios777: folds 
thefrog2004: folds 
Uncalled bet ($1.50) returned to mr.Jckpot
mr.Jckpot collected $2.50 from pot
mr.Jckpot: doesn't show hand 
*** SUMMARY ***
Total pot $2.50 | Rake $0 
Seat 1: XneferX (button) folded before Flop (didn't bet)
Seat 2: Palacios777 (small blind) folded before Flop
Seat 3: thefrog2004 (big blind) folded before Flop
Seat 4: Yoalfre folded before Flop (didn't bet)
Seat 5: mr.Jckpot collected ($2.50)
Seat 6: J0SHB0SH folded before Flop (didn't bet)



PokerStars Hand #254612529539:  Hold'em No Limit ($0.50/$1.00 USD) - 2025/01/29 21:16:33 WET [2025/01/29 16:16:33 ET]
Table 'Euler' 6-max Seat #2 is the button
Seat 1: XneferX ($168.58 in chips) 
Seat 2: Palacios777 ($119.37 in chips) 
Seat 3: thefrog2004 ($33.84 in chips) 
Seat 4: Yoalfre ($129.56 in chips) 
Seat 5: mr.Jckpot ($101.50 in chips) 
Seat 6: J0SHB0SH ($119.90 in chips) 
thefrog2004: posts small blind $0.50
Yoalfre: posts big blind $1
*** HOLE CARDS ***
mr.Jckpot: folds 
J0SHB0SH: folds 
XneferX: raises $1.30 to $2.30
Palacios777: folds 
thefrog2004: calls $1.80
Yoalfre: calls $1.30
*** FLOP *** [As Jh 8c]
thefrog2004: checks 
Yoalfre: checks 
XneferX: checks 
*** TURN *** [As Jh 8c] [4h]
thefrog2004: bets $2
Yoalfre: calls $2
XneferX: folds 
*** RIVER *** [As Jh 8c 4h] [9h]
thefrog2004: bets $2
Yoalfre: calls $2
*** SHOW DOWN ***
thefrog2004: shows [2h Ac] (a pair of Aces)
Yoalfre: mucks hand 
thefrog2004 collected $14.16 from pot
*** SUMMARY ***
Total pot $14.90 | Rake $0.74 
Board [As Jh 8c 4h 9h]
Seat 1: XneferX folded on the Turn
Seat 2: Palacios777 (button) folded before Flop (didn't bet)
Seat 3: thefrog2004 (small blind) showed [2h Ac] and won ($14.16) with a pair of Aces
Seat 4: Yoalfre (big blind) mucked
Seat 5: mr.Jckpot folded before Flop (didn't bet)
Seat 6: J0SHB0SH folded before Flop (didn't bet)



PokerStars Hand #254612553422:  Hold'em No Limit ($0.50/$1.00 USD) - 2025/01/29 21:17:54 WET [2025/01/29 16:17:54 ET]
Table 'Euler' 6-max Seat #3 is the button
Seat 1: XneferX ($166.28 in chips) 
Seat 2: Palacios777 ($119.37 in chips) 
Seat 3: thefrog2004 ($41.70 in chips) 
Seat 4: Yoalfre ($123.26 in chips) 
Seat 5: mr.Jckpot ($101.50 in chips) 
Seat 6: J0SHB0SH ($119.90 in chips) 
Yoalfre: posts small blind $0.50
mr.Jckpot: posts big blind $1
*** HOLE CARDS ***
J0SHB0SH: raises $1 to $2
XneferX: folds 
Palacios777: folds 
thefrog2004: folds 
Yoalfre: folds 
mr.Jckpot: raises $10 to $12
J0SHB0SH: folds 
Uncalled bet ($10) returned to mr.Jckpot
mr.Jckpot collected $4.50 from pot
mr.Jckpot: doesn't show hand 
*** SUMMARY ***
Total pot $4.50 | Rake $0 
Seat 1: XneferX folded before Flop (didn't bet)
Seat 2: Palacios777 folded before Flop (didn't bet)
Seat 3: thefrog2004 (button) folded before Flop (didn't bet)
Seat 4: Yoalfre (small blind) folded before Flop
Seat 5: mr.Jckpot (big blind) collected ($4.50)
Seat 6: J0SHB0SH folded before Flop



PokerStars Hand #254612559332:  Hold'em No Limit ($0.50/$1.00 USD) - 2025/01/29 21:18:14 WET [2025/01/29 16:18:14 ET]
Table 'Euler' 6-max Seat #4 is the button
Seat 1: XneferX ($166.28 in chips) 
Seat 2: Palacios777 ($119.37 in chips) 
Seat 3: thefrog2004 ($41.70 in chips) 
Seat 4: Yoalfre ($122.76 in chips) 
Seat 5: mr.Jckpot ($104 in chips) 
Seat 6: J0SHB0SH ($117.90 in chips) 
mr.Jckpot: posts small blind $0.50
J0SHB0SH: posts big blind $1
*** HOLE CARDS ***
XneferX: folds 
Palacios777: folds 
thefrog2004: calls $1
Yoalfre: folds 
mr.Jckpot: folds 
J0SHB0SH: checks 
*** FLOP *** [6h Qc 4c]
J0SHB0SH: checks 
thefrog2004: checks 
*** TURN *** [6h Qc 4c] [Td]
J0SHB0SH: bets $1.79
thefrog2004: calls $1.79
*** RIVER *** [6h Qc 4c Td] [9h]
J0SHB0SH: checks 
thefrog2004: checks 
*** SHOW DOWN ***
J0SHB0SH: shows [5h Tc] (a pair of Tens)
thefrog2004: mucks hand 
J0SHB0SH collected $5.78 from pot
*** SUMMARY ***
Total pot $6.08 | Rake $0.30 
Board [6h Qc 4c Td 9h]
Seat 1: XneferX folded before Flop (didn't bet)
Seat 2: Palacios777 folded before Flop (didn't bet)
Seat 3: thefrog2004 mucked
Seat 4: Yoalfre (button) folded before Flop (didn't bet)
Seat 5: mr.Jckpot (small blind) folded before Flop
Seat 6: J0SHB0SH (big blind) showed [5h Tc] and won ($5.78) with a pair of Tens



PokerStars Hand #254612573901:  Hold'em No Limit ($0.50/$1.00 USD) - 2025/01/29 21:19:04 WET [2025/01/29 16:19:04 ET]
Table 'Euler' 6-max Seat #5 is the button
Seat 1: XneferX ($166.28 in chips) 
Seat 2: Palacios777 ($119.37 in chips) 
Seat 3: thefrog2004 ($38.91 in chips) 
Seat 4: Yoalfre ($122.76 in chips) 
Seat 5: mr.Jckpot ($103.50 in chips) 
Seat 6: J0SHB0SH ($120.89 in chips) 
J0SHB0SH: posts small blind $0.50
XneferX: posts big blind $1
*** HOLE CARDS ***
Palacios777: folds 
thefrog2004: calls $1
Yoalfre: raises $3 to $4
mr.Jckpot: folds 
J0SHB0SH: folds 
XneferX: folds 
thefrog2004: calls $3
*** FLOP *** [7h 7s Ts]
thefrog2004: checks 
Yoalfre: bets $2.98
thefrog2004: calls $2.98
*** TURN *** [7h 7s Ts] [Jh]
thefrog2004: checks 
Yoalfre: checks 
*** RIVER *** [7h 7s Ts Jh] [5s]
thefrog2004: bets $4
Yoalfre: calls $4
*** SHOW DOWN ***
thefrog2004: shows [8s Qs] (a flush, Queen high)
Yoalfre: mucks hand 
thefrog2004 collected $22.29 from pot
*** SUMMARY ***
Total pot $23.46 | Rake $1.17 
Board [7h 7s Ts Jh 5s]
Seat 1: XneferX (big blind) folded before Flop
Seat 2: Palacios777 folded before Flop (didn't bet)
Seat 3: thefrog2004 showed [8s Qs] and won ($22.29) with a flush, Queen high
Seat 4: Yoalfre mucked
Seat 5: mr.Jckpot (button) folded before Flop (didn't bet)
Seat 6: J0SHB0SH (small blind) folded before Flop



PokerStars Hand #254612602888:  Hold'em No Limit ($0.50/$1.00 USD) - 2025/01/29 21:20:43 WET [2025/01/29 16:20:43 ET]
Table 'Euler' 6-max Seat #6 is the button
Seat 1: XneferX ($165.28 in chips) 
Seat 2: Palacios777 ($119.37 in chips) 
Seat 3: thefrog2004 ($50.22 in chips) 
Seat 4: Yoalfre ($111.78 in chips) 
Seat 5: mr.Jckpot ($103.50 in chips) 
Seat 6: J0SHB0SH ($120.39 in chips) 
XneferX: posts small blind $0.50
Palacios777: posts big blind $1
*** HOLE CARDS ***
thefrog2004 has timed out
thefrog2004: folds 
Yoalfre: folds 
mr.Jckpot: raises $1.50 to $2.50
J0SHB0SH: folds 
XneferX: folds 
Palacios777: raises $9.50 to $12
mr.Jckpot: calls $9.50
*** FLOP *** [5d 7c 3d]
Palacios777: checks 
mr.Jckpot: bets $9.50
Palacios777: folds 
Uncalled bet ($9.50) returned to mr.Jckpot
mr.Jckpot collected $23.28 from pot
mr.Jckpot: doesn't show hand 
*** SUMMARY ***
Total pot $24.50 | Rake $1.22 
Board [5d 7c 3d]
Seat 1: XneferX (small blind) folded before Flop
Seat 2: Palacios777 (big blind) folded on the Flop
Seat 3: thefrog2004 folded before Flop (didn't bet)
Seat 4: Yoalfre folded before Flop (didn't bet)
Seat 5: mr.Jckpot collected ($23.28)
Seat 6: J0SHB0SH (button) folded before Flop (didn't bet)



PokerStars Hand #254612624964:  Hold'em No Limit ($0.50/$1.00 USD) - 2025/01/29 21:21:58 WET [2025/01/29 16:21:58 ET]
Table 'Euler' 6-max Seat #1 is the button
Seat 1: XneferX ($164.78 in chips) 
Seat 2: Palacios777 ($107.37 in chips) 
Seat 3: thefrog2004 ($50.22 in chips) 
Seat 4: Yoalfre ($111.78 in chips) 
Seat 5: mr.Jckpot ($114.78 in chips) 
Seat 6: J0SHB0SH ($120.39 in chips) 
Palacios777: posts small blind $0.50
thefrog2004: posts big blind $1
*** HOLE CARDS ***
Yoalfre: folds 
mr.Jckpot: folds 
J0SHB0SH: raises $1.50 to $2.50
XneferX: folds 
Palacios777: folds 
thefrog2004: folds 
Uncalled bet ($1.50) returned to J0SHB0SH
J0SHB0SH collected $2.50 from pot
J0SHB0SH: doesn't show hand 
*** SUMMARY ***
Total pot $2.50 | Rake $0 
Seat 1: XneferX (button) folded before Flop (didn't bet)
Seat 2: Palacios777 (small blind) folded before Flop
Seat 3: thefrog2004 (big blind) folded before Flop
Seat 4: Yoalfre folded before Flop (didn't bet)
Seat 5: mr.Jckpot folded before Flop (didn't bet)
Seat 6: J0SHB0SH collected ($2.50)



PokerStars Hand #254612630753:  Hold'em No Limit ($0.50/$1.00 USD) - 2025/01/29 21:22:18 WET [2025/01/29 16:22:18 ET]
Table 'Euler' 6-max Seat #2 is the button
Seat 1: XneferX ($164.78 in chips) 
Seat 2: Palacios777 ($106.87 in chips) 
Seat 3: thefrog2004 ($49.22 in chips) 
Seat 4: Yoalfre ($111.78 in chips) 
Seat 5: mr.Jckpot ($114.78 in chips) 
Seat 6: J0SHB0SH ($121.89 in chips) 
thefrog2004: posts small blind $0.50
Yoalfre: posts big blind $1
*** HOLE CARDS ***
mr.Jckpot: folds 
J0SHB0SH: folds 
XneferX: folds 
Palacios777: folds 
thefrog2004: raises $1 to $2
Yoalfre: folds 
Uncalled bet ($1) returned to thefrog2004
thefrog2004 collected $2 from pot
*** SUMMARY ***
Total pot $2 | Rake $0 
Seat 1: XneferX folded before Flop (didn't bet)
Seat 2: Palacios777 (button) folded before Flop (didn't bet)
Seat 3: thefrog2004 (small blind) collected ($2)
Seat 4: Yoalfre (big blind) folded before Flop
Seat 5: mr.Jckpot folded before Flop (didn't bet)
Seat 6: J0SHB0SH folded before Flop (didn't bet)



PokerStars Hand #254612637281:  Hold'em No Limit ($0.50/$1.00 USD) - 2025/01/29 21:22:40 WET [2025/01/29 16:22:40 ET]
Table 'Euler' 6-max Seat #3 is the button
Seat 1: XneferX ($164.78 in chips) 
Seat 2: Palacios777 ($106.87 in chips) 
Seat 3: thefrog2004 ($50.22 in chips) 
Seat 4: Yoalfre ($110.78 in chips) 
Seat 5: mr.Jckpot ($114.78 in chips) 
Seat 6: J0SHB0SH ($121.89 in chips) 
Yoalfre: posts small blind $0.50
mr.Jckpot: posts big blind $1
*** HOLE CARDS ***
J0SHB0SH: folds 
XneferX: folds 
Palacios777: folds 
thefrog2004: folds 
Yoalfre: raises $2 to $3
mr.Jckpot: raises $6 to $9
Yoalfre: folds 
Uncalled bet ($6) returned to mr.Jckpot
mr.Jckpot collected $6 from pot
mr.Jckpot: doesn't show hand 
*** SUMMARY ***
Total pot $6 | Rake $0 
Seat 1: XneferX folded before Flop (didn't bet)
Seat 2: Palacios777 folded before Flop (didn't bet)
Seat 3: thefrog2004 (button) folded before Flop (didn't bet)
Seat 4: Yoalfre (small blind) folded before Flop
Seat 5: mr.Jckpot (big blind) collected ($6)
Seat 6: J0SHB0SH folded before Flop (didn't bet)



PokerStars Hand #254612644932:  Hold'em No Limit ($0.50/$1.00 USD) - 2025/01/29 21:23:07 WET [2025/01/29 16:23:07 ET]
Table 'Euler' 6-max Seat #4 is the button
Seat 1: XneferX ($164.78 in chips) 
Seat 2: Palacios777 ($106.87 in chips) 
Seat 3: thefrog2004 ($50.22 in chips) 
Seat 4: Yoalfre ($107.78 in chips) 
Seat 5: mr.Jckpot ($117.78 in chips) 
Seat 6: J0SHB0SH ($121.89 in chips) 
mr.Jckpot: posts small blind $0.50
J0SHB0SH: posts big blind $1
*** HOLE CARDS ***
XneferX: folds 
Palacios777: folds 
thefrog2004: folds 
Yoalfre: folds 
mr.Jckpot: folds 
Uncalled bet ($0.50) returned to J0SHB0SH
J0SHB0SH collected $1 from pot
J0SHB0SH: doesn't show hand 
*** SUMMARY ***
Total pot $1 | Rake $0 
Seat 1: XneferX folded before Flop (didn't bet)
Seat 2: Palacios777 folded before Flop (didn't bet)
Seat 3: thefrog2004 folded before Flop (didn't bet)
Seat 4: Yoalfre (button) folded before Flop (didn't bet)
Seat 5: mr.Jckpot (small blind) folded before Flop
Seat 6: J0SHB0SH (big blind) collected ($1)



PokerStars Hand #254612791708:  Hold'em No Limit ($0.50/$1.00 USD) - 2025/01/29 21:31:32 WET [2025/01/29 16:31:32 ET]
Table 'Euler' 6-max Seat #6 is the button
Seat 1: XneferX ($166.10 in chips) 
Seat 2: Palacios777 ($101.50 in chips) 
Seat 3: thefrog2004 ($73.07 in chips) 
Seat 4: Yoalfre ($205 in chips) 
Seat 5: mr.Jckpot ($119.42 in chips) 
Seat 6: J0SHB0SH ($117.39 in chips) 
XneferX: posts small blind $0.50
Palacios777: posts big blind $1
*** HOLE CARDS ***
thefrog2004: calls $1
Yoalfre: raises $3 to $4
mr.Jckpot: folds 
J0SHB0SH: folds 
XneferX: folds 
Palacios777: calls $3
thefrog2004: calls $3
*** FLOP *** [5d 2c 4s]
Palacios777: checks 
thefrog2004: checks 
Yoalfre: bets $8.91
Palacios777: folds 
thefrog2004: calls $8.91
*** TURN *** [5d 2c 4s] [4d]
thefrog2004: checks 
Yoalfre: checks 
*** RIVER *** [5d 2c 4s 4d] [6h]
thefrog2004: bets $5
Yoalfre: raises $15 to $20
thefrog2004: calls $15
*** SHOW DOWN ***
Yoalfre: shows [6s 6c] (a full house, Sixes full of Fours)
thefrog2004: mucks hand 
Yoalfre collected $67.82 from pot
*** SUMMARY ***
Total pot $70.32 | Rake $2.50 
Board [5d 2c 4s 4d 6h]
Seat 1: XneferX (small blind) folded before Flop
Seat 2: Palacios777 (big blind) folded on the Flop
Seat 3: thefrog2004 mucked
Seat 4: Yoalfre showed [6s 6c] and won ($67.82) with a full house, Sixes full of Fours
Seat 5: mr.Jckpot folded before Flop (didn't bet)
Seat 6: J0SHB0SH (button) folded before Flop (didn't bet)



PokerStars Hand #254612818887:  Hold'em No Limit ($0.50/$1.00 USD) - 2025/01/29 21:33:05 WET [2025/01/29 16:33:05 ET]
Table 'Euler' 6-max Seat #1 is the button
Seat 1: XneferX ($165.60 in chips) 
Seat 2: Palacios777 ($100 in chips) 
Seat 3: thefrog2004 ($40.16 in chips) 
Seat 4: Yoalfre ($239.91 in chips) 
Seat 5: mr.Jckpot ($119.42 in chips) 
Seat 6: J0SHB0SH ($117.39 in chips) 
Palacios777: posts small blind $0.50
thefrog2004: posts big blind $1
*** HOLE CARDS ***
Yoalfre: raises $1.50 to $2.50
mr.Jckpot: folds 
J0SHB0SH: raises $5 to $7.50
XneferX: folds 
Palacios777: folds 
thefrog2004: folds 
Yoalfre: folds 
Uncalled bet ($5) returned to J0SHB0SH
J0SHB0SH collected $6.50 from pot
J0SHB0SH: doesn't show hand 
*** SUMMARY ***
Total pot $6.50 | Rake $0 
Seat 1: XneferX (button) folded before Flop (didn't bet)
Seat 2: Palacios777 (small blind) folded before Flop
Seat 3: thefrog2004 (big blind) folded before Flop
Seat 4: Yoalfre folded before Flop
Seat 5: mr.Jckpot folded before Flop (didn't bet)
Seat 6: J0SHB0SH collected ($6.50)



PokerStars Hand #254612824782:  Hold'em No Limit ($0.50/$1.00 USD) - 2025/01/29 21:33:25 WET [2025/01/29 16:33:25 ET]
Table 'Euler' 6-max Seat #2 is the button
Seat 1: XneferX ($165.60 in chips) 
Seat 2: Palacios777 ($100 in chips) 
Seat 3: thefrog2004 ($39.16 in chips) 
Seat 4: Yoalfre ($237.41 in chips) 
Seat 5: mr.Jckpot ($119.42 in chips) 
Seat 6: J0SHB0SH ($121.39 in chips) 
thefrog2004: posts small blind $0.50
Yoalfre: posts big blind $1
*** HOLE CARDS ***
mr.Jckpot: folds 
J0SHB0SH: folds 
XneferX: folds 
Palacios777: folds 
thefrog2004: raises $1 to $2
Yoalfre: folds 
Uncalled bet ($1) returned to thefrog2004
thefrog2004 collected $2 from pot
*** SUMMARY ***
Total pot $2 | Rake $0 
Seat 1: XneferX folded before Flop (didn't bet)
Seat 2: Palacios777 (button) folded before Flop (didn't bet)
Seat 3: thefrog2004 (small blind) collected ($2)
Seat 4: Yoalfre (big blind) folded before Flop
Seat 5: mr.Jckpot folded before Flop (didn't bet)
Seat 6: J0SHB0SH folded before Flop (didn't bet)



PokerStars Hand #254612830748:  Hold'em No Limit ($0.50/$1.00 USD) - 2025/01/29 21:33:45 WET [2025/01/29 16:33:45 ET]
Table 'Euler' 6-max Seat #3 is the button
Seat 1: XneferX ($165.60 in chips) 
Seat 2: Palacios777 ($100 in chips) 
Seat 3: thefrog2004 ($40.16 in chips) 
Seat 4: Yoalfre ($236.41 in chips) 
Seat 5: mr.Jckpot ($119.42 in chips) 
Seat 6: J0SHB0SH ($121.39 in chips) 
Yoalfre: posts small blind $0.50
mr.Jckpot: posts big blind $1
*** HOLE CARDS ***
J0SHB0SH: folds 
XneferX: folds 
Palacios777: raises $1.50 to $2.50
thefrog2004: calls $2.50
Yoalfre: calls $2
mr.Jckpot: calls $1.50
*** FLOP *** [9c Ad Td]
Yoalfre: checks 
mr.Jckpot: checks 
Palacios777: bets $5.50
thefrog2004: folds 
Yoalfre: folds 
mr.Jckpot: calls $5.50
*** TURN *** [9c Ad Td] [6c]
mr.Jckpot: checks 
Palacios777: bets $25
mr.Jckpot: raises $86.42 to $111.42 and is all-in
Palacios777: folds 
Uncalled bet ($86.42) returned to mr.Jckpot
mr.Jckpot collected $68.50 from pot
mr.Jckpot: doesn't show hand 
*** SUMMARY ***
Total pot $71 | Rake $2.50 
Board [9c Ad Td 6c]
Seat 1: XneferX folded before Flop (didn't bet)
Seat 2: Palacios777 folded on the Turn
Seat 3: thefrog2004 (button) folded on the Flop
Seat 4: Yoalfre (small blind) folded on the Flop
Seat 5: mr.Jckpot (big blind) collected ($68.50)
Seat 6: J0SHB0SH folded before Flop (didn't bet)



PokerStars Hand #254612859709:  Hold'em No Limit ($0.50/$1.00 USD) - 2025/01/29 21:35:25 WET [2025/01/29 16:35:25 ET]
Table 'Euler' 6-max Seat #4 is the button
Seat 1: XneferX ($165.60 in chips) 
Seat 2: Palacios777 ($100 in chips) 
Seat 3: thefrog2004 ($37.66 in chips) 
Seat 4: Yoalfre ($233.91 in chips) 
Seat 5: mr.Jckpot ($154.92 in chips) 
Seat 6: J0SHB0SH ($121.39 in chips) 
mr.Jckpot: posts small blind $0.50
J0SHB0SH: posts big blind $1
*** HOLE CARDS ***
XneferX: raises $1.10 to $2.10
Palacios777: folds 
thefrog2004: folds 
Yoalfre: folds 
mr.Jckpot: folds 
J0SHB0SH: folds 
Uncalled bet ($1.10) returned to XneferX
XneferX collected $2.50 from pot
XneferX: doesn't show hand 
*** SUMMARY ***
Total pot $2.50 | Rake $0 
Seat 1: XneferX collected ($2.50)
Seat 2: Palacios777 folded before Flop (didn't bet)
Seat 3: thefrog2004 folded before Flop (didn't bet)
Seat 4: Yoalfre (button) folded before Flop (didn't bet)
Seat 5: mr.Jckpot (small blind) folded before Flop
Seat 6: J0SHB0SH (big blind) folded before Flop



PokerStars Hand #254612862963:  Hold'em No Limit ($0.50/$1.00 USD) - 2025/01/29 21:35:37 WET [2025/01/29 16:35:37 ET]
Table 'Euler' 6-max Seat #5 is the button
Seat 1: XneferX ($167.10 in chips) 
Seat 2: Palacios777 ($100 in chips) 
Seat 3: thefrog2004 ($37.66 in chips) 
Seat 4: Yoalfre ($233.91 in chips) 
Seat 5: mr.Jckpot ($154.42 in chips) 
Seat 6: J0SHB0SH ($120.39 in chips) 
J0SHB0SH: posts small blind $0.50
XneferX: posts big blind $1
*** HOLE CARDS ***
Palacios777: folds 
thefrog2004: folds 
Yoalfre: folds 
mr.Jckpot: folds 
J0SHB0SH: folds 
Uncalled bet ($0.50) returned to XneferX
XneferX collected $1 from pot
XneferX: doesn't show hand 
*** SUMMARY ***
Total pot $1 | Rake $0 
Seat 1: XneferX (big blind) collected ($1)
Seat 2: Palacios777 folded before Flop (didn't bet)
Seat 3: thefrog2004 folded before Flop (didn't bet)
Seat 4: Yoalfre folded before Flop (didn't bet)
Seat 5: mr.Jckpot (button) folded before Flop (didn't bet)
Seat 6: J0SHB0SH (small blind) folded before Flop



PokerStars Hand #254612867168:  Hold'em No Limit ($0.50/$1.00 USD) - 2025/01/29 21:35:51 WET [2025/01/29 16:35:51 ET]
Table 'Euler' 6-max Seat #6 is the button
Seat 1: XneferX ($167.60 in chips) 
Seat 2: Palacios777 ($100 in chips) 
Seat 3: thefrog2004 ($37.66 in chips) 
Seat 4: Yoalfre ($233.91 in chips) 
Seat 5: mr.Jckpot ($154.42 in chips) 
Seat 6: J0SHB0SH ($119.89 in chips) 
XneferX: posts small blind $0.50
Palacios777: posts big blind $1
*** HOLE CARDS ***
thefrog2004: calls $1
Yoalfre: folds 
mr.Jckpot: folds 
J0SHB0SH: folds 
XneferX: folds 
Palacios777: raises $2.50 to $3.50
thefrog2004: calls $2.50
*** FLOP *** [5c Ad 9s]
Palacios777: bets $2.35
thefrog2004: folds 
Uncalled bet ($2.35) returned to Palacios777
Palacios777 collected $7.12 from pot
Palacios777: doesn't show hand 
*** SUMMARY ***
Total pot $7.50 | Rake $0.38 
Board [5c Ad 9s]
Seat 1: XneferX (small blind) folded before Flop
Seat 2: Palacios777 (big blind) collected ($7.12)
Seat 3: thefrog2004 folded on the Flop
Seat 4: Yoalfre folded before Flop (didn't bet)
Seat 5: mr.Jckpot folded before Flop (didn't bet)
Seat 6: J0SHB0SH (button) folded before Flop (didn't bet)



PokerStars Hand #254612877287:  Hold'em No Limit ($0.50/$1.00 USD) - 2025/01/29 21:36:26 WET [2025/01/29 16:36:26 ET]
Table 'Euler' 6-max Seat #1 is the button
Seat 1: XneferX ($167.10 in chips) 
Seat 2: Palacios777 ($103.62 in chips) 
Seat 3: thefrog2004 ($34.16 in chips) 
Seat 4: Yoalfre ($233.91 in chips) 
Seat 5: mr.Jckpot ($154.42 in chips) 
Seat 6: J0SHB0SH ($119.89 in chips) 
Palacios777: posts small blind $0.50
thefrog2004: posts big blind $1
*** HOLE CARDS ***
Yoalfre: folds 
mr.Jckpot: folds 
J0SHB0SH: folds 
XneferX: folds 
Palacios777: raises $2 to $3
thefrog2004: calls $2
*** FLOP *** [5h 3c Jh]
Palacios777: bets $1.88
thefrog2004: calls $1.88
*** TURN *** [5h 3c Jh] [Ad]
Palacios777: bets $3.06
thefrog2004: folds 
Uncalled bet ($3.06) returned to Palacios777
Palacios777 collected $9.27 from pot
Palacios777: doesn't show hand 
*** SUMMARY ***
Total pot $9.76 | Rake $0.49 
Board [5h 3c Jh Ad]
Seat 1: XneferX (button) folded before Flop (didn't bet)
Seat 2: Palacios777 (small blind) collected ($9.27)
Seat 3: thefrog2004 (big blind) folded on the Turn
Seat 4: Yoalfre folded before Flop (didn't bet)
Seat 5: mr.Jckpot folded before Flop (didn't bet)
Seat 6: J0SHB0SH folded before Flop (didn't bet)



PokerStars Hand #254612893544:  Hold'em No Limit ($0.50/$1.00 USD) - 2025/01/29 21:37:23 WET [2025/01/29 16:37:23 ET]
Table 'Euler' 6-max Seat #2 is the button
Seat 1: XneferX ($167.10 in chips) 
Seat 2: Palacios777 ($108.01 in chips) 
Seat 3: thefrog2004 ($29.28 in chips) 
Seat 4: Yoalfre ($233.91 in chips) 
Seat 5: mr.Jckpot ($154.42 in chips) 
Seat 6: J0SHB0SH ($119.89 in chips) 
thefrog2004: posts small blind $0.50
Yoalfre: posts big blind $1
*** HOLE CARDS ***
mr.Jckpot: folds 
J0SHB0SH: folds 
XneferX: folds 
Palacios777: folds 
thefrog2004: raises $1 to $2
Yoalfre: folds 
Uncalled bet ($1) returned to thefrog2004
thefrog2004 collected $2 from pot
*** SUMMARY ***
Total pot $2 | Rake $0 
Seat 1: XneferX folded before Flop (didn't bet)
Seat 2: Palacios777 (button) folded before Flop (didn't bet)
Seat 3: thefrog2004 (small blind) collected ($2)
Seat 4: Yoalfre (big blind) folded before Flop
Seat 5: mr.Jckpot folded before Flop (didn't bet)
Seat 6: J0SHB0SH folded before Flop (didn't bet)



PokerStars Hand #254612899541:  Hold'em No Limit ($0.50/$1.00 USD) - 2025/01/29 21:37:43 WET [2025/01/29 16:37:43 ET]
Table 'Euler' 6-max Seat #3 is the button
Seat 1: XneferX ($167.10 in chips) 
Seat 2: Palacios777 ($108.01 in chips) 
Seat 3: thefrog2004 ($30.28 in chips) 
Seat 4: Yoalfre ($232.91 in chips) 
Seat 5: mr.Jckpot ($154.42 in chips) 
Seat 6: J0SHB0SH ($119.89 in chips) 
Yoalfre: posts small blind $0.50
mr.Jckpot: posts big blind $1
*** HOLE CARDS ***
J0SHB0SH: folds 
XneferX: folds 
Palacios777: raises $1.50 to $2.50
thefrog2004: folds 
Yoalfre: raises $8.50 to $11
mr.Jckpot: folds 
Palacios777: folds 
Uncalled bet ($8.50) returned to Yoalfre
Yoalfre collected $6 from pot
Yoalfre: doesn't show hand 
*** SUMMARY ***
Total pot $6 | Rake $0 
Seat 1: XneferX folded before Flop (didn't bet)
Seat 2: Palacios777 folded before Flop
Seat 3: thefrog2004 (button) folded before Flop (didn't bet)
Seat 4: Yoalfre (small blind) collected ($6)
Seat 5: mr.Jckpot (big blind) folded before Flop
Seat 6: J0SHB0SH folded before Flop (didn't bet)



PokerStars Hand #254612911770:  Hold'em No Limit ($0.50/$1.00 USD) - 2025/01/29 21:38:26 WET [2025/01/29 16:38:26 ET]
Table 'Euler' 6-max Seat #4 is the button
Seat 1: XneferX ($167.10 in chips) 
Seat 2: Palacios777 ($105.51 in chips) 
Seat 3: thefrog2004 ($30.28 in chips) 
Seat 4: Yoalfre ($236.41 in chips) 
Seat 5: mr.Jckpot ($153.42 in chips) 
Seat 6: J0SHB0SH ($119.89 in chips) 
mr.Jckpot: posts small blind $0.50
J0SHB0SH: posts big blind $1
*** HOLE CARDS ***
XneferX: raises $1.10 to $2.10
Palacios777: folds 
thefrog2004: folds 
Yoalfre: folds 
mr.Jckpot: raises $9.90 to $12
J0SHB0SH: folds 
XneferX: folds 
Uncalled bet ($9.90) returned to mr.Jckpot
mr.Jckpot collected $5.20 from pot
mr.Jckpot: doesn't show hand 
*** SUMMARY ***
Total pot $5.20 | Rake $0 
Seat 1: XneferX folded before Flop
Seat 2: Palacios777 folded before Flop (didn't bet)
Seat 3: thefrog2004 folded before Flop (didn't bet)
Seat 4: Yoalfre (button) folded before Flop (didn't bet)
Seat 5: mr.Jckpot (small blind) collected ($5.20)
Seat 6: J0SHB0SH (big blind) folded before Flop



PokerStars Hand #254612921267:  Hold'em No Limit ($0.50/$1.00 USD) - 2025/01/29 21:38:59 WET [2025/01/29 16:38:59 ET]
Table 'Euler' 6-max Seat #5 is the button
Seat 1: XneferX ($165 in chips) 
Seat 2: Palacios777 ($105.51 in chips) 
Seat 3: thefrog2004 ($30.28 in chips) 
Seat 4: Yoalfre ($236.41 in chips) 
Seat 5: mr.Jckpot ($156.52 in chips) 
Seat 6: J0SHB0SH ($118.89 in chips) 
J0SHB0SH: posts small blind $0.50
XneferX: posts big blind $1
*** HOLE CARDS ***
Palacios777: folds 
thefrog2004: folds 
Yoalfre: folds 
mr.Jckpot: folds 
J0SHB0SH: folds 
Uncalled bet ($0.50) returned to XneferX
XneferX collected $1 from pot
XneferX: doesn't show hand 
*** SUMMARY ***
Total pot $1 | Rake $0 
Seat 1: XneferX (big blind) collected ($1)
Seat 2: Palacios777 folded before Flop (didn't bet)
Seat 3: thefrog2004 folded before Flop (didn't bet)
Seat 4: Yoalfre folded before Flop (didn't bet)
Seat 5: mr.Jckpot (button) folded before Flop (didn't bet)
Seat 6: J0SHB0SH (small blind) folded before Flop



PokerStars Hand #254612925342:  Hold'em No Limit ($0.50/$1.00 USD) - 2025/01/29 21:39:13 WET [2025/01/29 16:39:13 ET]
Table 'Euler' 6-max Seat #6 is the button
Seat 1: XneferX ($165.50 in chips) 
Seat 2: Palacios777 ($105.51 in chips) 
Seat 3: thefrog2004 ($30.28 in chips) 
Seat 4: Yoalfre ($236.41 in chips) 
Seat 5: mr.Jckpot ($156.52 in chips) 
Seat 6: J0SHB0SH ($118.39 in chips) 
XneferX: posts small blind $0.50
Palacios777: posts big blind $1
*** HOLE CARDS ***
thefrog2004: calls $1
Yoalfre: folds 
mr.Jckpot: folds 
J0SHB0SH: folds 
XneferX: folds 
Palacios777: checks 
*** FLOP *** [5s 5c 6c]
Palacios777: checks 
thefrog2004: bets $1
Palacios777: calls $1
*** TURN *** [5s 5c 6c] [Ks]
Palacios777: checks 
thefrog2004: bets $1
Palacios777: raises $4 to $5
thefrog2004: folds 
Uncalled bet ($4) returned to Palacios777
Palacios777 collected $6.18 from pot
Palacios777: doesn't show hand 
*** SUMMARY ***
Total pot $6.50 | Rake $0.32 
Board [5s 5c 6c Ks]
Seat 1: XneferX (small blind) folded before Flop
Seat 2: Palacios777 (big blind) collected ($6.18)
Seat 3: thefrog2004 folded on the Turn
Seat 4: Yoalfre folded before Flop (didn't bet)
Seat 5: mr.Jckpot folded before Flop (didn't bet)
Seat 6: J0SHB0SH (button) folded before Flop (didn't bet)



PokerStars Hand #254612943926:  Hold'em No Limit ($0.50/$1.00 USD) - 2025/01/29 21:40:18 WET [2025/01/29 16:40:18 ET]
Table 'Euler' 6-max Seat #1 is the button
Seat 1: XneferX ($165 in chips) 
Seat 2: Palacios777 ($108.69 in chips) 
Seat 3: thefrog2004 ($27.28 in chips) 
Seat 4: Yoalfre ($236.41 in chips) 
Seat 5: mr.Jckpot ($156.52 in chips) 
Seat 6: J0SHB0SH ($118.39 in chips) 
Palacios777: posts small blind $0.50
thefrog2004: posts big blind $1
*** HOLE CARDS ***
Yoalfre: folds 
mr.Jckpot: folds 
J0SHB0SH: folds 
XneferX: folds 
Palacios777: raises $2 to $3
thefrog2004: calls $2
*** FLOP *** [Kd Th 2c]
Palacios777: bets $1
thefrog2004: raises $1 to $2
Palacios777: calls $1
*** TURN *** [Kd Th 2c] [4h]
Palacios777: checks 
thefrog2004: bets $2
Palacios777: calls $2
*** RIVER *** [Kd Th 2c 4h] [6h]
Palacios777: checks 
thefrog2004: bets $3
Palacios777: calls $3
*** SHOW DOWN ***
thefrog2004: shows [Qs Qd] (a pair of Queens)
Palacios777: mucks hand 
thefrog2004 collected $19 from pot
*** SUMMARY ***
Total pot $20 | Rake $1 
Board [Kd Th 2c 4h 6h]
Seat 1: XneferX (button) folded before Flop (didn't bet)
Seat 2: Palacios777 (small blind) mucked
Seat 3: thefrog2004 (big blind) showed [Qs Qd] and won ($19) with a pair of Queens
Seat 4: Yoalfre folded before Flop (didn't bet)
Seat 5: mr.Jckpot folded before Flop (didn't bet)
Seat 6: J0SHB0SH folded before Flop (didn't bet)



PokerStars Hand #254612965273:  Hold'em No Limit ($0.50/$1.00 USD) - 2025/01/29 21:41:33 WET [2025/01/29 16:41:33 ET]
Table 'Euler' 6-max Seat #2 is the button
Seat 1: XneferX ($165 in chips) 
Seat 2: Palacios777 ($100 in chips) 
Seat 3: thefrog2004 ($36.28 in chips) 
Seat 4: Yoalfre ($236.41 in chips) 
Seat 5: mr.Jckpot ($156.52 in chips) 
Seat 6: J0SHB0SH ($118.39 in chips) 
thefrog2004: posts small blind $0.50
Yoalfre: posts big blind $1
*** HOLE CARDS ***
mr.Jckpot: folds 
J0SHB0SH: folds 
XneferX: folds 
Palacios777: raises $1.50 to $2.50
thefrog2004: folds 
Yoalfre: calls $1.50
*** FLOP *** [2s Ah Ac]
Yoalfre: checks 
Palacios777: bets $1.72
Yoalfre: folds 
Uncalled bet ($1.72) returned to Palacios777
Palacios777 collected $5.22 from pot
Palacios777: doesn't show hand 
*** SUMMARY ***
Total pot $5.50 | Rake $0.28 
Board [2s Ah Ac]
Seat 1: XneferX folded before Flop (didn't bet)
Seat 2: Palacios777 (button) collected ($5.22)
Seat 3: thefrog2004 (small blind) folded before Flop
Seat 4: Yoalfre (big blind) folded on the Flop
Seat 5: mr.Jckpot folded before Flop (didn't bet)
Seat 6: J0SHB0SH folded before Flop (didn't bet)



PokerStars Hand #254612975969:  Hold'em No Limit ($0.50/$1.00 USD) - 2025/01/29 21:42:11 WET [2025/01/29 16:42:11 ET]
Table 'Euler' 6-max Seat #3 is the button
Seat 1: XneferX ($165 in chips) 
Seat 2: Palacios777 ($102.72 in chips) 
Seat 3: thefrog2004 ($35.78 in chips) 
Seat 4: Yoalfre ($233.91 in chips) 
Seat 5: mr.Jckpot ($156.52 in chips) 
Seat 6: J0SHB0SH ($118.39 in chips) 
Yoalfre: posts small blind $0.50
mr.Jckpot: posts big blind $1
*** HOLE CARDS ***
J0SHB0SH: folds 
XneferX: raises $1.10 to $2.10
Palacios777: folds 
thefrog2004: calls $2.10
Yoalfre: folds 
mr.Jckpot: folds 
*** FLOP *** [5s Jc 9h]
XneferX: bets $2.76
thefrog2004: calls $2.76
*** TURN *** [5s Jc 9h] [Kh]
XneferX: checks 
thefrog2004: bets $4
XneferX: calls $4
*** RIVER *** [5s Jc 9h Kh] [4s]
XneferX: checks 
thefrog2004: bets $4
XneferX: calls $4
*** SHOW DOWN ***
thefrog2004: shows [Kc Ac] (a pair of Kings)
XneferX: mucks hand 
thefrog2004 collected $25.86 from pot
*** SUMMARY ***
Total pot $27.22 | Rake $1.36 
Board [5s Jc 9h Kh 4s]
Seat 1: XneferX mucked
Seat 2: Palacios777 folded before Flop (didn't bet)
Seat 3: thefrog2004 (button) showed [Kc Ac] and won ($25.86) with a pair of Kings
Seat 4: Yoalfre (small blind) folded before Flop
Seat 5: mr.Jckpot (big blind) folded before Flop
Seat 6: J0SHB0SH folded before Flop (didn't bet)



PokerStars Hand #254612990627:  Hold'em No Limit ($0.50/$1.00 USD) - 2025/01/29 21:43:02 WET [2025/01/29 16:43:02 ET]
Table 'Euler' 6-max Seat #4 is the button
Seat 1: XneferX ($152.14 in chips) 
Seat 2: Palacios777 ($102.72 in chips) 
Seat 3: thefrog2004 ($48.78 in chips) 
Seat 4: Yoalfre ($233.41 in chips) 
Seat 5: mr.Jckpot ($155.52 in chips) 
Seat 6: J0SHB0SH ($118.39 in chips) 
mr.Jckpot: posts small blind $0.50
J0SHB0SH: posts big blind $1
*** HOLE CARDS ***
XneferX: folds 
Palacios777: folds 
thefrog2004: folds 
Yoalfre: folds 
mr.Jckpot: raises $2 to $3
J0SHB0SH: calls $2
*** FLOP *** [8h 8d Jc]
mr.Jckpot: checks 
J0SHB0SH: checks 
*** TURN *** [8h 8d Jc] [7d]
mr.Jckpot: checks 
J0SHB0SH: checks 
*** RIVER *** [8h 8d Jc 7d] [3h]
mr.Jckpot: checks 
J0SHB0SH: bets $3.76
mr.Jckpot: calls $3.76
*** SHOW DOWN ***
J0SHB0SH: shows [Qs 4s] (a pair of Eights)
mr.Jckpot: shows [Ad Ts] (a pair of Eights - Ace kicker)
mr.Jckpot collected $12.84 from pot
*** SUMMARY ***
Total pot $13.52 | Rake $0.68 
Board [8h 8d Jc 7d 3h]
Seat 1: XneferX folded before Flop (didn't bet)
Seat 2: Palacios777 folded before Flop (didn't bet)
Seat 3: thefrog2004 folded before Flop (didn't bet)
Seat 4: Yoalfre (button) folded before Flop (didn't bet)
Seat 5: mr.Jckpot (small blind) showed [Ad Ts] and won ($12.84) with a pair of Eights
Seat 6: J0SHB0SH (big blind) showed [Qs 4s] and lost with a pair of Eights



PokerStars Hand #254613006764:  Hold'em No Limit ($0.50/$1.00 USD) - 2025/01/29 21:43:59 WET [2025/01/29 16:43:59 ET]
Table 'Euler' 6-max Seat #5 is the button
Seat 1: XneferX ($152.14 in chips) 
Seat 2: Palacios777 ($102.72 in chips) 
Seat 3: thefrog2004 ($48.78 in chips) 
Seat 4: Yoalfre ($233.41 in chips) 
Seat 5: mr.Jckpot ($161.60 in chips) 
Seat 6: J0SHB0SH ($111.63 in chips) 
J0SHB0SH: posts small blind $0.50
XneferX: posts big blind $1
*** HOLE CARDS ***
Palacios777: folds 
thefrog2004: folds 
Yoalfre: folds 
mr.Jckpot: folds 
J0SHB0SH: folds 
Uncalled bet ($0.50) returned to XneferX
XneferX collected $1 from pot
XneferX: doesn't show hand 
*** SUMMARY ***
Total pot $1 | Rake $0 
Seat 1: XneferX (big blind) collected ($1)
Seat 2: Palacios777 folded before Flop (didn't bet)
Seat 3: thefrog2004 folded before Flop (didn't bet)
Seat 4: Yoalfre folded before Flop (didn't bet)
Seat 5: mr.Jckpot (button) folded before Flop (didn't bet)
Seat 6: J0SHB0SH (small blind) folded before Flop



PokerStars Hand #254613010383:  Hold'em No Limit ($0.50/$1.00 USD) - 2025/01/29 21:44:12 WET [2025/01/29 16:44:12 ET]
Table 'Euler' 6-max Seat #6 is the button
Seat 1: XneferX ($152.64 in chips) 
Seat 2: Palacios777 ($102.72 in chips) 
Seat 3: thefrog2004 ($48.78 in chips) 
Seat 4: Yoalfre ($233.41 in chips) 
Seat 5: mr.Jckpot ($161.60 in chips) 
Seat 6: J0SHB0SH ($111.13 in chips) 
XneferX: posts small blind $0.50
Palacios777: posts big blind $1
*** HOLE CARDS ***
thefrog2004: calls $1
Yoalfre: raises $3 to $4
mr.Jckpot: folds 
J0SHB0SH: folds 
XneferX: folds 
Palacios777: calls $3
thefrog2004: calls $3
*** FLOP *** [9c Ad 6h]
Palacios777: checks 
thefrog2004: checks 
Yoalfre: bets $3.92
Palacios777: raises $8.08 to $12
thefrog2004: folds 
Yoalfre: folds 
Uncalled bet ($8.08) returned to Palacios777
Palacios777 collected $19.32 from pot
Palacios777: doesn't show hand 
*** SUMMARY ***
Total pot $20.34 | Rake $1.02 
Board [9c Ad 6h]
Seat 1: XneferX (small blind) folded before Flop
Seat 2: Palacios777 (big blind) collected ($19.32)
Seat 3: thefrog2004 folded on the Flop
Seat 4: Yoalfre folded on the Flop
Seat 5: mr.Jckpot folded before Flop (didn't bet)
Seat 6: J0SHB0SH (button) folded before Flop (didn't bet)



PokerStars Hand #254613028724:  Hold'em No Limit ($0.50/$1.00 USD) - 2025/01/29 21:45:16 WET [2025/01/29 16:45:16 ET]
Table 'Euler' 6-max Seat #1 is the button
Seat 1: XneferX ($152.14 in chips) 
Seat 2: Palacios777 ($114.12 in chips) 
Seat 3: thefrog2004 ($44.78 in chips) 
Seat 4: Yoalfre ($225.49 in chips) 
Seat 5: mr.Jckpot ($161.60 in chips) 
Seat 6: J0SHB0SH ($111.13 in chips) 
Palacios777: posts small blind $0.50
thefrog2004: posts big blind $1
*** HOLE CARDS ***
Yoalfre: folds 
mr.Jckpot: raises $1.50 to $2.50
J0SHB0SH: folds 
XneferX: folds 
Palacios777: calls $2
thefrog2004: raises $1.50 to $4
mr.Jckpot: calls $1.50
Palacios777: calls $1.50
*** FLOP *** [Kc 4c 2s]
Palacios777: checks 
thefrog2004: bets $3
mr.Jckpot: calls $3
Palacios777: folds 
*** TURN *** [Kc 4c 2s] [Jd]
thefrog2004: checks 
mr.Jckpot: bets $10.50
thefrog2004: folds 
Uncalled bet ($10.50) returned to mr.Jckpot
mr.Jckpot collected $17.10 from pot
mr.Jckpot: doesn't show hand 
*** SUMMARY ***
Total pot $18 | Rake $0.90 
Board [Kc 4c 2s Jd]
Seat 1: XneferX (button) folded before Flop (didn't bet)
Seat 2: Palacios777 (small blind) folded on the Flop
Seat 3: thefrog2004 (big blind) folded on the Turn
Seat 4: Yoalfre folded before Flop (didn't bet)
Seat 5: mr.Jckpot collected ($17.10)
Seat 6: J0SHB0SH folded before Flop (didn't bet)



PokerStars Hand #254613051775:  Hold'em No Limit ($0.50/$1.00 USD) - 2025/01/29 21:46:37 WET [2025/01/29 16:46:37 ET]
Table 'Euler' 6-max Seat #2 is the button
Seat 1: XneferX ($152.14 in chips) 
Seat 2: Palacios777 ($110.12 in chips) 
Seat 3: thefrog2004 ($37.78 in chips) 
Seat 4: Yoalfre ($225.49 in chips) 
Seat 5: mr.Jckpot ($171.70 in chips) 
Seat 6: J0SHB0SH ($111.13 in chips) 
thefrog2004: posts small blind $0.50
Yoalfre: posts big blind $1
*** HOLE CARDS ***
mr.Jckpot: folds 
J0SHB0SH: folds 
XneferX: folds 
Palacios777: folds 
thefrog2004: folds 
Uncalled bet ($0.50) returned to Yoalfre
Yoalfre collected $1 from pot
Yoalfre: doesn't show hand 
*** SUMMARY ***
Total pot $1 | Rake $0 
Seat 1: XneferX folded before Flop (didn't bet)
Seat 2: Palacios777 (button) folded before Flop (didn't bet)
Seat 3: thefrog2004 (small blind) folded before Flop
Seat 4: Yoalfre (big blind) collected ($1)
Seat 5: mr.Jckpot folded before Flop (didn't bet)
Seat 6: J0SHB0SH folded before Flop (didn't bet)



PokerStars Hand #254613054687:  Hold'em No Limit ($0.50/$1.00 USD) - 2025/01/29 21:46:48 WET [2025/01/29 16:46:48 ET]
Table 'Euler' 6-max Seat #3 is the button
Seat 1: XneferX ($152.14 in chips) 
Seat 2: Palacios777 ($110.12 in chips) 
Seat 3: thefrog2004 ($37.28 in chips) 
Seat 4: Yoalfre ($225.99 in chips) 
Seat 5: mr.Jckpot ($171.70 in chips) 
Seat 6: J0SHB0SH ($111.13 in chips) 
Yoalfre: posts small blind $0.50
mr.Jckpot: posts big blind $1
*** HOLE CARDS ***
J0SHB0SH: folds 
XneferX: folds 
Palacios777: raises $1.50 to $2.50
thefrog2004: folds 
Yoalfre: raises $8.50 to $11
mr.Jckpot: folds 
Palacios777: folds 
Uncalled bet ($8.50) returned to Yoalfre
Yoalfre collected $6 from pot
Yoalfre: doesn't show hand 
*** SUMMARY ***
Total pot $6 | Rake $0 
Seat 1: XneferX folded before Flop (didn't bet)
Seat 2: Palacios777 folded before Flop
Seat 3: thefrog2004 (button) folded before Flop (didn't bet)
Seat 4: Yoalfre (small blind) collected ($6)
Seat 5: mr.Jckpot (big blind) folded before Flop
Seat 6: J0SHB0SH folded before Flop (didn't bet)



PokerStars Hand #254613062065:  Hold'em No Limit ($0.50/$1.00 USD) - 2025/01/29 21:47:14 WET [2025/01/29 16:47:14 ET]
Table 'Euler' 6-max Seat #4 is the button
Seat 1: XneferX ($152.14 in chips) 
Seat 2: Palacios777 ($107.62 in chips) 
Seat 3: thefrog2004 ($37.28 in chips) 
Seat 4: Yoalfre ($229.49 in chips) 
Seat 5: mr.Jckpot ($170.70 in chips) 
Seat 6: J0SHB0SH ($111.13 in chips) 
mr.Jckpot: posts small blind $0.50
J0SHB0SH: posts big blind $1
*** HOLE CARDS ***
XneferX: folds 
Palacios777: folds 
thefrog2004: raises $1 to $2
Yoalfre: folds 
mr.Jckpot: folds 
J0SHB0SH: folds 
Uncalled bet ($1) returned to thefrog2004
thefrog2004 collected $2.50 from pot
*** SUMMARY ***
Total pot $2.50 | Rake $0 
Seat 1: XneferX folded before Flop (didn't bet)
Seat 2: Palacios777 folded before Flop (didn't bet)
Seat 3: thefrog2004 collected ($2.50)
Seat 4: Yoalfre (button) folded before Flop (didn't bet)
Seat 5: mr.Jckpot (small blind) folded before Flop
Seat 6: J0SHB0SH (big blind) folded before Flop



PokerStars Hand #254613067780:  Hold'em No Limit ($0.50/$1.00 USD) - 2025/01/29 21:47:34 WET [2025/01/29 16:47:34 ET]
Table 'Euler' 6-max Seat #5 is the button
Seat 1: XneferX ($152.14 in chips) 
Seat 2: Palacios777 ($107.62 in chips) 
Seat 3: thefrog2004 ($38.78 in chips) 
Seat 4: Yoalfre ($229.49 in chips) 
Seat 5: mr.Jckpot ($170.20 in chips) 
Seat 6: J0SHB0SH ($110.13 in chips) 
J0SHB0SH: posts small blind $0.50
XneferX: posts big blind $1
*** HOLE CARDS ***
Palacios777: raises $1.20 to $2.20
thefrog2004: folds 
Yoalfre: folds 
mr.Jckpot: folds 
J0SHB0SH: raises $9.80 to $12
XneferX: folds 
Palacios777: folds 
Uncalled bet ($9.80) returned to J0SHB0SH
J0SHB0SH collected $5.40 from pot
J0SHB0SH: doesn't show hand 
*** SUMMARY ***
Total pot $5.40 | Rake $0 
Seat 1: XneferX (big blind) folded before Flop
Seat 2: Palacios777 folded before Flop
Seat 3: thefrog2004 folded before Flop (didn't bet)
Seat 4: Yoalfre folded before Flop (didn't bet)
Seat 5: mr.Jckpot (button) folded before Flop (didn't bet)
Seat 6: J0SHB0SH (small blind) collected ($5.40)



PokerStars Hand #254613072994:  Hold'em No Limit ($0.50/$1.00 USD) - 2025/01/29 21:47:52 WET [2025/01/29 16:47:52 ET]
Table 'Euler' 6-max Seat #6 is the button
Seat 1: XneferX ($151.14 in chips) 
Seat 2: Palacios777 ($105.42 in chips) 
Seat 3: thefrog2004 ($38.78 in chips) 
Seat 4: Yoalfre ($229.49 in chips) 
Seat 5: mr.Jckpot ($170.20 in chips) 
Seat 6: J0SHB0SH ($113.33 in chips) 
XneferX: posts small blind $0.50
Palacios777: posts big blind $1
*** HOLE CARDS ***
thefrog2004: folds 
Yoalfre: folds 
mr.Jckpot: folds 
J0SHB0SH: folds 
XneferX: folds 
Uncalled bet ($0.50) returned to Palacios777
Palacios777 collected $1 from pot
Palacios777: doesn't show hand 
*** SUMMARY ***
Total pot $1 | Rake $0 
Seat 1: XneferX (small blind) folded before Flop
Seat 2: Palacios777 (big blind) collected ($1)
Seat 3: thefrog2004 folded before Flop (didn't bet)
Seat 4: Yoalfre folded before Flop (didn't bet)
Seat 5: mr.Jckpot folded before Flop (didn't bet)
Seat 6: J0SHB0SH (button) folded before Flop (didn't bet)



PokerStars Hand #254613077548:  Hold'em No Limit ($0.50/$1.00 USD) - 2025/01/29 21:48:08 WET [2025/01/29 16:48:08 ET]
Table 'Euler' 6-max Seat #1 is the button
Seat 1: XneferX ($150.64 in chips) 
Seat 2: Palacios777 ($105.92 in chips) 
Seat 3: thefrog2004 ($38.78 in chips) 
Seat 4: Yoalfre ($229.49 in chips) 
Seat 5: mr.Jckpot ($170.20 in chips) 
Seat 6: J0SHB0SH ($113.33 in chips) 
Palacios777: posts small blind $0.50
thefrog2004: posts big blind $1
*** HOLE CARDS ***
Yoalfre: folds 
mr.Jckpot: folds 
J0SHB0SH: folds 
XneferX: folds 
Palacios777: raises $2 to $3
thefrog2004: calls $2
*** FLOP *** [4d 8s 5d]
Palacios777: bets $1.88
thefrog2004: calls $1.88
*** TURN *** [4d 8s 5d] [Qc]
Palacios777: bets $7.50
thefrog2004: calls $7.50
*** RIVER *** [4d 8s 5d Qc] [9h]
Palacios777: bets $19.50
thefrog2004: folds 
Uncalled bet ($19.50) returned to Palacios777
Palacios777 collected $23.52 from pot
Palacios777: doesn't show hand 
*** SUMMARY ***
Total pot $24.76 | Rake $1.24 
Board [4d 8s 5d Qc 9h]
Seat 1: XneferX (button) folded before Flop (didn't bet)
Seat 2: Palacios777 (small blind) collected ($23.52)
Seat 3: thefrog2004 (big blind) folded on the River
Seat 4: Yoalfre folded before Flop (didn't bet)
Seat 5: mr.Jckpot folded before Flop (didn't bet)
Seat 6: J0SHB0SH folded before Flop (didn't bet)



PokerStars Hand #254613093019:  Hold'em No Limit ($0.50/$1.00 USD) - 2025/01/29 21:49:03 WET [2025/01/29 16:49:03 ET]
Table 'Euler' 6-max Seat #2 is the button
Seat 1: XneferX ($150.64 in chips) 
Seat 2: Palacios777 ($117.06 in chips) 
Seat 3: thefrog2004 ($26.40 in chips) 
Seat 4: Yoalfre ($229.49 in chips) 
Seat 5: mr.Jckpot ($170.20 in chips) 
Seat 6: J0SHB0SH ($113.33 in chips) 
thefrog2004: posts small blind $0.50
Yoalfre: posts big blind $1
*** HOLE CARDS ***
mr.Jckpot: folds 
J0SHB0SH: folds 
XneferX: folds 
Palacios777: raises $1.50 to $2.50
thefrog2004: folds 
Yoalfre: folds 
Uncalled bet ($1.50) returned to Palacios777
Palacios777 collected $2.50 from pot
Palacios777: doesn't show hand 
*** SUMMARY ***
Total pot $2.50 | Rake $0 
Seat 1: XneferX folded before Flop (didn't bet)
Seat 2: Palacios777 (button) collected ($2.50)
Seat 3: thefrog2004 (small blind) folded before Flop
Seat 4: Yoalfre (big blind) folded before Flop
Seat 5: mr.Jckpot folded before Flop (didn't bet)
Seat 6: J0SHB0SH folded before Flop (didn't bet)



PokerStars Hand #254613100231:  Hold'em No Limit ($0.50/$1.00 USD) - 2025/01/29 21:49:29 WET [2025/01/29 16:49:29 ET]
Table 'Euler' 6-max Seat #3 is the button
Seat 1: XneferX ($150.64 in chips) 
Seat 2: Palacios777 ($118.56 in chips) 
Seat 3: thefrog2004 ($25.90 in chips) 
Seat 4: Yoalfre ($228.49 in chips) 
Seat 5: mr.Jckpot ($170.20 in chips) 
Seat 6: J0SHB0SH ($113.33 in chips) 
Yoalfre: posts small blind $0.50
mr.Jckpot: posts big blind $1
*** HOLE CARDS ***
J0SHB0SH: folds 
XneferX: folds 
Palacios777: folds 
thefrog2004: folds 
Yoalfre: raises $2 to $3
mr.Jckpot: folds 
Uncalled bet ($2) returned to Yoalfre
Yoalfre collected $2 from pot
Yoalfre: doesn't show hand 
*** SUMMARY ***
Total pot $2 | Rake $0 
Seat 1: XneferX folded before Flop (didn't bet)
Seat 2: Palacios777 folded before Flop (didn't bet)
Seat 3: thefrog2004 (button) folded before Flop (didn't bet)
Seat 4: Yoalfre (small blind) collected ($2)
Seat 5: mr.Jckpot (big blind) folded before Flop
Seat 6: J0SHB0SH folded before Flop (didn't bet)



PokerStars Hand #254613107331:  Hold'em No Limit ($0.50/$1.00 USD) - 2025/01/29 21:49:54 WET [2025/01/29 16:49:54 ET]
Table 'Euler' 6-max Seat #4 is the button
Seat 1: XneferX ($150.64 in chips) 
Seat 2: Palacios777 ($118.56 in chips) 
Seat 3: thefrog2004 ($25.90 in chips) 
Seat 4: Yoalfre ($229.49 in chips) 
Seat 5: mr.Jckpot ($169.20 in chips) 
Seat 6: J0SHB0SH ($113.33 in chips) 
mr.Jckpot: posts small blind $0.50
J0SHB0SH: posts big blind $1
*** HOLE CARDS ***
XneferX: folds 
Palacios777: folds 
thefrog2004: folds 
Yoalfre: raises $1.50 to $2.50
mr.Jckpot: folds 
J0SHB0SH: calls $1.50
*** FLOP *** [Kd 6c 3c]
J0SHB0SH: checks 
Yoalfre: bets $1.72
J0SHB0SH: raises $5.72 to $7.44
Yoalfre: raises $10.08 to $17.52
J0SHB0SH: folds 
Uncalled bet ($10.08) returned to Yoalfre
Yoalfre collected $19.36 from pot
Yoalfre: doesn't show hand 
*** SUMMARY ***
Total pot $20.38 | Rake $1.02 
Board [Kd 6c 3c]
Seat 1: XneferX folded before Flop (didn't bet)
Seat 2: Palacios777 folded before Flop (didn't bet)
Seat 3: thefrog2004 folded before Flop (didn't bet)
Seat 4: Yoalfre (button) collected ($19.36)
Seat 5: mr.Jckpot (small blind) folded before Flop
Seat 6: J0SHB0SH (big blind) folded on the Flop



PokerStars Hand #254613117417:  Hold'em No Limit ($0.50/$1.00 USD) - 2025/01/29 21:50:30 WET [2025/01/29 16:50:30 ET]
Table 'Euler' 6-max Seat #5 is the button
Seat 1: XneferX ($150.64 in chips) 
Seat 2: Palacios777 ($118.56 in chips) 
Seat 3: thefrog2004 ($25.90 in chips) 
Seat 4: Yoalfre ($238.91 in chips) 
Seat 5: mr.Jckpot ($168.70 in chips) 
Seat 6: J0SHB0SH ($103.39 in chips) 
J0SHB0SH: posts small blind $0.50
XneferX: posts big blind $1
*** HOLE CARDS ***
Palacios777: folds 
thefrog2004: calls $1
Yoalfre: raises $3 to $4
mr.Jckpot: folds 
J0SHB0SH: folds 
XneferX: raises $8 to $12
thefrog2004: raises $13.90 to $25.90 and is all-in
Yoalfre: folds 
XneferX: calls $13.90
*** FLOP *** [2s Kd 7c]
*** TURN *** [2s Kd 7c] [3c]
*** RIVER *** [2s Kd 7c 3c] [4c]
*** SHOW DOWN ***
XneferX: shows [Qs Ah] (high card Ace)
thefrog2004: shows [Ac Qc] (a flush, Ace high)
thefrog2004 collected $53.80 from pot
XneferX cashed out the hand for $25.05 | Cash Out Fee $0.51
*** SUMMARY ***
Total pot $56.30 | Rake $2.50 
Board [2s Kd 7c 3c 4c]
Seat 1: XneferX (big blind) showed [Qs Ah] and lost with high card Ace (cashed out).
Seat 2: Palacios777 folded before Flop (didn't bet)
Seat 3: thefrog2004 showed [Ac Qc] and won ($53.80) with a flush, Ace high
Seat 4: Yoalfre folded before Flop
Seat 5: mr.Jckpot (button) folded before Flop (didn't bet)
Seat 6: J0SHB0SH (small blind) folded before Flop



PokerStars Hand #254613132859:  Hold'em No Limit ($0.50/$1.00 USD) - 2025/01/29 21:51:25 WET [2025/01/29 16:51:25 ET]
Table 'Euler' 6-max Seat #6 is the button
Seat 1: XneferX ($149.79 in chips) 
Seat 2: Palacios777 ($118.56 in chips) 
Seat 3: thefrog2004 ($53.80 in chips) 
Seat 4: Yoalfre ($234.91 in chips) 
Seat 5: mr.Jckpot ($168.70 in chips) 
Seat 6: J0SHB0SH ($102.89 in chips) 
XneferX: posts small blind $0.50
Palacios777: posts big blind $1
*** HOLE CARDS ***
thefrog2004: folds 
Yoalfre: folds 
mr.Jckpot: folds 
J0SHB0SH: raises $1.50 to $2.50
XneferX: folds 
Palacios777: calls $1.50
*** FLOP *** [4s Ts Kc]
Palacios777: checks 
J0SHB0SH: bets $3.92
Palacios777: folds 
Uncalled bet ($3.92) returned to J0SHB0SH
J0SHB0SH collected $5.22 from pot
J0SHB0SH: doesn't show hand 
*** SUMMARY ***
Total pot $5.50 | Rake $0.28 
Board [4s Ts Kc]
Seat 1: XneferX (small blind) folded before Flop
Seat 2: Palacios777 (big blind) folded on the Flop
Seat 3: thefrog2004 folded before Flop (didn't bet)
Seat 4: Yoalfre folded before Flop (didn't bet)
Seat 5: mr.Jckpot folded before Flop (didn't bet)
Seat 6: J0SHB0SH (button) collected ($5.22)



PokerStars Hand #254613144634:  Hold'em No Limit ($0.50/$1.00 USD) - 2025/01/29 21:52:07 WET [2025/01/29 16:52:07 ET]
Table 'Euler' 6-max Seat #1 is the button
Seat 1: XneferX ($149.29 in chips) 
Seat 2: Palacios777 ($116.06 in chips) 
Seat 3: thefrog2004 ($53.80 in chips) 
Seat 4: Yoalfre ($234.91 in chips) 
Seat 5: mr.Jckpot ($168.70 in chips) 
Seat 6: J0SHB0SH ($105.61 in chips) 
Palacios777: posts small blind $0.50
thefrog2004: posts big blind $1
*** HOLE CARDS ***
Yoalfre: folds 
mr.Jckpot: folds 
J0SHB0SH: folds 
XneferX: folds 
Palacios777: raises $2.50 to $3.50
thefrog2004: calls $2.50
*** FLOP *** [Jd 6s 3c]
Palacios777: bets $2.19
thefrog2004: calls $2.19
*** TURN *** [Jd 6s 3c] [6h]
Palacios777: bets $5.94
thefrog2004: folds 
Uncalled bet ($5.94) returned to Palacios777
Palacios777 collected $10.81 from pot
Palacios777: doesn't show hand 
*** SUMMARY ***
Total pot $11.38 | Rake $0.57 
Board [Jd 6s 3c 6h]
Seat 1: XneferX (button) folded before Flop (didn't bet)
Seat 2: Palacios777 (small blind) collected ($10.81)
Seat 3: thefrog2004 (big blind) folded on the Turn
Seat 4: Yoalfre folded before Flop (didn't bet)
Seat 5: mr.Jckpot folded before Flop (didn't bet)
Seat 6: J0SHB0SH folded before Flop (didn't bet)



PokerStars Hand #254613158199:  Hold'em No Limit ($0.50/$1.00 USD) - 2025/01/29 21:52:56 WET [2025/01/29 16:52:56 ET]
Table 'Euler' 6-max Seat #2 is the button
Seat 1: XneferX ($149.29 in chips) 
Seat 2: Palacios777 ($121.18 in chips) 
Seat 3: thefrog2004 ($48.11 in chips) 
Seat 4: Yoalfre ($234.91 in chips) 
Seat 5: mr.Jckpot ($168.70 in chips) 
Seat 6: J0SHB0SH ($105.61 in chips) 
thefrog2004: posts small blind $0.50
Yoalfre: posts big blind $1
*** HOLE CARDS ***
mr.Jckpot: raises $1.50 to $2.50
J0SHB0SH: folds 
XneferX: folds 
Palacios777: folds 
thefrog2004: folds 
Yoalfre: folds 
Uncalled bet ($1.50) returned to mr.Jckpot
mr.Jckpot collected $2.50 from pot
mr.Jckpot: doesn't show hand 
*** SUMMARY ***
Total pot $2.50 | Rake $0 
Seat 1: XneferX folded before Flop (didn't bet)
Seat 2: Palacios777 (button) folded before Flop (didn't bet)
Seat 3: thefrog2004 (small blind) folded before Flop
Seat 4: Yoalfre (big blind) folded before Flop
Seat 5: mr.Jckpot collected ($2.50)
Seat 6: J0SHB0SH folded before Flop (didn't bet)



PokerStars Hand #254613161608:  Hold'em No Limit ($0.50/$1.00 USD) - 2025/01/29 21:53:09 WET [2025/01/29 16:53:09 ET]
Table 'Euler' 6-max Seat #3 is the button
Seat 1: XneferX ($149.29 in chips) 
Seat 2: Palacios777 ($121.18 in chips) 
Seat 3: thefrog2004 ($47.61 in chips) 
Seat 4: Yoalfre ($233.91 in chips) 
Seat 5: mr.Jckpot ($170.20 in chips) 
Seat 6: J0SHB0SH ($105.61 in chips) 
Yoalfre: posts small blind $0.50
mr.Jckpot: posts big blind $1
*** HOLE CARDS ***
J0SHB0SH: folds 
XneferX: folds 
Palacios777: raises $1.50 to $2.50
thefrog2004: folds 
Yoalfre: folds 
mr.Jckpot: raises $9.50 to $12
Palacios777: calls $9.50
*** FLOP *** [Js Kh As]
mr.Jckpot: bets $5.12
Palacios777: calls $5.12
*** TURN *** [Js Kh As] [5c]
mr.Jckpot: bets $19.50
Palacios777: calls $19.50
*** RIVER *** [Js Kh As 5c] [4c]
mr.Jckpot: bets $133.58 and is all-in
Palacios777: calls $84.56 and is all-in
Uncalled bet ($49.02) returned to mr.Jckpot
*** SHOW DOWN ***
mr.Jckpot: shows [Kd Kc] (three of a kind, Kings)
Palacios777: shows [Ah Jh] (two pair, Aces and Jacks)
mr.Jckpot collected $240.36 from pot
*** SUMMARY ***
Total pot $242.86 | Rake $2.50 
Board [Js Kh As 5c 4c]
Seat 1: XneferX folded before Flop (didn't bet)
Seat 2: Palacios777 showed [Ah Jh] and lost with two pair, Aces and Jacks
Seat 3: thefrog2004 (button) folded before Flop (didn't bet)
Seat 4: Yoalfre (small blind) folded before Flop
Seat 5: mr.Jckpot (big blind) showed [Kd Kc] and won ($240.36) with three of a kind, Kings
Seat 6: J0SHB0SH folded before Flop (didn't bet)



PokerStars Hand #254613187286:  Hold'em No Limit ($0.50/$1.00 USD) - 2025/01/29 21:54:42 WET [2025/01/29 16:54:42 ET]
Table 'Euler' 6-max Seat #4 is the button
Seat 1: XneferX ($149.29 in chips) is sitting out
Seat 2: Palacios777 ($100 in chips) 
Seat 3: thefrog2004 ($47.61 in chips) 
Seat 4: Yoalfre ($233.41 in chips) 
Seat 5: mr.Jckpot ($289.38 in chips) 
Seat 6: J0SHB0SH ($105.61 in chips) 
mr.Jckpot: posts small blind $0.50
J0SHB0SH: posts big blind $1
*** HOLE CARDS ***
Palacios777: raises $1.50 to $2.50
thefrog2004: calls $2.50
Yoalfre: folds 
mr.Jckpot: folds 
J0SHB0SH: folds 
*** FLOP *** [Td 4s Qc]
Palacios777: bets $2.50
thefrog2004: calls $2.50
*** TURN *** [Td 4s Qc] [6s]
Palacios777: bets $10.50
thefrog2004: calls $10.50
*** RIVER *** [Td 4s Qc 6s] [2c]
Palacios777: bets $32.50
thefrog2004: folds 
Uncalled bet ($32.50) returned to Palacios777
Palacios777 collected $30.88 from pot
Palacios777: doesn't show hand 
*** SUMMARY ***
Total pot $32.50 | Rake $1.62 
Board [Td 4s Qc 6s 2c]
Seat 1: XneferX
Seat 2: Palacios777 collected ($30.88)
Seat 3: thefrog2004 folded on the River
Seat 4: Yoalfre (button) folded before Flop (didn't bet)
Seat 5: mr.Jckpot (small blind) folded before Flop
Seat 6: J0SHB0SH (big blind) folded before Flop



PokerStars Hand #254613202251:  Hold'em No Limit ($0.50/$1.00 USD) - 2025/01/29 21:55:49 WET [2025/01/29 16:55:49 ET]
Table 'Euler' 6-max Seat #5 is the button
Seat 1: XneferX ($149.29 in chips) is sitting out
Seat 2: Palacios777 ($115.38 in chips) 
Seat 3: thefrog2004 ($32.11 in chips) 
Seat 4: Yoalfre ($233.41 in chips) 
Seat 5: mr.Jckpot ($288.88 in chips) 
Seat 6: J0SHB0SH ($104.61 in chips) 
J0SHB0SH: posts small blind $0.50
Palacios777: posts big blind $1
*** HOLE CARDS ***
thefrog2004: folds 
Yoalfre: folds 
mr.Jckpot: folds 
J0SHB0SH: folds 
Uncalled bet ($0.50) returned to Palacios777
Palacios777 collected $1 from pot
Palacios777: doesn't show hand 
*** SUMMARY ***
Total pot $1 | Rake $0 
Seat 1: XneferX
Seat 2: Palacios777 (big blind) collected ($1)
Seat 3: thefrog2004 folded before Flop (didn't bet)
Seat 4: Yoalfre folded before Flop (didn't bet)
Seat 5: mr.Jckpot (button) folded before Flop (didn't bet)
Seat 6: J0SHB0SH (small blind) folded before Flop



PokerStars Hand #254613204539:  Hold'em No Limit ($0.50/$1.00 USD) - 2025/01/29 21:56:01 WET [2025/01/29 16:56:01 ET]
Table 'Euler' 6-max Seat #6 is the button
Seat 1: XneferX ($149.29 in chips) is sitting out
Seat 2: Palacios777 ($115.88 in chips) 
Seat 3: thefrog2004 ($32.11 in chips) 
Seat 4: Yoalfre ($233.41 in chips) 
Seat 5: mr.Jckpot ($288.88 in chips) 
Seat 6: J0SHB0SH ($104.11 in chips) 
Palacios777: posts small blind $0.50
thefrog2004: posts big blind $1
*** HOLE CARDS ***
Yoalfre: raises $1.50 to $2.50
mr.Jckpot: folds 
J0SHB0SH: calls $2.50
Palacios777: folds 
thefrog2004: calls $1.50
*** FLOP *** [Ah 2d 6d]
thefrog2004: checks 
Yoalfre: checks 
J0SHB0SH: checks 
*** TURN *** [Ah 2d 6d] [7h]
thefrog2004: bets $2
Yoalfre: calls $2
J0SHB0SH: folds 
*** RIVER *** [Ah 2d 6d 7h] [8d]
thefrog2004: bets $4
Yoalfre: calls $4
*** SHOW DOWN ***
thefrog2004: shows [5s 3c] (high card Ace)
Yoalfre: shows [Ac 4c] (a pair of Aces)
Yoalfre collected $19 from pot
*** SUMMARY ***
Total pot $20 | Rake $1 
Board [Ah 2d 6d 7h 8d]
Seat 1: XneferX
Seat 2: Palacios777 (small blind) folded before Flop
Seat 3: thefrog2004 (big blind) showed [5s 3c] and lost with high card Ace
Seat 4: Yoalfre showed [Ac 4c] and won ($19) with a pair of Aces
Seat 5: mr.Jckpot folded before Flop (didn't bet)
Seat 6: J0SHB0SH (button) folded on the Turn



PokerStars Hand #254613219854:  Hold'em No Limit ($0.50/$1.00 USD) - 2025/01/29 21:57:18 WET [2025/01/29 16:57:18 ET]
Table 'Euler' 6-max Seat #2 is the button
Seat 1: XneferX ($149.29 in chips) is sitting out
Seat 2: Palacios777 ($115.38 in chips) 
Seat 3: thefrog2004 ($23.61 in chips) 
Seat 4: Yoalfre ($243.91 in chips) 
Seat 5: mr.Jckpot ($288.88 in chips) 
Seat 6: J0SHB0SH ($101.61 in chips) 
thefrog2004: posts small blind $0.50
Yoalfre: posts big blind $1
*** HOLE CARDS ***
mr.Jckpot: raises $1.50 to $2.50
J0SHB0SH: folds 
Palacios777: folds 
thefrog2004: calls $2
Yoalfre: folds 
*** FLOP *** [2h 7s 4c]
thefrog2004: checks 
mr.Jckpot: bets $1.88
thefrog2004: calls $1.88
*** TURN *** [2h 7s 4c] [2s]
thefrog2004: checks 
mr.Jckpot: checks 
*** RIVER *** [2h 7s 4c 2s] [Js]
thefrog2004: bets $2
mr.Jckpot: folds 
Uncalled bet ($2) returned to thefrog2004
thefrog2004 collected $9.27 from pot
*** SUMMARY ***
Total pot $9.76 | Rake $0.49 
Board [2h 7s 4c 2s Js]
Seat 1: XneferX
Seat 2: Palacios777 (button) folded before Flop (didn't bet)
Seat 3: thefrog2004 (small blind) collected ($9.27)
Seat 4: Yoalfre (big blind) folded before Flop
Seat 5: mr.Jckpot folded on the River
Seat 6: J0SHB0SH folded before Flop (didn't bet)



PokerStars Hand #254613226611:  Hold'em No Limit ($0.50/$1.00 USD) - 2025/01/29 21:57:52 WET [2025/01/29 16:57:52 ET]
Table 'Euler' 6-max Seat #3 is the button
Seat 1: XneferX ($149.29 in chips) is sitting out
Seat 2: Palacios777 ($115.38 in chips) 
Seat 3: thefrog2004 ($28.50 in chips) 
Seat 4: Yoalfre ($242.91 in chips) 
Seat 5: mr.Jckpot ($284.50 in chips) 
Seat 6: J0SHB0SH ($101.61 in chips) 
Yoalfre: posts small blind $0.50
mr.Jckpot: posts big blind $1
*** HOLE CARDS ***
J0SHB0SH: folds 
Palacios777: folds 
thefrog2004: folds 
Yoalfre: raises $2 to $3
mr.Jckpot: calls $2
*** FLOP *** [2c 3h Jd]
Yoalfre: bets $1.88
mr.Jckpot: calls $1.88
*** TURN *** [2c 3h Jd] [9d]
Yoalfre: checks 
mr.Jckpot: checks 
*** RIVER *** [2c 3h Jd 9d] [Th]
Yoalfre: bets $3.06
mr.Jckpot: folds 
Uncalled bet ($3.06) returned to Yoalfre
Yoalfre collected $9.27 from pot
Yoalfre: doesn't show hand 
*** SUMMARY ***
Total pot $9.76 | Rake $0.49 
Board [2c 3h Jd 9d Th]
Seat 1: XneferX
Seat 2: Palacios777 folded before Flop (didn't bet)
Seat 3: thefrog2004 (button) folded before Flop (didn't bet)
Seat 4: Yoalfre (small blind) collected ($9.27)
Seat 5: mr.Jckpot (big blind) folded on the River
Seat 6: J0SHB0SH folded before Flop (didn't bet)



PokerStars Hand #254613239627:  Hold'em No Limit ($0.50/$1.00 USD) - 2025/01/29 21:58:56 WET [2025/01/29 16:58:56 ET]
Table 'Euler' 6-max Seat #4 is the button
Seat 1: XneferX ($149.29 in chips) is sitting out
Seat 2: Palacios777 ($115.38 in chips) 
Seat 3: thefrog2004 ($28.50 in chips) 
Seat 4: Yoalfre ($247.30 in chips) 
Seat 5: mr.Jckpot ($279.62 in chips) 
Seat 6: J0SHB0SH ($101.61 in chips) 
mr.Jckpot: posts small blind $0.50
J0SHB0SH: posts big blind $1
XneferX: sits out 
*** HOLE CARDS ***
Palacios777: folds 
thefrog2004: calls $1
Yoalfre: folds 
mr.Jckpot: raises $1 to $2
J0SHB0SH: folds 
thefrog2004: calls $1
*** FLOP *** [8c 2c Tc]
mr.Jckpot: checks 
thefrog2004: checks 
*** TURN *** [8c 2c Tc] [6h]
mr.Jckpot: checks 
thefrog2004: checks 
*** RIVER *** [8c 2c Tc 6h] [9d]
mr.Jckpot: checks 
thefrog2004: bets $2
mr.Jckpot: folds 
Uncalled bet ($2) returned to thefrog2004
thefrog2004 collected $4.75 from pot
*** SUMMARY ***
Total pot $5 | Rake $0.25 
Board [8c 2c Tc 6h 9d]
Seat 1: XneferX
Seat 2: Palacios777 folded before Flop (didn't bet)
Seat 3: thefrog2004 collected ($4.75)
Seat 4: Yoalfre (button) folded before Flop (didn't bet)
Seat 5: mr.Jckpot (small blind) folded on the River
Seat 6: J0SHB0SH (big blind) folded before Flop



PokerStars Hand #254613249980:  Hold'em No Limit ($0.50/$1.00 USD) - 2025/01/29 21:59:48 WET [2025/01/29 16:59:48 ET]
Table 'Euler' 6-max Seat #5 is the button
Seat 1: XneferX ($149.29 in chips) 
Seat 2: Palacios777 ($115.38 in chips) 
Seat 3: thefrog2004 ($31.25 in chips) 
Seat 4: Yoalfre ($247.30 in chips) 
Seat 5: mr.Jckpot ($277.62 in chips) 
Seat 6: J0SHB0SH ($100.61 in chips) 
J0SHB0SH: posts small blind $0.50
XneferX: posts big blind $1
*** HOLE CARDS ***
Palacios777: folds 
thefrog2004: calls $1
Yoalfre: folds 
mr.Jckpot: folds 
J0SHB0SH: raises $5 to $6
XneferX: folds 
thefrog2004: calls $5
*** FLOP *** [8h 2h 8c]
J0SHB0SH: checks 
thefrog2004: checks 
*** TURN *** [8h 2h 8c] [4h]
J0SHB0SH: bets $4.08
thefrog2004: calls $4.08
*** RIVER *** [8h 2h 8c 4h] [As]
J0SHB0SH: bets $30.15
thefrog2004: folds 
Uncalled bet ($30.15) returned to J0SHB0SH
J0SHB0SH collected $20.10 from pot
J0SHB0SH: doesn't show hand 
*** SUMMARY ***
Total pot $21.16 | Rake $1.06 
Board [8h 2h 8c 4h As]
Seat 1: XneferX (big blind) folded before Flop
Seat 2: Palacios777 folded before Flop (didn't bet)
Seat 3: thefrog2004 folded on the River
Seat 4: Yoalfre folded before Flop (didn't bet)
Seat 5: mr.Jckpot (button) folded before Flop (didn't bet)
Seat 6: J0SHB0SH (small blind) collected ($20.10)



PokerStars Hand #254613264952:  Hold'em No Limit ($0.50/$1.00 USD) - 2025/01/29 22:00:57 WET [2025/01/29 17:00:57 ET]
Table 'Euler' 6-max Seat #6 is the button
Seat 1: XneferX ($148.29 in chips) 
Seat 2: Palacios777 ($115.38 in chips) 
Seat 3: thefrog2004 ($21.17 in chips) 
Seat 4: Yoalfre ($247.30 in chips) 
Seat 5: mr.Jckpot ($277.62 in chips) 
Seat 6: J0SHB0SH ($110.63 in chips) 
XneferX: posts small blind $0.50
Palacios777: posts big blind $1
*** HOLE CARDS ***
thefrog2004: folds 
Yoalfre: folds 
mr.Jckpot: raises $1.50 to $2.50
J0SHB0SH: raises $5 to $7.50
XneferX: folds 
Palacios777: folds 
mr.Jckpot: folds 
Uncalled bet ($5) returned to J0SHB0SH
J0SHB0SH collected $6.50 from pot
J0SHB0SH: doesn't show hand 
*** SUMMARY ***
Total pot $6.50 | Rake $0 
Seat 1: XneferX (small blind) folded before Flop
Seat 2: Palacios777 (big blind) folded before Flop
Seat 3: thefrog2004 folded before Flop (didn't bet)
Seat 4: Yoalfre folded before Flop (didn't bet)
Seat 5: mr.Jckpot folded before Flop
Seat 6: J0SHB0SH (button) collected ($6.50)



PokerStars Hand #254613271292:  Hold'em No Limit ($0.50/$1.00 USD) - 2025/01/29 22:01:23 WET [2025/01/29 17:01:23 ET]
Table 'Euler' 6-max Seat #1 is the button
Seat 1: XneferX ($147.79 in chips) 
Seat 2: Palacios777 ($114.38 in chips) 
Seat 3: thefrog2004 ($21.17 in chips) 
Seat 4: Yoalfre ($247.30 in chips) 
Seat 5: mr.Jckpot ($275.12 in chips) 
Seat 6: J0SHB0SH ($114.63 in chips) 
Palacios777: posts small blind $0.50
thefrog2004: posts big blind $1
*** HOLE CARDS ***
Yoalfre: folds 
mr.Jckpot: folds 
J0SHB0SH: folds 
XneferX: folds 
Palacios777: raises $2.50 to $3.50
thefrog2004: calls $2.50
*** FLOP *** [8c Ac 6s]
Palacios777: bets $2
thefrog2004: calls $2
*** TURN *** [8c Ac 6s] [8s]
Palacios777: bets $5.78
thefrog2004: raises $9.89 to $15.67 and is all-in
Palacios777: folds 
Uncalled bet ($9.89) returned to thefrog2004
thefrog2004 collected $21.43 from pot
*** SUMMARY ***
Total pot $22.56 | Rake $1.13 
Board [8c Ac 6s 8s]
Seat 1: XneferX (button) folded before Flop (didn't bet)
Seat 2: Palacios777 (small blind) folded on the Turn
Seat 3: thefrog2004 (big blind) collected ($21.43)
Seat 4: Yoalfre folded before Flop (didn't bet)
Seat 5: mr.Jckpot folded before Flop (didn't bet)
Seat 6: J0SHB0SH folded before Flop (didn't bet)



PokerStars Hand #254613282968:  Hold'em No Limit ($0.50/$1.00 USD) - 2025/01/29 22:02:06 WET [2025/01/29 17:02:06 ET]
Table 'Euler' 6-max Seat #2 is the button
Seat 1: XneferX ($147.79 in chips) 
Seat 2: Palacios777 ($103.10 in chips) 
Seat 3: thefrog2004 ($31.32 in chips) 
Seat 4: Yoalfre ($247.30 in chips) 
Seat 5: mr.Jckpot ($275.12 in chips) 
Seat 6: J0SHB0SH ($114.63 in chips) 
thefrog2004: posts small blind $0.50
Yoalfre: posts big blind $1
*** HOLE CARDS ***
mr.Jckpot: folds 
J0SHB0SH: folds 
XneferX: folds 
Palacios777: raises $1.50 to $2.50
thefrog2004: calls $2
Yoalfre: calls $1.50
*** FLOP *** [9h 4s 4d]
thefrog2004: checks 
Yoalfre: checks 
Palacios777: bets $2.35
thefrog2004: calls $2.35
Yoalfre: folds 
*** TURN *** [9h 4s 4d] [8d]
thefrog2004: checks 
Palacios777: bets $8.69
thefrog2004: calls $8.69
*** RIVER *** [9h 4s 4d 8d] [Tc]
thefrog2004: checks 
Palacios777: checks 
*** SHOW DOWN ***
thefrog2004: shows [Td Jd] (two pair, Tens and Fours)
Palacios777: mucks hand 
thefrog2004 collected $28.10 from pot
*** SUMMARY ***
Total pot $29.58 | Rake $1.48 
Board [9h 4s 4d 8d Tc]
Seat 1: XneferX folded before Flop (didn't bet)
Seat 2: Palacios777 (button) mucked
Seat 3: thefrog2004 (small blind) showed [Td Jd] and won ($28.10) with two pair, Tens and Fours
Seat 4: Yoalfre (big blind) folded on the Flop
Seat 5: mr.Jckpot folded before Flop (didn't bet)
Seat 6: J0SHB0SH folded before Flop (didn't bet)



PokerStars Hand #254613308065:  Hold'em No Limit ($0.50/$1.00 USD) - 2025/01/29 22:03:37 WET [2025/01/29 17:03:37 ET]
Table 'Euler' 6-max Seat #3 is the button
Seat 1: XneferX ($147.79 in chips) 
Seat 2: Palacios777 ($100 in chips) 
Seat 3: thefrog2004 ($45.88 in chips) 
Seat 4: Yoalfre ($244.80 in chips) 
Seat 5: mr.Jckpot ($275.12 in chips) 
Seat 6: J0SHB0SH ($114.63 in chips) 
Yoalfre: posts small blind $0.50
mr.Jckpot: posts big blind $1
*** HOLE CARDS ***
J0SHB0SH: folds 
XneferX: folds 
Palacios777: folds 
thefrog2004: raises $1 to $2
Yoalfre: folds 
mr.Jckpot: calls $1
*** FLOP *** [9h 6d 8c]
mr.Jckpot: checks 
thefrog2004: checks 
*** TURN *** [9h 6d 8c] [9c]
mr.Jckpot: checks 
thefrog2004: bets $1
mr.Jckpot: folds 
Uncalled bet ($1) returned to thefrog2004
thefrog2004 collected $4.28 from pot
*** SUMMARY ***
Total pot $4.50 | Rake $0.22 
Board [9h 6d 8c 9c]
Seat 1: XneferX folded before Flop (didn't bet)
Seat 2: Palacios777 folded before Flop (didn't bet)
Seat 3: thefrog2004 (button) collected ($4.28)
Seat 4: Yoalfre (small blind) folded before Flop
Seat 5: mr.Jckpot (big blind) folded on the Turn
Seat 6: J0SHB0SH folded before Flop (didn't bet)



PokerStars Hand #254613317099:  Hold'em No Limit ($0.50/$1.00 USD) - 2025/01/29 22:04:09 WET [2025/01/29 17:04:09 ET]
Table 'Euler' 6-max Seat #4 is the button
Seat 1: XneferX ($147.79 in chips) 
Seat 2: Palacios777 ($100 in chips) 
Seat 3: thefrog2004 ($48.16 in chips) 
Seat 4: Yoalfre ($244.30 in chips) 
Seat 5: mr.Jckpot ($273.12 in chips) 
Seat 6: J0SHB0SH ($114.63 in chips) 
mr.Jckpot: posts small blind $0.50
J0SHB0SH: posts big blind $1
*** HOLE CARDS ***
XneferX: folds 
Palacios777: folds 
thefrog2004: raises $1 to $2
Yoalfre: folds 
mr.Jckpot: folds 
J0SHB0SH: calls $1
*** FLOP *** [Tc 5s Td]
J0SHB0SH: checks 
thefrog2004: checks 
*** TURN *** [Tc 5s Td] [2c]
J0SHB0SH: bets $2.82
thefrog2004: calls $2.82
*** RIVER *** [Tc 5s Td 2c] [6s]
J0SHB0SH: checks 
thefrog2004: checks 
*** SHOW DOWN ***
J0SHB0SH: shows [4h Jh] (a pair of Tens)
thefrog2004: shows [As Kh] (a pair of Tens - Ace kicker)
thefrog2004 collected $9.63 from pot
*** SUMMARY ***
Total pot $10.14 | Rake $0.51 
Board [Tc 5s Td 2c 6s]
Seat 1: XneferX folded before Flop (didn't bet)
Seat 2: Palacios777 folded before Flop (didn't bet)
Seat 3: thefrog2004 showed [As Kh] and won ($9.63) with a pair of Tens
Seat 4: Yoalfre (button) folded before Flop (didn't bet)
Seat 5: mr.Jckpot (small blind) folded before Flop
Seat 6: J0SHB0SH (big blind) showed [4h Jh] and lost with a pair of Tens



PokerStars Hand #254613329831:  Hold'em No Limit ($0.50/$1.00 USD) - 2025/01/29 22:04:53 WET [2025/01/29 17:04:53 ET]
Table 'Euler' 6-max Seat #5 is the button
Seat 1: XneferX ($147.79 in chips) 
Seat 2: Palacios777 ($100 in chips) 
Seat 3: thefrog2004 ($52.97 in chips) 
Seat 4: Yoalfre ($244.30 in chips) 
Seat 5: mr.Jckpot ($272.62 in chips) 
Seat 6: J0SHB0SH ($109.81 in chips) 
J0SHB0SH: posts small blind $0.50
XneferX: posts big blind $1
*** HOLE CARDS ***
Palacios777: raises $1.20 to $2.20
thefrog2004: calls $2.20
Yoalfre: folds 
mr.Jckpot: folds 
J0SHB0SH: folds 
XneferX: folds 
*** FLOP *** [4s Ah Jh]
Palacios777: bets $1.50
thefrog2004: calls $1.50
*** TURN *** [4s Ah Jh] [9d]
Palacios777: bets $2.79
thefrog2004: calls $2.79
*** RIVER *** [4s Ah Jh 9d] [8h]
Palacios777: checks 
thefrog2004: checks 
*** SHOW DOWN ***
Palacios777: shows [2d Ad] (a pair of Aces)
thefrog2004: mucks hand 
Palacios777 collected $13.76 from pot
*** SUMMARY ***
Total pot $14.48 | Rake $0.72 
Board [4s Ah Jh 9d 8h]
Seat 1: XneferX (big blind) folded before Flop
Seat 2: Palacios777 showed [2d Ad] and won ($13.76) with a pair of Aces
Seat 3: thefrog2004 mucked
Seat 4: Yoalfre folded before Flop (didn't bet)
Seat 5: mr.Jckpot (button) folded before Flop (didn't bet)
Seat 6: J0SHB0SH (small blind) folded before Flop



PokerStars Hand #254613344596:  Hold'em No Limit ($0.50/$1.00 USD) - 2025/01/29 22:05:45 WET [2025/01/29 17:05:45 ET]
Table 'Euler' 6-max Seat #6 is the button
Seat 1: XneferX ($146.79 in chips) 
Seat 2: Palacios777 ($107.27 in chips) 
Seat 3: thefrog2004 ($46.48 in chips) 
Seat 4: Yoalfre ($244.30 in chips) 
Seat 5: mr.Jckpot ($272.62 in chips) 
Seat 6: J0SHB0SH ($109.31 in chips) 
XneferX: posts small blind $0.50
Palacios777: posts big blind $1
*** HOLE CARDS ***
thefrog2004: calls $1
Yoalfre: folds 
mr.Jckpot: folds 
J0SHB0SH: raises $2 to $3
XneferX: folds 
Palacios777: folds 
thefrog2004: calls $2
*** FLOP *** [9h 5d 6h]
thefrog2004: checks 
J0SHB0SH: checks 
*** TURN *** [9h 5d 6h] [Qc]
thefrog2004: bets $3
J0SHB0SH: folds 
Uncalled bet ($3) returned to thefrog2004
thefrog2004 collected $7.12 from pot
*** SUMMARY ***
Total pot $7.50 | Rake $0.38 
Board [9h 5d 6h Qc]
Seat 1: XneferX (small blind) folded before Flop
Seat 2: Palacios777 (big blind) folded before Flop
Seat 3: thefrog2004 collected ($7.12)
Seat 4: Yoalfre folded before Flop (didn't bet)
Seat 5: mr.Jckpot folded before Flop (didn't bet)
Seat 6: J0SHB0SH (button) folded on the Turn



PokerStars Hand #254613359229:  Hold'em No Limit ($0.50/$1.00 USD) - 2025/01/29 22:06:36 WET [2025/01/29 17:06:36 ET]
Table 'Euler' 6-max Seat #1 is the button
Seat 1: XneferX ($146.29 in chips) 
Seat 2: Palacios777 ($106.27 in chips) 
Seat 3: thefrog2004 ($50.60 in chips) 
Seat 4: Yoalfre ($244.30 in chips) 
Seat 5: mr.Jckpot ($272.62 in chips) 
Seat 6: J0SHB0SH ($106.31 in chips) 
Palacios777: posts small blind $0.50
thefrog2004: posts big blind $1
*** HOLE CARDS ***
Yoalfre: folds 
mr.Jckpot: folds 
J0SHB0SH: folds 
XneferX: raises $1.77 to $2.77
Palacios777: raises $8.73 to $11.50
thefrog2004: calls $10.50
XneferX: folds 
*** FLOP *** [4c 5c Ks]
Palacios777: bets $7.50
thefrog2004: raises $7.50 to $15
Palacios777: folds 
Uncalled bet ($7.50) returned to thefrog2004
thefrog2004 collected $38.73 from pot
*** SUMMARY ***
Total pot $40.77 | Rake $2.04 
Board [4c 5c Ks]
Seat 1: XneferX (button) folded before Flop
Seat 2: Palacios777 (small blind) folded on the Flop
Seat 3: thefrog2004 (big blind) collected ($38.73)
Seat 4: Yoalfre folded before Flop (didn't bet)
Seat 5: mr.Jckpot folded before Flop (didn't bet)
Seat 6: J0SHB0SH folded before Flop (didn't bet)



PokerStars Hand #254613381686:  Hold'em No Limit ($0.50/$1.00 USD) - 2025/01/29 22:07:54 WET [2025/01/29 17:07:54 ET]
Table 'Euler' 6-max Seat #2 is the button
Seat 1: XneferX ($143.52 in chips) 
Seat 2: Palacios777 ($100 in chips) 
Seat 3: thefrog2004 ($70.33 in chips) 
Seat 4: Yoalfre ($244.30 in chips) 
Seat 5: mr.Jckpot ($272.62 in chips) 
Seat 6: J0SHB0SH ($106.31 in chips) 
thefrog2004: posts small blind $0.50
Yoalfre: posts big blind $1
*** HOLE CARDS ***
mr.Jckpot: folds 
J0SHB0SH: raises $1 to $2
XneferX: folds 
Palacios777: folds 
thefrog2004: calls $1.50
Yoalfre: calls $1
*** FLOP *** [Kh 6s 8c]
thefrog2004: checks 
Yoalfre: checks 
J0SHB0SH: bets $1.88
thefrog2004: calls $1.88
Yoalfre: folds 
*** TURN *** [Kh 6s 8c] [4s]
thefrog2004: checks 
J0SHB0SH: bets $6.95
thefrog2004: calls $6.95
*** RIVER *** [Kh 6s 8c 4s] [Th]
thefrog2004: checks 
J0SHB0SH: checks 
*** SHOW DOWN ***
thefrog2004: shows [2s As] (high card Ace)
J0SHB0SH: shows [Jd Kc] (a pair of Kings)
J0SHB0SH collected $22.48 from pot
*** SUMMARY ***
Total pot $23.66 | Rake $1.18 
Board [Kh 6s 8c 4s Th]
Seat 1: XneferX folded before Flop (didn't bet)
Seat 2: Palacios777 (button) folded before Flop (didn't bet)
Seat 3: thefrog2004 (small blind) showed [2s As] and lost with high card Ace
Seat 4: Yoalfre (big blind) folded on the Flop
Seat 5: mr.Jckpot folded before Flop (didn't bet)
Seat 6: J0SHB0SH showed [Jd Kc] and won ($22.48) with a pair of Kings



PokerStars Hand #254613406877:  Hold'em No Limit ($0.50/$1.00 USD) - 2025/01/29 22:09:21 WET [2025/01/29 17:09:21 ET]
Table 'Euler' 6-max Seat #3 is the button
Seat 1: XneferX ($143.52 in chips) 
Seat 2: Palacios777 ($100 in chips) 
Seat 3: thefrog2004 ($59.50 in chips) 
Seat 4: Yoalfre ($242.30 in chips) 
Seat 5: mr.Jckpot ($272.62 in chips) 
Seat 6: J0SHB0SH ($117.96 in chips) 
Yoalfre: posts small blind $0.50
mr.Jckpot: posts big blind $1
*** HOLE CARDS ***
J0SHB0SH: folds 
XneferX: raises $1.10 to $2.10
Palacios777: folds 
thefrog2004: folds 
Yoalfre: folds 
mr.Jckpot: folds 
Uncalled bet ($1.10) returned to XneferX
XneferX collected $2.50 from pot
XneferX: doesn't show hand 
*** SUMMARY ***
Total pot $2.50 | Rake $0 
Seat 1: XneferX collected ($2.50)
Seat 2: Palacios777 folded before Flop (didn't bet)
Seat 3: thefrog2004 (button) folded before Flop (didn't bet)
Seat 4: Yoalfre (small blind) folded before Flop
Seat 5: mr.Jckpot (big blind) folded before Flop
Seat 6: J0SHB0SH folded before Flop (didn't bet)



PokerStars Hand #254613410936:  Hold'em No Limit ($0.50/$1.00 USD) - 2025/01/29 22:09:36 WET [2025/01/29 17:09:36 ET]
Table 'Euler' 6-max Seat #4 is the button
Seat 1: XneferX ($145.02 in chips) 
Seat 2: Palacios777 ($100 in chips) 
Seat 3: thefrog2004 ($59.50 in chips) 
Seat 4: Yoalfre ($241.80 in chips) 
Seat 5: mr.Jckpot ($271.62 in chips) 
Seat 6: J0SHB0SH ($117.96 in chips) 
mr.Jckpot: posts small blind $0.50
J0SHB0SH: posts big blind $1
*** HOLE CARDS ***
XneferX: folds 
Palacios777: raises $1.20 to $2.20
thefrog2004: folds 
Yoalfre: folds 
mr.Jckpot: folds 
J0SHB0SH: folds 
Uncalled bet ($1.20) returned to Palacios777
Palacios777 collected $2.50 from pot
Palacios777: doesn't show hand 
*** SUMMARY ***
Total pot $2.50 | Rake $0 
Seat 1: XneferX folded before Flop (didn't bet)
Seat 2: Palacios777 collected ($2.50)
Seat 3: thefrog2004 folded before Flop (didn't bet)
Seat 4: Yoalfre (button) folded before Flop (didn't bet)
Seat 5: mr.Jckpot (small blind) folded before Flop
Seat 6: J0SHB0SH (big blind) folded before Flop



PokerStars Hand #254613418781:  Hold'em No Limit ($0.50/$1.00 USD) - 2025/01/29 22:10:03 WET [2025/01/29 17:10:03 ET]
Table 'Euler' 6-max Seat #5 is the button
Seat 1: XneferX ($145.02 in chips) 
Seat 2: Palacios777 ($101.50 in chips) 
Seat 3: thefrog2004 ($59.50 in chips) 
Seat 4: Yoalfre ($241.80 in chips) 
Seat 5: mr.Jckpot ($271.12 in chips) 
Seat 6: J0SHB0SH ($116.96 in chips) 
J0SHB0SH: posts small blind $0.50
XneferX: posts big blind $1
*** HOLE CARDS ***
Palacios777: folds 
thefrog2004: calls $1
Yoalfre: raises $4 to $5
mr.Jckpot: folds 
J0SHB0SH: folds 
XneferX: folds 
thefrog2004: calls $4
*** FLOP *** [5c 6d 4h]
thefrog2004: checks 
Yoalfre: bets $2.73
thefrog2004: calls $2.73
*** TURN *** [5c 6d 4h] [3c]
thefrog2004: bets $3
Yoalfre: calls $3
*** RIVER *** [5c 6d 4h 3c] [9c]
thefrog2004: bets $2
Yoalfre: raises $17 to $19
thefrog2004: folds 
Uncalled bet ($17) returned to Yoalfre
Yoalfre collected $25.61 from pot
Yoalfre: doesn't show hand 
*** SUMMARY ***
Total pot $26.96 | Rake $1.35 
Board [5c 6d 4h 3c 9c]
Seat 1: XneferX (big blind) folded before Flop
Seat 2: Palacios777 folded before Flop (didn't bet)
Seat 3: thefrog2004 folded on the River
Seat 4: Yoalfre collected ($25.61)
Seat 5: mr.Jckpot (button) folded before Flop (didn't bet)
Seat 6: J0SHB0SH (small blind) folded before Flop



PokerStars Hand #254613455169:  Hold'em No Limit ($0.50/$1.00 USD) - 2025/01/29 22:12:09 WET [2025/01/29 17:12:09 ET]
Table 'Euler' 6-max Seat #6 is the button
Seat 2: Palacios777 ($101.50 in chips) is sitting out
Seat 1: XneferX ($144.02 in chips) 
Seat 3: thefrog2004 ($46.77 in chips) 
Seat 4: Yoalfre ($254.68 in chips) 
Seat 5: mr.Jckpot ($271.12 in chips) 
Seat 6: J0SHB0SH ($116.46 in chips) 
XneferX: posts small blind $0.50
Palacios777: is sitting out 
thefrog2004: posts big blind $1
*** HOLE CARDS ***
Yoalfre: raises $1.50 to $2.50
mr.Jckpot: raises $5 to $7.50
J0SHB0SH: folds 
XneferX: folds 
thefrog2004: folds 
Palacios777 leaves the table
Yoalfre: calls $5
*** FLOP *** [9h 5s 8d]
Yoalfre: checks 
Poker9803 joins the table at seat #2 
mr.Jckpot: bets $5.17
Yoalfre: folds 
Uncalled bet ($5.17) returned to mr.Jckpot
mr.Jckpot collected $15.68 from pot
mr.Jckpot: doesn't show hand 
*** SUMMARY ***
Total pot $16.50 | Rake $0.82 
Board [9h 5s 8d]
Seat 2: Palacios777
Seat 1: XneferX (small blind) folded before Flop
Seat 3: thefrog2004 (big blind) folded before Flop
Seat 4: Yoalfre folded on the Flop
Seat 5: mr.Jckpot collected ($15.68)
Seat 6: J0SHB0SH (button) folded before Flop (didn't bet)



PokerStars Hand #254613467473:  Hold'em No Limit ($0.50/$1.00 USD) - 2025/01/29 22:12:52 WET [2025/01/29 17:12:52 ET]
Table 'Euler' 6-max Seat #1 is the button
Seat 2: Poker9803 ($100 in chips) is sitting out
Seat 1: XneferX ($143.52 in chips) 
Seat 3: thefrog2004 ($45.77 in chips) 
Seat 4: Yoalfre ($247.18 in chips) 
Seat 5: mr.Jckpot ($279.30 in chips) 
Seat 6: J0SHB0SH ($116.46 in chips) 
thefrog2004: posts small blind $0.50
Yoalfre: posts big blind $1
*** HOLE CARDS ***
mr.Jckpot: folds 
J0SHB0SH: folds 
XneferX: folds 
thefrog2004: raises $1 to $2
Yoalfre: folds 
Uncalled bet ($1) returned to thefrog2004
thefrog2004 collected $2 from pot
*** SUMMARY ***
Total pot $2 | Rake $0 
Seat 2: Poker9803
Seat 1: XneferX (button) folded before Flop (didn't bet)
Seat 3: thefrog2004 (small blind) collected ($2)
Seat 4: Yoalfre (big blind) folded before Flop
Seat 5: mr.Jckpot folded before Flop (didn't bet)
Seat 6: J0SHB0SH folded before Flop (didn't bet)



PokerStars Hand #254613470252:  Hold'em No Limit ($0.50/$1.00 USD) - 2025/01/29 22:13:01 WET [2025/01/29 17:13:01 ET]
Table 'Euler' 6-max Seat #3 is the button
Seat 2: Poker9803 ($100 in chips) is sitting out
Seat 1: XneferX ($143.52 in chips) 
Seat 3: thefrog2004 ($46.77 in chips) 
Seat 4: Yoalfre ($246.18 in chips) 
Seat 5: mr.Jckpot ($279.30 in chips) 
Seat 6: J0SHB0SH ($116.46 in chips) 
Yoalfre: posts small blind $0.50
mr.Jckpot: posts big blind $1
Poker9803: sits out 
*** HOLE CARDS ***
J0SHB0SH: raises $1 to $2
XneferX: folds 
thefrog2004: calls $2
Yoalfre: folds 
mr.Jckpot: calls $1
*** FLOP *** [6s Jc As]
mr.Jckpot: checks 
J0SHB0SH: checks 
thefrog2004: bets $2
mr.Jckpot: calls $2
J0SHB0SH: raises $7 to $9
thefrog2004: folds 
mr.Jckpot: calls $7
*** TURN *** [6s Jc As] [9d]
mr.Jckpot: checks 
J0SHB0SH: bets $30
mr.Jckpot: folds 
Uncalled bet ($30) returned to J0SHB0SH
J0SHB0SH collected $25.18 from pot
J0SHB0SH: doesn't show hand 
*** SUMMARY ***
Total pot $26.50 | Rake $1.32 
Board [6s Jc As 9d]
Seat 2: Poker9803
Seat 1: XneferX folded before Flop (didn't bet)
Seat 3: thefrog2004 (button) folded on the Flop
Seat 4: Yoalfre (small blind) folded before Flop
Seat 5: mr.Jckpot (big blind) folded on the Turn
Seat 6: J0SHB0SH collected ($25.18)



PokerStars Hand #254613491610:  Hold'em No Limit ($0.50/$1.00 USD) - 2025/01/29 22:14:14 WET [2025/01/29 17:14:14 ET]
Table 'Euler' 6-max Seat #4 is the button
Seat 2: Poker9803 ($100 in chips) is sitting out
Seat 1: XneferX ($143.52 in chips) 
Seat 3: thefrog2004 ($42.77 in chips) 
Seat 4: Yoalfre ($245.68 in chips) 
Seat 5: mr.Jckpot ($268.30 in chips) 
Seat 6: J0SHB0SH ($130.64 in chips) 
mr.Jckpot: posts small blind $0.50
J0SHB0SH: posts big blind $1
Poker9803: sits out 
*** HOLE CARDS ***
XneferX: folds 
thefrog2004: folds 
Yoalfre: folds 
mr.Jckpot: folds 
Uncalled bet ($0.50) returned to J0SHB0SH
J0SHB0SH collected $1 from pot
J0SHB0SH: doesn't show hand 
*** SUMMARY ***
Total pot $1 | Rake $0 
Seat 2: Poker9803
Seat 1: XneferX folded before Flop (didn't bet)
Seat 3: thefrog2004 folded before Flop (didn't bet)
Seat 4: Yoalfre (button) folded before Flop (didn't bet)
Seat 5: mr.Jckpot (small blind) folded before Flop
Seat 6: J0SHB0SH (big blind) collected ($1)



PokerStars Hand #254613494031:  Hold'em No Limit ($0.50/$1.00 USD) - 2025/01/29 22:14:23 WET [2025/01/29 17:14:23 ET]
Table 'Euler' 6-max Seat #5 is the button
Seat 2: Poker9803 ($100 in chips) is sitting out
Seat 1: XneferX ($143.52 in chips) 
Seat 3: thefrog2004 ($42.77 in chips) 
Seat 4: Yoalfre ($245.68 in chips) 
Seat 5: mr.Jckpot ($267.80 in chips) 
Seat 6: J0SHB0SH ($131.14 in chips) 
J0SHB0SH: posts small blind $0.50
XneferX: posts big blind $1
Poker9803: sits out 
*** HOLE CARDS ***
thefrog2004: folds 
Yoalfre: folds 
mr.Jckpot: raises $1.50 to $2.50
J0SHB0SH: folds 
XneferX: folds 
Uncalled bet ($1.50) returned to mr.Jckpot
mr.Jckpot collected $2.50 from pot
mr.Jckpot: doesn't show hand 
*** SUMMARY ***
Total pot $2.50 | Rake $0 
Seat 2: Poker9803
Seat 1: XneferX (big blind) folded before Flop
Seat 3: thefrog2004 folded before Flop (didn't bet)
Seat 4: Yoalfre folded before Flop (didn't bet)
Seat 5: mr.Jckpot (button) collected ($2.50)
Seat 6: J0SHB0SH (small blind) folded before Flop



PokerStars Hand #254613500522:  Hold'em No Limit ($0.50/$1.00 USD) - 2025/01/29 22:14:45 WET [2025/01/29 17:14:45 ET]
Table 'Euler' 6-max Seat #6 is the button
Seat 1: XneferX ($142.52 in chips) 
Seat 2: Poker9803 ($100 in chips) 
Seat 3: thefrog2004 ($42.77 in chips) 
Seat 4: Yoalfre ($245.68 in chips) 
Seat 5: mr.Jckpot ($269.30 in chips) 
Seat 6: J0SHB0SH ($130.64 in chips) 
XneferX: posts small blind $0.50
Poker9803: posts big blind $1
*** HOLE CARDS ***
thefrog2004: calls $1
Yoalfre: folds 
mr.Jckpot: raises $3 to $4
J0SHB0SH: folds 
XneferX: folds 
Poker9803: folds 
thefrog2004: calls $3
*** FLOP *** [5h Kh 3c]
thefrog2004: bets $4
mr.Jckpot: calls $4
*** TURN *** [5h Kh 3c] [9s]
thefrog2004: bets $2
mr.Jckpot: raises $8 to $10
thefrog2004: folds 
Uncalled bet ($8) returned to mr.Jckpot
mr.Jckpot collected $20.42 from pot
mr.Jckpot: doesn't show hand 
*** SUMMARY ***
Total pot $21.50 | Rake $1.08 
Board [5h Kh 3c 9s]
Seat 1: XneferX (small blind) folded before Flop
Seat 2: Poker9803 (big blind) folded before Flop
Seat 3: thefrog2004 folded on the Turn
Seat 4: Yoalfre folded before Flop (didn't bet)
Seat 5: mr.Jckpot collected ($20.42)
Seat 6: J0SHB0SH (button) folded before Flop (didn't bet)



PokerStars Hand #254613514857:  Hold'em No Limit ($0.50/$1.00 USD) - 2025/01/29 22:15:34 WET [2025/01/29 17:15:34 ET]
Table 'Euler' 6-max Seat #1 is the button
Seat 1: XneferX ($142.02 in chips) 
Seat 2: Poker9803 ($100 in chips) 
Seat 3: thefrog2004 ($32.77 in chips) 
Seat 4: Yoalfre ($245.68 in chips) 
Seat 5: mr.Jckpot ($279.72 in chips) 
Seat 6: J0SHB0SH ($130.64 in chips) 
Poker9803: posts small blind $0.50
thefrog2004: posts big blind $1
*** HOLE CARDS ***
Yoalfre: folds 
mr.Jckpot: folds 
J0SHB0SH: folds 
XneferX: raises $1.77 to $2.77
Poker9803: folds 
thefrog2004: calls $1.77
*** FLOP *** [9c 9s 9h]
thefrog2004: checks 
XneferX: checks 
*** TURN *** [9c 9s 9h] [3s]
thefrog2004: checks 
XneferX: bets $4.42
thefrog2004: calls $4.42
*** RIVER *** [9c 9s 9h 3s] [3d]
thefrog2004: checks 
XneferX: bets $28.14
thefrog2004: calls $25.58 and is all-in
Uncalled bet ($2.56) returned to XneferX
*** SHOW DOWN ***
XneferX: shows [Ah As] (a full house, Nines full of Aces)
thefrog2004: shows [4c Ac] (a full house, Nines full of Threes)
XneferX collected $63.54 from pot
*** SUMMARY ***
Total pot $66.04 | Rake $2.50 
Board [9c 9s 9h 3s 3d]
Seat 1: XneferX (button) showed [Ah As] and won ($63.54) with a full house, Nines full of Aces
Seat 2: Poker9803 (small blind) folded before Flop
Seat 3: thefrog2004 (big blind) showed [4c Ac] and lost with a full house, Nines full of Threes
Seat 4: Yoalfre folded before Flop (didn't bet)
Seat 5: mr.Jckpot folded before Flop (didn't bet)
Seat 6: J0SHB0SH folded before Flop (didn't bet)



PokerStars Hand #254613531495:  Hold'em No Limit ($0.50/$1.00 USD) - 2025/01/29 22:16:31 WET [2025/01/29 17:16:31 ET]
Table 'Euler' 6-max Seat #2 is the button
Seat 3: thefrog2004 ($0 in chips) is sitting out
Seat 1: XneferX ($172.79 in chips) 
Seat 2: Poker9803 ($100 in chips) 
Seat 4: Yoalfre ($245.68 in chips) 
Seat 5: mr.Jckpot ($279.72 in chips) 
Seat 6: J0SHB0SH ($130.64 in chips) 
Yoalfre: posts small blind $0.50
mr.Jckpot: posts big blind $1
*** HOLE CARDS ***
J0SHB0SH: folds 
XneferX: folds 
Poker9803: folds 
thefrog2004 leaves the table
Yoalfre: raises $2 to $3
mr.Jckpot: raises $6 to $9
Yoalfre: calls $6
*** FLOP *** [2d 4h Jh]
Yoalfre: checks 
mr.Jckpot: bets $5.64
Yoalfre: calls $5.64
*** TURN *** [2d 4h Jh] [Ac]
Yoalfre: checks 
mr.Jckpot: checks 
*** RIVER *** [2d 4h Jh Ac] [Js]
Yoalfre: checks 
mr.Jckpot: checks 
*** SHOW DOWN ***
Yoalfre: shows [Kd Qd] (a pair of Jacks)
mr.Jckpot: shows [Td Th] (two pair, Jacks and Tens)
mr.Jckpot collected $27.82 from pot
*** SUMMARY ***
Total pot $29.28 | Rake $1.46 
Board [2d 4h Jh Ac Js]
Seat 3: thefrog2004
Seat 1: XneferX folded before Flop (didn't bet)
Seat 2: Poker9803 (button) folded before Flop (didn't bet)
Seat 4: Yoalfre (small blind) showed [Kd Qd] and lost with a pair of Jacks
Seat 5: mr.Jckpot (big blind) showed [Td Th] and won ($27.82) with two pair, Jacks and Tens
Seat 6: J0SHB0SH folded before Flop (didn't bet)



PokerStars Hand #254613548065:  Hold'em No Limit ($0.50/$1.00 USD) - 2025/01/29 22:17:28 WET [2025/01/29 17:17:28 ET]
Table 'Euler' 6-max Seat #4 is the button
Seat 1: XneferX ($172.79 in chips) 
Seat 2: Poker9803 ($100 in chips) 
Seat 4: Yoalfre ($231.04 in chips) 
Seat 5: mr.Jckpot ($292.90 in chips) 
Seat 6: J0SHB0SH ($130.64 in chips) 
mr.Jckpot: posts small blind $0.50
J0SHB0SH: posts big blind $1
*** HOLE CARDS ***
XneferX: folds 
Poker9803: folds 
Yoalfre: raises $1.50 to $2.50
S3MPR3IGUAL joins the table at seat #3 
mr.Jckpot: folds 
J0SHB0SH: calls $1.50
*** FLOP *** [7s Ad 9d]
XneferX leaves the table
J0SHB0SH: checks 
wojts joins the table at seat #1 
Yoalfre: bets $1.72
J0SHB0SH: calls $1.72
*** TURN *** [7s Ad 9d] [2c]
J0SHB0SH: checks 
Yoalfre: checks 
*** RIVER *** [7s Ad 9d 2c] [5d]
J0SHB0SH: checks 
Yoalfre: checks 
*** SHOW DOWN ***
J0SHB0SH: shows [8h Kd] (high card Ace)
Yoalfre: shows [5s Qs] (a pair of Fives)
Yoalfre collected $8.49 from pot
*** SUMMARY ***
Total pot $8.94 | Rake $0.45 
Board [7s Ad 9d 2c 5d]
Seat 1: XneferX folded before Flop (didn't bet)
Seat 2: Poker9803 folded before Flop (didn't bet)
Seat 4: Yoalfre (button) showed [5s Qs] and won ($8.49) with a pair of Fives
Seat 5: mr.Jckpot (small blind) folded before Flop
Seat 6: J0SHB0SH (big blind) showed [8h Kd] and lost with high card Ace



PokerStars Hand #254613567266:  Hold'em No Limit ($0.50/$1.00 USD) - 2025/01/29 22:18:33 WET [2025/01/29 17:18:33 ET]
Table 'Euler' 6-max Seat #5 is the button
Seat 3: S3MPR3IGUAL ($100 in chips) is sitting out
Seat 1: wojts ($10 in chips) 
Seat 2: Poker9803 ($100 in chips) 
Seat 4: Yoalfre ($235.31 in chips) 
Seat 5: mr.Jckpot ($292.40 in chips) 
Seat 6: J0SHB0SH ($126.42 in chips) 
J0SHB0SH: posts small blind $0.50
wojts: posts big blind $1
S3MPR3IGUAL: sits out 
*** HOLE CARDS ***
Poker9803: raises $1.50 to $2.50
Yoalfre: folds 
mr.Jckpot: folds 
J0SHB0SH: folds 
wojts: folds 
Uncalled bet ($1.50) returned to Poker9803
Poker9803 collected $2.50 from pot
Poker9803: doesn't show hand 
*** SUMMARY ***
Total pot $2.50 | Rake $0 
Seat 3: S3MPR3IGUAL
Seat 1: wojts (big blind) folded before Flop
Seat 2: Poker9803 collected ($2.50)
Seat 4: Yoalfre folded before Flop (didn't bet)
Seat 5: mr.Jckpot (button) folded before Flop (didn't bet)
Seat 6: J0SHB0SH (small blind) folded before Flop



PokerStars Hand #254613571949:  Hold'em No Limit ($0.50/$1.00 USD) - 2025/01/29 22:18:49 WET [2025/01/29 17:18:49 ET]
Table 'Euler' 6-max Seat #6 is the button
Seat 2: Poker9803 ($101.50 in chips) is sitting out
Seat 1: wojts ($9 in chips) 
Seat 3: S3MPR3IGUAL ($100 in chips) 
Seat 4: Yoalfre ($235.31 in chips) 
Seat 5: mr.Jckpot ($292.40 in chips) 
Seat 6: J0SHB0SH ($125.92 in chips) 
wojts: posts small blind $0.50
Poker9803: is sitting out 
S3MPR3IGUAL: posts big blind $1
*** HOLE CARDS ***
Poker9803 leaves the table
Yoalfre: raises $1.50 to $2.50
mr.Jckpot: folds 
J0SHB0SH: folds 
wojts: folds 
S3MPR3IGUAL: calls $1.50
*** FLOP *** [4h 4c 2c]
S3MPR3IGUAL: checks 
Yoalfre: bets $5.22
S3MPR3IGUAL: calls $5.22
*** TURN *** [4h 4c 2c] [3d]
S3MPR3IGUAL: checks 
Yoalfre: checks 
*** RIVER *** [4h 4c 2c 3d] [8s]
S3MPR3IGUAL: checks 
Yoalfre: checks 
*** SHOW DOWN ***
S3MPR3IGUAL: shows [Jc Tc] (a pair of Fours)
Yoalfre: shows [Qs Js] (a pair of Fours - Queen kicker)
Yoalfre collected $15.14 from pot
*** SUMMARY ***
Total pot $15.94 | Rake $0.80 
Board [4h 4c 2c 3d 8s]
Seat 2: Poker9803
Seat 1: wojts (small blind) folded before Flop
Seat 3: S3MPR3IGUAL (big blind) showed [Jc Tc] and lost with a pair of Fours
Seat 4: Yoalfre showed [Qs Js] and won ($15.14) with a pair of Fours
Seat 5: mr.Jckpot folded before Flop (didn't bet)
Seat 6: J0SHB0SH (button) folded before Flop (didn't bet)



PokerStars Hand #254613591728:  Hold'em No Limit ($0.50/$1.00 USD) - 2025/01/29 22:19:57 WET [2025/01/29 17:19:57 ET]
Table 'Euler' 6-max Seat #1 is the button
Seat 4: Yoalfre ($242.73 in chips) is sitting out
Seat 5: mr.Jckpot ($292.40 in chips) is sitting out
Seat 1: wojts ($10 in chips) 
Seat 3: S3MPR3IGUAL ($100 in chips) 
Seat 6: J0SHB0SH ($125.92 in chips) 
S3MPR3IGUAL: posts small blind $0.50
Yoalfre: is sitting out 
mr.Jckpot: is sitting out 
J0SHB0SH: posts big blind $1
*** HOLE CARDS ***
mr.Jckpot leaves the table
wojts: folds 
S3MPR3IGUAL: folds 
Uncalled bet ($0.50) returned to J0SHB0SH
J0SHB0SH collected $1 from pot
J0SHB0SH: doesn't show hand 
*** SUMMARY ***
Total pot $1 | Rake $0 
Seat 4: Yoalfre
Seat 5: mr.Jckpot
Seat 1: wojts (button) folded before Flop (didn't bet)
Seat 3: S3MPR3IGUAL (small blind) folded before Flop
Seat 6: J0SHB0SH (big blind) collected ($1)



PokerStars Hand #254613594984:  Hold'em No Limit ($0.50/$1.00 USD) - 2025/01/29 22:20:08 WET [2025/01/29 17:20:08 ET]
Table 'Euler' 6-max Seat #3 is the button
Seat 4: Yoalfre ($242.73 in chips) is sitting out
Seat 1: wojts ($10 in chips) 
Seat 3: S3MPR3IGUAL ($100 in chips) 
Seat 6: J0SHB0SH ($126.42 in chips) 
J0SHB0SH: posts small blind $0.50
wojts: posts big blind $1
*** HOLE CARDS ***
Yoalfre leaves the table
S3MPR3IGUAL: folds 
J0SHB0SH: raises $9 to $10
wojts: folds 
Uncalled bet ($9) returned to J0SHB0SH
J0SHB0SH collected $2 from pot
J0SHB0SH: doesn't show hand 
Bejondeiala joins the table at seat #2 
*** SUMMARY ***
Total pot $2 | Rake $0 
Seat 4: Yoalfre
Seat 1: wojts (big blind) folded before Flop
Seat 3: S3MPR3IGUAL (button) folded before Flop (didn't bet)
Seat 6: J0SHB0SH (small blind) collected ($2)



PokerStars Hand #254613600974:  Hold'em No Limit ($0.50/$1.00 USD) - 2025/01/29 22:20:29 WET [2025/01/29 17:20:29 ET]
Table 'Euler' 6-max Seat #6 is the button
Seat 1: wojts ($9 in chips) 
Seat 2: Bejondeiala ($100 in chips) 
Seat 3: S3MPR3IGUAL ($100 in chips) 
Seat 6: J0SHB0SH ($127.42 in chips) 
wojts: posts small blind $0.50
Bejondeiala: posts big blind $1
*** HOLE CARDS ***
S3MPR3IGUAL: folds 
J0SHB0SH: folds 
wojts: folds 
Uncalled bet ($0.50) returned to Bejondeiala
Bejondeiala collected $1 from pot
Bejondeiala: doesn't show hand 
*** SUMMARY ***
Total pot $1 | Rake $0 
Seat 1: wojts (small blind) folded before Flop
Seat 2: Bejondeiala (big blind) collected ($1)
Seat 3: S3MPR3IGUAL folded before Flop (didn't bet)
Seat 6: J0SHB0SH (button) folded before Flop (didn't bet)



PokerStars Hand #254613605771:  Hold'em No Limit ($0.50/$1.00 USD) - 2025/01/29 22:20:46 WET [2025/01/29 17:20:46 ET]
Table 'Euler' 6-max Seat #2 is the button
Seat 3: S3MPR3IGUAL ($100 in chips) is sitting out
Seat 6: J0SHB0SH ($127.42 in chips) is sitting out
Seat 1: wojts ($8.50 in chips) 
Seat 2: Bejondeiala ($100.50 in chips) 
Bejondeiala: posts small blind $0.50
S3MPR3IGUAL: is sitting out 
J0SHB0SH: is sitting out 
wojts: posts big blind $1
*** HOLE CARDS ***
Bejondeiala: raises $1.50 to $2.50
wojts: folds 
Uncalled bet ($1.50) returned to Bejondeiala
S3MPR3IGUAL leaves the table
Bejondeiala collected $2 from pot
Bejondeiala: doesn't show hand 
beshece11harf joins the table at seat #4 
G.Andrei95 joins the table at seat #5 
*** SUMMARY ***
Total pot $2 | Rake $0 
Seat 3: S3MPR3IGUAL
Seat 6: J0SHB0SH
Seat 1: wojts (big blind) folded before Flop
Seat 2: Bejondeiala (button) (small blind) collected ($2)



PokerStars Hand #254613608096:  Hold'em No Limit ($0.50/$1.00 USD) - 2025/01/29 22:20:54 WET [2025/01/29 17:20:54 ET]
Table 'Euler' 6-max Seat #1 is the button
Seat 5: G.Andrei95 ($100 in chips) is sitting out
Seat 6: J0SHB0SH ($127.42 in chips) is sitting out
Seat 1: wojts ($7.50 in chips) 
Seat 2: Bejondeiala ($101.50 in chips) 
Seat 4: beshece11harf ($100 in chips) 
Bejondeiala: posts small blind $0.50
beshece11harf: posts big blind $1
G.Andrei95: sits out 
*** HOLE CARDS ***
vadjkeee joins the table at seat #3 
wojts: folds 
Bejondeiala: folds 
Uncalled bet ($0.50) returned to beshece11harf
beshece11harf collected $1 from pot
beshece11harf: doesn't show hand 
*** SUMMARY ***
Total pot $1 | Rake $0 
Seat 5: G.Andrei95
Seat 6: J0SHB0SH
Seat 1: wojts (button) folded before Flop (didn't bet)
Seat 2: Bejondeiala (small blind) folded before Flop
Seat 4: beshece11harf (big blind) collected ($1)



PokerStars Hand #254613610516:  Hold'em No Limit ($0.50/$1.00 USD) - 2025/01/29 22:21:02 WET [2025/01/29 17:21:02 ET]
Table 'Euler' 6-max Seat #2 is the button
Seat 3: vadjkeee ($100 in chips) is sitting out
Seat 6: J0SHB0SH ($127.42 in chips) is sitting out
Seat 1: wojts ($7.50 in chips) 
Seat 2: Bejondeiala ($101 in chips) 
Seat 4: beshece11harf ($100.50 in chips) 
Seat 5: G.Andrei95 ($100 in chips) 
beshece11harf: posts small blind $0.50
G.Andrei95: posts big blind $1
*** HOLE CARDS ***
wojts: folds 
Bejondeiala: folds 
beshece11harf: raises $2 to $3
G.Andrei95: raises $7 to $10
beshece11harf: folds 
Uncalled bet ($7) returned to G.Andrei95
G.Andrei95 collected $6 from pot
G.Andrei95: doesn't show hand 
*** SUMMARY ***
Total pot $6 | Rake $0 
Seat 3: vadjkeee
Seat 6: J0SHB0SH
Seat 1: wojts folded before Flop (didn't bet)
Seat 2: Bejondeiala (button) folded before Flop (didn't bet)
Seat 4: beshece11harf (small blind) folded before Flop
Seat 5: G.Andrei95 (big blind) collected ($6)



PokerStars Hand #254613620966:  Hold'em No Limit ($0.50/$1.00 USD) - 2025/01/29 22:21:38 WET [2025/01/29 17:21:38 ET]
Table 'Euler' 6-max Seat #4 is the button
Seat 3: vadjkeee ($100 in chips) is sitting out
Seat 6: J0SHB0SH ($127.42 in chips) is sitting out
Seat 1: wojts ($7.50 in chips) 
Seat 2: Bejondeiala ($101 in chips) 
Seat 4: beshece11harf ($100 in chips) 
Seat 5: G.Andrei95 ($103 in chips) 
G.Andrei95: posts small blind $0.50
wojts: posts big blind $1
vadjkeee: sits out 
*** HOLE CARDS ***
Bejondeiala: folds 
beshece11harf: folds 
G.Andrei95: raises $12 to $13
wojts: folds 
Uncalled bet ($12) returned to G.Andrei95
G.Andrei95 collected $2 from pot
G.Andrei95: doesn't show hand 
*** SUMMARY ***
Total pot $2 | Rake $0 
Seat 3: vadjkeee
Seat 6: J0SHB0SH
Seat 1: wojts (big blind) folded before Flop
Seat 2: Bejondeiala folded before Flop (didn't bet)
Seat 4: beshece11harf (button) folded before Flop (didn't bet)
Seat 5: G.Andrei95 (small blind) collected ($2)



PokerStars Hand #254613627229:  Hold'em No Limit ($0.50/$1.00 USD) - 2025/01/29 22:21:59 WET [2025/01/29 17:21:59 ET]
Table 'Euler' 6-max Seat #5 is the button
Seat 2: Bejondeiala ($101 in chips) is sitting out
Seat 6: J0SHB0SH ($127.42 in chips) is sitting out
Seat 1: wojts ($6.50 in chips) 
Seat 3: vadjkeee ($100 in chips) 
Seat 4: beshece11harf ($100 in chips) 
Seat 5: G.Andrei95 ($104 in chips) 
wojts: posts small blind $0.50
Bejondeiala: is sitting out 
vadjkeee: posts big blind $1
*** HOLE CARDS ***
Bejondeiala leaves the table
beshece11harf: raises $1 to $2
G.Andrei95: folds 
wojts: folds 
vadjkeee: raises $10 to $12
beshece11harf: folds 
Uncalled bet ($10) returned to vadjkeee
vadjkeee collected $4.50 from pot
vadjkeee: doesn't show hand 
*** SUMMARY ***
Total pot $4.50 | Rake $0 
Seat 2: Bejondeiala
Seat 6: J0SHB0SH
Seat 1: wojts (small blind) folded before Flop
Seat 3: vadjkeee (big blind) collected ($4.50)
Seat 4: beshece11harf folded before Flop
Seat 5: G.Andrei95 (button) folded before Flop (didn't bet)



PokerStars Hand #254613636958:  Hold'em No Limit ($0.50/$1.00 USD) - 2025/01/29 22:22:33 WET [2025/01/29 17:22:33 ET]
Table 'Euler' 6-max Seat #1 is the button
Seat 6: J0SHB0SH ($127.42 in chips) is sitting out
Seat 1: wojts ($6 in chips) 
Seat 3: vadjkeee ($102.50 in chips) 
Seat 4: beshece11harf ($100 in chips) 
Seat 5: G.Andrei95 ($104 in chips) 
vadjkeee: posts small blind $0.50
beshece11harf: posts big blind $1
J0SHB0SH: sits out 
*** HOLE CARDS ***
G.Andrei95: folds 
wojts: folds 
vadjkeee: folds 
Uncalled bet ($0.50) returned to beshece11harf
beshece11harf collected $1 from pot
beshece11harf: doesn't show hand 
*** SUMMARY ***
Total pot $1 | Rake $0 
Seat 6: J0SHB0SH
Seat 1: wojts (button) folded before Flop (didn't bet)
Seat 3: vadjkeee (small blind) folded before Flop
Seat 4: beshece11harf (big blind) collected ($1)
Seat 5: G.Andrei95 folded before Flop (didn't bet)



PokerStars Hand #254613639730:  Hold'em No Limit ($0.50/$1.00 USD) - 2025/01/29 22:22:42 WET [2025/01/29 17:22:42 ET]
Table 'Euler' 6-max Seat #3 is the button
Seat 6: J0SHB0SH ($127.42 in chips) is sitting out
Seat 1: wojts ($6 in chips) 
Seat 3: vadjkeee ($102 in chips) 
Seat 4: beshece11harf ($100.50 in chips) 
Seat 5: G.Andrei95 ($104 in chips) 
beshece11harf: posts small blind $0.50
G.Andrei95: posts big blind $1
J0SHB0SH: sits out 
*** HOLE CARDS ***
wojts: folds 
vadjkeee: raises $1.50 to $2.50
beshece11harf: folds 
G.Andrei95: raises $10.50 to $13
vadjkeee: folds 
Uncalled bet ($10.50) returned to G.Andrei95
G.Andrei95 collected $5.50 from pot
G.Andrei95: doesn't show hand 
*** SUMMARY ***
Total pot $5.50 | Rake $0 
Seat 6: J0SHB0SH
Seat 1: wojts folded before Flop (didn't bet)
Seat 3: vadjkeee (button) folded before Flop
Seat 4: beshece11harf (small blind) folded before Flop
Seat 5: G.Andrei95 (big blind) collected ($5.50)



PokerStars Hand #254613646122:  Hold'em No Limit ($0.50/$1.00 USD) - 2025/01/29 22:23:04 WET [2025/01/29 17:23:04 ET]
Table 'Euler' 6-max Seat #4 is the button
Seat 6: J0SHB0SH ($127.42 in chips) is sitting out
Seat 1: wojts ($6 in chips) 
Seat 3: vadjkeee ($100 in chips) 
Seat 4: beshece11harf ($100 in chips) 
Seat 5: G.Andrei95 ($107 in chips) 
G.Andrei95: posts small blind $0.50
J0SHB0SH: is sitting out 
wojts: posts big blind $1
*** HOLE CARDS ***
vadjkeee: folds 
beshece11harf: folds 
J0SHB0SH leaves the table
G.Andrei95: raises $12 to $13
wojts: folds 
Uncalled bet ($12) returned to G.Andrei95
G.Andrei95 collected $2 from pot
G.Andrei95: doesn't show hand 
*** SUMMARY ***
Total pot $2 | Rake $0 
Seat 6: J0SHB0SH
Seat 1: wojts (big blind) folded before Flop
Seat 3: vadjkeee folded before Flop (didn't bet)
Seat 4: beshece11harf (button) folded before Flop (didn't bet)
Seat 5: G.Andrei95 (small blind) collected ($2)



PokerStars Hand #254613649911:  Hold'em No Limit ($0.50/$1.00 USD) - 2025/01/29 22:23:17 WET [2025/01/29 17:23:17 ET]
Table 'Euler' 6-max Seat #5 is the button
Seat 1: wojts ($5 in chips) 
Seat 3: vadjkeee ($100 in chips) 
Seat 4: beshece11harf ($100 in chips) 
Seat 5: G.Andrei95 ($108 in chips) 
wojts: posts small blind $0.50
vadjkeee: posts big blind $1
*** HOLE CARDS ***
beshece11harf: folds 
G.Andrei95: folds 
wojts: folds 
Uncalled bet ($0.50) returned to vadjkeee
vadjkeee collected $1 from pot
vadjkeee: doesn't show hand 
*** SUMMARY ***
Total pot $1 | Rake $0 
Seat 1: wojts (small blind) folded before Flop
Seat 3: vadjkeee (big blind) collected ($1)
Seat 4: beshece11harf folded before Flop (didn't bet)
Seat 5: G.Andrei95 (button) folded before Flop (didn't bet)



