PokerStars Hand #254471194328:  Hold'em No Limit ($0.50/$1.00 USD) - 2025/01/20 18:31:18 WET [2025/01/20 13:31:18 ET]
Table 'Saga IV' 6-max Seat #5 is the button
Seat 1: gudrozd ($103.90 in chips) 
Seat 2: 3EPH ($101 in chips) 
Seat 3: michasia ($100 in chips) 
Seat 4: JUANS2 ($100 in chips) 
Seat 5: jhegyi ($76.67 in chips) 
Seat 6: Poker9803 ($125.05 in chips) 
Poker9803: posts small blind $0.50
gudrozd: posts big blind $1
*** HOLE CARDS ***
3EPH: folds 
michasia: folds 
JUANS2: folds 
jhegyi: folds 
Poker9803: raises $2.50 to $3.50
gudrozd: folds 
Uncalled bet ($2.50) returned to Poker9803
Poker9803 collected $2 from pot
Poker9803: doesn't show hand 
*** SUMMARY ***
Total pot $2 | Rake $0 
Seat 1: gudrozd (big blind) folded before Flop
Seat 2: 3EPH folded before Flop (didn't bet)
Seat 3: michasia folded before Flop (didn't bet)
Seat 4: JUANS2 folded before Flop (didn't bet)
Seat 5: jhegyi (button) folded before Flop (didn't bet)
Seat 6: Poker9803 (small blind) collected ($2)



PokerStars Hand #254471198187:  Hold'em No Limit ($0.50/$1.00 USD) - 2025/01/20 18:31:32 WET [2025/01/20 13:31:32 ET]
Table 'Saga IV' 6-max Seat #6 is the button
Seat 1: gudrozd ($102.90 in chips) 
Seat 2: 3EPH ($101 in chips) 
Seat 3: michasia ($100 in chips) 
Seat 4: JUANS2 ($100 in chips) 
Seat 5: jhegyi ($76.67 in chips) 
Seat 6: Poker9803 ($126.05 in chips) 
gudrozd: posts small blind $0.50
3EPH: posts big blind $1
*** HOLE CARDS ***
michasia: raises $1.60 to $2.60
JUANS2: folds 
jhegyi: folds 
Poker9803: folds 
gudrozd: folds 
3EPH: folds 
Uncalled bet ($1.60) returned to michasia
michasia collected $2.50 from pot
michasia: doesn't show hand 
*** SUMMARY ***
Total pot $2.50 | Rake $0 
Seat 1: gudrozd (small blind) folded before Flop
Seat 2: 3EPH (big blind) folded before Flop
Seat 3: michasia collected ($2.50)
Seat 4: JUANS2 folded before Flop (didn't bet)
Seat 5: jhegyi folded before Flop (didn't bet)
Seat 6: Poker9803 (button) folded before Flop (didn't bet)



PokerStars Hand #254471203104:  Hold'em No Limit ($0.50/$1.00 USD) - 2025/01/20 18:31:49 WET [2025/01/20 13:31:49 ET]
Table 'Saga IV' 6-max Seat #1 is the button
Seat 1: gudrozd ($102.40 in chips) 
Seat 2: 3EPH ($100 in chips) 
Seat 3: michasia ($101.50 in chips) 
Seat 4: JUANS2 ($100 in chips) 
Seat 5: jhegyi ($76.67 in chips) 
Seat 6: Poker9803 ($126.05 in chips) 
3EPH: posts small blind $0.50
michasia: posts big blind $1
*** HOLE CARDS ***
JUANS2: folds 
jhegyi: folds 
Poker9803: folds 
gudrozd: folds 
3EPH: raises $2 to $3
michasia: calls $2
*** FLOP *** [Ad Ah 7h]
3EPH: checks 
michasia: checks 
*** TURN *** [Ad Ah 7h] [Kd]
3EPH: checks 
michasia: checks 
*** RIVER *** [Ad Ah 7h Kd] [Ts]
3EPH: bets $2.28
michasia: folds 
Uncalled bet ($2.28) returned to 3EPH
3EPH collected $5.70 from pot
3EPH: doesn't show hand 
*** SUMMARY ***
Total pot $6 | Rake $0.30 
Board [Ad Ah 7h Kd Ts]
Seat 1: gudrozd (button) folded before Flop (didn't bet)
Seat 2: 3EPH (small blind) collected ($5.70)
Seat 3: michasia (big blind) folded on the River
Seat 4: JUANS2 folded before Flop (didn't bet)
Seat 5: jhegyi folded before Flop (didn't bet)
Seat 6: Poker9803 folded before Flop (didn't bet)



PokerStars Hand #254471212273:  Hold'em No Limit ($0.50/$1.00 USD) - 2025/01/20 18:32:22 WET [2025/01/20 13:32:22 ET]
Table 'Saga IV' 6-max Seat #2 is the button
Seat 1: gudrozd ($102.40 in chips) 
Seat 2: 3EPH ($102.70 in chips) 
Seat 3: michasia ($100 in chips) 
Seat 4: JUANS2 ($100 in chips) 
Seat 5: jhegyi ($76.67 in chips) 
Seat 6: Poker9803 ($126.05 in chips) 
michasia: posts small blind $0.50
JUANS2: posts big blind $1
*** HOLE CARDS ***
jhegyi: folds 
Poker9803: folds 
gudrozd: folds 
3EPH: folds 
michasia: folds 
Uncalled bet ($0.50) returned to JUANS2
JUANS2 collected $1 from pot
JUANS2: doesn't show hand 
*** SUMMARY ***
Total pot $1 | Rake $0 
Seat 1: gudrozd folded before Flop (didn't bet)
Seat 2: 3EPH (button) folded before Flop (didn't bet)
Seat 3: michasia (small blind) folded before Flop
Seat 4: JUANS2 (big blind) collected ($1)
Seat 5: jhegyi folded before Flop (didn't bet)
Seat 6: Poker9803 folded before Flop (didn't bet)



PokerStars Hand #254471214193:  Hold'em No Limit ($0.50/$1.00 USD) - 2025/01/20 18:32:29 WET [2025/01/20 13:32:29 ET]
Table 'Saga IV' 6-max Seat #3 is the button
Seat 1: gudrozd ($102.40 in chips) 
Seat 2: 3EPH ($102.70 in chips) 
Seat 3: michasia ($100 in chips) 
Seat 4: JUANS2 ($100.50 in chips) 
Seat 5: jhegyi ($76.67 in chips) 
Seat 6: Poker9803 ($126.05 in chips) 
JUANS2: posts small blind $0.50
jhegyi: posts big blind $1
*** HOLE CARDS ***
Poker9803: folds 
gudrozd: folds 
3EPH: folds 
michasia: folds 
JUANS2: raises $2 to $3
jhegyi: folds 
Uncalled bet ($2) returned to JUANS2
JUANS2 collected $2 from pot
JUANS2: doesn't show hand 
*** SUMMARY ***
Total pot $2 | Rake $0 
Seat 1: gudrozd folded before Flop (didn't bet)
Seat 2: 3EPH folded before Flop (didn't bet)
Seat 3: michasia (button) folded before Flop (didn't bet)
Seat 4: JUANS2 (small blind) collected ($2)
Seat 5: jhegyi (big blind) folded before Flop
Seat 6: Poker9803 folded before Flop (didn't bet)



PokerStars Hand #254471217665:  Hold'em No Limit ($0.50/$1.00 USD) - 2025/01/20 18:32:41 WET [2025/01/20 13:32:41 ET]
Table 'Saga IV' 6-max Seat #4 is the button
Seat 1: gudrozd ($102.40 in chips) 
Seat 2: 3EPH ($102.70 in chips) 
Seat 3: michasia ($100 in chips) 
Seat 4: JUANS2 ($101.50 in chips) 
Seat 5: jhegyi ($75.67 in chips) 
Seat 6: Poker9803 ($126.05 in chips) 
jhegyi: posts small blind $0.50
Poker9803: posts big blind $1
*** HOLE CARDS ***
gudrozd: folds 
3EPH: folds 
michasia: folds 
JUANS2: raises $1.50 to $2.50
jhegyi: raises $7.40 to $9.90
Poker9803: raises $15.10 to $25
JUANS2: folds 
jhegyi: folds 
Uncalled bet ($15.10) returned to Poker9803
Poker9803 collected $22.30 from pot
Poker9803: doesn't show hand 
*** SUMMARY ***
Total pot $22.30 | Rake $0 
Seat 1: gudrozd folded before Flop (didn't bet)
Seat 2: 3EPH folded before Flop (didn't bet)
Seat 3: michasia folded before Flop (didn't bet)
Seat 4: JUANS2 (button) folded before Flop
Seat 5: jhegyi (small blind) folded before Flop
Seat 6: Poker9803 (big blind) collected ($22.30)



PokerStars Hand #254471227803:  Hold'em No Limit ($0.50/$1.00 USD) - 2025/01/20 18:33:17 WET [2025/01/20 13:33:17 ET]
Table 'Saga IV' 6-max Seat #5 is the button
Seat 1: gudrozd ($102.40 in chips) is sitting out
Seat 2: 3EPH ($102.70 in chips) is sitting out
Seat 3: michasia ($100 in chips) is sitting out
Seat 4: JUANS2 ($100 in chips) 
Seat 5: jhegyi ($65.77 in chips) 
Seat 6: Poker9803 ($138.45 in chips) 
Poker9803: posts small blind $0.50
gudrozd: is sitting out 
3EPH: is sitting out 
michasia: is sitting out 
JUANS2: posts big blind $1
*** HOLE CARDS ***
jhegyi: folds 
michasia leaves the table
Poker9803: raises $2 to $3
3EPH leaves the table
tintin641 joins the table at seat #3 
gudrozd leaves the table
JUANS2: folds 
Uncalled bet ($2) returned to Poker9803
AndreaBsAs joins the table at seat #2 
Poker9803 collected $2 from pot
Poker9803: doesn't show hand 
*** SUMMARY ***
Total pot $2 | Rake $0 
Seat 1: gudrozd
Seat 2: 3EPH
Seat 3: michasia
Seat 4: JUANS2 (big blind) folded before Flop
Seat 5: jhegyi (button) folded before Flop (didn't bet)
Seat 6: Poker9803 (small blind) collected ($2)



PokerStars Hand #254471232939:  Hold'em No Limit ($0.50/$1.00 USD) - 2025/01/20 18:33:35 WET [2025/01/20 13:33:35 ET]
Table 'Saga IV' 6-max Seat #6 is the button
Seat 2: AndreaBsAs ($100 in chips) is sitting out
Seat 3: tintin641 ($100 in chips) is sitting out
Seat 4: JUANS2 ($100 in chips) 
Seat 5: jhegyi ($65.77 in chips) 
Seat 6: Poker9803 ($139.45 in chips) 
JUANS2: posts small blind $0.50
jhegyi: posts big blind $1
*** HOLE CARDS ***
Poker9803: raises $1 to $2
JUANS2: folds 
jhegyi: calls $1
*** FLOP *** [3d Ts Qh]
jhegyi: checks 
Poker9803: bets $1.41
jhegyi: raises $4.41 to $5.82
Poker9803: folds 
Uncalled bet ($4.41) returned to jhegyi
jhegyi collected $6.95 from pot
*** SUMMARY ***
Total pot $7.32 | Rake $0.37 
Board [3d Ts Qh]
Seat 2: AndreaBsAs
Seat 3: tintin641
Seat 4: JUANS2 (small blind) folded before Flop
Seat 5: jhegyi (big blind) collected ($6.95)
Seat 6: Poker9803 (button) folded on the Flop



PokerStars Hand #254471242026:  Hold'em No Limit ($0.50/$1.00 USD) - 2025/01/20 18:34:08 WET [2025/01/20 13:34:08 ET]
Table 'Saga IV' 6-max Seat #4 is the button
Seat 2: AndreaBsAs ($100 in chips) is sitting out
Seat 3: tintin641 ($100 in chips) is sitting out
Seat 4: JUANS2 ($100 in chips) 
Seat 5: jhegyi ($69.31 in chips) 
Seat 6: Poker9803 ($136.04 in chips) 
jhegyi: posts small blind $0.50
Poker9803: posts big blind $1
AndreaBsAs: sits out 
tintin641: sits out 
*** HOLE CARDS ***
JUANS2: folds 
jhegyi: raises $2 to $3
Poker9803: calls $2
*** FLOP *** [Qd Ad 7c]
jhegyi: checks 
Poker9803: checks 
*** TURN *** [Qd Ad 7c] [6c]
2g00d4youu joins the table at seat #1 
jhegyi: bets $4.85
AndreaBsAs leaves the table
Poker9803: calls $4.85
*** RIVER *** [Qd Ad 7c 6c] [3c]
Pippa83 joins the table at seat #2 
jhegyi: bets $7.46
Poker9803: calls $7.46
*** SHOW DOWN ***
jhegyi: shows [Ks Kd] (a pair of Kings)
Poker9803: mucks hand 
jhegyi collected $29.62 from pot
*** SUMMARY ***
Total pot $30.62 | Rake $1 
Board [Qd Ad 7c 6c 3c]
Seat 2: AndreaBsAs
Seat 3: tintin641
Seat 4: JUANS2 (button) folded before Flop (didn't bet)
Seat 5: jhegyi (small blind) showed [Ks Kd] and won ($29.62) with a pair of Kings
Seat 6: Poker9803 (big blind) mucked



PokerStars Hand #254471258148:  Hold'em No Limit ($0.50/$1.00 USD) - 2025/01/20 18:35:05 WET [2025/01/20 13:35:05 ET]
Table 'Saga IV' 6-max Seat #5 is the button
Seat 2: Pippa83 ($100 in chips) is sitting out
Seat 3: tintin641 ($100 in chips) is sitting out
Seat 1: 2g00d4youu ($100 in chips) 
Seat 4: JUANS2 ($100 in chips) 
Seat 5: jhegyi ($83.62 in chips) 
Seat 6: Poker9803 ($120.73 in chips) 
Poker9803: posts small blind $0.50
2g00d4youu: posts big blind $1
Pippa83: sits out 
tintin641: sits out 
*** HOLE CARDS ***
JUANS2: raises $1.50 to $2.50
jhegyi: folds 
Poker9803: folds 
2g00d4youu: folds 
Uncalled bet ($1.50) returned to JUANS2
JUANS2 collected $2.50 from pot
JUANS2: doesn't show hand 
*** SUMMARY ***
Total pot $2.50 | Rake $0 
Seat 2: Pippa83
Seat 3: tintin641
Seat 1: 2g00d4youu (big blind) folded before Flop
Seat 4: JUANS2 collected ($2.50)
Seat 5: jhegyi (button) folded before Flop (didn't bet)
Seat 6: Poker9803 (small blind) folded before Flop



PokerStars Hand #254471261225:  Hold'em No Limit ($0.50/$1.00 USD) - 2025/01/20 18:35:15 WET [2025/01/20 13:35:15 ET]
Table 'Saga IV' 6-max Seat #6 is the button
Seat 3: tintin641 ($100 in chips) is sitting out
Seat 1: 2g00d4youu ($100 in chips) 
Seat 2: Pippa83 ($100 in chips) 
Seat 4: JUANS2 ($101.50 in chips) 
Seat 5: jhegyi ($83.62 in chips) 
Seat 6: Poker9803 ($120.23 in chips) 
2g00d4youu: posts small blind $0.50
Pippa83: posts big blind $1
tintin641: sits out 
*** HOLE CARDS ***
JUANS2: folds 
jhegyi: folds 
Poker9803: folds 
2g00d4youu: raises $2 to $3
Pippa83: folds 
Uncalled bet ($2) returned to 2g00d4youu
2g00d4youu collected $2 from pot
2g00d4youu: doesn't show hand 
*** SUMMARY ***
Total pot $2 | Rake $0 
Seat 3: tintin641
Seat 1: 2g00d4youu (small blind) collected ($2)
Seat 2: Pippa83 (big blind) folded before Flop
Seat 4: JUANS2 folded before Flop (didn't bet)
Seat 5: jhegyi folded before Flop (didn't bet)
Seat 6: Poker9803 (button) folded before Flop (didn't bet)



PokerStars Hand #254471264889:  Hold'em No Limit ($0.50/$1.00 USD) - 2025/01/20 18:35:29 WET [2025/01/20 13:35:29 ET]
Table 'Saga IV' 6-max Seat #1 is the button
Seat 1: 2g00d4youu ($101 in chips) 
Seat 2: Pippa83 ($100 in chips) 
Seat 3: tintin641 ($100 in chips) 
Seat 4: JUANS2 ($101.50 in chips) 
Seat 5: jhegyi ($83.62 in chips) 
Seat 6: Poker9803 ($120.23 in chips) 
Pippa83: posts small blind $0.50
tintin641: posts big blind $1
*** HOLE CARDS ***
JUANS2: raises $1.20 to $2.20
jhegyi: folds 
Poker9803: folds 
2g00d4youu: folds 
Pippa83: raises $9.30 to $11.50
tintin641: folds 
JUANS2: folds 
Uncalled bet ($9.30) returned to Pippa83
Pippa83 collected $5.40 from pot
Pippa83: doesn't show hand 
*** SUMMARY ***
Total pot $5.40 | Rake $0 
Seat 1: 2g00d4youu (button) folded before Flop (didn't bet)
Seat 2: Pippa83 (small blind) collected ($5.40)
Seat 3: tintin641 (big blind) folded before Flop
Seat 4: JUANS2 folded before Flop
Seat 5: jhegyi folded before Flop (didn't bet)
Seat 6: Poker9803 folded before Flop (didn't bet)



PokerStars Hand #254471272761:  Hold'em No Limit ($0.50/$1.00 USD) - 2025/01/20 18:35:56 WET [2025/01/20 13:35:56 ET]
Table 'Saga IV' 6-max Seat #2 is the button
Seat 1: 2g00d4youu ($101 in chips) 
Seat 2: Pippa83 ($103.20 in chips) 
Seat 3: tintin641 ($100 in chips) 
Seat 4: JUANS2 ($100 in chips) 
Seat 5: jhegyi ($83.62 in chips) 
Seat 6: Poker9803 ($120.23 in chips) 
tintin641: posts small blind $0.50
JUANS2: posts big blind $1
*** HOLE CARDS ***
jhegyi: folds 
Poker9803: raises $1.50 to $2.50
2g00d4youu: folds 
Pippa83: folds 
tintin641: folds 
JUANS2: folds 
Uncalled bet ($1.50) returned to Poker9803
Poker9803 collected $2.50 from pot
Poker9803: doesn't show hand 
*** SUMMARY ***
Total pot $2.50 | Rake $0 
Seat 1: 2g00d4youu folded before Flop (didn't bet)
Seat 2: Pippa83 (button) folded before Flop (didn't bet)
Seat 3: tintin641 (small blind) folded before Flop
Seat 4: JUANS2 (big blind) folded before Flop
Seat 5: jhegyi folded before Flop (didn't bet)
Seat 6: Poker9803 collected ($2.50)



PokerStars Hand #254471278714:  Hold'em No Limit ($0.50/$1.00 USD) - 2025/01/20 18:36:17 WET [2025/01/20 13:36:17 ET]
Table 'Saga IV' 6-max Seat #3 is the button
Seat 1: 2g00d4youu ($101 in chips) 
Seat 2: Pippa83 ($103.20 in chips) 
Seat 3: tintin641 ($100 in chips) 
Seat 4: JUANS2 ($100 in chips) 
Seat 5: jhegyi ($83.62 in chips) 
Seat 6: Poker9803 ($121.73 in chips) 
JUANS2: posts small blind $0.50
jhegyi: posts big blind $1
*** HOLE CARDS ***
Poker9803: folds 
2g00d4youu: raises $1.50 to $2.50
Pippa83: folds 
tintin641: folds 
JUANS2: folds 
jhegyi: folds 
Uncalled bet ($1.50) returned to 2g00d4youu
2g00d4youu collected $2.50 from pot
2g00d4youu: doesn't show hand 
*** SUMMARY ***
Total pot $2.50 | Rake $0 
Seat 1: 2g00d4youu collected ($2.50)
Seat 2: Pippa83 folded before Flop (didn't bet)
Seat 3: tintin641 (button) folded before Flop (didn't bet)
Seat 4: JUANS2 (small blind) folded before Flop
Seat 5: jhegyi (big blind) folded before Flop
Seat 6: Poker9803 folded before Flop (didn't bet)



PokerStars Hand #254471284410:  Hold'em No Limit ($0.50/$1.00 USD) - 2025/01/20 18:36:38 WET [2025/01/20 13:36:38 ET]
Table 'Saga IV' 6-max Seat #4 is the button
Seat 1: 2g00d4youu ($102.50 in chips) 
Seat 2: Pippa83 ($103.20 in chips) 
Seat 3: tintin641 ($100 in chips) 
Seat 4: JUANS2 ($100 in chips) 
Seat 5: jhegyi ($82.62 in chips) 
Seat 6: Poker9803 ($121.73 in chips) 
jhegyi: posts small blind $0.50
Poker9803: posts big blind $1
*** HOLE CARDS ***
2g00d4youu: raises $1.50 to $2.50
Pippa83: folds 
tintin641: folds 
JUANS2: folds 
jhegyi: folds 
Poker9803: folds 
Uncalled bet ($1.50) returned to 2g00d4youu
2g00d4youu collected $2.50 from pot
2g00d4youu: doesn't show hand 
*** SUMMARY ***
Total pot $2.50 | Rake $0 
Seat 1: 2g00d4youu collected ($2.50)
Seat 2: Pippa83 folded before Flop (didn't bet)
Seat 3: tintin641 folded before Flop (didn't bet)
Seat 4: JUANS2 (button) folded before Flop (didn't bet)
Seat 5: jhegyi (small blind) folded before Flop
Seat 6: Poker9803 (big blind) folded before Flop



PokerStars Hand #254471289222:  Hold'em No Limit ($0.50/$1.00 USD) - 2025/01/20 18:36:55 WET [2025/01/20 13:36:55 ET]
Table 'Saga IV' 6-max Seat #5 is the button
Seat 1: 2g00d4youu ($104 in chips) 
Seat 2: Pippa83 ($103.20 in chips) 
Seat 3: tintin641 ($100 in chips) 
Seat 4: JUANS2 ($100 in chips) 
Seat 5: jhegyi ($82.12 in chips) 
Seat 6: Poker9803 ($120.73 in chips) 
Poker9803: posts small blind $0.50
2g00d4youu: posts big blind $1
*** HOLE CARDS ***
Pippa83: folds 
tintin641: folds 
JUANS2: folds 
jhegyi: folds 
Poker9803: raises $2.50 to $3.50
2g00d4youu: raises $7.50 to $11
Poker9803: calls $7.50
*** FLOP *** [Qc 4d 3c]
Poker9803: checks 
2g00d4youu: bets $8.36
Poker9803: folds 
Uncalled bet ($8.36) returned to 2g00d4youu
2g00d4youu collected $20.90 from pot
2g00d4youu: doesn't show hand 
*** SUMMARY ***
Total pot $22 | Rake $1.10 
Board [Qc 4d 3c]
Seat 1: 2g00d4youu (big blind) collected ($20.90)
Seat 2: Pippa83 folded before Flop (didn't bet)
Seat 3: tintin641 folded before Flop (didn't bet)
Seat 4: JUANS2 folded before Flop (didn't bet)
Seat 5: jhegyi (button) folded before Flop (didn't bet)
Seat 6: Poker9803 (small blind) folded on the Flop



PokerStars Hand #254471308312:  Hold'em No Limit ($0.50/$1.00 USD) - 2025/01/20 18:38:03 WET [2025/01/20 13:38:03 ET]
Table 'Saga IV' 6-max Seat #6 is the button
Seat 1: 2g00d4youu ($113.90 in chips) 
Seat 2: Pippa83 ($103.20 in chips) 
Seat 3: tintin641 ($100 in chips) 
Seat 4: JUANS2 ($100 in chips) 
Seat 5: jhegyi ($82.12 in chips) 
Seat 6: Poker9803 ($109.73 in chips) 
2g00d4youu: posts small blind $0.50
Pippa83: posts big blind $1
*** HOLE CARDS ***
tintin641: raises $1.50 to $2.50
JUANS2: folds 
jhegyi: folds 
Poker9803: folds 
2g00d4youu: folds 
Pippa83: folds 
Uncalled bet ($1.50) returned to tintin641
tintin641 collected $2.50 from pot
tintin641: doesn't show hand 
*** SUMMARY ***
Total pot $2.50 | Rake $0 
Seat 1: 2g00d4youu (small blind) folded before Flop
Seat 2: Pippa83 (big blind) folded before Flop
Seat 3: tintin641 collected ($2.50)
Seat 4: JUANS2 folded before Flop (didn't bet)
Seat 5: jhegyi folded before Flop (didn't bet)
Seat 6: Poker9803 (button) folded before Flop (didn't bet)



PokerStars Hand #254471311717:  Hold'em No Limit ($0.50/$1.00 USD) - 2025/01/20 18:38:15 WET [2025/01/20 13:38:15 ET]
Table 'Saga IV' 6-max Seat #1 is the button
Seat 3: tintin641 ($101.50 in chips) is sitting out
Seat 1: 2g00d4youu ($113.40 in chips) 
Seat 2: Pippa83 ($102.20 in chips) 
Seat 4: JUANS2 ($100 in chips) 
Seat 5: jhegyi ($82.12 in chips) 
Seat 6: Poker9803 ($109.73 in chips) 
Pippa83: posts small blind $0.50
tintin641: is sitting out 
JUANS2: posts big blind $1
*** HOLE CARDS ***
jhegyi: folds 
Poker9803: folds 
tintin641 leaves the table
2g00d4youu: folds 
b2k-Snick joins the table at seat #3 
Pippa83: raises $2 to $3
JUANS2: folds 
Uncalled bet ($2) returned to Pippa83
Pippa83 collected $2 from pot
Pippa83: doesn't show hand 
*** SUMMARY ***
Total pot $2 | Rake $0 
Seat 3: tintin641
Seat 1: 2g00d4youu (button) folded before Flop (didn't bet)
Seat 2: Pippa83 (small blind) collected ($2)
Seat 4: JUANS2 (big blind) folded before Flop
Seat 5: jhegyi folded before Flop (didn't bet)
Seat 6: Poker9803 folded before Flop (didn't bet)



PokerStars Hand #254471318686:  Hold'em No Limit ($0.50/$1.00 USD) - 2025/01/20 18:38:39 WET [2025/01/20 13:38:39 ET]
Table 'Saga IV' 6-max Seat #2 is the button
Seat 3: b2k-Snick ($100 in chips) is sitting out
Seat 1: 2g00d4youu ($113.40 in chips) 
Seat 2: Pippa83 ($103.20 in chips) 
Seat 4: JUANS2 ($100 in chips) 
Seat 5: jhegyi ($82.12 in chips) 
Seat 6: Poker9803 ($109.73 in chips) 
JUANS2: posts small blind $0.50
jhegyi: posts big blind $1
*** HOLE CARDS ***
Poker9803: folds 
2g00d4youu: folds 
Pippa83: folds 
JUANS2: folds 
Uncalled bet ($0.50) returned to jhegyi
jhegyi collected $1 from pot
*** SUMMARY ***
Total pot $1 | Rake $0 
Seat 3: b2k-Snick
Seat 1: 2g00d4youu folded before Flop (didn't bet)
Seat 2: Pippa83 (button) folded before Flop (didn't bet)
Seat 4: JUANS2 (small blind) folded before Flop
Seat 5: jhegyi (big blind) collected ($1)
Seat 6: Poker9803 folded before Flop (didn't bet)



PokerStars Hand #254471323246:  Hold'em No Limit ($0.50/$1.00 USD) - 2025/01/20 18:38:55 WET [2025/01/20 13:38:55 ET]
Table 'Saga IV' 6-max Seat #4 is the button
Seat 3: b2k-Snick ($100 in chips) is sitting out
Seat 6: Poker9803 ($109.73 in chips) is sitting out
Seat 1: 2g00d4youu ($113.40 in chips) 
Seat 2: Pippa83 ($103.20 in chips) 
Seat 4: JUANS2 ($100 in chips) 
Seat 5: jhegyi ($82.62 in chips) 
jhegyi: posts small blind $0.50
Poker9803: is sitting out 
2g00d4youu: posts big blind $1
b2k-Snick: sits out 
*** HOLE CARDS ***
Pippa83: folds 
Poker9803 leaves the table
JUANS2: raises $1.50 to $2.50
jhegyi: folds 
2g00d4youu: raises $8.50 to $11
JUANS2: calls $8.50
*** FLOP *** [7d 4d 6c]
2g00d4youu: checks 
JUANS2: bets $7.10
dann_lolo joins the table at seat #6 
2g00d4youu: folds 
Uncalled bet ($7.10) returned to JUANS2
JUANS2 collected $21.50 from pot
JUANS2: doesn't show hand 
*** SUMMARY ***
Total pot $22.50 | Rake $1 
Board [7d 4d 6c]
Seat 3: b2k-Snick
Seat 6: Poker9803
Seat 1: 2g00d4youu (big blind) folded on the Flop
Seat 2: Pippa83 folded before Flop (didn't bet)
Seat 4: JUANS2 (button) collected ($21.50)
Seat 5: jhegyi (small blind) folded before Flop



PokerStars Hand #254471340525:  Hold'em No Limit ($0.50/$1.00 USD) - 2025/01/20 18:39:56 WET [2025/01/20 13:39:56 ET]
Table 'Saga IV' 6-max Seat #5 is the button
Seat 3: b2k-Snick ($100 in chips) is sitting out
Seat 6: dann_lolo ($100 in chips) is sitting out
Seat 1: 2g00d4youu ($102.40 in chips) 
Seat 2: Pippa83 ($103.20 in chips) 
Seat 4: JUANS2 ($110.50 in chips) 
Seat 5: jhegyi ($82.12 in chips) 
2g00d4youu: posts small blind $0.50
Pippa83: posts big blind $1
b2k-Snick: sits out 
*** HOLE CARDS ***
JUANS2: folds 
jhegyi: folds 
2g00d4youu: raises $2 to $3
Pippa83: raises $6 to $9
2g00d4youu: calls $6
*** FLOP *** [8c 2c 3h]
2g00d4youu: checks 
Pippa83: bets $8.50
2g00d4youu: folds 
Uncalled bet ($8.50) returned to Pippa83
Pippa83 collected $17.10 from pot
Pippa83: doesn't show hand 
*** SUMMARY ***
Total pot $18 | Rake $0.90 
Board [8c 2c 3h]
Seat 3: b2k-Snick
Seat 6: dann_lolo
Seat 1: 2g00d4youu (small blind) folded on the Flop
Seat 2: Pippa83 (big blind) collected ($17.10)
Seat 4: JUANS2 folded before Flop (didn't bet)
Seat 5: jhegyi (button) folded before Flop (didn't bet)



PokerStars Hand #254471352122:  Hold'em No Limit ($0.50/$1.00 USD) - 2025/01/20 18:40:37 WET [2025/01/20 13:40:37 ET]
Table 'Saga IV' 6-max Seat #1 is the button
Seat 1: 2g00d4youu ($100 in chips) 
Seat 2: Pippa83 ($111.30 in chips) 
Seat 3: b2k-Snick ($100 in chips) 
Seat 4: JUANS2 ($110.50 in chips) 
Seat 5: jhegyi ($82.12 in chips) 
Seat 6: dann_lolo ($100 in chips) 
Pippa83: posts small blind $0.50
b2k-Snick: posts big blind $1
dann_lolo: posts big blind $1
*** HOLE CARDS ***
JUANS2: folds 
jhegyi: raises $3.50 to $4.50
dann_lolo: folds 
2g00d4youu: folds 
Pippa83: folds 
b2k-Snick: folds 
Uncalled bet ($3.50) returned to jhegyi
jhegyi collected $3.50 from pot
*** SUMMARY ***
Total pot $3.50 | Rake $0 
Seat 1: 2g00d4youu (button) folded before Flop (didn't bet)
Seat 2: Pippa83 (small blind) folded before Flop
Seat 3: b2k-Snick (big blind) folded before Flop
Seat 4: JUANS2 folded before Flop (didn't bet)
Seat 5: jhegyi collected ($3.50)
Seat 6: dann_lolo folded before Flop (didn't bet)



PokerStars Hand #254471357924:  Hold'em No Limit ($0.50/$1.00 USD) - 2025/01/20 18:40:57 WET [2025/01/20 13:40:57 ET]
Table 'Saga IV' 6-max Seat #2 is the button
Seat 1: 2g00d4youu ($100 in chips) 
Seat 2: Pippa83 ($110.80 in chips) 
Seat 3: b2k-Snick ($100 in chips) 
Seat 4: JUANS2 ($110.50 in chips) 
Seat 5: jhegyi ($84.62 in chips) 
Seat 6: dann_lolo ($99 in chips) 
b2k-Snick: posts small blind $0.50
JUANS2: posts big blind $1
*** HOLE CARDS ***
jhegyi: raises $1.50 to $2.50
dann_lolo: folds 
2g00d4youu: folds 
Pippa83: raises $5 to $7.50
b2k-Snick: folds 
JUANS2: folds 
jhegyi: calls $5
*** FLOP *** [5h 3c Ks]
jhegyi: checks 
Pippa83: bets $3.14
jhegyi: folds 
Uncalled bet ($3.14) returned to Pippa83
Pippa83 collected $15.68 from pot
Pippa83: doesn't show hand 
*** SUMMARY ***
Total pot $16.50 | Rake $0.82 
Board [5h 3c Ks]
Seat 1: 2g00d4youu folded before Flop (didn't bet)
Seat 2: Pippa83 (button) collected ($15.68)
Seat 3: b2k-Snick (small blind) folded before Flop
Seat 4: JUANS2 (big blind) folded before Flop
Seat 5: jhegyi folded on the Flop
Seat 6: dann_lolo folded before Flop (didn't bet)



PokerStars Hand #254471367656:  Hold'em No Limit ($0.50/$1.00 USD) - 2025/01/20 18:41:31 WET [2025/01/20 13:41:31 ET]
Table 'Saga IV' 6-max Seat #3 is the button
Seat 1: 2g00d4youu ($100 in chips) 
Seat 2: Pippa83 ($118.98 in chips) 
Seat 3: b2k-Snick ($100 in chips) 
Seat 4: JUANS2 ($109.50 in chips) 
Seat 5: jhegyi ($77.12 in chips) 
Seat 6: dann_lolo ($99 in chips) 
JUANS2: posts small blind $0.50
jhegyi: posts big blind $1
*** HOLE CARDS ***
dann_lolo: folds 
2g00d4youu: folds 
Pippa83: folds 
b2k-Snick: raises $1.50 to $2.50
JUANS2: folds 
jhegyi: folds 
Uncalled bet ($1.50) returned to b2k-Snick
b2k-Snick collected $2.50 from pot
b2k-Snick: doesn't show hand 
*** SUMMARY ***
Total pot $2.50 | Rake $0 
Seat 1: 2g00d4youu folded before Flop (didn't bet)
Seat 2: Pippa83 folded before Flop (didn't bet)
Seat 3: b2k-Snick (button) collected ($2.50)
Seat 4: JUANS2 (small blind) folded before Flop
Seat 5: jhegyi (big blind) folded before Flop
Seat 6: dann_lolo folded before Flop (didn't bet)



PokerStars Hand #254471372469:  Hold'em No Limit ($0.50/$1.00 USD) - 2025/01/20 18:41:48 WET [2025/01/20 13:41:48 ET]
Table 'Saga IV' 6-max Seat #4 is the button
Seat 1: 2g00d4youu ($100 in chips) 
Seat 2: Pippa83 ($118.98 in chips) 
Seat 3: b2k-Snick ($101.50 in chips) 
Seat 4: JUANS2 ($109 in chips) 
Seat 5: jhegyi ($76.12 in chips) 
Seat 6: dann_lolo ($99 in chips) 
jhegyi: posts small blind $0.50
dann_lolo: posts big blind $1
*** HOLE CARDS ***
2g00d4youu: raises $1.50 to $2.50
Pippa83: folds 
b2k-Snick: raises $5 to $7.50
JUANS2: folds 
jhegyi: folds 
dann_lolo: folds 
2g00d4youu: folds 
Uncalled bet ($5) returned to b2k-Snick
b2k-Snick collected $6.50 from pot
b2k-Snick: doesn't show hand 
*** SUMMARY ***
Total pot $6.50 | Rake $0 
Seat 1: 2g00d4youu folded before Flop
Seat 2: Pippa83 folded before Flop (didn't bet)
Seat 3: b2k-Snick collected ($6.50)
Seat 4: JUANS2 (button) folded before Flop (didn't bet)
Seat 5: jhegyi (small blind) folded before Flop
Seat 6: dann_lolo (big blind) folded before Flop



PokerStars Hand #254471379309:  Hold'em No Limit ($0.50/$1.00 USD) - 2025/01/20 18:42:12 WET [2025/01/20 13:42:12 ET]
Table 'Saga IV' 6-max Seat #5 is the button
Seat 1: 2g00d4youu ($100 in chips) 
Seat 2: Pippa83 ($118.98 in chips) 
Seat 3: b2k-Snick ($105.50 in chips) 
Seat 4: JUANS2 ($109 in chips) 
Seat 5: jhegyi ($75.62 in chips) 
Seat 6: dann_lolo ($98 in chips) 
dann_lolo: posts small blind $0.50
2g00d4youu: posts big blind $1
*** HOLE CARDS ***
Pippa83: folds 
b2k-Snick: raises $1.10 to $2.10
JUANS2: folds 
jhegyi: raises $7.80 to $9.90
dann_lolo: folds 
2g00d4youu: folds 
b2k-Snick: folds 
Uncalled bet ($7.80) returned to jhegyi
jhegyi collected $5.70 from pot
*** SUMMARY ***
Total pot $5.70 | Rake $0 
Seat 1: 2g00d4youu (big blind) folded before Flop
Seat 2: Pippa83 folded before Flop (didn't bet)
Seat 3: b2k-Snick folded before Flop
Seat 4: JUANS2 folded before Flop (didn't bet)
Seat 5: jhegyi (button) collected ($5.70)
Seat 6: dann_lolo (small blind) folded before Flop



PokerStars Hand #254471431709:  Hold'em No Limit ($0.50/$1.00 USD) - 2025/01/20 18:45:16 WET [2025/01/20 13:45:16 ET]
Table 'Saga IV' 6-max Seat #4 is the button
Seat 1: 2g00d4youu ($100 in chips) 
Seat 2: Pippa83 ($117.48 in chips) 
Seat 3: b2k-Snick ($100 in chips) 
Seat 4: JUANS2 ($100 in chips) 
Seat 6: dann_lolo ($108 in chips) 
dann_lolo: posts small blind $0.50
2g00d4youu: posts big blind $1
*** HOLE CARDS ***
Pippa83: folds 
b2k-Snick: raises $1.50 to $2.50
JUANS2: folds 
dann_lolo: calls $2
2g00d4youu: folds 
*** FLOP *** [5d 4d Kc]
dann_lolo: checks 
Youngy 2 joins the table at seat #5 
Youngy 2 is disconnected 
b2k-Snick: bets $1.88
dann_lolo: calls $1.88
*** TURN *** [5d 4d Kc] [Ah]
dann_lolo: checks 
b2k-Snick: bets $7
dann_lolo: folds 
Uncalled bet ($7) returned to b2k-Snick
b2k-Snick collected $9.27 from pot
b2k-Snick: doesn't show hand 
*** SUMMARY ***
Total pot $9.76 | Rake $0.49 
Board [5d 4d Kc Ah]
Seat 1: 2g00d4youu (big blind) folded before Flop
Seat 2: Pippa83 folded before Flop (didn't bet)
Seat 3: b2k-Snick collected ($9.27)
Seat 4: JUANS2 (button) folded before Flop (didn't bet)
Seat 6: dann_lolo (small blind) folded on the Turn



PokerStars Hand #254471443506:  Hold'em No Limit ($0.50/$1.00 USD) - 2025/01/20 18:45:58 WET [2025/01/20 13:45:58 ET]
Table 'Saga IV' 6-max Seat #6 is the button
Seat 1: 2g00d4youu ($100 in chips) 
Seat 2: Pippa83 ($117.48 in chips) 
Seat 3: b2k-Snick ($104.89 in chips) 
Seat 4: JUANS2 ($100 in chips) 
Seat 5: Youngy 2 ($42.53 in chips) 
Seat 6: dann_lolo ($103.62 in chips) 
2g00d4youu: posts small blind $0.50
Pippa83: posts big blind $1
Youngy 2: posts big blind $1
*** HOLE CARDS ***
b2k-Snick: folds 
JUANS2: raises $3 to $4
Youngy 2: calls $3
dann_lolo: folds 
2g00d4youu: folds 
Pippa83: raises $12 to $16
JUANS2: folds 
Youngy 2: folds 
Uncalled bet ($12) returned to Pippa83
Pippa83 collected $12.50 from pot
Pippa83: doesn't show hand 
*** SUMMARY ***
Total pot $12.50 | Rake $0 
Seat 1: 2g00d4youu (small blind) folded before Flop
Seat 2: Pippa83 (big blind) collected ($12.50)
Seat 3: b2k-Snick folded before Flop (didn't bet)
Seat 4: JUANS2 folded before Flop
Seat 5: Youngy 2 folded before Flop
Seat 6: dann_lolo (button) folded before Flop (didn't bet)



PokerStars Hand #254471456764:  Hold'em No Limit ($0.50/$1.00 USD) - 2025/01/20 18:46:44 WET [2025/01/20 13:46:44 ET]
Table 'Saga IV' 6-max Seat #1 is the button
Seat 1: 2g00d4youu ($100 in chips) 
Seat 2: Pippa83 ($125.98 in chips) 
Seat 3: b2k-Snick ($104.89 in chips) 
Seat 4: JUANS2 ($100 in chips) 
Seat 5: Youngy 2 ($38.53 in chips) 
Seat 6: dann_lolo ($103.62 in chips) 
Pippa83: posts small blind $0.50
b2k-Snick: posts big blind $1
*** HOLE CARDS ***
JUANS2: folds 
Youngy 2 has timed out
Youngy 2: folds 
dann_lolo: raises $2 to $3
2g00d4youu: folds 
Pippa83: folds 
b2k-Snick: calls $2
*** FLOP *** [Td Ks Qc]
b2k-Snick: checks 
dann_lolo: bets $2.04
b2k-Snick: calls $2.04
*** TURN *** [Td Ks Qc] [Kd]
b2k-Snick: checks 
dann_lolo: bets $5.23
b2k-Snick: calls $5.23
*** RIVER *** [Td Ks Qc Kd] [2d]
b2k-Snick: checks 
dann_lolo: bets $14.39
b2k-Snick: calls $14.39
*** SHOW DOWN ***
dann_lolo: shows [Ad 4h] (a pair of Kings)
b2k-Snick: shows [Qd 9d] (a flush, King high)
b2k-Snick collected $47.33 from pot
*** SUMMARY ***
Total pot $49.82 | Rake $2.49 
Board [Td Ks Qc Kd 2d]
Seat 1: 2g00d4youu (button) folded before Flop (didn't bet)
Seat 2: Pippa83 (small blind) folded before Flop
Seat 3: b2k-Snick (big blind) showed [Qd 9d] and won ($47.33) with a flush, King high
Seat 4: JUANS2 folded before Flop (didn't bet)
Seat 5: Youngy 2 folded before Flop (didn't bet)
Seat 6: dann_lolo showed [Ad 4h] and lost with a pair of Kings



PokerStars Hand #254471482332:  Hold'em No Limit ($0.50/$1.00 USD) - 2025/01/20 18:48:15 WET [2025/01/20 13:48:15 ET]
Table 'Saga IV' 6-max Seat #2 is the button
Seat 1: 2g00d4youu ($100 in chips) 
Seat 2: Pippa83 ($125.48 in chips) 
Seat 3: b2k-Snick ($127.56 in chips) 
Seat 4: JUANS2 ($100 in chips) 
Seat 5: Youngy 2 ($42.53 in chips) 
Seat 6: dann_lolo ($78.96 in chips) 
b2k-Snick: posts small blind $0.50
JUANS2: posts big blind $1
*** HOLE CARDS ***
Youngy 2: folds 
dann_lolo: folds 
2g00d4youu: folds 
Pippa83: folds 
b2k-Snick: raises $2 to $3
JUANS2: raises $6 to $9
b2k-Snick: raises $15 to $24
JUANS2: calls $15
*** FLOP *** [8d 7h 9h]
b2k-Snick: bets $18
JUANS2: calls $18
*** TURN *** [8d 7h 9h] [4d]
b2k-Snick: bets $85.56 and is all-in
JUANS2: folds 
Uncalled bet ($85.56) returned to b2k-Snick
b2k-Snick collected $81.50 from pot
b2k-Snick: doesn't show hand 
*** SUMMARY ***
Total pot $84 | Rake $2.50 
Board [8d 7h 9h 4d]
Seat 1: 2g00d4youu folded before Flop (didn't bet)
Seat 2: Pippa83 (button) folded before Flop (didn't bet)
Seat 3: b2k-Snick (small blind) collected ($81.50)
Seat 4: JUANS2 (big blind) folded on the Turn
Seat 5: Youngy 2 folded before Flop (didn't bet)
Seat 6: dann_lolo folded before Flop (didn't bet)



PokerStars Hand #254471506267:  Hold'em No Limit ($0.50/$1.00 USD) - 2025/01/20 18:49:40 WET [2025/01/20 13:49:40 ET]
Table 'Saga IV' 6-max Seat #3 is the button
Seat 1: 2g00d4youu ($100 in chips) 
Seat 2: Pippa83 ($125.48 in chips) 
Seat 3: b2k-Snick ($167.06 in chips) 
Seat 4: JUANS2 ($100 in chips) 
Seat 5: Youngy 2 ($62.22 in chips) 
Seat 6: dann_lolo ($100 in chips) 
JUANS2: posts small blind $0.50
Youngy 2: posts big blind $1
*** HOLE CARDS ***
dann_lolo: folds 
2g00d4youu: folds 
Pippa83: folds 
b2k-Snick: folds 
JUANS2: folds 
Uncalled bet ($0.50) returned to Youngy 2
Youngy 2 collected $1 from pot
*** SUMMARY ***
Total pot $1 | Rake $0 
Seat 1: 2g00d4youu folded before Flop (didn't bet)
Seat 2: Pippa83 folded before Flop (didn't bet)
Seat 3: b2k-Snick (button) folded before Flop (didn't bet)
Seat 4: JUANS2 (small blind) folded before Flop
Seat 5: Youngy 2 (big blind) collected ($1)
Seat 6: dann_lolo folded before Flop (didn't bet)



PokerStars Hand #254471510091:  Hold'em No Limit ($0.50/$1.00 USD) - 2025/01/20 18:49:53 WET [2025/01/20 13:49:53 ET]
Table 'Saga IV' 6-max Seat #4 is the button
Seat 1: 2g00d4youu ($100 in chips) 
Seat 2: Pippa83 ($125.48 in chips) 
Seat 3: b2k-Snick ($167.06 in chips) 
Seat 4: JUANS2 ($100 in chips) 
Seat 5: Youngy 2 ($62.72 in chips) 
Seat 6: dann_lolo ($100 in chips) 
Youngy 2: posts small blind $0.50
dann_lolo: posts big blind $1
*** HOLE CARDS ***
2g00d4youu: folds 
Pippa83: folds 
b2k-Snick: folds 
JUANS2: folds 
Youngy 2: raises $2 to $3
dann_lolo: calls $2
*** FLOP *** [Jh Ac 7c]
Youngy 2: bets $2.85
dann_lolo: raises $7.76 to $10.61
Youngy 2: folds 
Uncalled bet ($7.76) returned to dann_lolo
dann_lolo collected $11.12 from pot
dann_lolo: doesn't show hand 
*** SUMMARY ***
Total pot $11.70 | Rake $0.58 
Board [Jh Ac 7c]
Seat 1: 2g00d4youu folded before Flop (didn't bet)
Seat 2: Pippa83 folded before Flop (didn't bet)
Seat 3: b2k-Snick folded before Flop (didn't bet)
Seat 4: JUANS2 (button) folded before Flop (didn't bet)
Seat 5: Youngy 2 (small blind) folded on the Flop
Seat 6: dann_lolo (big blind) collected ($11.12)



PokerStars Hand #254471521764:  Hold'em No Limit ($0.50/$1.00 USD) - 2025/01/20 18:50:34 WET [2025/01/20 13:50:34 ET]
Table 'Saga IV' 6-max Seat #5 is the button
Seat 1: 2g00d4youu ($100 in chips) 
Seat 2: Pippa83 ($125.48 in chips) 
Seat 3: b2k-Snick ($167.06 in chips) 
Seat 4: JUANS2 ($100 in chips) 
Seat 5: Youngy 2 ($56.87 in chips) 
Seat 6: dann_lolo ($105.27 in chips) 
dann_lolo: posts small blind $0.50
2g00d4youu: posts big blind $1
*** HOLE CARDS ***
Pippa83: folds 
b2k-Snick: folds 
JUANS2: folds 
Youngy 2: raises $1.50 to $2.50
dann_lolo: folds 
2g00d4youu: folds 
Uncalled bet ($1.50) returned to Youngy 2
Youngy 2 collected $2.50 from pot
*** SUMMARY ***
Total pot $2.50 | Rake $0 
Seat 1: 2g00d4youu (big blind) folded before Flop
Seat 2: Pippa83 folded before Flop (didn't bet)
Seat 3: b2k-Snick folded before Flop (didn't bet)
Seat 4: JUANS2 folded before Flop (didn't bet)
Seat 5: Youngy 2 (button) collected ($2.50)
Seat 6: dann_lolo (small blind) folded before Flop



PokerStars Hand #254471526585:  Hold'em No Limit ($0.50/$1.00 USD) - 2025/01/20 18:50:51 WET [2025/01/20 13:50:51 ET]
Table 'Saga IV' 6-max Seat #6 is the button
Seat 1: 2g00d4youu ($100 in chips) 
Seat 2: Pippa83 ($125.48 in chips) 
Seat 3: b2k-Snick ($167.06 in chips) 
Seat 4: JUANS2 ($100 in chips) 
Seat 5: Youngy 2 ($58.37 in chips) 
Seat 6: dann_lolo ($104.77 in chips) 
2g00d4youu: posts small blind $0.50
Pippa83: posts big blind $1
*** HOLE CARDS ***
b2k-Snick: folds 
JUANS2: folds 
Youngy 2: folds 
dann_lolo: raises $1.50 to $2.50
2g00d4youu: folds 
Pippa83: folds 
Uncalled bet ($1.50) returned to dann_lolo
dann_lolo collected $2.50 from pot
dann_lolo: doesn't show hand 
*** SUMMARY ***
Total pot $2.50 | Rake $0 
Seat 1: 2g00d4youu (small blind) folded before Flop
Seat 2: Pippa83 (big blind) folded before Flop
Seat 3: b2k-Snick folded before Flop (didn't bet)
Seat 4: JUANS2 folded before Flop (didn't bet)
Seat 5: Youngy 2 folded before Flop (didn't bet)
Seat 6: dann_lolo (button) collected ($2.50)



PokerStars Hand #254471531471:  Hold'em No Limit ($0.50/$1.00 USD) - 2025/01/20 18:51:09 WET [2025/01/20 13:51:09 ET]
Table 'Saga IV' 6-max Seat #1 is the button
Seat 1: 2g00d4youu ($100 in chips) 
Seat 2: Pippa83 ($124.48 in chips) 
Seat 3: b2k-Snick ($167.06 in chips) 
Seat 4: JUANS2 ($100 in chips) 
Seat 5: Youngy 2 ($58.37 in chips) 
Seat 6: dann_lolo ($106.27 in chips) 
Pippa83: posts small blind $0.50
b2k-Snick: posts big blind $1
*** HOLE CARDS ***
JUANS2: folds 
Youngy 2: folds 
dann_lolo: folds 
2g00d4youu: folds 
Pippa83: folds 
Uncalled bet ($0.50) returned to b2k-Snick
b2k-Snick collected $1 from pot
b2k-Snick: doesn't show hand 
*** SUMMARY ***
Total pot $1 | Rake $0 
Seat 1: 2g00d4youu (button) folded before Flop (didn't bet)
Seat 2: Pippa83 (small blind) folded before Flop
Seat 3: b2k-Snick (big blind) collected ($1)
Seat 4: JUANS2 folded before Flop (didn't bet)
Seat 5: Youngy 2 folded before Flop (didn't bet)
Seat 6: dann_lolo folded before Flop (didn't bet)



PokerStars Hand #254471534913:  Hold'em No Limit ($0.50/$1.00 USD) - 2025/01/20 18:51:21 WET [2025/01/20 13:51:21 ET]
Table 'Saga IV' 6-max Seat #2 is the button
Seat 1: 2g00d4youu ($100 in chips) 
Seat 2: Pippa83 ($123.98 in chips) 
Seat 3: b2k-Snick ($167.56 in chips) 
Seat 4: JUANS2 ($100 in chips) 
Seat 5: Youngy 2 ($58.37 in chips) 
Seat 6: dann_lolo ($106.27 in chips) 
b2k-Snick: posts small blind $0.50
JUANS2: posts big blind $1
*** HOLE CARDS ***
Youngy 2: calls $1
dann_lolo: raises $3.80 to $4.80
2g00d4youu: folds 
Pippa83: folds 
b2k-Snick: folds 
JUANS2: folds 
Youngy 2: calls $3.80
*** FLOP *** [4d 3c 6d]
Youngy 2: checks 
dann_lolo: checks 
*** TURN *** [4d 3c 6d] [Kc]
Youngy 2: checks 
dann_lolo: bets $5.48
Youngy 2: folds 
Uncalled bet ($5.48) returned to dann_lolo
dann_lolo collected $10.54 from pot
dann_lolo: doesn't show hand 
*** SUMMARY ***
Total pot $11.10 | Rake $0.56 
Board [4d 3c 6d Kc]
Seat 1: 2g00d4youu folded before Flop (didn't bet)
Seat 2: Pippa83 (button) folded before Flop (didn't bet)
Seat 3: b2k-Snick (small blind) folded before Flop
Seat 4: JUANS2 (big blind) folded before Flop
Seat 5: Youngy 2 folded on the Turn
Seat 6: dann_lolo collected ($10.54)



PokerStars Hand #254471551442:  Hold'em No Limit ($0.50/$1.00 USD) - 2025/01/20 18:52:21 WET [2025/01/20 13:52:21 ET]
Table 'Saga IV' 6-max Seat #3 is the button
Seat 1: 2g00d4youu ($100 in chips) 
Seat 2: Pippa83 ($123.98 in chips) 
Seat 3: b2k-Snick ($167.06 in chips) 
Seat 4: JUANS2 ($100 in chips) 
Seat 5: Youngy 2 ($53.57 in chips) 
Seat 6: dann_lolo ($112.01 in chips) 
JUANS2: posts small blind $0.50
Youngy 2: posts big blind $1
*** HOLE CARDS ***
dann_lolo: raises $4 to $5
2g00d4youu: folds 
Pippa83: folds 
b2k-Snick: folds 
JUANS2: folds 
Youngy 2: calls $4
*** FLOP *** [5s Th Qc]
Youngy 2: checks 
dann_lolo: checks 
*** TURN *** [5s Th Qc] [6h]
Youngy 2: checks 
dann_lolo: bets $3.29
Youngy 2: raises $8.28 to $11.57
dann_lolo: calls $8.28
*** RIVER *** [5s Th Qc 6h] [6c]
Youngy 2: bets $21.98
dann_lolo: raises $25.05 to $47.03
Youngy 2: calls $15.02 and is all-in
Uncalled bet ($10.03) returned to dann_lolo
*** SHOW DOWN ***
dann_lolo: shows [6d 6s] (four of a kind, Sixes)
Youngy 2: shows [Td Tc] (a full house, Tens full of Sixes)
dann_lolo collected $105.14 from pot
*** SUMMARY ***
Total pot $107.64 | Rake $2.50 
Board [5s Th Qc 6h 6c]
Seat 1: 2g00d4youu folded before Flop (didn't bet)
Seat 2: Pippa83 folded before Flop (didn't bet)
Seat 3: b2k-Snick (button) folded before Flop (didn't bet)
Seat 4: JUANS2 (small blind) folded before Flop
Seat 5: Youngy 2 (big blind) showed [Td Tc] and lost with a full house, Tens full of Sixes
Seat 6: dann_lolo showed [6d 6s] and won ($105.14) with four of a kind, Sixes



PokerStars Hand #254471576491:  Hold'em No Limit ($0.50/$1.00 USD) - 2025/01/20 18:53:50 WET [2025/01/20 13:53:50 ET]
Table 'Saga IV' 6-max Seat #4 is the button
Seat 5: Youngy 2 ($0 in chips) is sitting out
Seat 1: 2g00d4youu ($100 in chips) 
Seat 2: Pippa83 ($123.98 in chips) 
Seat 3: b2k-Snick ($167.06 in chips) 
Seat 4: JUANS2 ($100 in chips) 
Seat 6: dann_lolo ($163.58 in chips) 
dann_lolo: posts small blind $0.50
2g00d4youu: posts big blind $1
*** HOLE CARDS ***
Pippa83: folds 
b2k-Snick: folds 
JUANS2: folds 
dann_lolo: folds 
Uncalled bet ($0.50) returned to 2g00d4youu
2g00d4youu collected $1 from pot
2g00d4youu: doesn't show hand 
*** SUMMARY ***
Total pot $1 | Rake $0 
Seat 5: Youngy 2
Seat 1: 2g00d4youu (big blind) collected ($1)
Seat 2: Pippa83 folded before Flop (didn't bet)
Seat 3: b2k-Snick folded before Flop (didn't bet)
Seat 4: JUANS2 (button) folded before Flop (didn't bet)
Seat 6: dann_lolo (small blind) folded before Flop



PokerStars Hand #254471580321:  Hold'em No Limit ($0.50/$1.00 USD) - 2025/01/20 18:54:04 WET [2025/01/20 13:54:04 ET]
Table 'Saga IV' 6-max Seat #6 is the button
Seat 5: Youngy 2 ($0 in chips) is sitting out
Seat 1: 2g00d4youu ($100.50 in chips) 
Seat 2: Pippa83 ($123.98 in chips) 
Seat 3: b2k-Snick ($167.06 in chips) 
Seat 4: JUANS2 ($100 in chips) 
Seat 6: dann_lolo ($163.08 in chips) 
2g00d4youu: posts small blind $0.50
Pippa83: posts big blind $1
*** HOLE CARDS ***
b2k-Snick: folds 
JUANS2: folds 
Youngy 2 leaves the table
dann_lolo: folds 
2g00d4youu: raises $2 to $3
Pippa83: folds 
Uncalled bet ($2) returned to 2g00d4youu
BoyLoc0 joins the table at seat #5 
2g00d4youu collected $2 from pot
2g00d4youu: doesn't show hand 
*** SUMMARY ***
Total pot $2 | Rake $0 
Seat 5: Youngy 2
Seat 1: 2g00d4youu (small blind) collected ($2)
Seat 2: Pippa83 (big blind) folded before Flop
Seat 3: b2k-Snick folded before Flop (didn't bet)
Seat 4: JUANS2 folded before Flop (didn't bet)
Seat 6: dann_lolo (button) folded before Flop (didn't bet)



PokerStars Hand #254471587160:  Hold'em No Limit ($0.50/$1.00 USD) - 2025/01/20 18:54:28 WET [2025/01/20 13:54:28 ET]
Table 'Saga IV' 6-max Seat #1 is the button
Seat 5: BoyLoc0 ($100 in chips) is sitting out
Seat 1: 2g00d4youu ($101.50 in chips) 
Seat 2: Pippa83 ($122.98 in chips) 
Seat 3: b2k-Snick ($167.06 in chips) 
Seat 4: JUANS2 ($100 in chips) 
Seat 6: dann_lolo ($163.08 in chips) 
Pippa83: posts small blind $0.50
b2k-Snick: posts big blind $1
BoyLoc0: sits out 
*** HOLE CARDS ***
JUANS2: raises $1.20 to $2.20
dann_lolo: folds 
2g00d4youu: folds 
Pippa83: folds 
b2k-Snick: folds 
Uncalled bet ($1.20) returned to JUANS2
JUANS2 collected $2.50 from pot
JUANS2: doesn't show hand 
*** SUMMARY ***
Total pot $2.50 | Rake $0 
Seat 5: BoyLoc0
Seat 1: 2g00d4youu (button) folded before Flop (didn't bet)
Seat 2: Pippa83 (small blind) folded before Flop
Seat 3: b2k-Snick (big blind) folded before Flop
Seat 4: JUANS2 collected ($2.50)
Seat 6: dann_lolo folded before Flop (didn't bet)



PokerStars Hand #254471592519:  Hold'em No Limit ($0.50/$1.00 USD) - 2025/01/20 18:54:47 WET [2025/01/20 13:54:47 ET]
Table 'Saga IV' 6-max Seat #2 is the button
Seat 5: BoyLoc0 ($100 in chips) is sitting out
Seat 1: 2g00d4youu ($101.50 in chips) 
Seat 2: Pippa83 ($122.48 in chips) 
Seat 3: b2k-Snick ($166.06 in chips) 
Seat 4: JUANS2 ($101.50 in chips) 
Seat 6: dann_lolo ($163.08 in chips) 
b2k-Snick: posts small blind $0.50
JUANS2: posts big blind $1
BoyLoc0: sits out 
*** HOLE CARDS ***
dann_lolo: folds 
2g00d4youu: folds 
Pippa83: folds 
b2k-Snick: raises $2 to $3
JUANS2: calls $2
*** FLOP *** [Qd 9d 6s]
b2k-Snick: checks 
JUANS2: checks 
*** TURN *** [Qd 9d 6s] [2s]
b2k-Snick: bets $2.51
JUANS2: calls $2.51
*** RIVER *** [Qd 9d 6s 2s] [Qc]
b2k-Snick: checks 
JUANS2: bets $15.50
b2k-Snick: folds 
Uncalled bet ($15.50) returned to JUANS2
JUANS2 collected $10.47 from pot
JUANS2: doesn't show hand 
*** SUMMARY ***
Total pot $11.02 | Rake $0.55 
Board [Qd 9d 6s 2s Qc]
Seat 5: BoyLoc0
Seat 1: 2g00d4youu folded before Flop (didn't bet)
Seat 2: Pippa83 (button) folded before Flop (didn't bet)
Seat 3: b2k-Snick (small blind) folded on the River
Seat 4: JUANS2 (big blind) collected ($10.47)
Seat 6: dann_lolo folded before Flop (didn't bet)



PokerStars Hand #254471606606:  Hold'em No Limit ($0.50/$1.00 USD) - 2025/01/20 18:55:50 WET [2025/01/20 13:55:50 ET]
Table 'Saga IV' 6-max Seat #3 is the button
Seat 1: 2g00d4youu ($101.50 in chips) 
Seat 2: Pippa83 ($122.48 in chips) 
Seat 3: b2k-Snick ($160.55 in chips) 
Seat 4: JUANS2 ($106.46 in chips) 
Seat 5: BoyLoc0 ($100 in chips) 
Seat 6: dann_lolo ($163.08 in chips) 
JUANS2: posts small blind $0.50
BoyLoc0: posts big blind $1
*** HOLE CARDS ***
dann_lolo: folds 
2g00d4youu: folds 
Pippa83: folds 
b2k-Snick: folds 
JUANS2: folds 
Uncalled bet ($0.50) returned to BoyLoc0
BoyLoc0 collected $1 from pot
BoyLoc0: doesn't show hand 
*** SUMMARY ***
Total pot $1 | Rake $0 
Seat 1: 2g00d4youu folded before Flop (didn't bet)
Seat 2: Pippa83 folded before Flop (didn't bet)
Seat 3: b2k-Snick (button) folded before Flop (didn't bet)
Seat 4: JUANS2 (small blind) folded before Flop
Seat 5: BoyLoc0 (big blind) collected ($1)
Seat 6: dann_lolo folded before Flop (didn't bet)



PokerStars Hand #254471610243:  Hold'em No Limit ($0.50/$1.00 USD) - 2025/01/20 18:56:07 WET [2025/01/20 13:56:07 ET]
Table 'Saga IV' 6-max Seat #4 is the button
Seat 1: 2g00d4youu ($101.50 in chips) 
Seat 2: Pippa83 ($122.48 in chips) 
Seat 3: b2k-Snick ($160.55 in chips) 
Seat 4: JUANS2 ($105.96 in chips) 
Seat 5: BoyLoc0 ($100.50 in chips) 
Seat 6: dann_lolo ($163.08 in chips) 
BoyLoc0: posts small blind $0.50
dann_lolo: posts big blind $1
*** HOLE CARDS ***
2g00d4youu: folds 
Pippa83: raises $1.20 to $2.20
b2k-Snick: folds 
JUANS2: folds 
BoyLoc0: folds 
dann_lolo: calls $1.20
*** FLOP *** [Ks 3d 2h]
dann_lolo: checks 
Pippa83: bets $2.50
dann_lolo: calls $2.50
*** TURN *** [Ks 3d 2h] [4s]
dann_lolo: checks 
Pippa83: bets $7.05
dann_lolo: calls $7.05
*** RIVER *** [Ks 3d 2h 4s] [7s]
dann_lolo: checks 
Pippa83: bets $17.10
dann_lolo: folds 
Uncalled bet ($17.10) returned to Pippa83
Pippa83 collected $22.80 from pot
Pippa83: doesn't show hand 
*** SUMMARY ***
Total pot $24 | Rake $1.20 
Board [Ks 3d 2h 4s 7s]
Seat 1: 2g00d4youu folded before Flop (didn't bet)
Seat 2: Pippa83 collected ($22.80)
Seat 3: b2k-Snick folded before Flop (didn't bet)
Seat 4: JUANS2 (button) folded before Flop (didn't bet)
Seat 5: BoyLoc0 (small blind) folded before Flop
Seat 6: dann_lolo (big blind) folded on the River



PokerStars Hand #254471620348:  Hold'em No Limit ($0.50/$1.00 USD) - 2025/01/20 18:56:57 WET [2025/01/20 13:56:57 ET]
Table 'Saga IV' 6-max Seat #5 is the button
Seat 1: 2g00d4youu ($101.50 in chips) 
Seat 2: Pippa83 ($133.53 in chips) 
Seat 3: b2k-Snick ($160.55 in chips) 
Seat 4: JUANS2 ($105.96 in chips) 
Seat 5: BoyLoc0 ($100 in chips) 
Seat 6: dann_lolo ($151.33 in chips) 
dann_lolo: posts small blind $0.50
2g00d4youu: posts big blind $1
*** HOLE CARDS ***
Pippa83: folds 
b2k-Snick: folds 
JUANS2: folds 
BoyLoc0: folds 
dann_lolo: raises $2 to $3
2g00d4youu: folds 
Uncalled bet ($2) returned to dann_lolo
dann_lolo collected $2 from pot
dann_lolo: doesn't show hand 
*** SUMMARY ***
Total pot $2 | Rake $0 
Seat 1: 2g00d4youu (big blind) folded before Flop
Seat 2: Pippa83 folded before Flop (didn't bet)
Seat 3: b2k-Snick folded before Flop (didn't bet)
Seat 4: JUANS2 folded before Flop (didn't bet)
Seat 5: BoyLoc0 (button) folded before Flop (didn't bet)
Seat 6: dann_lolo (small blind) collected ($2)



PokerStars Hand #254471623759:  Hold'em No Limit ($0.50/$1.00 USD) - 2025/01/20 18:57:14 WET [2025/01/20 13:57:14 ET]
Table 'Saga IV' 6-max Seat #6 is the button
Seat 2: Pippa83 ($133.53 in chips) is sitting out
Seat 3: b2k-Snick ($160.55 in chips) is sitting out
Seat 1: 2g00d4youu ($100.50 in chips) 
Seat 4: JUANS2 ($105.96 in chips) 
Seat 5: BoyLoc0 ($100 in chips) 
Seat 6: dann_lolo ($152.33 in chips) 
2g00d4youu: posts small blind $0.50
b2k-Snick: is sitting out 
JUANS2: posts big blind $1
*** HOLE CARDS ***
BoyLoc0: folds 
dann_lolo: folds 
2g00d4youu: folds 
Uncalled bet ($0.50) returned to JUANS2
JUANS2 collected $1 from pot
JUANS2: doesn't show hand 
*** SUMMARY ***
Total pot $1 | Rake $0 
Seat 2: Pippa83
Seat 3: b2k-Snick
Seat 1: 2g00d4youu (small blind) folded before Flop
Seat 4: JUANS2 (big blind) collected ($1)
Seat 5: BoyLoc0 folded before Flop (didn't bet)
Seat 6: dann_lolo (button) folded before Flop (didn't bet)



PokerStars Hand #254471625887:  Hold'em No Limit ($0.50/$1.00 USD) - 2025/01/20 18:57:24 WET [2025/01/20 13:57:24 ET]
Table 'Saga IV' 6-max Seat #1 is the button
Seat 2: Pippa83 ($133.53 in chips) is sitting out
Seat 3: b2k-Snick ($160.55 in chips) is sitting out
Seat 1: 2g00d4youu ($100 in chips) 
Seat 4: JUANS2 ($106.46 in chips) 
Seat 5: BoyLoc0 ($100 in chips) 
Seat 6: dann_lolo ($152.33 in chips) 
JUANS2: posts small blind $0.50
BoyLoc0: posts big blind $1
*** HOLE CARDS ***
dann_lolo: folds 
2g00d4youu: folds 
JUANS2: raises $2 to $3
BoyLoc0: folds 
Uncalled bet ($2) returned to JUANS2
JUANS2 collected $2 from pot
JUANS2: doesn't show hand 
*** SUMMARY ***
Total pot $2 | Rake $0 
Seat 2: Pippa83
Seat 3: b2k-Snick
Seat 1: 2g00d4youu (button) folded before Flop (didn't bet)
Seat 4: JUANS2 (small blind) collected ($2)
Seat 5: BoyLoc0 (big blind) folded before Flop
Seat 6: dann_lolo folded before Flop (didn't bet)



PokerStars Hand #254471628221:  Hold'em No Limit ($0.50/$1.00 USD) - 2025/01/20 18:57:36 WET [2025/01/20 13:57:36 ET]
Table 'Saga IV' 6-max Seat #4 is the button
Seat 2: Pippa83 ($133.53 in chips) is sitting out
Seat 3: b2k-Snick ($160.55 in chips) is sitting out
Seat 1: 2g00d4youu ($100 in chips) 
Seat 4: JUANS2 ($107.46 in chips) 
Seat 5: BoyLoc0 ($100 in chips) 
Seat 6: dann_lolo ($152.33 in chips) 
BoyLoc0: posts small blind $0.50
dann_lolo: posts big blind $1
*** HOLE CARDS ***
2g00d4youu: folds 
JUANS2: folds 
BoyLoc0: raises $2 to $3
dann_lolo: calls $2
*** FLOP *** [3s Jc 4d]
2g00d4youu leaves the table
BoyLoc0: checks 
dann_lolo: checks 
*** TURN *** [3s Jc 4d] [Qh]
BoyLoc0: checks 
dann_lolo: bets $2.96
BoyLoc0: folds 
Uncalled bet ($2.96) returned to dann_lolo
dann_lolo collected $5.70 from pot
dann_lolo: doesn't show hand 
*** SUMMARY ***
Total pot $6 | Rake $0.30 
Board [3s Jc 4d Qh]
Seat 2: Pippa83
Seat 3: b2k-Snick
Seat 1: 2g00d4youu folded before Flop (didn't bet)
Seat 4: JUANS2 (button) folded before Flop (didn't bet)
Seat 5: BoyLoc0 (small blind) folded on the Turn
Seat 6: dann_lolo (big blind) collected ($5.70)



PokerStars Hand #254471635055:  Hold'em No Limit ($0.50/$1.00 USD) - 2025/01/20 18:58:08 WET [2025/01/20 13:58:08 ET]
Table 'Saga IV' 6-max Seat #6 is the button
Seat 2: Pippa83 ($133.53 in chips) is sitting out
Seat 3: b2k-Snick ($160.55 in chips) is sitting out
Seat 4: JUANS2 ($107.46 in chips) is sitting out
Seat 5: BoyLoc0 ($100 in chips) 
Seat 6: dann_lolo ($155.03 in chips) 
dann_lolo: posts small blind $0.50
JUANS2: is sitting out 
BoyLoc0: posts big blind $1
*** HOLE CARDS ***
dann_lolo: raises $2 to $3
BoyLoc0: calls $2
*** FLOP *** [4h Jh 5c]
BoyLoc0: checks 
dann_lolo: checks 
*** TURN *** [4h Jh 5c] [6s]
BoyLoc0: checks 
dann_lolo: bets $2.96
BoyLoc0: folds 
Uncalled bet ($2.96) returned to dann_lolo
coeeeelho joins the table at seat #1 
dann_lolo collected $5.70 from pot
dann_lolo: doesn't show hand 
*** SUMMARY ***
Total pot $6 | Rake $0.30 
Board [4h Jh 5c 6s]
Seat 2: Pippa83
Seat 3: b2k-Snick
Seat 4: JUANS2
Seat 5: BoyLoc0 (big blind) folded on the Turn
Seat 6: dann_lolo (button) (small blind) collected ($5.70)



PokerStars Hand #254471639924:  Hold'em No Limit ($0.50/$1.00 USD) - 2025/01/20 18:58:32 WET [2025/01/20 13:58:32 ET]
Table 'Saga IV' 6-max Seat #5 is the button
Seat 2: Pippa83 ($133.53 in chips) is sitting out
Seat 3: b2k-Snick ($160.55 in chips) is sitting out
Seat 4: JUANS2 ($107.46 in chips) is sitting out
Seat 1: coeeeelho ($100 in chips) 
Seat 5: BoyLoc0 ($100 in chips) 
Seat 6: dann_lolo ($157.73 in chips) 
dann_lolo: posts small blind $0.50
coeeeelho: posts big blind $1
*** HOLE CARDS ***
BoyLoc0: raises $1.50 to $2.50
dann_lolo: folds 
coeeeelho: folds 
Uncalled bet ($1.50) returned to BoyLoc0
JUANS2 leaves the table
BoyLoc0 collected $2.50 from pot
BoyLoc0: doesn't show hand 
michasia joins the table at seat #4 
*** SUMMARY ***
Total pot $2.50 | Rake $0 
Seat 2: Pippa83
Seat 3: b2k-Snick
Seat 4: JUANS2
Seat 1: coeeeelho (big blind) folded before Flop
Seat 5: BoyLoc0 (button) collected ($2.50)
Seat 6: dann_lolo (small blind) folded before Flop



PokerStars Hand #254471642007:  Hold'em No Limit ($0.50/$1.00 USD) - 2025/01/20 18:58:42 WET [2025/01/20 13:58:42 ET]
Table 'Saga IV' 6-max Seat #6 is the button
Seat 2: Pippa83 ($133.53 in chips) is sitting out
Seat 3: b2k-Snick ($160.55 in chips) is sitting out
Seat 1: coeeeelho ($100 in chips) 
Seat 4: michasia ($100 in chips) 
Seat 5: BoyLoc0 ($101.50 in chips) 
Seat 6: dann_lolo ($157.23 in chips) 
coeeeelho: posts small blind $0.50
michasia: posts big blind $1
*** HOLE CARDS ***
BoyLoc0: folds 
dann_lolo: raises $2 to $3
coeeeelho: folds 
michasia: raises $8.50 to $11.50
dann_lolo: calls $8.50
*** FLOP *** [2d Kh As]
michasia: bets $7.43
dann_lolo: calls $7.43
*** TURN *** [2d Kh As] [4c]
michasia: checks 
dann_lolo: checks 
*** RIVER *** [2d Kh As 4c] [Jd]
michasia: checks 
dann_lolo: bets $25.03
michasia: calls $25.03
*** SHOW DOWN ***
dann_lolo: shows [Jc Ad] (two pair, Aces and Jacks)
michasia: mucks hand 
dann_lolo collected $87.42 from pot
*** SUMMARY ***
Total pot $88.42 | Rake $1 
Board [2d Kh As 4c Jd]
Seat 2: Pippa83
Seat 3: b2k-Snick
Seat 1: coeeeelho (small blind) folded before Flop
Seat 4: michasia (big blind) mucked
Seat 5: BoyLoc0 folded before Flop (didn't bet)
Seat 6: dann_lolo (button) showed [Jc Ad] and won ($87.42) with two pair, Aces and Jacks



PokerStars Hand #254471651938:  Hold'em No Limit ($0.50/$1.00 USD) - 2025/01/20 18:59:30 WET [2025/01/20 13:59:30 ET]
Table 'Saga IV' 6-max Seat #1 is the button
Seat 2: Pippa83 ($133.53 in chips) is sitting out
Seat 3: b2k-Snick ($160.55 in chips) is sitting out
Seat 1: coeeeelho ($100 in chips) 
Seat 4: michasia ($100 in chips) 
Seat 5: BoyLoc0 ($101.50 in chips) 
Seat 6: dann_lolo ($200.69 in chips) 
michasia: posts small blind $0.50
BoyLoc0: posts big blind $1
*** HOLE CARDS ***
dann_lolo: raises $2 to $3
coeeeelho: folds 
michasia: folds 
BoyLoc0: folds 
Uncalled bet ($2) returned to dann_lolo
dann_lolo collected $2.50 from pot
dann_lolo: doesn't show hand 
*** SUMMARY ***
Total pot $2.50 | Rake $0 
Seat 2: Pippa83
Seat 3: b2k-Snick
Seat 1: coeeeelho (button) folded before Flop (didn't bet)
Seat 4: michasia (small blind) folded before Flop
Seat 5: BoyLoc0 (big blind) folded before Flop
Seat 6: dann_lolo collected ($2.50)



PokerStars Hand #254471654337:  Hold'em No Limit ($0.50/$1.00 USD) - 2025/01/20 18:59:41 WET [2025/01/20 13:59:41 ET]
Table 'Saga IV' 6-max Seat #4 is the button
Seat 2: Pippa83 ($133.53 in chips) is sitting out
Seat 3: b2k-Snick ($160.55 in chips) is sitting out
Seat 1: coeeeelho ($100 in chips) 
Seat 4: michasia ($100 in chips) 
Seat 5: BoyLoc0 ($100.50 in chips) 
Seat 6: dann_lolo ($202.19 in chips) 
BoyLoc0: posts small blind $0.50
dann_lolo: posts big blind $1
*** HOLE CARDS ***
coeeeelho: folds 
michasia: folds 
BoyLoc0: raises $2 to $3
dann_lolo: folds 
Uncalled bet ($2) returned to BoyLoc0
BoyLoc0 collected $2 from pot
BoyLoc0: doesn't show hand 
*** SUMMARY ***
Total pot $2 | Rake $0 
Seat 2: Pippa83
Seat 3: b2k-Snick
Seat 1: coeeeelho folded before Flop (didn't bet)
Seat 4: michasia (button) folded before Flop (didn't bet)
Seat 5: BoyLoc0 (small blind) collected ($2)
Seat 6: dann_lolo (big blind) folded before Flop



PokerStars Hand #254471659406:  Hold'em No Limit ($0.50/$1.00 USD) - 2025/01/20 19:00:05 WET [2025/01/20 14:00:05 ET]
Table 'Saga IV' 6-max Seat #5 is the button
Seat 2: Pippa83 ($133.53 in chips) is sitting out
Seat 3: b2k-Snick ($160.55 in chips) is sitting out
Seat 1: coeeeelho ($100 in chips) 
Seat 4: michasia ($100 in chips) 
Seat 5: BoyLoc0 ($101.50 in chips) 
Seat 6: dann_lolo ($201.19 in chips) 
dann_lolo: posts small blind $0.50
coeeeelho: posts big blind $1
*** HOLE CARDS ***
michasia: raises $1.80 to $2.80
BoyLoc0: folds 
dann_lolo: calls $2.30
coeeeelho: folds 
*** FLOP *** [7h 5h 3d]
dann_lolo: checks 
michasia: bets $2.07
dann_lolo: folds 
Uncalled bet ($2.07) returned to michasia
michasia collected $6.27 from pot
michasia: doesn't show hand 
*** SUMMARY ***
Total pot $6.60 | Rake $0.33 
Board [7h 5h 3d]
Seat 2: Pippa83
Seat 3: b2k-Snick
Seat 1: coeeeelho (big blind) folded before Flop
Seat 4: michasia collected ($6.27)
Seat 5: BoyLoc0 (button) folded before Flop (didn't bet)
Seat 6: dann_lolo (small blind) folded on the Flop



PokerStars Hand #254471664585:  Hold'em No Limit ($0.50/$1.00 USD) - 2025/01/20 19:00:29 WET [2025/01/20 14:00:29 ET]
Table 'Saga IV' 6-max Seat #6 is the button
Seat 2: Pippa83 ($133.53 in chips) is sitting out
Seat 3: b2k-Snick ($160.55 in chips) is sitting out
Seat 1: coeeeelho ($100 in chips) 
Seat 4: michasia ($103.47 in chips) 
Seat 5: BoyLoc0 ($101.50 in chips) 
Seat 6: dann_lolo ($198.39 in chips) 
coeeeelho: posts small blind $0.50
michasia: posts big blind $1
*** HOLE CARDS ***
BoyLoc0: folds 
dann_lolo: raises $2 to $3
coeeeelho: folds 
michasia: folds 
Uncalled bet ($2) returned to dann_lolo
dann_lolo collected $2.50 from pot
dann_lolo: doesn't show hand 
*** SUMMARY ***
Total pot $2.50 | Rake $0 
Seat 2: Pippa83
Seat 3: b2k-Snick
Seat 1: coeeeelho (small blind) folded before Flop
Seat 4: michasia (big blind) folded before Flop
Seat 5: BoyLoc0 folded before Flop (didn't bet)
Seat 6: dann_lolo (button) collected ($2.50)



PokerStars Hand #254471668666:  Hold'em No Limit ($0.50/$1.00 USD) - 2025/01/20 19:00:47 WET [2025/01/20 14:00:47 ET]
Table 'Saga IV' 6-max Seat #1 is the button
Seat 2: Pippa83 ($133.53 in chips) is sitting out
Seat 3: b2k-Snick ($160.55 in chips) is sitting out
Seat 1: coeeeelho ($100 in chips) 
Seat 4: michasia ($102.47 in chips) 
Seat 5: BoyLoc0 ($101.50 in chips) 
Seat 6: dann_lolo ($199.89 in chips) 
michasia: posts small blind $0.50
BoyLoc0: posts big blind $1
*** HOLE CARDS ***
dann_lolo: folds 
coeeeelho: folds 
michasia: raises $2 to $3
BoyLoc0: folds 
Uncalled bet ($2) returned to michasia
michasia collected $2 from pot
michasia: doesn't show hand 
*** SUMMARY ***
Total pot $2 | Rake $0 
Seat 2: Pippa83
Seat 3: b2k-Snick
Seat 1: coeeeelho (button) folded before Flop (didn't bet)
Seat 4: michasia (small blind) collected ($2)
Seat 5: BoyLoc0 (big blind) folded before Flop
Seat 6: dann_lolo folded before Flop (didn't bet)



PokerStars Hand #254471671763:  Hold'em No Limit ($0.50/$1.00 USD) - 2025/01/20 19:01:00 WET [2025/01/20 14:01:00 ET]
Table 'Saga IV' 6-max Seat #4 is the button
Seat 2: Pippa83 ($133.53 in chips) is sitting out
Seat 3: b2k-Snick ($160.55 in chips) is sitting out
Seat 1: coeeeelho ($100 in chips) 
Seat 4: michasia ($103.47 in chips) 
Seat 5: BoyLoc0 ($100.50 in chips) 
Seat 6: dann_lolo ($199.89 in chips) 
BoyLoc0: posts small blind $0.50
dann_lolo: posts big blind $1
*** HOLE CARDS ***
coeeeelho: folds 
michasia: raises $1.80 to $2.80
BoyLoc0: folds 
dann_lolo: calls $1.80
*** FLOP *** [6d 9d 8h]
dann_lolo: checks 
michasia: bets $3.87
dann_lolo: folds 
Uncalled bet ($3.87) returned to michasia
michasia collected $5.80 from pot
michasia: doesn't show hand 
*** SUMMARY ***
Total pot $6.10 | Rake $0.30 
Board [6d 9d 8h]
Seat 2: Pippa83
Seat 3: b2k-Snick
Seat 1: coeeeelho folded before Flop (didn't bet)
Seat 4: michasia (button) collected ($5.80)
Seat 5: BoyLoc0 (small blind) folded before Flop
Seat 6: dann_lolo (big blind) folded on the Flop



PokerStars Hand #254471679735:  Hold'em No Limit ($0.50/$1.00 USD) - 2025/01/20 19:01:31 WET [2025/01/20 14:01:31 ET]
Table 'Saga IV' 6-max Seat #5 is the button
Seat 2: Pippa83 ($133.53 in chips) is sitting out
Seat 3: b2k-Snick ($160.55 in chips) is sitting out
Seat 1: coeeeelho ($100 in chips) 
Seat 4: michasia ($106.47 in chips) 
Seat 5: BoyLoc0 ($100 in chips) 
Seat 6: dann_lolo ($197.09 in chips) 
dann_lolo: posts small blind $0.50
coeeeelho: posts big blind $1
Pippa83: sits out 
*** HOLE CARDS ***
michasia: folds 
BoyLoc0: folds 
dann_lolo: raises $2 to $3
b2k-Snick leaves the table
coeeeelho: raises $7 to $10
avstero joins the table at seat #3 
dann_lolo: calls $7
*** FLOP *** [8s 3h 8d]
dann_lolo: checks 
coeeeelho: bets $6.27
dann_lolo: calls $6.27
*** TURN *** [8s 3h 8d] [Kh]
dann_lolo: checks 
coeeeelho: bets $15.77
dann_lolo: calls $15.77
*** RIVER *** [8s 3h 8d Kh] [6h]
dann_lolo: bets $82
coeeeelho: folds 
Uncalled bet ($82) returned to dann_lolo
dann_lolo collected $63.08 from pot
dann_lolo: doesn't show hand 
*** SUMMARY ***
Total pot $64.08 | Rake $1 
Board [8s 3h 8d Kh 6h]
Seat 2: Pippa83
Seat 3: b2k-Snick
Seat 1: coeeeelho (big blind) folded on the River
Seat 4: michasia folded before Flop (didn't bet)
Seat 5: BoyLoc0 (button) folded before Flop (didn't bet)
Seat 6: dann_lolo (small blind) collected ($63.08)



PokerStars Hand #254471694864:  Hold'em No Limit ($0.50/$1.00 USD) - 2025/01/20 19:02:27 WET [2025/01/20 14:02:27 ET]
Table 'Saga IV' 6-max Seat #6 is the button
Seat 3: avstero ($100 in chips) is sitting out
Seat 1: coeeeelho ($100 in chips) 
Seat 2: Pippa83 ($133.53 in chips) 
Seat 4: michasia ($106.47 in chips) 
Seat 5: BoyLoc0 ($100 in chips) 
Seat 6: dann_lolo ($228.13 in chips) 
coeeeelho: posts small blind $0.50
Pippa83: posts big blind $1
avstero: sits out 
*** HOLE CARDS ***
michasia: folds 
BoyLoc0: folds 
dann_lolo: raises $2 to $3
coeeeelho: folds 
Pippa83: folds 
Uncalled bet ($2) returned to dann_lolo
dann_lolo collected $2.50 from pot
dann_lolo: doesn't show hand 
*** SUMMARY ***
Total pot $2.50 | Rake $0 
Seat 3: avstero
Seat 1: coeeeelho (small blind) folded before Flop
Seat 2: Pippa83 (big blind) folded before Flop
Seat 4: michasia folded before Flop (didn't bet)
Seat 5: BoyLoc0 folded before Flop (didn't bet)
Seat 6: dann_lolo (button) collected ($2.50)



PokerStars Hand #254471704629:  Hold'em No Limit ($0.50/$1.00 USD) - 2025/01/20 19:03:02 WET [2025/01/20 14:03:02 ET]
Table 'Saga IV' 6-max Seat #1 is the button
Seat 1: coeeeelho ($100 in chips) 
Seat 2: Pippa83 ($132.53 in chips) 
Seat 3: avstero ($100 in chips) 
Seat 4: michasia ($106.47 in chips) 
Seat 5: BoyLoc0 ($100 in chips) 
Seat 6: dann_lolo ($229.63 in chips) 
Pippa83: posts small blind $0.50
avstero: posts big blind $1
*** HOLE CARDS ***
michasia: folds 
BoyLoc0: raises $1.50 to $2.50
dann_lolo: folds 
coeeeelho: folds 
Pippa83: folds 
avstero: folds 
Uncalled bet ($1.50) returned to BoyLoc0
BoyLoc0 collected $2.50 from pot
BoyLoc0: doesn't show hand 
*** SUMMARY ***
Total pot $2.50 | Rake $0 
Seat 1: coeeeelho (button) folded before Flop (didn't bet)
Seat 2: Pippa83 (small blind) folded before Flop
Seat 3: avstero (big blind) folded before Flop
Seat 4: michasia folded before Flop (didn't bet)
Seat 5: BoyLoc0 collected ($2.50)
Seat 6: dann_lolo folded before Flop (didn't bet)



PokerStars Hand #254471713523:  Hold'em No Limit ($0.50/$1.00 USD) - 2025/01/20 19:03:33 WET [2025/01/20 14:03:33 ET]
Table 'Saga IV' 6-max Seat #2 is the button
Seat 1: coeeeelho ($100 in chips) 
Seat 2: Pippa83 ($132.03 in chips) 
Seat 3: avstero ($99 in chips) 
Seat 4: michasia ($106.47 in chips) 
Seat 5: BoyLoc0 ($101.50 in chips) 
Seat 6: dann_lolo ($229.63 in chips) 
avstero: posts small blind $0.50
michasia: posts big blind $1
*** HOLE CARDS ***
BoyLoc0: folds 
dann_lolo: raises $2 to $3
coeeeelho: folds 
Pippa83: folds 
avstero: folds 
michasia: raises $8.50 to $11.50
dann_lolo: calls $8.50
*** FLOP *** [Ah 4h Ts]
michasia: bets $7.37
dann_lolo: folds 
Uncalled bet ($7.37) returned to michasia
michasia collected $22.32 from pot
michasia: doesn't show hand 
*** SUMMARY ***
Total pot $23.50 | Rake $1.18 
Board [Ah 4h Ts]
Seat 1: coeeeelho folded before Flop (didn't bet)
Seat 2: Pippa83 (button) folded before Flop (didn't bet)
Seat 3: avstero (small blind) folded before Flop
Seat 4: michasia (big blind) collected ($22.32)
Seat 5: BoyLoc0 folded before Flop (didn't bet)
Seat 6: dann_lolo folded on the Flop



PokerStars Hand #254471723162:  Hold'em No Limit ($0.50/$1.00 USD) - 2025/01/20 19:04:07 WET [2025/01/20 14:04:07 ET]
Table 'Saga IV' 6-max Seat #3 is the button
Seat 1: coeeeelho ($100 in chips) 
Seat 2: Pippa83 ($132.03 in chips) 
Seat 3: avstero ($100 in chips) 
Seat 4: michasia ($117.29 in chips) 
Seat 5: BoyLoc0 ($101.50 in chips) 
Seat 6: dann_lolo ($218.13 in chips) 
michasia: posts small blind $0.50
BoyLoc0: posts big blind $1
*** HOLE CARDS ***
dann_lolo: folds 
coeeeelho: folds 
Pippa83: raises $1.50 to $2.50
avstero: folds 
michasia: folds 
BoyLoc0: folds 
Uncalled bet ($1.50) returned to Pippa83
Pippa83 collected $2.50 from pot
Pippa83: doesn't show hand 
*** SUMMARY ***
Total pot $2.50 | Rake $0 
Seat 1: coeeeelho folded before Flop (didn't bet)
Seat 2: Pippa83 collected ($2.50)
Seat 3: avstero (button) folded before Flop (didn't bet)
Seat 4: michasia (small blind) folded before Flop
Seat 5: BoyLoc0 (big blind) folded before Flop
Seat 6: dann_lolo folded before Flop (didn't bet)



PokerStars Hand #254471730146:  Hold'em No Limit ($0.50/$1.00 USD) - 2025/01/20 19:04:32 WET [2025/01/20 14:04:32 ET]
Table 'Saga IV' 6-max Seat #4 is the button
Seat 1: coeeeelho ($100 in chips) 
Seat 2: Pippa83 ($133.53 in chips) 
Seat 3: avstero ($100 in chips) 
Seat 4: michasia ($116.79 in chips) 
Seat 5: BoyLoc0 ($100.50 in chips) 
Seat 6: dann_lolo ($218.13 in chips) 
BoyLoc0: posts small blind $0.50
dann_lolo: posts big blind $1
*** HOLE CARDS ***
coeeeelho: raises $1.20 to $2.20
Pippa83: folds 
avstero: folds 
michasia: folds 
BoyLoc0: folds 
dann_lolo: raises $6.80 to $9
coeeeelho: folds 
Uncalled bet ($6.80) returned to dann_lolo
dann_lolo collected $4.90 from pot
dann_lolo: doesn't show hand 
*** SUMMARY ***
Total pot $4.90 | Rake $0 
Seat 1: coeeeelho folded before Flop
Seat 2: Pippa83 folded before Flop (didn't bet)
Seat 3: avstero folded before Flop (didn't bet)
Seat 4: michasia (button) folded before Flop (didn't bet)
Seat 5: BoyLoc0 (small blind) folded before Flop
Seat 6: dann_lolo (big blind) collected ($4.90)



PokerStars Hand #254471738388:  Hold'em No Limit ($0.50/$1.00 USD) - 2025/01/20 19:05:00 WET [2025/01/20 14:05:00 ET]
Table 'Saga IV' 6-max Seat #5 is the button
Seat 1: coeeeelho ($100 in chips) 
Seat 2: Pippa83 ($133.53 in chips) 
Seat 3: avstero ($100 in chips) 
Seat 4: michasia ($116.79 in chips) 
Seat 5: BoyLoc0 ($100 in chips) 
Seat 6: dann_lolo ($220.83 in chips) 
dann_lolo: posts small blind $0.50
coeeeelho: posts big blind $1
*** HOLE CARDS ***
Pippa83: folds 
avstero: folds 
michasia: folds 
BoyLoc0: raises $1.50 to $2.50
dann_lolo: calls $2
coeeeelho: folds 
*** FLOP *** [5h Ts 7h]
dann_lolo: checks 
BoyLoc0: bets $2.85
dann_lolo: folds 
Uncalled bet ($2.85) returned to BoyLoc0
BoyLoc0 collected $5.70 from pot
BoyLoc0: doesn't show hand 
*** SUMMARY ***
Total pot $6 | Rake $0.30 
Board [5h Ts 7h]
Seat 1: coeeeelho (big blind) folded before Flop
Seat 2: Pippa83 folded before Flop (didn't bet)
Seat 3: avstero folded before Flop (didn't bet)
Seat 4: michasia folded before Flop (didn't bet)
Seat 5: BoyLoc0 (button) collected ($5.70)
Seat 6: dann_lolo (small blind) folded on the Flop



PokerStars Hand #254471751415:  Hold'em No Limit ($0.50/$1.00 USD) - 2025/01/20 19:05:45 WET [2025/01/20 14:05:45 ET]
Table 'Saga IV' 6-max Seat #6 is the button
Seat 1: coeeeelho ($100 in chips) 
Seat 2: Pippa83 ($133.53 in chips) 
Seat 3: avstero ($100 in chips) 
Seat 4: michasia ($116.79 in chips) 
Seat 5: BoyLoc0 ($103.20 in chips) 
Seat 6: dann_lolo ($218.33 in chips) 
coeeeelho: posts small blind $0.50
Pippa83: posts big blind $1
*** HOLE CARDS ***
avstero: folds 
michasia: folds 
BoyLoc0: folds 
dann_lolo: folds 
coeeeelho: raises $2 to $3
Pippa83: folds 
Uncalled bet ($2) returned to coeeeelho
coeeeelho collected $2 from pot
*** SUMMARY ***
Total pot $2 | Rake $0 
Seat 1: coeeeelho (small blind) collected ($2)
Seat 2: Pippa83 (big blind) folded before Flop
Seat 3: avstero folded before Flop (didn't bet)
Seat 4: michasia folded before Flop (didn't bet)
Seat 5: BoyLoc0 folded before Flop (didn't bet)
Seat 6: dann_lolo (button) folded before Flop (didn't bet)



PokerStars Hand #254471756694:  Hold'em No Limit ($0.50/$1.00 USD) - 2025/01/20 19:06:04 WET [2025/01/20 14:06:04 ET]
Table 'Saga IV' 6-max Seat #1 is the button
Seat 1: coeeeelho ($101 in chips) 
Seat 2: Pippa83 ($132.53 in chips) 
Seat 3: avstero ($100 in chips) 
Seat 4: michasia ($116.79 in chips) 
Seat 5: BoyLoc0 ($103.20 in chips) 
Seat 6: dann_lolo ($218.33 in chips) 
Pippa83: posts small blind $0.50
avstero: posts big blind $1
*** HOLE CARDS ***
michasia: folds 
BoyLoc0: folds 
dann_lolo: raises $2 to $3
coeeeelho: folds 
Pippa83: folds 
avstero: folds 
Uncalled bet ($2) returned to dann_lolo
dann_lolo collected $2.50 from pot
dann_lolo: doesn't show hand 
*** SUMMARY ***
Total pot $2.50 | Rake $0 
Seat 1: coeeeelho (button) folded before Flop (didn't bet)
Seat 2: Pippa83 (small blind) folded before Flop
Seat 3: avstero (big blind) folded before Flop
Seat 4: michasia folded before Flop (didn't bet)
Seat 5: BoyLoc0 folded before Flop (didn't bet)
Seat 6: dann_lolo collected ($2.50)



PokerStars Hand #254471764602:  Hold'em No Limit ($0.50/$1.00 USD) - 2025/01/20 19:06:31 WET [2025/01/20 14:06:31 ET]
Table 'Saga IV' 6-max Seat #2 is the button
Seat 1: coeeeelho ($101 in chips) 
Seat 2: Pippa83 ($132.03 in chips) 
Seat 3: avstero ($99 in chips) 
Seat 4: michasia ($116.79 in chips) 
Seat 5: BoyLoc0 ($103.20 in chips) 
Seat 6: dann_lolo ($219.83 in chips) 
avstero: posts small blind $0.50
michasia: posts big blind $1
*** HOLE CARDS ***
BoyLoc0: folds 
dann_lolo: raises $2 to $3
coeeeelho: folds 
Pippa83: folds 
avstero: folds 
michasia: folds 
Uncalled bet ($2) returned to dann_lolo
dann_lolo collected $2.50 from pot
dann_lolo: doesn't show hand 
*** SUMMARY ***
Total pot $2.50 | Rake $0 
Seat 1: coeeeelho folded before Flop (didn't bet)
Seat 2: Pippa83 (button) folded before Flop (didn't bet)
Seat 3: avstero (small blind) folded before Flop
Seat 4: michasia (big blind) folded before Flop
Seat 5: BoyLoc0 folded before Flop (didn't bet)
Seat 6: dann_lolo collected ($2.50)



PokerStars Hand #254471770391:  Hold'em No Limit ($0.50/$1.00 USD) - 2025/01/20 19:06:52 WET [2025/01/20 14:06:52 ET]
Table 'Saga IV' 6-max Seat #3 is the button
Seat 1: coeeeelho ($101 in chips) 
Seat 2: Pippa83 ($132.03 in chips) 
Seat 3: avstero ($100 in chips) 
Seat 4: michasia ($115.79 in chips) 
Seat 5: BoyLoc0 ($103.20 in chips) 
Seat 6: dann_lolo ($221.33 in chips) 
michasia: posts small blind $0.50
BoyLoc0: posts big blind $1
*** HOLE CARDS ***
dann_lolo: folds 
coeeeelho: folds 
Pippa83: raises $1.50 to $2.50
avstero: folds 
michasia: folds 
BoyLoc0: calls $1.50
*** FLOP *** [8s 3c 2s]
BoyLoc0: checks 
Pippa83: checks 
*** TURN *** [8s 3c 2s] [Ks]
BoyLoc0: checks 
Pippa83: checks 
*** RIVER *** [8s 3c 2s Ks] [8h]
BoyLoc0: bets $7.83
Pippa83: folds 
Uncalled bet ($7.83) returned to BoyLoc0
BoyLoc0 collected $5.22 from pot
BoyLoc0: doesn't show hand 
*** SUMMARY ***
Total pot $5.50 | Rake $0.28 
Board [8s 3c 2s Ks 8h]
Seat 1: coeeeelho folded before Flop (didn't bet)
Seat 2: Pippa83 folded on the River
Seat 3: avstero (button) folded before Flop (didn't bet)
Seat 4: michasia (small blind) folded before Flop
Seat 5: BoyLoc0 (big blind) collected ($5.22)
Seat 6: dann_lolo folded before Flop (didn't bet)



PokerStars Hand #254472520628:  Hold'em No Limit ($0.50/$1.00 USD) - 2025/01/20 19:49:14 WET [2025/01/20 14:49:14 ET]
Table 'Saga IV' 6-max Seat #5 is the button
Seat 1: coeeeelho ($209.38 in chips) 
Seat 2: IKnowThatFel ($101.50 in chips) 
Seat 3: AndreaBsAs ($107.18 in chips) 
Seat 4: michasia ($125.42 in chips) 
Seat 5: BoyLoc0 ($108.54 in chips) 
Seat 6: dann_lolo ($440.54 in chips) 
dann_lolo: posts small blind $0.50
coeeeelho: posts big blind $1
*** HOLE CARDS ***
IKnowThatFel: folds 
AndreaBsAs: raises $1.20 to $2.20
michasia: folds 
BoyLoc0: calls $2.20
dann_lolo: raises $8.80 to $11
coeeeelho: folds 
AndreaBsAs: calls $8.80
BoyLoc0: calls $8.80
*** FLOP *** [Ac 2h Ah]
dann_lolo: checks 
AndreaBsAs: bets $10.66
BoyLoc0: folds 
dann_lolo: calls $10.66
*** TURN *** [Ac 2h Ah] [9h]
dann_lolo: checks 
AndreaBsAs: checks 
*** RIVER *** [Ac 2h Ah 9h] [4s]
dann_lolo: checks 
AndreaBsAs: bets $10
dann_lolo: raises $48.79 to $58.79
AndreaBsAs: folds 
Uncalled bet ($48.79) returned to dann_lolo
dann_lolo collected $72.82 from pot
dann_lolo: doesn't show hand 
*** SUMMARY ***
Total pot $75.32 | Rake $2.50 
Board [Ac 2h Ah 9h 4s]
Seat 1: coeeeelho (big blind) folded before Flop
Seat 2: IKnowThatFel folded before Flop (didn't bet)
Seat 3: AndreaBsAs folded on the River
Seat 4: michasia folded before Flop (didn't bet)
Seat 5: BoyLoc0 (button) folded on the Flop
Seat 6: dann_lolo (small blind) collected ($72.82)



PokerStars Hand #254472571160:  Hold'em No Limit ($0.50/$1.00 USD) - 2025/01/20 19:51:57 WET [2025/01/20 14:51:57 ET]
Table 'Saga IV' 6-max Seat #6 is the button
Seat 1: coeeeelho ($208.38 in chips) 
Seat 2: IKnowThatFel ($101.50 in chips) 
Seat 3: AndreaBsAs ($100 in chips) 
Seat 4: michasia ($125.42 in chips) 
Seat 5: BoyLoc0 ($100 in chips) 
Seat 6: dann_lolo ($481.70 in chips) 
coeeeelho: posts small blind $0.50
IKnowThatFel: posts big blind $1
*** HOLE CARDS ***
AndreaBsAs: folds 
michasia: folds 
BoyLoc0: folds 
dann_lolo: raises $2 to $3
coeeeelho: folds 
IKnowThatFel: folds 
Uncalled bet ($2) returned to dann_lolo
dann_lolo collected $2.50 from pot
dann_lolo: doesn't show hand 
*** SUMMARY ***
Total pot $2.50 | Rake $0 
Seat 1: coeeeelho (small blind) folded before Flop
Seat 2: IKnowThatFel (big blind) folded before Flop
Seat 3: AndreaBsAs folded before Flop (didn't bet)
Seat 4: michasia folded before Flop (didn't bet)
Seat 5: BoyLoc0 folded before Flop (didn't bet)
Seat 6: dann_lolo (button) collected ($2.50)



PokerStars Hand #254472581666:  Hold'em No Limit ($0.50/$1.00 USD) - 2025/01/20 19:52:31 WET [2025/01/20 14:52:31 ET]
Table 'Saga IV' 6-max Seat #1 is the button
Seat 1: coeeeelho ($207.88 in chips) 
Seat 2: IKnowThatFel ($100.50 in chips) 
Seat 3: AndreaBsAs ($100 in chips) 
Seat 4: michasia ($125.42 in chips) 
Seat 5: BoyLoc0 ($100 in chips) 
Seat 6: dann_lolo ($483.20 in chips) 
IKnowThatFel: posts small blind $0.50
AndreaBsAs: posts big blind $1
*** HOLE CARDS ***
michasia: folds 
BoyLoc0: folds 
dann_lolo: raises $2 to $3
coeeeelho: folds 
IKnowThatFel: folds 
AndreaBsAs: raises $10.50 to $13.50
dann_lolo: calls $10.50
*** FLOP *** [Td Qs Ac]
AndreaBsAs: bets $13.06
dann_lolo: raises $17.24 to $30.30
AndreaBsAs: calls $17.24
*** TURN *** [Td Qs Ac] [Th]
AndreaBsAs: checks 
dann_lolo: bets $57.35
AndreaBsAs: calls $56.20 and is all-in
Uncalled bet ($1.15) returned to dann_lolo
*** RIVER *** [Td Qs Ac Th] [3s]
*** SHOW DOWN ***
AndreaBsAs: shows [Ks Ah] (two pair, Aces and Tens)
dann_lolo: shows [Ad Qc] (two pair, Aces and Queens)
dann_lolo collected $198 from pot
*** SUMMARY ***
Total pot $200.50 | Rake $2.50 
Board [Td Qs Ac Th 3s]
Seat 1: coeeeelho (button) folded before Flop (didn't bet)
Seat 2: IKnowThatFel (small blind) folded before Flop
Seat 3: AndreaBsAs (big blind) showed [Ks Ah] and lost with two pair, Aces and Tens
Seat 4: michasia folded before Flop (didn't bet)
Seat 5: BoyLoc0 folded before Flop (didn't bet)
Seat 6: dann_lolo showed [Ad Qc] and won ($198) with two pair, Aces and Queens



PokerStars Hand #254472616215:  Hold'em No Limit ($0.50/$1.00 USD) - 2025/01/20 19:54:23 WET [2025/01/20 14:54:23 ET]
Table 'Saga IV' 6-max Seat #2 is the button
Seat 1: coeeeelho ($207.88 in chips) 
Seat 2: IKnowThatFel ($100 in chips) 
Seat 3: AndreaBsAs ($100 in chips) 
Seat 4: michasia ($125.42 in chips) 
Seat 5: BoyLoc0 ($100 in chips) 
Seat 6: dann_lolo ($581.20 in chips) 
AndreaBsAs: posts small blind $0.50
michasia: posts big blind $1
*** HOLE CARDS ***
BoyLoc0: folds 
dann_lolo: folds 
coeeeelho: raises $1.30 to $2.30
IKnowThatFel: raises $5.20 to $7.50
AndreaBsAs: folds 
michasia: folds 
coeeeelho: raises $12.50 to $20
IKnowThatFel: calls $12.50
*** FLOP *** [3d 2s 5d]
coeeeelho: checks 
IKnowThatFel: bets $9.86
coeeeelho: raises $178.02 to $187.88 and is all-in
IKnowThatFel: calls $70.14 and is all-in
Uncalled bet ($107.88) returned to coeeeelho
*** TURN *** [3d 2s 5d] [Ah]
*** RIVER *** [3d 2s 5d Ah] [7c]
*** SHOW DOWN ***
coeeeelho: shows [Kh Kc] (a pair of Kings)
IKnowThatFel: shows [Ac As] (three of a kind, Aces)
IKnowThatFel collected $199 from pot
*** SUMMARY ***
Total pot $201.50 | Rake $2.50 
Board [3d 2s 5d Ah 7c]
Seat 1: coeeeelho showed [Kh Kc] and lost with a pair of Kings
Seat 2: IKnowThatFel (button) showed [Ac As] and won ($199) with three of a kind, Aces
Seat 3: AndreaBsAs (small blind) folded before Flop
Seat 4: michasia (big blind) folded before Flop
Seat 5: BoyLoc0 folded before Flop (didn't bet)
Seat 6: dann_lolo folded before Flop (didn't bet)



PokerStars Hand #254472637915:  Hold'em No Limit ($0.50/$1.00 USD) - 2025/01/20 19:55:46 WET [2025/01/20 14:55:46 ET]
Table 'Saga IV' 6-max Seat #3 is the button
Seat 1: coeeeelho ($107.88 in chips) 
Seat 2: IKnowThatFel ($199 in chips) 
Seat 3: AndreaBsAs ($100 in chips) 
Seat 4: michasia ($124.42 in chips) 
Seat 5: BoyLoc0 ($100 in chips) 
Seat 6: dann_lolo ($581.20 in chips) 
michasia: posts small blind $0.50
BoyLoc0: posts big blind $1
*** HOLE CARDS ***
dann_lolo: folds 
coeeeelho: raises $1.20 to $2.20
IKnowThatFel: folds 
AndreaBsAs: folds 
michasia: folds 
BoyLoc0: folds 
Uncalled bet ($1.20) returned to coeeeelho
coeeeelho collected $2.50 from pot
*** SUMMARY ***
Total pot $2.50 | Rake $0 
Seat 1: coeeeelho collected ($2.50)
Seat 2: IKnowThatFel folded before Flop (didn't bet)
Seat 3: AndreaBsAs (button) folded before Flop (didn't bet)
Seat 4: michasia (small blind) folded before Flop
Seat 5: BoyLoc0 (big blind) folded before Flop
Seat 6: dann_lolo folded before Flop (didn't bet)



PokerStars Hand #254472641926:  Hold'em No Limit ($0.50/$1.00 USD) - 2025/01/20 19:56:04 WET [2025/01/20 14:56:04 ET]
Table 'Saga IV' 6-max Seat #4 is the button
Seat 1: coeeeelho ($109.38 in chips) 
Seat 2: IKnowThatFel ($199 in chips) 
Seat 3: AndreaBsAs ($100 in chips) 
Seat 4: michasia ($123.92 in chips) 
Seat 5: BoyLoc0 ($100 in chips) 
Seat 6: dann_lolo ($581.20 in chips) 
BoyLoc0: posts small blind $0.50
dann_lolo: posts big blind $1
*** HOLE CARDS ***
coeeeelho: folds 
IKnowThatFel: raises $1.50 to $2.50
AndreaBsAs: folds 
michasia: folds 
BoyLoc0: folds 
dann_lolo: folds 
Uncalled bet ($1.50) returned to IKnowThatFel
IKnowThatFel collected $2.50 from pot
IKnowThatFel: doesn't show hand 
*** SUMMARY ***
Total pot $2.50 | Rake $0 
Seat 1: coeeeelho folded before Flop (didn't bet)
Seat 2: IKnowThatFel collected ($2.50)
Seat 3: AndreaBsAs folded before Flop (didn't bet)
Seat 4: michasia (button) folded before Flop (didn't bet)
Seat 5: BoyLoc0 (small blind) folded before Flop
Seat 6: dann_lolo (big blind) folded before Flop



PokerStars Hand #254472645795:  Hold'em No Limit ($0.50/$1.00 USD) - 2025/01/20 19:56:21 WET [2025/01/20 14:56:21 ET]
Table 'Saga IV' 6-max Seat #5 is the button
Seat 1: coeeeelho ($109.38 in chips) 
Seat 2: IKnowThatFel ($200.50 in chips) 
Seat 3: AndreaBsAs ($100 in chips) 
Seat 4: michasia ($123.92 in chips) 
Seat 5: BoyLoc0 ($100 in chips) 
Seat 6: dann_lolo ($580.20 in chips) 
dann_lolo: posts small blind $0.50
coeeeelho: posts big blind $1
*** HOLE CARDS ***
IKnowThatFel: folds 
AndreaBsAs: folds 
michasia: folds 
BoyLoc0: folds 
dann_lolo: raises $2 to $3
coeeeelho: raises $7 to $10
dann_lolo: calls $7
*** FLOP *** [Kd 5h Qc]
dann_lolo: checks 
coeeeelho: bets $6.27
dann_lolo: calls $6.27
*** TURN *** [Kd 5h Qc] [Ad]
dann_lolo: checks 
coeeeelho: bets $14
dann_lolo: folds 
Uncalled bet ($14) returned to coeeeelho
coeeeelho collected $30.91 from pot
*** SUMMARY ***
Total pot $32.54 | Rake $1.63 
Board [Kd 5h Qc Ad]
Seat 1: coeeeelho (big blind) collected ($30.91)
Seat 2: IKnowThatFel folded before Flop (didn't bet)
Seat 3: AndreaBsAs folded before Flop (didn't bet)
Seat 4: michasia folded before Flop (didn't bet)
Seat 5: BoyLoc0 (button) folded before Flop (didn't bet)
Seat 6: dann_lolo (small blind) folded on the Turn



PokerStars Hand #254472654663:  Hold'em No Limit ($0.50/$1.00 USD) - 2025/01/20 19:57:02 WET [2025/01/20 14:57:02 ET]
Table 'Saga IV' 6-max Seat #6 is the button
Seat 1: coeeeelho ($124.02 in chips) 
Seat 2: IKnowThatFel ($200.50 in chips) 
Seat 3: AndreaBsAs ($100 in chips) 
Seat 4: michasia ($123.92 in chips) 
Seat 5: BoyLoc0 ($100 in chips) 
Seat 6: dann_lolo ($563.93 in chips) 
coeeeelho: posts small blind $0.50
IKnowThatFel: posts big blind $1
*** HOLE CARDS ***
AndreaBsAs: folds 
michasia: folds 
BoyLoc0: folds 
dann_lolo: raises $2 to $3
coeeeelho: folds 
IKnowThatFel: folds 
Uncalled bet ($2) returned to dann_lolo
dann_lolo collected $2.50 from pot
dann_lolo: doesn't show hand 
*** SUMMARY ***
Total pot $2.50 | Rake $0 
Seat 1: coeeeelho (small blind) folded before Flop
Seat 2: IKnowThatFel (big blind) folded before Flop
Seat 3: AndreaBsAs folded before Flop (didn't bet)
Seat 4: michasia folded before Flop (didn't bet)
Seat 5: BoyLoc0 folded before Flop (didn't bet)
Seat 6: dann_lolo (button) collected ($2.50)



PokerStars Hand #254472658860:  Hold'em No Limit ($0.50/$1.00 USD) - 2025/01/20 19:57:21 WET [2025/01/20 14:57:21 ET]
Table 'Saga IV' 6-max Seat #1 is the button
Seat 1: coeeeelho ($123.52 in chips) 
Seat 2: IKnowThatFel ($199.50 in chips) 
Seat 3: AndreaBsAs ($100 in chips) 
Seat 4: michasia ($123.92 in chips) 
Seat 5: BoyLoc0 ($100 in chips) 
Seat 6: dann_lolo ($565.43 in chips) 
IKnowThatFel: posts small blind $0.50
AndreaBsAs: posts big blind $1
*** HOLE CARDS ***
michasia: folds 
BoyLoc0: folds 
dann_lolo: raises $2 to $3
coeeeelho: folds 
IKnowThatFel: folds 
AndreaBsAs: raises $9 to $12
dann_lolo: calls $9
*** FLOP *** [3s Ad 7s]
AndreaBsAs: bets $7.68
dann_lolo: calls $7.68
*** TURN *** [3s Ad 7s] [9s]
AndreaBsAs: bets $29.16
dann_lolo: calls $29.16
*** RIVER *** [3s Ad 7s 9s] [Ah]
AndreaBsAs: bets $51.16 and is all-in
dann_lolo: calls $51.16
*** SHOW DOWN ***
AndreaBsAs: shows [9c 9h] (a full house, Nines full of Aces)
dann_lolo: shows [Qd Qs] (two pair, Aces and Queens)
AndreaBsAs collected $198 from pot
*** SUMMARY ***
Total pot $200.50 | Rake $2.50 
Board [3s Ad 7s 9s Ah]
Seat 1: coeeeelho (button) folded before Flop (didn't bet)
Seat 2: IKnowThatFel (small blind) folded before Flop
Seat 3: AndreaBsAs (big blind) showed [9c 9h] and won ($198) with a full house, Nines full of Aces
Seat 4: michasia folded before Flop (didn't bet)
Seat 5: BoyLoc0 folded before Flop (didn't bet)
Seat 6: dann_lolo showed [Qd Qs] and lost with two pair, Aces and Queens



PokerStars Hand #254472675878:  Hold'em No Limit ($0.50/$1.00 USD) - 2025/01/20 19:58:38 WET [2025/01/20 14:58:38 ET]
Table 'Saga IV' 6-max Seat #2 is the button
Seat 1: coeeeelho ($123.52 in chips) 
Seat 2: IKnowThatFel ($199 in chips) 
Seat 3: AndreaBsAs ($198 in chips) 
Seat 4: michasia ($123.92 in chips) 
Seat 5: BoyLoc0 ($100 in chips) 
Seat 6: dann_lolo ($465.43 in chips) 
AndreaBsAs: posts small blind $0.50
michasia: posts big blind $1
*** HOLE CARDS ***
BoyLoc0: folds 
dann_lolo: folds 
dann_lolo leaves the table
coeeeelho: folds 
IKnowThatFel: folds 
BoyLoc0 leaves the table
AndreaBsAs: raises $2 to $3
michasia: calls $2
*** FLOP *** [8h 8s Kd]
AndreaBsAs: bets $1.88
ddyyjj joins the table at seat #5 
michasia: calls $1.88
*** TURN *** [8h 8s Kd] [Qh]
AndreaBsAs: bets $7.14
michasia: calls $7.14
*** RIVER *** [8h 8s Kd Qh] [2c]
AndreaBsAs: checks 
michasia: checks 
*** SHOW DOWN ***
AndreaBsAs: shows [Kc Jh] (two pair, Kings and Eights)
michasia: shows [5d Kh] (two pair, Kings and Eights)
AndreaBsAs collected $11.42 from pot
michasia collected $11.42 from pot
*** SUMMARY ***
Total pot $24.04 | Rake $1.20 
Board [8h 8s Kd Qh 2c]
Seat 1: coeeeelho folded before Flop (didn't bet)
Seat 2: IKnowThatFel (button) folded before Flop (didn't bet)
Seat 3: AndreaBsAs (small blind) showed [Kc Jh] and won ($11.42) with two pair, Kings and Eights
Seat 4: michasia (big blind) showed [5d Kh] and won ($11.42) with two pair, Kings and Eights
Seat 5: BoyLoc0 folded before Flop (didn't bet)
Seat 6: dann_lolo folded before Flop (didn't bet)



PokerStars Hand #254472688421:  Hold'em No Limit ($0.50/$1.00 USD) - 2025/01/20 19:59:35 WET [2025/01/20 14:59:35 ET]
Table 'Saga IV' 6-max Seat #3 is the button
Seat 1: coeeeelho ($123.52 in chips) 
Seat 2: IKnowThatFel ($199 in chips) 
Seat 3: AndreaBsAs ($197.40 in chips) 
Seat 4: michasia ($123.32 in chips) 
Seat 5: ddyyjj ($100 in chips) 
michasia: posts small blind $0.50
ddyyjj: posts big blind $1
*** HOLE CARDS ***
coeeeelho: folds 
IKnowThatFel: folds 
AndreaBsAs: raises $1.50 to $2.50
michasia: folds 
ddyyjj: folds 
Uncalled bet ($1.50) returned to AndreaBsAs
AndreaBsAs collected $2.50 from pot
*** SUMMARY ***
Total pot $2.50 | Rake $0 
Seat 1: coeeeelho folded before Flop (didn't bet)
Seat 2: IKnowThatFel folded before Flop (didn't bet)
Seat 3: AndreaBsAs (button) collected ($2.50)
Seat 4: michasia (small blind) folded before Flop
Seat 5: ddyyjj (big blind) folded before Flop



PokerStars Hand #254471789334:  Hold'em No Limit ($0.50/$1.00 USD) - 2025/01/20 19:07:58 WET [2025/01/20 14:07:58 ET]
Table 'Saga IV' 6-max Seat #4 is the button
Seat 1: coeeeelho ($101 in chips) 
Seat 2: Pippa83 ($129.53 in chips) 
Seat 3: avstero ($100 in chips) 
Seat 4: michasia ($115.29 in chips) 
Seat 5: BoyLoc0 ($105.92 in chips) 
Seat 6: dann_lolo ($221.33 in chips) 
BoyLoc0: posts small blind $0.50
dann_lolo: posts big blind $1
*** HOLE CARDS ***
coeeeelho: folds 
Pippa83: raises $1.20 to $2.20
avstero: folds 
michasia: folds 
BoyLoc0: folds 
dann_lolo: calls $1.20
*** FLOP *** [2c Jh Qh]
dann_lolo: checks 
Pippa83: bets $1.54
dann_lolo: folds 
Uncalled bet ($1.54) returned to Pippa83
Pippa83 collected $4.66 from pot
Pippa83: doesn't show hand 
*** SUMMARY ***
Total pot $4.90 | Rake $0.24 
Board [2c Jh Qh]
Seat 1: coeeeelho folded before Flop (didn't bet)
Seat 2: Pippa83 collected ($4.66)
Seat 3: avstero folded before Flop (didn't bet)
Seat 4: michasia (button) folded before Flop (didn't bet)
Seat 5: BoyLoc0 (small blind) folded before Flop
Seat 6: dann_lolo (big blind) folded on the Flop



PokerStars Hand #254471799840:  Hold'em No Limit ($0.50/$1.00 USD) - 2025/01/20 19:08:35 WET [2025/01/20 14:08:35 ET]
Table 'Saga IV' 6-max Seat #5 is the button
Seat 1: coeeeelho ($101 in chips) 
Seat 2: Pippa83 ($131.99 in chips) 
Seat 3: avstero ($100 in chips) 
Seat 4: michasia ($115.29 in chips) 
Seat 5: BoyLoc0 ($105.42 in chips) 
Seat 6: dann_lolo ($219.13 in chips) 
dann_lolo: posts small blind $0.50
coeeeelho: posts big blind $1
*** HOLE CARDS ***
Pippa83: folds 
avstero: folds 
michasia: folds 
Pippa83 leaves the table
BoyLoc0: raises $1.50 to $2.50
dann_lolo: folds 
coeeeelho: raises $9.50 to $12
Unipoker11 joins the table at seat #2 
BoyLoc0: folds 
Uncalled bet ($9.50) returned to coeeeelho
coeeeelho collected $5.50 from pot
coeeeelho: shows [As Ad]
*** SUMMARY ***
Total pot $5.50 | Rake $0 
Seat 1: coeeeelho (big blind) collected ($5.50)
Seat 2: Pippa83 folded before Flop (didn't bet)
Seat 3: avstero folded before Flop (didn't bet)
Seat 4: michasia folded before Flop (didn't bet)
Seat 5: BoyLoc0 (button) folded before Flop
Seat 6: dann_lolo (small blind) folded before Flop



PokerStars Hand #254471809792:  Hold'em No Limit ($0.50/$1.00 USD) - 2025/01/20 19:09:10 WET [2025/01/20 14:09:10 ET]
Table 'Saga IV' 6-max Seat #6 is the button
Seat 1: coeeeelho ($104 in chips) 
Seat 2: Unipoker11 ($100 in chips) 
Seat 3: avstero ($100 in chips) 
Seat 4: michasia ($115.29 in chips) 
Seat 5: BoyLoc0 ($102.92 in chips) 
Seat 6: dann_lolo ($218.63 in chips) 
coeeeelho: posts small blind $0.50
Unipoker11: posts big blind $1
*** HOLE CARDS ***
avstero: folds 
michasia: raises $1.60 to $2.60
BoyLoc0: folds 
dann_lolo: folds 
coeeeelho: raises $8.62 to $11.22
avstero leaves the table
Unipoker11: folds 
michasia: folds 
Uncalled bet ($8.62) returned to coeeeelho
coeeeelho collected $6.20 from pot
*** SUMMARY ***
Total pot $6.20 | Rake $0 
Seat 1: coeeeelho (small blind) collected ($6.20)
Seat 2: Unipoker11 (big blind) folded before Flop
Seat 3: avstero folded before Flop (didn't bet)
Seat 4: michasia folded before Flop
Seat 5: BoyLoc0 folded before Flop (didn't bet)
Seat 6: dann_lolo (button) folded before Flop (didn't bet)



PokerStars Hand #254471815539:  Hold'em No Limit ($0.50/$1.00 USD) - 2025/01/20 19:09:30 WET [2025/01/20 14:09:30 ET]
Table 'Saga IV' 6-max Seat #1 is the button
Seat 1: coeeeelho ($107.60 in chips) 
Seat 2: Unipoker11 ($100 in chips) 
Seat 4: michasia ($112.69 in chips) 
Seat 5: BoyLoc0 ($102.92 in chips) 
Seat 6: dann_lolo ($218.63 in chips) 
Unipoker11: posts small blind $0.50
michasia: posts big blind $1
*** HOLE CARDS ***
BoyLoc0: folds 
dann_lolo: raises $2 to $3
coeeeelho: raises $6 to $9
Unipoker11: folds 
michasia: folds 
dann_lolo: folds 
Uncalled bet ($6) returned to coeeeelho
coeeeelho collected $7.50 from pot
AndreaBsAs joins the table at seat #3 
*** SUMMARY ***
Total pot $7.50 | Rake $0 
Seat 1: coeeeelho (button) collected ($7.50)
Seat 2: Unipoker11 (small blind) folded before Flop
Seat 4: michasia (big blind) folded before Flop
Seat 5: BoyLoc0 folded before Flop (didn't bet)
Seat 6: dann_lolo folded before Flop



PokerStars Hand #254471823875:  Hold'em No Limit ($0.50/$1.00 USD) - 2025/01/20 19:09:59 WET [2025/01/20 14:09:59 ET]
Table 'Saga IV' 6-max Seat #2 is the button
Seat 3: AndreaBsAs ($100 in chips) is sitting out
Seat 1: coeeeelho ($112.10 in chips) 
Seat 2: Unipoker11 ($100 in chips) 
Seat 4: michasia ($111.69 in chips) 
Seat 5: BoyLoc0 ($102.92 in chips) 
Seat 6: dann_lolo ($215.63 in chips) 
michasia: posts small blind $0.50
BoyLoc0: posts big blind $1
*** HOLE CARDS ***
dann_lolo: folds 
coeeeelho: folds 
Unipoker11: raises $1.50 to $2.50
michasia: folds 
BoyLoc0: folds 
Uncalled bet ($1.50) returned to Unipoker11
Unipoker11 collected $2.50 from pot
Unipoker11: doesn't show hand 
*** SUMMARY ***
Total pot $2.50 | Rake $0 
Seat 3: AndreaBsAs
Seat 1: coeeeelho folded before Flop (didn't bet)
Seat 2: Unipoker11 (button) collected ($2.50)
Seat 4: michasia (small blind) folded before Flop
Seat 5: BoyLoc0 (big blind) folded before Flop
Seat 6: dann_lolo folded before Flop (didn't bet)



PokerStars Hand #254471829114:  Hold'em No Limit ($0.50/$1.00 USD) - 2025/01/20 19:10:17 WET [2025/01/20 14:10:17 ET]
Table 'Saga IV' 6-max Seat #4 is the button
Seat 3: AndreaBsAs ($100 in chips) is sitting out
Seat 1: coeeeelho ($112.10 in chips) 
Seat 2: Unipoker11 ($101.50 in chips) 
Seat 4: michasia ($111.19 in chips) 
Seat 5: BoyLoc0 ($101.92 in chips) 
Seat 6: dann_lolo ($215.63 in chips) 
BoyLoc0: posts small blind $0.50
dann_lolo: posts big blind $1
AndreaBsAs: sits out 
*** HOLE CARDS ***
coeeeelho: folds 
Unipoker11: folds 
michasia: folds 
BoyLoc0: raises $2 to $3
dann_lolo: raises $6 to $9
BoyLoc0: calls $6
*** FLOP *** [7d 6c 7h]
BoyLoc0: checks 
dann_lolo: checks 
*** TURN *** [7d 6c 7h] [Ts]
BoyLoc0: checks 
dann_lolo: bets $13.46
BoyLoc0: calls $13.46
*** RIVER *** [7d 6c 7h Ts] [Qd]
BoyLoc0: checks 
dann_lolo: checks 
*** SHOW DOWN ***
BoyLoc0: shows [9d Ad] (a pair of Sevens)
dann_lolo: shows [Jd Jc] (two pair, Jacks and Sevens)
dann_lolo collected $42.67 from pot
*** SUMMARY ***
Total pot $44.92 | Rake $2.25 
Board [7d 6c 7h Ts Qd]
Seat 3: AndreaBsAs
Seat 1: coeeeelho folded before Flop (didn't bet)
Seat 2: Unipoker11 folded before Flop (didn't bet)
Seat 4: michasia (button) folded before Flop (didn't bet)
Seat 5: BoyLoc0 (small blind) showed [9d Ad] and lost with a pair of Sevens
Seat 6: dann_lolo (big blind) showed [Jd Jc] and won ($42.67) with two pair, Jacks and Sevens



PokerStars Hand #254471847018:  Hold'em No Limit ($0.50/$1.00 USD) - 2025/01/20 19:11:19 WET [2025/01/20 14:11:19 ET]
Table 'Saga IV' 6-max Seat #5 is the button
Seat 3: AndreaBsAs ($100 in chips) is sitting out
Seat 1: coeeeelho ($112.10 in chips) 
Seat 2: Unipoker11 ($101.50 in chips) 
Seat 4: michasia ($111.19 in chips) 
Seat 5: BoyLoc0 ($100 in chips) 
Seat 6: dann_lolo ($235.84 in chips) 
dann_lolo: posts small blind $0.50
coeeeelho: posts big blind $1
AndreaBsAs: sits out 
*** HOLE CARDS ***
Unipoker11: folds 
michasia: raises $1.80 to $2.80
BoyLoc0: raises $6.20 to $9
dann_lolo: raises $18.80 to $27.80
coeeeelho: folds 
michasia: folds 
BoyLoc0: raises $72.20 to $100 and is all-in
dann_lolo: calls $72.20
*** FLOP *** [3h 9c 2d]
*** TURN *** [3h 9c 2d] [6c]
*** RIVER *** [3h 9c 2d 6c] [7h]
*** SHOW DOWN ***
dann_lolo: shows [Kh Ks] (a pair of Kings)
BoyLoc0: shows [Qs Qh] (a pair of Queens)
dann_lolo collected $201.30 from pot
*** SUMMARY ***
Total pot $203.80 | Rake $2.50 
Board [3h 9c 2d 6c 7h]
Seat 3: AndreaBsAs
Seat 1: coeeeelho (big blind) folded before Flop
Seat 2: Unipoker11 folded before Flop (didn't bet)
Seat 4: michasia folded before Flop
Seat 5: BoyLoc0 (button) showed [Qs Qh] and lost with a pair of Queens
Seat 6: dann_lolo (small blind) showed [Kh Ks] and won ($201.30) with a pair of Kings



PokerStars Hand #254471863064:  Hold'em No Limit ($0.50/$1.00 USD) - 2025/01/20 19:12:14 WET [2025/01/20 14:12:14 ET]
Table 'Saga IV' 6-max Seat #6 is the button
Seat 3: AndreaBsAs ($100 in chips) is sitting out
Seat 1: coeeeelho ($111.10 in chips) 
Seat 2: Unipoker11 ($101.50 in chips) 
Seat 4: michasia ($108.39 in chips) 
Seat 5: BoyLoc0 ($100 in chips) 
Seat 6: dann_lolo ($337.14 in chips) 
coeeeelho: posts small blind $0.50
Unipoker11: posts big blind $1
AndreaBsAs: sits out 
*** HOLE CARDS ***
michasia: folds 
BoyLoc0: raises $1.50 to $2.50
dann_lolo: folds 
coeeeelho: folds 
Unipoker11: folds 
Uncalled bet ($1.50) returned to BoyLoc0
BoyLoc0 collected $2.50 from pot
BoyLoc0: doesn't show hand 
*** SUMMARY ***
Total pot $2.50 | Rake $0 
Seat 3: AndreaBsAs
Seat 1: coeeeelho (small blind) folded before Flop
Seat 2: Unipoker11 (big blind) folded before Flop
Seat 4: michasia folded before Flop (didn't bet)
Seat 5: BoyLoc0 collected ($2.50)
Seat 6: dann_lolo (button) folded before Flop (didn't bet)



PokerStars Hand #254471869108:  Hold'em No Limit ($0.50/$1.00 USD) - 2025/01/20 19:12:35 WET [2025/01/20 14:12:35 ET]
Table 'Saga IV' 6-max Seat #1 is the button
Seat 1: coeeeelho ($110.60 in chips) 
Seat 2: Unipoker11 ($100.50 in chips) 
Seat 3: AndreaBsAs ($100 in chips) 
Seat 4: michasia ($108.39 in chips) 
Seat 5: BoyLoc0 ($101.50 in chips) 
Seat 6: dann_lolo ($337.14 in chips) 
Unipoker11: posts small blind $0.50
AndreaBsAs: posts big blind $1
*** HOLE CARDS ***
michasia: folds 
BoyLoc0: raises $1.50 to $2.50
dann_lolo: folds 
coeeeelho: folds 
Unipoker11: folds 
AndreaBsAs: folds 
Uncalled bet ($1.50) returned to BoyLoc0
BoyLoc0 collected $2.50 from pot
BoyLoc0: doesn't show hand 
*** SUMMARY ***
Total pot $2.50 | Rake $0 
Seat 1: coeeeelho (button) folded before Flop (didn't bet)
Seat 2: Unipoker11 (small blind) folded before Flop
Seat 3: AndreaBsAs (big blind) folded before Flop
Seat 4: michasia folded before Flop (didn't bet)
Seat 5: BoyLoc0 collected ($2.50)
Seat 6: dann_lolo folded before Flop (didn't bet)



PokerStars Hand #254471878120:  Hold'em No Limit ($0.50/$1.00 USD) - 2025/01/20 19:13:06 WET [2025/01/20 14:13:06 ET]
Table 'Saga IV' 6-max Seat #2 is the button
Seat 1: coeeeelho ($110.60 in chips) 
Seat 2: Unipoker11 ($100 in chips) 
Seat 3: AndreaBsAs ($100 in chips) 
Seat 4: michasia ($108.39 in chips) 
Seat 5: BoyLoc0 ($103 in chips) 
Seat 6: dann_lolo ($337.14 in chips) 
AndreaBsAs: posts small blind $0.50
michasia: posts big blind $1
*** HOLE CARDS ***
BoyLoc0: raises $1.50 to $2.50
dann_lolo: folds 
coeeeelho: folds 
Unipoker11: folds 
AndreaBsAs: folds 
michasia: raises $9.50 to $12
BoyLoc0: calls $9.50
*** FLOP *** [9s 5h 2h]
michasia: checks 
BoyLoc0: checks 
*** TURN *** [9s 5h 2h] [9d]
michasia: bets $15.52
BoyLoc0: calls $15.52
*** RIVER *** [9s 5h 2h 9d] [Kc]
michasia: bets $80.87 and is all-in
BoyLoc0: folds 
Uncalled bet ($80.87) returned to michasia
michasia collected $53.04 from pot
michasia: doesn't show hand 
*** SUMMARY ***
Total pot $55.54 | Rake $2.50 
Board [9s 5h 2h 9d Kc]
Seat 1: coeeeelho folded before Flop (didn't bet)
Seat 2: Unipoker11 (button) folded before Flop (didn't bet)
Seat 3: AndreaBsAs (small blind) folded before Flop
Seat 4: michasia (big blind) collected ($53.04)
Seat 5: BoyLoc0 folded on the River
Seat 6: dann_lolo folded before Flop (didn't bet)



PokerStars Hand #254471896326:  Hold'em No Limit ($0.50/$1.00 USD) - 2025/01/20 19:14:08 WET [2025/01/20 14:14:08 ET]
Table 'Saga IV' 6-max Seat #3 is the button
Seat 1: coeeeelho ($110.60 in chips) 
Seat 2: Unipoker11 ($100 in chips) 
Seat 3: AndreaBsAs ($100 in chips) 
Seat 4: michasia ($133.91 in chips) 
Seat 5: BoyLoc0 ($100 in chips) 
Seat 6: dann_lolo ($337.14 in chips) 
michasia: posts small blind $0.50
BoyLoc0: posts big blind $1
*** HOLE CARDS ***
dann_lolo: raises $2 to $3
coeeeelho: folds 
Unipoker11: folds 
AndreaBsAs: folds 
michasia: folds 
BoyLoc0: calls $2
*** FLOP *** [Td 5d 2s]
BoyLoc0: checks 
dann_lolo: bets $4.14
BoyLoc0: raises $7.23 to $11.37
dann_lolo: folds 
Uncalled bet ($7.23) returned to BoyLoc0
BoyLoc0 collected $14.04 from pot
BoyLoc0: doesn't show hand 
*** SUMMARY ***
Total pot $14.78 | Rake $0.74 
Board [Td 5d 2s]
Seat 1: coeeeelho folded before Flop (didn't bet)
Seat 2: Unipoker11 folded before Flop (didn't bet)
Seat 3: AndreaBsAs (button) folded before Flop (didn't bet)
Seat 4: michasia (small blind) folded before Flop
Seat 5: BoyLoc0 (big blind) collected ($14.04)
Seat 6: dann_lolo folded on the Flop



PokerStars Hand #254471912133:  Hold'em No Limit ($0.50/$1.00 USD) - 2025/01/20 19:15:01 WET [2025/01/20 14:15:01 ET]
Table 'Saga IV' 6-max Seat #4 is the button
Seat 1: coeeeelho ($110.60 in chips) 
Seat 2: Unipoker11 ($100 in chips) 
Seat 3: AndreaBsAs ($100 in chips) 
Seat 4: michasia ($133.41 in chips) 
Seat 5: BoyLoc0 ($106.90 in chips) 
Seat 6: dann_lolo ($330 in chips) 
BoyLoc0: posts small blind $0.50
dann_lolo: posts big blind $1
*** HOLE CARDS ***
coeeeelho: folds 
Unipoker11: folds 
AndreaBsAs: folds 
michasia: raises $1.80 to $2.80
BoyLoc0: folds 
dann_lolo: folds 
Uncalled bet ($1.80) returned to michasia
michasia collected $2.50 from pot
michasia: doesn't show hand 
*** SUMMARY ***
Total pot $2.50 | Rake $0 
Seat 1: coeeeelho folded before Flop (didn't bet)
Seat 2: Unipoker11 folded before Flop (didn't bet)
Seat 3: AndreaBsAs folded before Flop (didn't bet)
Seat 4: michasia (button) collected ($2.50)
Seat 5: BoyLoc0 (small blind) folded before Flop
Seat 6: dann_lolo (big blind) folded before Flop



PokerStars Hand #254471916923:  Hold'em No Limit ($0.50/$1.00 USD) - 2025/01/20 19:15:18 WET [2025/01/20 14:15:18 ET]
Table 'Saga IV' 6-max Seat #5 is the button
Seat 1: coeeeelho ($110.60 in chips) 
Seat 2: Unipoker11 ($100 in chips) 
Seat 3: AndreaBsAs ($100 in chips) 
Seat 4: michasia ($134.91 in chips) 
Seat 5: BoyLoc0 ($106.40 in chips) 
Seat 6: dann_lolo ($329 in chips) 
dann_lolo: posts small blind $0.50
coeeeelho: posts big blind $1
*** HOLE CARDS ***
Unipoker11: folds 
AndreaBsAs: folds 
michasia: folds 
BoyLoc0: folds 
dann_lolo: raises $2 to $3
coeeeelho: calls $2
*** FLOP *** [6d 8h 7s]
dann_lolo: bets $2.96
coeeeelho: calls $2.96
*** TURN *** [6d 8h 7s] [Kc]
dann_lolo: bets $14
coeeeelho: folds 
Uncalled bet ($14) returned to dann_lolo
dann_lolo collected $11.32 from pot
dann_lolo: doesn't show hand 
*** SUMMARY ***
Total pot $11.92 | Rake $0.60 
Board [6d 8h 7s Kc]
Seat 1: coeeeelho (big blind) folded on the Turn
Seat 2: Unipoker11 folded before Flop (didn't bet)
Seat 3: AndreaBsAs folded before Flop (didn't bet)
Seat 4: michasia folded before Flop (didn't bet)
Seat 5: BoyLoc0 (button) folded before Flop (didn't bet)
Seat 6: dann_lolo (small blind) collected ($11.32)



PokerStars Hand #254471933897:  Hold'em No Limit ($0.50/$1.00 USD) - 2025/01/20 19:16:17 WET [2025/01/20 14:16:17 ET]
Table 'Saga IV' 6-max Seat #6 is the button
Seat 1: coeeeelho ($104.64 in chips) 
Seat 2: Unipoker11 ($100 in chips) 
Seat 3: AndreaBsAs ($100 in chips) 
Seat 4: michasia ($134.91 in chips) 
Seat 5: BoyLoc0 ($106.40 in chips) 
Seat 6: dann_lolo ($334.36 in chips) 
coeeeelho: posts small blind $0.50
Unipoker11: posts big blind $1
*** HOLE CARDS ***
AndreaBsAs: folds 
michasia: folds 
BoyLoc0: folds 
dann_lolo: raises $2 to $3
coeeeelho: folds 
Unipoker11: folds 
Uncalled bet ($2) returned to dann_lolo
dann_lolo collected $2.50 from pot
dann_lolo: doesn't show hand 
*** SUMMARY ***
Total pot $2.50 | Rake $0 
Seat 1: coeeeelho (small blind) folded before Flop
Seat 2: Unipoker11 (big blind) folded before Flop
Seat 3: AndreaBsAs folded before Flop (didn't bet)
Seat 4: michasia folded before Flop (didn't bet)
Seat 5: BoyLoc0 folded before Flop (didn't bet)
Seat 6: dann_lolo (button) collected ($2.50)



PokerStars Hand #254471940453:  Hold'em No Limit ($0.50/$1.00 USD) - 2025/01/20 19:16:39 WET [2025/01/20 14:16:39 ET]
Table 'Saga IV' 6-max Seat #1 is the button
Seat 1: coeeeelho ($104.14 in chips) 
Seat 2: Unipoker11 ($100 in chips) 
Seat 3: AndreaBsAs ($100 in chips) 
Seat 4: michasia ($134.91 in chips) 
Seat 5: BoyLoc0 ($106.40 in chips) 
Seat 6: dann_lolo ($335.86 in chips) 
Unipoker11: posts small blind $0.50
AndreaBsAs: posts big blind $1
*** HOLE CARDS ***
michasia: raises $1.60 to $2.60
BoyLoc0: folds 
dann_lolo: folds 
coeeeelho: folds 
Unipoker11: folds 
AndreaBsAs: folds 
Uncalled bet ($1.60) returned to michasia
michasia collected $2.50 from pot
michasia: doesn't show hand 
*** SUMMARY ***
Total pot $2.50 | Rake $0 
Seat 1: coeeeelho (button) folded before Flop (didn't bet)
Seat 2: Unipoker11 (small blind) folded before Flop
Seat 3: AndreaBsAs (big blind) folded before Flop
Seat 4: michasia collected ($2.50)
Seat 5: BoyLoc0 folded before Flop (didn't bet)
Seat 6: dann_lolo folded before Flop (didn't bet)



PokerStars Hand #254471943562:  Hold'em No Limit ($0.50/$1.00 USD) - 2025/01/20 19:16:50 WET [2025/01/20 14:16:50 ET]
Table 'Saga IV' 6-max Seat #2 is the button
Seat 1: coeeeelho ($104.14 in chips) 
Seat 2: Unipoker11 ($100 in chips) 
Seat 3: AndreaBsAs ($100 in chips) 
Seat 4: michasia ($136.41 in chips) 
Seat 5: BoyLoc0 ($106.40 in chips) 
Seat 6: dann_lolo ($335.86 in chips) 
AndreaBsAs: posts small blind $0.50
michasia: posts big blind $1
*** HOLE CARDS ***
BoyLoc0: folds 
dann_lolo: raises $2 to $3
coeeeelho: folds 
Unipoker11: folds 
AndreaBsAs: folds 
michasia: folds 
Uncalled bet ($2) returned to dann_lolo
dann_lolo collected $2.50 from pot
dann_lolo: doesn't show hand 
*** SUMMARY ***
Total pot $2.50 | Rake $0 
Seat 1: coeeeelho folded before Flop (didn't bet)
Seat 2: Unipoker11 (button) folded before Flop (didn't bet)
Seat 3: AndreaBsAs (small blind) folded before Flop
Seat 4: michasia (big blind) folded before Flop
Seat 5: BoyLoc0 folded before Flop (didn't bet)
Seat 6: dann_lolo collected ($2.50)



PokerStars Hand #254471950383:  Hold'em No Limit ($0.50/$1.00 USD) - 2025/01/20 19:17:14 WET [2025/01/20 14:17:14 ET]
Table 'Saga IV' 6-max Seat #3 is the button
Seat 1: coeeeelho ($104.14 in chips) 
Seat 2: Unipoker11 ($100 in chips) 
Seat 3: AndreaBsAs ($100 in chips) 
Seat 4: michasia ($135.41 in chips) 
Seat 5: BoyLoc0 ($106.40 in chips) 
Seat 6: dann_lolo ($337.36 in chips) 
michasia: posts small blind $0.50
BoyLoc0: posts big blind $1
*** HOLE CARDS ***
dann_lolo: folds 
coeeeelho: folds 
Unipoker11: folds 
AndreaBsAs: raises $1.50 to $2.50
michasia: folds 
BoyLoc0: raises $10.50 to $13
AndreaBsAs: folds 
Uncalled bet ($10.50) returned to BoyLoc0
BoyLoc0 collected $5.50 from pot
BoyLoc0: doesn't show hand 
*** SUMMARY ***
Total pot $5.50 | Rake $0 
Seat 1: coeeeelho folded before Flop (didn't bet)
Seat 2: Unipoker11 folded before Flop (didn't bet)
Seat 3: AndreaBsAs (button) folded before Flop
Seat 4: michasia (small blind) folded before Flop
Seat 5: BoyLoc0 (big blind) collected ($5.50)
Seat 6: dann_lolo folded before Flop (didn't bet)



PokerStars Hand #254471960422:  Hold'em No Limit ($0.50/$1.00 USD) - 2025/01/20 19:17:48 WET [2025/01/20 14:17:48 ET]
Table 'Saga IV' 6-max Seat #4 is the button
Seat 1: coeeeelho ($104.14 in chips) 
Seat 2: Unipoker11 ($100 in chips) 
Seat 3: AndreaBsAs ($100 in chips) 
Seat 4: michasia ($134.91 in chips) 
Seat 5: BoyLoc0 ($109.40 in chips) 
Seat 6: dann_lolo ($337.36 in chips) 
BoyLoc0: posts small blind $0.50
dann_lolo: posts big blind $1
*** HOLE CARDS ***
coeeeelho: raises $1.10 to $2.10
Unipoker11: folds 
AndreaBsAs: folds 
michasia: raises $4.20 to $6.30
BoyLoc0: folds 
dann_lolo: folds 
coeeeelho: calls $4.20
*** FLOP *** [Th 3s Qs]
coeeeelho: checks 
michasia: bets $4.42
coeeeelho: raises $9.58 to $14
michasia: calls $9.58
*** TURN *** [Th 3s Qs] [2h]
coeeeelho: bets $21
michasia: calls $21
*** RIVER *** [Th 3s Qs 2h] [9c]
coeeeelho: bets $62.84 and is all-in
michasia: calls $62.84
*** SHOW DOWN ***
coeeeelho: shows [Ts Td] (three of a kind, Tens)
michasia: shows [Qh Kh] (a pair of Queens)
coeeeelho collected $207.28 from pot
*** SUMMARY ***
Total pot $209.78 | Rake $2.50 
Board [Th 3s Qs 2h 9c]
Seat 1: coeeeelho showed [Ts Td] and won ($207.28) with three of a kind, Tens
Seat 2: Unipoker11 folded before Flop (didn't bet)
Seat 3: AndreaBsAs folded before Flop (didn't bet)
Seat 4: michasia (button) showed [Qh Kh] and lost with a pair of Queens
Seat 5: BoyLoc0 (small blind) folded before Flop
Seat 6: dann_lolo (big blind) folded before Flop



PokerStars Hand #254471994417:  Hold'em No Limit ($0.50/$1.00 USD) - 2025/01/20 19:19:45 WET [2025/01/20 14:19:45 ET]
Table 'Saga IV' 6-max Seat #5 is the button
Seat 1: coeeeelho ($207.28 in chips) 
Seat 2: Unipoker11 ($100 in chips) 
Seat 3: AndreaBsAs ($100 in chips) 
Seat 4: michasia ($100 in chips) 
Seat 5: BoyLoc0 ($108.90 in chips) 
Seat 6: dann_lolo ($336.36 in chips) 
dann_lolo: posts small blind $0.50
coeeeelho: posts big blind $1
*** HOLE CARDS ***
Unipoker11: folds 
AndreaBsAs: folds 
michasia: folds 
BoyLoc0: folds 
dann_lolo: folds 
Uncalled bet ($0.50) returned to coeeeelho
coeeeelho collected $1 from pot
*** SUMMARY ***
Total pot $1 | Rake $0 
Seat 1: coeeeelho (big blind) collected ($1)
Seat 2: Unipoker11 folded before Flop (didn't bet)
Seat 3: AndreaBsAs folded before Flop (didn't bet)
Seat 4: michasia folded before Flop (didn't bet)
Seat 5: BoyLoc0 (button) folded before Flop (didn't bet)
Seat 6: dann_lolo (small blind) folded before Flop



PokerStars Hand #254471999111:  Hold'em No Limit ($0.50/$1.00 USD) - 2025/01/20 19:20:01 WET [2025/01/20 14:20:01 ET]
Table 'Saga IV' 6-max Seat #6 is the button
Seat 1: coeeeelho ($207.78 in chips) 
Seat 2: Unipoker11 ($100 in chips) 
Seat 3: AndreaBsAs ($100 in chips) 
Seat 4: michasia ($100 in chips) 
Seat 5: BoyLoc0 ($108.90 in chips) 
Seat 6: dann_lolo ($335.86 in chips) 
coeeeelho: posts small blind $0.50
Unipoker11: posts big blind $1
*** HOLE CARDS ***
AndreaBsAs: folds 
michasia: folds 
BoyLoc0: folds 
dann_lolo: raises $2 to $3
coeeeelho: folds 
Unipoker11: calls $2
*** FLOP *** [Kd Qd 9c]
Unipoker11: checks 
dann_lolo: bets $2.04
Unipoker11: calls $2.04
*** TURN *** [Kd Qd 9c] [5s]
Unipoker11: checks 
dann_lolo: bets $11
Unipoker11: folds 
Uncalled bet ($11) returned to dann_lolo
dann_lolo collected $10.05 from pot
dann_lolo: doesn't show hand 
*** SUMMARY ***
Total pot $10.58 | Rake $0.53 
Board [Kd Qd 9c 5s]
Seat 1: coeeeelho (small blind) folded before Flop
Seat 2: Unipoker11 (big blind) folded on the Turn
Seat 3: AndreaBsAs folded before Flop (didn't bet)
Seat 4: michasia folded before Flop (didn't bet)
Seat 5: BoyLoc0 folded before Flop (didn't bet)
Seat 6: dann_lolo (button) collected ($10.05)



PokerStars Hand #254472018311:  Hold'em No Limit ($0.50/$1.00 USD) - 2025/01/20 19:21:07 WET [2025/01/20 14:21:07 ET]
Table 'Saga IV' 6-max Seat #1 is the button
Seat 1: coeeeelho ($207.28 in chips) 
Seat 2: Unipoker11 ($100 in chips) 
Seat 3: AndreaBsAs ($100 in chips) 
Seat 4: michasia ($100 in chips) 
Seat 5: BoyLoc0 ($108.90 in chips) 
Seat 6: dann_lolo ($340.87 in chips) 
Unipoker11: posts small blind $0.50
AndreaBsAs: posts big blind $1
*** HOLE CARDS ***
michasia: folds 
BoyLoc0: folds 
dann_lolo: folds 
coeeeelho: raises $1.50 to $2.50
Unipoker11: folds 
AndreaBsAs: raises $9 to $11.50
coeeeelho: calls $9
*** FLOP *** [8h As 8c]
AndreaBsAs: bets $7.37
coeeeelho: raises $10.63 to $18
AndreaBsAs: folds 
Uncalled bet ($10.63) returned to coeeeelho
coeeeelho collected $36.33 from pot
*** SUMMARY ***
Total pot $38.24 | Rake $1.91 
Board [8h As 8c]
Seat 1: coeeeelho (button) collected ($36.33)
Seat 2: Unipoker11 (small blind) folded before Flop
Seat 3: AndreaBsAs (big blind) folded on the Flop
Seat 4: michasia folded before Flop (didn't bet)
Seat 5: BoyLoc0 folded before Flop (didn't bet)
Seat 6: dann_lolo folded before Flop (didn't bet)



PokerStars Hand #254472035530:  Hold'em No Limit ($0.50/$1.00 USD) - 2025/01/20 19:22:06 WET [2025/01/20 14:22:06 ET]
Table 'Saga IV' 6-max Seat #2 is the button
Seat 1: coeeeelho ($224.74 in chips) 
Seat 2: Unipoker11 ($100 in chips) 
Seat 3: AndreaBsAs ($100 in chips) 
Seat 4: michasia ($100 in chips) 
Seat 5: BoyLoc0 ($108.90 in chips) 
Seat 6: dann_lolo ($340.87 in chips) 
AndreaBsAs: posts small blind $0.50
michasia: posts big blind $1
*** HOLE CARDS ***
BoyLoc0: folds 
dann_lolo: folds 
coeeeelho: raises $1.20 to $2.20
Unipoker11: folds 
AndreaBsAs: folds 
michasia: raises $8.80 to $11
coeeeelho: folds 
Uncalled bet ($8.80) returned to michasia
michasia collected $4.90 from pot
michasia: doesn't show hand 
*** SUMMARY ***
Total pot $4.90 | Rake $0 
Seat 1: coeeeelho folded before Flop
Seat 2: Unipoker11 (button) folded before Flop (didn't bet)
Seat 3: AndreaBsAs (small blind) folded before Flop
Seat 4: michasia (big blind) collected ($4.90)
Seat 5: BoyLoc0 folded before Flop (didn't bet)
Seat 6: dann_lolo folded before Flop (didn't bet)



PokerStars Hand #254472049251:  Hold'em No Limit ($0.50/$1.00 USD) - 2025/01/20 19:22:53 WET [2025/01/20 14:22:53 ET]
Table 'Saga IV' 6-max Seat #3 is the button
Seat 1: coeeeelho ($222.54 in chips) 
Seat 2: Unipoker11 ($100 in chips) 
Seat 3: AndreaBsAs ($100 in chips) 
Seat 4: michasia ($102.70 in chips) 
Seat 5: BoyLoc0 ($108.90 in chips) 
Seat 6: dann_lolo ($340.87 in chips) 
michasia: posts small blind $0.50
BoyLoc0: posts big blind $1
*** HOLE CARDS ***
dann_lolo: raises $2 to $3
coeeeelho: folds 
Unipoker11: folds 
AndreaBsAs: folds 
michasia: raises $8.50 to $11.50
BoyLoc0: folds 
dann_lolo: calls $8.50
*** FLOP *** [6d Ah Th]
michasia: bets $7.52
dann_lolo: calls $7.52
*** TURN *** [6d Ah Th] [Td]
michasia: checks 
dann_lolo: checks 
*** RIVER *** [6d Ah Th Td] [2h]
michasia: checks 
dann_lolo: bets $12.24
michasia: folds 
Uncalled bet ($12.24) returned to dann_lolo
dann_lolo collected $37.09 from pot
dann_lolo: doesn't show hand 
*** SUMMARY ***
Total pot $39.04 | Rake $1.95 
Board [6d Ah Th Td 2h]
Seat 1: coeeeelho folded before Flop (didn't bet)
Seat 2: Unipoker11 folded before Flop (didn't bet)
Seat 3: AndreaBsAs (button) folded before Flop (didn't bet)
Seat 4: michasia (small blind) folded on the River
Seat 5: BoyLoc0 (big blind) folded before Flop
Seat 6: dann_lolo collected ($37.09)



PokerStars Hand #254472068023:  Hold'em No Limit ($0.50/$1.00 USD) - 2025/01/20 19:23:57 WET [2025/01/20 14:23:57 ET]
Table 'Saga IV' 6-max Seat #4 is the button
Seat 1: coeeeelho ($222.54 in chips) 
Seat 2: Unipoker11 ($100 in chips) 
Seat 3: AndreaBsAs ($100 in chips) 
Seat 4: michasia ($100 in chips) 
Seat 5: BoyLoc0 ($107.90 in chips) 
Seat 6: dann_lolo ($358.94 in chips) 
BoyLoc0: posts small blind $0.50
dann_lolo: posts big blind $1
*** HOLE CARDS ***
coeeeelho: raises $1.10 to $2.10
Unipoker11: calls $2.10
AndreaBsAs: folds 
michasia: folds 
BoyLoc0: folds 
dann_lolo: calls $1.10
*** FLOP *** [3c Kd 3d]
dann_lolo: checks 
coeeeelho: bets $3.23
Unipoker11: folds 
dann_lolo: folds 
Uncalled bet ($3.23) returned to coeeeelho
coeeeelho collected $6.46 from pot
*** SUMMARY ***
Total pot $6.80 | Rake $0.34 
Board [3c Kd 3d]
Seat 1: coeeeelho collected ($6.46)
Seat 2: Unipoker11 folded on the Flop
Seat 3: AndreaBsAs folded before Flop (didn't bet)
Seat 4: michasia (button) folded before Flop (didn't bet)
Seat 5: BoyLoc0 (small blind) folded before Flop
Seat 6: dann_lolo (big blind) folded on the Flop



PokerStars Hand #254472078659:  Hold'em No Limit ($0.50/$1.00 USD) - 2025/01/20 19:24:34 WET [2025/01/20 14:24:34 ET]
Table 'Saga IV' 6-max Seat #5 is the button
Seat 1: coeeeelho ($226.90 in chips) 
Seat 2: Unipoker11 ($100 in chips) 
Seat 3: AndreaBsAs ($100 in chips) 
Seat 4: michasia ($100 in chips) 
Seat 5: BoyLoc0 ($107.40 in chips) 
Seat 6: dann_lolo ($356.84 in chips) 
dann_lolo: posts small blind $0.50
coeeeelho: posts big blind $1
*** HOLE CARDS ***
Unipoker11: folds 
AndreaBsAs: raises $1.20 to $2.20
michasia: folds 
BoyLoc0: folds 
dann_lolo: folds 
coeeeelho: raises $9.80 to $12
AndreaBsAs: folds 
Uncalled bet ($9.80) returned to coeeeelho
coeeeelho collected $4.90 from pot
*** SUMMARY ***
Total pot $4.90 | Rake $0 
Seat 1: coeeeelho (big blind) collected ($4.90)
Seat 2: Unipoker11 folded before Flop (didn't bet)
Seat 3: AndreaBsAs folded before Flop
Seat 4: michasia folded before Flop (didn't bet)
Seat 5: BoyLoc0 (button) folded before Flop (didn't bet)
Seat 6: dann_lolo (small blind) folded before Flop



PokerStars Hand #254472090362:  Hold'em No Limit ($0.50/$1.00 USD) - 2025/01/20 19:25:14 WET [2025/01/20 14:25:14 ET]
Table 'Saga IV' 6-max Seat #6 is the button
Seat 3: AndreaBsAs ($100 in chips) is sitting out
Seat 1: coeeeelho ($229.60 in chips) 
Seat 2: Unipoker11 ($100 in chips) 
Seat 4: michasia ($100 in chips) 
Seat 5: BoyLoc0 ($107.40 in chips) 
Seat 6: dann_lolo ($356.34 in chips) 
coeeeelho: posts small blind $0.50
Unipoker11: posts big blind $1
*** HOLE CARDS ***
michasia: folds 
BoyLoc0: raises $1.50 to $2.50
dann_lolo: folds 
coeeeelho: folds 
Unipoker11: raises $11 to $13.50
BoyLoc0: folds 
Uncalled bet ($11) returned to Unipoker11
Unipoker11 collected $5.50 from pot
Unipoker11: doesn't show hand 
*** SUMMARY ***
Total pot $5.50 | Rake $0 
Seat 3: AndreaBsAs
Seat 1: coeeeelho (small blind) folded before Flop
Seat 2: Unipoker11 (big blind) collected ($5.50)
Seat 4: michasia folded before Flop (didn't bet)
Seat 5: BoyLoc0 folded before Flop
Seat 6: dann_lolo (button) folded before Flop (didn't bet)



PokerStars Hand #254472098755:  Hold'em No Limit ($0.50/$1.00 USD) - 2025/01/20 19:25:43 WET [2025/01/20 14:25:43 ET]
Table 'Saga IV' 6-max Seat #1 is the button
Seat 3: AndreaBsAs ($100 in chips) is sitting out
Seat 1: coeeeelho ($229.10 in chips) 
Seat 2: Unipoker11 ($103 in chips) 
Seat 4: michasia ($100 in chips) 
Seat 5: BoyLoc0 ($104.90 in chips) 
Seat 6: dann_lolo ($356.34 in chips) 
Unipoker11: posts small blind $0.50
michasia: posts big blind $1
*** HOLE CARDS ***
BoyLoc0: raises $1.50 to $2.50
dann_lolo: folds 
coeeeelho: folds 
Unipoker11: folds 
michasia: folds 
Uncalled bet ($1.50) returned to BoyLoc0
BoyLoc0 collected $2.50 from pot
BoyLoc0: doesn't show hand 
*** SUMMARY ***
Total pot $2.50 | Rake $0 
Seat 3: AndreaBsAs
Seat 1: coeeeelho (button) folded before Flop (didn't bet)
Seat 2: Unipoker11 (small blind) folded before Flop
Seat 4: michasia (big blind) folded before Flop
Seat 5: BoyLoc0 collected ($2.50)
Seat 6: dann_lolo folded before Flop (didn't bet)



PokerStars Hand #254472104161:  Hold'em No Limit ($0.50/$1.00 USD) - 2025/01/20 19:26:01 WET [2025/01/20 14:26:01 ET]
Table 'Saga IV' 6-max Seat #2 is the button
Seat 3: AndreaBsAs ($100 in chips) is sitting out
Seat 1: coeeeelho ($229.10 in chips) 
Seat 2: Unipoker11 ($102.50 in chips) 
Seat 4: michasia ($100 in chips) 
Seat 5: BoyLoc0 ($106.40 in chips) 
Seat 6: dann_lolo ($356.34 in chips) 
michasia: posts small blind $0.50
BoyLoc0: posts big blind $1
*** HOLE CARDS ***
dann_lolo: folds 
coeeeelho: folds 
Unipoker11: folds 
michasia: raises $2 to $3
BoyLoc0: raises $7 to $10
michasia: calls $7
*** FLOP *** [6h Th 9h]
michasia: checks 
BoyLoc0: bets $4
michasia: raises $8 to $12
BoyLoc0: calls $8
*** TURN *** [6h Th 9h] [Qh]
michasia: checks 
BoyLoc0: bets $13.79
michasia: raises $64.21 to $78 and is all-in
BoyLoc0: folds 
Uncalled bet ($64.21) returned to michasia
michasia collected $69.08 from pot
michasia: doesn't show hand 
*** SUMMARY ***
Total pot $71.58 | Rake $2.50 
Board [6h Th 9h Qh]
Seat 3: AndreaBsAs
Seat 1: coeeeelho folded before Flop (didn't bet)
Seat 2: Unipoker11 (button) folded before Flop (didn't bet)
Seat 4: michasia (small blind) collected ($69.08)
Seat 5: BoyLoc0 (big blind) folded on the Turn
Seat 6: dann_lolo folded before Flop (didn't bet)



PokerStars Hand #254472119096:  Hold'em No Limit ($0.50/$1.00 USD) - 2025/01/20 19:26:52 WET [2025/01/20 14:26:52 ET]
Table 'Saga IV' 6-max Seat #4 is the button
Seat 3: AndreaBsAs ($100 in chips) is sitting out
Seat 1: coeeeelho ($229.10 in chips) 
Seat 2: Unipoker11 ($102.50 in chips) 
Seat 4: michasia ($133.29 in chips) 
Seat 5: BoyLoc0 ($100 in chips) 
Seat 6: dann_lolo ($356.34 in chips) 
BoyLoc0: posts small blind $0.50
dann_lolo: posts big blind $1
AndreaBsAs: sits out 
*** HOLE CARDS ***
coeeeelho: folds 
Unipoker11: folds 
michasia: folds 
BoyLoc0: folds 
Uncalled bet ($0.50) returned to dann_lolo
dann_lolo collected $1 from pot
dann_lolo: doesn't show hand 
*** SUMMARY ***
Total pot $1 | Rake $0 
Seat 3: AndreaBsAs
Seat 1: coeeeelho folded before Flop (didn't bet)
Seat 2: Unipoker11 folded before Flop (didn't bet)
Seat 4: michasia (button) folded before Flop (didn't bet)
Seat 5: BoyLoc0 (small blind) folded before Flop
Seat 6: dann_lolo (big blind) collected ($1)



PokerStars Hand #254472121654:  Hold'em No Limit ($0.50/$1.00 USD) - 2025/01/20 19:27:01 WET [2025/01/20 14:27:01 ET]
Table 'Saga IV' 6-max Seat #5 is the button
Seat 3: AndreaBsAs ($100 in chips) is sitting out
Seat 1: coeeeelho ($229.10 in chips) 
Seat 2: Unipoker11 ($102.50 in chips) 
Seat 4: michasia ($133.29 in chips) 
Seat 5: BoyLoc0 ($100 in chips) 
Seat 6: dann_lolo ($356.84 in chips) 
dann_lolo: posts small blind $0.50
coeeeelho: posts big blind $1
AndreaBsAs: sits out 
*** HOLE CARDS ***
Unipoker11: folds 
michasia: raises $1.80 to $2.80
BoyLoc0: folds 
dann_lolo: folds 
coeeeelho: calls $1.80
*** FLOP *** [4h Ad 7h]
coeeeelho: checks 
michasia: bets $1.91
coeeeelho: calls $1.91
*** TURN *** [4h Ad 7h] [Kd]
coeeeelho: checks 
michasia: checks 
*** RIVER *** [4h Ad 7h Kd] [7c]
coeeeelho: bets $14.13
michasia: folds 
Uncalled bet ($14.13) returned to coeeeelho
coeeeelho collected $9.42 from pot
*** SUMMARY ***
Total pot $9.92 | Rake $0.50 
Board [4h Ad 7h Kd 7c]
Seat 3: AndreaBsAs
Seat 1: coeeeelho (big blind) collected ($9.42)
Seat 2: Unipoker11 folded before Flop (didn't bet)
Seat 4: michasia folded on the River
Seat 5: BoyLoc0 (button) folded before Flop (didn't bet)
Seat 6: dann_lolo (small blind) folded before Flop



PokerStars Hand #254472134541:  Hold'em No Limit ($0.50/$1.00 USD) - 2025/01/20 19:27:45 WET [2025/01/20 14:27:45 ET]
Table 'Saga IV' 6-max Seat #6 is the button
Seat 3: AndreaBsAs ($100 in chips) is sitting out
Seat 1: coeeeelho ($233.81 in chips) 
Seat 2: Unipoker11 ($102.50 in chips) 
Seat 4: michasia ($128.58 in chips) 
Seat 5: BoyLoc0 ($100 in chips) 
Seat 6: dann_lolo ($356.34 in chips) 
coeeeelho: posts small blind $0.50
Unipoker11: posts big blind $1
AndreaBsAs: sits out 
*** HOLE CARDS ***
michasia: folds 
BoyLoc0: folds 
dann_lolo: raises $2 to $3
coeeeelho: folds 
Unipoker11: folds 
Uncalled bet ($2) returned to dann_lolo
dann_lolo collected $2.50 from pot
dann_lolo: doesn't show hand 
*** SUMMARY ***
Total pot $2.50 | Rake $0 
Seat 3: AndreaBsAs
Seat 1: coeeeelho (small blind) folded before Flop
Seat 2: Unipoker11 (big blind) folded before Flop
Seat 4: michasia folded before Flop (didn't bet)
Seat 5: BoyLoc0 folded before Flop (didn't bet)
Seat 6: dann_lolo (button) collected ($2.50)



PokerStars Hand #254472139462:  Hold'em No Limit ($0.50/$1.00 USD) - 2025/01/20 19:28:02 WET [2025/01/20 14:28:02 ET]
Table 'Saga IV' 6-max Seat #1 is the button
Seat 1: coeeeelho ($233.31 in chips) 
Seat 2: Unipoker11 ($101.50 in chips) 
Seat 3: AndreaBsAs ($100 in chips) 
Seat 4: michasia ($128.58 in chips) 
Seat 5: BoyLoc0 ($100 in chips) 
Seat 6: dann_lolo ($357.84 in chips) 
Unipoker11: posts small blind $0.50
AndreaBsAs: posts big blind $1
*** HOLE CARDS ***
michasia: folds 
BoyLoc0: folds 
dann_lolo: raises $2 to $3
coeeeelho: raises $6 to $9
Unipoker11: folds 
AndreaBsAs: folds 
dann_lolo: calls $6
*** FLOP *** [Th Qh 9d]
dann_lolo: checks 
coeeeelho: bets $10
dann_lolo: folds 
Uncalled bet ($10) returned to coeeeelho
coeeeelho collected $18.52 from pot
*** SUMMARY ***
Total pot $19.50 | Rake $0.98 
Board [Th Qh 9d]
Seat 1: coeeeelho (button) collected ($18.52)
Seat 2: Unipoker11 (small blind) folded before Flop
Seat 3: AndreaBsAs (big blind) folded before Flop
Seat 4: michasia folded before Flop (didn't bet)
Seat 5: BoyLoc0 folded before Flop (didn't bet)
Seat 6: dann_lolo folded on the Flop



PokerStars Hand #254472153970:  Hold'em No Limit ($0.50/$1.00 USD) - 2025/01/20 19:28:52 WET [2025/01/20 14:28:52 ET]
Table 'Saga IV' 6-max Seat #2 is the button
Seat 1: coeeeelho ($242.83 in chips) 
Seat 2: Unipoker11 ($101 in chips) 
Seat 3: AndreaBsAs ($100 in chips) 
Seat 4: michasia ($128.58 in chips) 
Seat 5: BoyLoc0 ($100 in chips) 
Seat 6: dann_lolo ($348.84 in chips) 
AndreaBsAs: posts small blind $0.50
michasia: posts big blind $1
*** HOLE CARDS ***
BoyLoc0: folds 
dann_lolo: folds 
coeeeelho: folds 
Unipoker11: folds 
AndreaBsAs: raises $2 to $3
michasia: calls $2
*** FLOP *** [3h Qs Ah]
AndreaBsAs: checks 
michasia: checks 
*** TURN *** [3h Qs Ah] [Js]
AndreaBsAs: checks 
michasia: bets $3.80
AndreaBsAs: folds 
Uncalled bet ($3.80) returned to michasia
michasia collected $5.70 from pot
michasia: doesn't show hand 
*** SUMMARY ***
Total pot $6 | Rake $0.30 
Board [3h Qs Ah Js]
Seat 1: coeeeelho folded before Flop (didn't bet)
Seat 2: Unipoker11 (button) folded before Flop (didn't bet)
Seat 3: AndreaBsAs (small blind) folded on the Turn
Seat 4: michasia (big blind) collected ($5.70)
Seat 5: BoyLoc0 folded before Flop (didn't bet)
Seat 6: dann_lolo folded before Flop (didn't bet)



PokerStars Hand #254472172900:  Hold'em No Limit ($0.50/$1.00 USD) - 2025/01/20 19:29:56 WET [2025/01/20 14:29:56 ET]
Table 'Saga IV' 6-max Seat #3 is the button
Seat 1: coeeeelho ($242.83 in chips) 
Seat 2: Unipoker11 ($101 in chips) 
Seat 3: AndreaBsAs ($100 in chips) 
Seat 4: michasia ($131.28 in chips) 
Seat 5: BoyLoc0 ($100 in chips) 
Seat 6: dann_lolo ($348.84 in chips) 
michasia: posts small blind $0.50
BoyLoc0: posts big blind $1
*** HOLE CARDS ***
dann_lolo: folds 
coeeeelho: folds 
Unipoker11: raises $1.30 to $2.30
AndreaBsAs: folds 
michasia: folds 
BoyLoc0: folds 
Uncalled bet ($1.30) returned to Unipoker11
Unipoker11 collected $2.50 from pot
Unipoker11: doesn't show hand 
*** SUMMARY ***
Total pot $2.50 | Rake $0 
Seat 1: coeeeelho folded before Flop (didn't bet)
Seat 2: Unipoker11 collected ($2.50)
Seat 3: AndreaBsAs (button) folded before Flop (didn't bet)
Seat 4: michasia (small blind) folded before Flop
Seat 5: BoyLoc0 (big blind) folded before Flop
Seat 6: dann_lolo folded before Flop (didn't bet)



PokerStars Hand #254472178487:  Hold'em No Limit ($0.50/$1.00 USD) - 2025/01/20 19:30:15 WET [2025/01/20 14:30:15 ET]
Table 'Saga IV' 6-max Seat #4 is the button
Seat 1: coeeeelho ($242.83 in chips) 
Seat 2: Unipoker11 ($102.50 in chips) 
Seat 3: AndreaBsAs ($100 in chips) 
Seat 4: michasia ($130.78 in chips) 
Seat 5: BoyLoc0 ($100 in chips) 
Seat 6: dann_lolo ($348.84 in chips) 
BoyLoc0: posts small blind $0.50
dann_lolo: posts big blind $1
*** HOLE CARDS ***
coeeeelho: folds 
Unipoker11: raises $1 to $2
AndreaBsAs: folds 
michasia: calls $2
BoyLoc0: calls $1.50
dann_lolo: calls $1
*** FLOP *** [8c 4s Qs]
BoyLoc0: checks 
dann_lolo: checks 
Unipoker11: checks 
michasia: bets $5.07
BoyLoc0: calls $5.07
dann_lolo: calls $5.07
Unipoker11: folds 
*** TURN *** [8c 4s Qs] [Jh]
BoyLoc0: checks 
dann_lolo: checks 
michasia: checks 
*** RIVER *** [8c 4s Qs Jh] [6h]
BoyLoc0: checks 
dann_lolo: bets $18
michasia: folds 
BoyLoc0: folds 
Uncalled bet ($18) returned to dann_lolo
dann_lolo collected $22.05 from pot
dann_lolo: doesn't show hand 
*** SUMMARY ***
Total pot $23.21 | Rake $1.16 
Board [8c 4s Qs Jh 6h]
Seat 1: coeeeelho folded before Flop (didn't bet)
Seat 2: Unipoker11 folded on the Flop
Seat 3: AndreaBsAs folded before Flop (didn't bet)
Seat 4: michasia (button) folded on the River
Seat 5: BoyLoc0 (small blind) folded on the River
Seat 6: dann_lolo (big blind) collected ($22.05)



PokerStars Hand #254472206567:  Hold'em No Limit ($0.50/$1.00 USD) - 2025/01/20 19:31:51 WET [2025/01/20 14:31:51 ET]
Table 'Saga IV' 6-max Seat #5 is the button
Seat 1: coeeeelho ($242.83 in chips) 
Seat 2: Unipoker11 ($100.50 in chips) 
Seat 3: AndreaBsAs ($100 in chips) 
Seat 4: michasia ($123.71 in chips) 
Seat 5: BoyLoc0 ($100 in chips) 
Seat 6: dann_lolo ($363.82 in chips) 
dann_lolo: posts small blind $0.50
coeeeelho: posts big blind $1
*** HOLE CARDS ***
Unipoker11: raises $1 to $2
AndreaBsAs: folds 
michasia: raises $4 to $6
BoyLoc0: folds 
dann_lolo: folds 
coeeeelho: folds 
Unipoker11: raises $13 to $19
michasia: folds 
Uncalled bet ($13) returned to Unipoker11
Unipoker11 collected $13.50 from pot
Unipoker11: doesn't show hand 
*** SUMMARY ***
Total pot $13.50 | Rake $0 
Seat 1: coeeeelho (big blind) folded before Flop
Seat 2: Unipoker11 collected ($13.50)
Seat 3: AndreaBsAs folded before Flop (didn't bet)
Seat 4: michasia folded before Flop
Seat 5: BoyLoc0 (button) folded before Flop (didn't bet)
Seat 6: dann_lolo (small blind) folded before Flop



PokerStars Hand #254472218905:  Hold'em No Limit ($0.50/$1.00 USD) - 2025/01/20 19:32:32 WET [2025/01/20 14:32:32 ET]
Table 'Saga IV' 6-max Seat #6 is the button
Seat 1: coeeeelho ($241.83 in chips) 
Seat 2: Unipoker11 ($108 in chips) 
Seat 3: AndreaBsAs ($100 in chips) 
Seat 4: michasia ($117.71 in chips) 
Seat 5: BoyLoc0 ($100 in chips) 
Seat 6: dann_lolo ($363.32 in chips) 
coeeeelho: posts small blind $0.50
Unipoker11: posts big blind $1
*** HOLE CARDS ***
AndreaBsAs: folds 
michasia: folds 
BoyLoc0: folds 
dann_lolo: raises $2 to $3
coeeeelho: folds 
Unipoker11: calls $2
*** FLOP *** [4s 7s Tc]
Unipoker11: checks 
dann_lolo: bets $2.04
Unipoker11: calls $2.04
*** TURN *** [4s 7s Tc] [9c]
Unipoker11: checks 
dann_lolo: checks 
*** RIVER *** [4s 7s Tc 9c] [6h]
Unipoker11: bets $6.73
dann_lolo: calls $6.73
*** SHOW DOWN ***
Unipoker11: shows [7d 8h] (a straight, Six to Ten)
dann_lolo: mucks hand 
Unipoker11 collected $22.84 from pot
*** SUMMARY ***
Total pot $24.04 | Rake $1.20 
Board [4s 7s Tc 9c 6h]
Seat 1: coeeeelho (small blind) folded before Flop
Seat 2: Unipoker11 (big blind) showed [7d 8h] and won ($22.84) with a straight, Six to Ten
Seat 3: AndreaBsAs folded before Flop (didn't bet)
Seat 4: michasia folded before Flop (didn't bet)
Seat 5: BoyLoc0 folded before Flop (didn't bet)
Seat 6: dann_lolo (button) mucked



PokerStars Hand #254472238287:  Hold'em No Limit ($0.50/$1.00 USD) - 2025/01/20 19:33:37 WET [2025/01/20 14:33:37 ET]
Table 'Saga IV' 6-max Seat #1 is the button
Seat 1: coeeeelho ($241.33 in chips) 
Seat 2: Unipoker11 ($119.07 in chips) 
Seat 3: AndreaBsAs ($100 in chips) 
Seat 4: michasia ($117.71 in chips) 
Seat 5: BoyLoc0 ($100 in chips) 
Seat 6: dann_lolo ($351.55 in chips) 
Unipoker11: posts small blind $0.50
AndreaBsAs: posts big blind $1
*** HOLE CARDS ***
michasia: folds 
BoyLoc0: folds 
dann_lolo: raises $2 to $3
coeeeelho: raises $6 to $9
Unipoker11: folds 
AndreaBsAs: folds 
dann_lolo: calls $6
*** FLOP *** [Ac Ah 7c]
dann_lolo: checks 
coeeeelho: bets $4.63
dann_lolo: calls $4.63
*** TURN *** [Ac Ah 7c] [Ts]
dann_lolo: checks 
coeeeelho: bets $13.66
dann_lolo: calls $13.66
*** RIVER *** [Ac Ah 7c Ts] [4h]
dann_lolo: checks 
coeeeelho: checks 
*** SHOW DOWN ***
dann_lolo: shows [7h 8h] (two pair, Aces and Sevens)
coeeeelho: mucks hand 
dann_lolo collected $53.58 from pot
*** SUMMARY ***
Total pot $56.08 | Rake $2.50 
Board [Ac Ah 7c Ts 4h]
Seat 1: coeeeelho (button) mucked
Seat 2: Unipoker11 (small blind) folded before Flop
Seat 3: AndreaBsAs (big blind) folded before Flop
Seat 4: michasia folded before Flop (didn't bet)
Seat 5: BoyLoc0 folded before Flop (didn't bet)
Seat 6: dann_lolo showed [7h 8h] and won ($53.58) with two pair, Aces and Sevens



PokerStars Hand #254472255840:  Hold'em No Limit ($0.50/$1.00 USD) - 2025/01/20 19:34:36 WET [2025/01/20 14:34:36 ET]
Table 'Saga IV' 6-max Seat #2 is the button
Seat 1: coeeeelho ($214.04 in chips) 
Seat 2: Unipoker11 ($118.57 in chips) 
Seat 3: AndreaBsAs ($100 in chips) 
Seat 4: michasia ($117.71 in chips) 
Seat 5: BoyLoc0 ($100 in chips) 
Seat 6: dann_lolo ($377.84 in chips) 
AndreaBsAs: posts small blind $0.50
michasia: posts big blind $1
*** HOLE CARDS ***
BoyLoc0: folds 
dann_lolo: folds 
coeeeelho: folds 
Unipoker11: folds 
AndreaBsAs: raises $2 to $3
michasia: folds 
Uncalled bet ($2) returned to AndreaBsAs
AndreaBsAs collected $2 from pot
*** SUMMARY ***
Total pot $2 | Rake $0 
Seat 1: coeeeelho folded before Flop (didn't bet)
Seat 2: Unipoker11 (button) folded before Flop (didn't bet)
Seat 3: AndreaBsAs (small blind) collected ($2)
Seat 4: michasia (big blind) folded before Flop
Seat 5: BoyLoc0 folded before Flop (didn't bet)
Seat 6: dann_lolo folded before Flop (didn't bet)



PokerStars Hand #254472263289:  Hold'em No Limit ($0.50/$1.00 USD) - 2025/01/20 19:35:01 WET [2025/01/20 14:35:01 ET]
Table 'Saga IV' 6-max Seat #3 is the button
Seat 1: coeeeelho ($214.04 in chips) 
Seat 2: Unipoker11 ($118.57 in chips) 
Seat 3: AndreaBsAs ($101 in chips) 
Seat 4: michasia ($116.71 in chips) 
Seat 5: BoyLoc0 ($100 in chips) 
Seat 6: dann_lolo ($377.84 in chips) 
michasia: posts small blind $0.50
BoyLoc0: posts big blind $1
*** HOLE CARDS ***
dann_lolo: folds 
coeeeelho: raises $1.20 to $2.20
Unipoker11: folds 
AndreaBsAs: folds 
michasia: folds 
BoyLoc0: folds 
Uncalled bet ($1.20) returned to coeeeelho
coeeeelho collected $2.50 from pot
*** SUMMARY ***
Total pot $2.50 | Rake $0 
Seat 1: coeeeelho collected ($2.50)
Seat 2: Unipoker11 folded before Flop (didn't bet)
Seat 3: AndreaBsAs (button) folded before Flop (didn't bet)
Seat 4: michasia (small blind) folded before Flop
Seat 5: BoyLoc0 (big blind) folded before Flop
Seat 6: dann_lolo folded before Flop (didn't bet)



PokerStars Hand #254472272824:  Hold'em No Limit ($0.50/$1.00 USD) - 2025/01/20 19:35:33 WET [2025/01/20 14:35:33 ET]
Table 'Saga IV' 6-max Seat #4 is the button
Seat 1: coeeeelho ($215.54 in chips) 
Seat 2: Unipoker11 ($118.57 in chips) 
Seat 3: AndreaBsAs ($101 in chips) 
Seat 4: michasia ($116.21 in chips) 
Seat 5: BoyLoc0 ($100 in chips) 
Seat 6: dann_lolo ($377.84 in chips) 
BoyLoc0: posts small blind $0.50
dann_lolo: posts big blind $1
*** HOLE CARDS ***
coeeeelho: raises $1.20 to $2.20
Unipoker11: folds 
AndreaBsAs: folds 
michasia: folds 
BoyLoc0: raises $7.80 to $10
dann_lolo: folds 
coeeeelho: folds 
Uncalled bet ($7.80) returned to BoyLoc0
BoyLoc0 collected $5.40 from pot
BoyLoc0: doesn't show hand 
*** SUMMARY ***
Total pot $5.40 | Rake $0 
Seat 1: coeeeelho folded before Flop
Seat 2: Unipoker11 folded before Flop (didn't bet)
Seat 3: AndreaBsAs folded before Flop (didn't bet)
Seat 4: michasia (button) folded before Flop (didn't bet)
Seat 5: BoyLoc0 (small blind) collected ($5.40)
Seat 6: dann_lolo (big blind) folded before Flop



PokerStars Hand #254472280697:  Hold'em No Limit ($0.50/$1.00 USD) - 2025/01/20 19:36:00 WET [2025/01/20 14:36:00 ET]
Table 'Saga IV' 6-max Seat #5 is the button
Seat 1: coeeeelho ($213.34 in chips) 
Seat 2: Unipoker11 ($118.57 in chips) 
Seat 3: AndreaBsAs ($101 in chips) 
Seat 4: michasia ($116.21 in chips) 
Seat 5: BoyLoc0 ($103.20 in chips) 
Seat 6: dann_lolo ($376.84 in chips) 
dann_lolo: posts small blind $0.50
coeeeelho: posts big blind $1
*** HOLE CARDS ***
Unipoker11: folds 
AndreaBsAs: folds 
michasia: raises $1.80 to $2.80
BoyLoc0: folds 
dann_lolo: folds 
coeeeelho: folds 
Uncalled bet ($1.80) returned to michasia
michasia collected $2.50 from pot
michasia: doesn't show hand 
*** SUMMARY ***
Total pot $2.50 | Rake $0 
Seat 1: coeeeelho (big blind) folded before Flop
Seat 2: Unipoker11 folded before Flop (didn't bet)
Seat 3: AndreaBsAs folded before Flop (didn't bet)
Seat 4: michasia collected ($2.50)
Seat 5: BoyLoc0 (button) folded before Flop (didn't bet)
Seat 6: dann_lolo (small blind) folded before Flop



PokerStars Hand #254472289578:  Hold'em No Limit ($0.50/$1.00 USD) - 2025/01/20 19:36:29 WET [2025/01/20 14:36:29 ET]
Table 'Saga IV' 6-max Seat #6 is the button
Seat 2: Unipoker11 ($118.57 in chips) is sitting out
Seat 1: coeeeelho ($212.34 in chips) 
Seat 3: AndreaBsAs ($101 in chips) 
Seat 4: michasia ($117.71 in chips) 
Seat 5: BoyLoc0 ($103.20 in chips) 
Seat 6: dann_lolo ($376.34 in chips) 
coeeeelho: posts small blind $0.50
Unipoker11: is sitting out 
Unipoker11 leaves the table
AndreaBsAs: posts big blind $1
*** HOLE CARDS ***
michasia: folds 
BoyLoc0: folds 
dann_lolo: folds 
coeeeelho: raises $2 to $3
AndreaBsAs: calls $2
*** FLOP *** [3s 6s Kh]
coeeeelho: bets $1.88
AndreaBsAs: folds 
Uncalled bet ($1.88) returned to coeeeelho
coeeeelho collected $5.70 from pot
*** SUMMARY ***
Total pot $6 | Rake $0.30 
Board [3s 6s Kh]
Seat 2: Unipoker11
Seat 1: coeeeelho (small blind) collected ($5.70)
Seat 3: AndreaBsAs (big blind) folded on the Flop
Seat 4: michasia folded before Flop (didn't bet)
Seat 5: BoyLoc0 folded before Flop (didn't bet)
Seat 6: dann_lolo (button) folded before Flop (didn't bet)



PokerStars Hand #254472298455:  Hold'em No Limit ($0.50/$1.00 USD) - 2025/01/20 19:36:59 WET [2025/01/20 14:36:59 ET]
Table 'Saga IV' 6-max Seat #1 is the button
Seat 1: coeeeelho ($215.04 in chips) 
Seat 3: AndreaBsAs ($100 in chips) 
Seat 4: michasia ($117.71 in chips) 
Seat 5: BoyLoc0 ($103.20 in chips) 
Seat 6: dann_lolo ($376.34 in chips) 
AndreaBsAs: posts small blind $0.50
michasia: posts big blind $1
*** HOLE CARDS ***
BoyLoc0: raises $1.50 to $2.50
IKnowThatFel joins the table at seat #2 
dann_lolo: raises $5.50 to $8
coeeeelho: folds 
AndreaBsAs: folds 
michasia: folds 
BoyLoc0: calls $5.50
*** FLOP *** [3c Ks Qs]
BoyLoc0: checks 
dann_lolo: checks 
*** TURN *** [3c Ks Qs] [8s]
BoyLoc0: bets $5.48
dann_lolo: calls $5.48
*** RIVER *** [3c Ks Qs 8s] [6d]
BoyLoc0: bets $32.56
dann_lolo: calls $32.56
*** SHOW DOWN ***
BoyLoc0: shows [9d Td] (high card King)
dann_lolo: shows [Qh 7h] (a pair of Queens)
dann_lolo collected $91.08 from pot
*** SUMMARY ***
Total pot $93.58 | Rake $2.50 
Board [3c Ks Qs 8s 6d]
Seat 1: coeeeelho (button) folded before Flop (didn't bet)
Seat 3: AndreaBsAs (small blind) folded before Flop
Seat 4: michasia (big blind) folded before Flop
Seat 5: BoyLoc0 showed [9d Td] and lost with high card King
Seat 6: dann_lolo showed [Qh 7h] and won ($91.08) with a pair of Queens



PokerStars Hand #254472316535:  Hold'em No Limit ($0.50/$1.00 USD) - 2025/01/20 19:38:00 WET [2025/01/20 14:38:00 ET]
Table 'Saga IV' 6-max Seat #3 is the button
Seat 2: IKnowThatFel ($100 in chips) is sitting out
Seat 1: coeeeelho ($215.04 in chips) 
Seat 3: AndreaBsAs ($100 in chips) 
Seat 4: michasia ($116.71 in chips) 
Seat 5: BoyLoc0 ($100 in chips) 
Seat 6: dann_lolo ($421.38 in chips) 
michasia: posts small blind $0.50
BoyLoc0: posts big blind $1
IKnowThatFel: sits out 
*** HOLE CARDS ***
dann_lolo: raises $2 to $3
coeeeelho: folds 
AndreaBsAs: folds 
michasia: folds 
BoyLoc0: calls $2
*** FLOP *** [5s Jd 8d]
BoyLoc0: checks 
dann_lolo: checks 
*** TURN *** [5s Jd 8d] [7h]
BoyLoc0: checks 
dann_lolo: bets $4.14
BoyLoc0: calls $4.14
*** RIVER *** [5s Jd 8d 7h] [Kh]
BoyLoc0: checks 
dann_lolo: bets $7.77
BoyLoc0: folds 
Uncalled bet ($7.77) returned to dann_lolo
dann_lolo collected $14.04 from pot
dann_lolo: doesn't show hand 
*** SUMMARY ***
Total pot $14.78 | Rake $0.74 
Board [5s Jd 8d 7h Kh]
Seat 2: IKnowThatFel
Seat 1: coeeeelho folded before Flop (didn't bet)
Seat 3: AndreaBsAs (button) folded before Flop (didn't bet)
Seat 4: michasia (small blind) folded before Flop
Seat 5: BoyLoc0 (big blind) folded on the River
Seat 6: dann_lolo collected ($14.04)



PokerStars Hand #254472333483:  Hold'em No Limit ($0.50/$1.00 USD) - 2025/01/20 19:38:55 WET [2025/01/20 14:38:55 ET]
Table 'Saga IV' 6-max Seat #4 is the button
Seat 2: IKnowThatFel ($100 in chips) is sitting out
Seat 1: coeeeelho ($215.04 in chips) 
Seat 3: AndreaBsAs ($100 in chips) 
Seat 4: michasia ($116.21 in chips) 
Seat 5: BoyLoc0 ($100 in chips) 
Seat 6: dann_lolo ($428.28 in chips) 
BoyLoc0: posts small blind $0.50
dann_lolo: posts big blind $1
IKnowThatFel: sits out 
*** HOLE CARDS ***
coeeeelho: folds 
AndreaBsAs: folds 
michasia: raises $1.80 to $2.80
BoyLoc0: folds 
dann_lolo: calls $1.80
*** FLOP *** [9s 2s 3c]
dann_lolo: checks 
michasia: bets $1.91
dann_lolo: calls $1.91
*** TURN *** [9s 2s 3c] [Ac]
dann_lolo: checks 
michasia: bets $11.78
dann_lolo: folds 
Uncalled bet ($11.78) returned to michasia
michasia collected $9.42 from pot
michasia: doesn't show hand 
*** SUMMARY ***
Total pot $9.92 | Rake $0.50 
Board [9s 2s 3c Ac]
Seat 2: IKnowThatFel
Seat 1: coeeeelho folded before Flop (didn't bet)
Seat 3: AndreaBsAs folded before Flop (didn't bet)
Seat 4: michasia (button) collected ($9.42)
Seat 5: BoyLoc0 (small blind) folded before Flop
Seat 6: dann_lolo (big blind) folded on the Turn



PokerStars Hand #254472344856:  Hold'em No Limit ($0.50/$1.00 USD) - 2025/01/20 19:39:33 WET [2025/01/20 14:39:33 ET]
Table 'Saga IV' 6-max Seat #5 is the button
Seat 2: IKnowThatFel ($100 in chips) is sitting out
Seat 1: coeeeelho ($215.04 in chips) 
Seat 3: AndreaBsAs ($100 in chips) 
Seat 4: michasia ($120.92 in chips) 
Seat 5: BoyLoc0 ($100 in chips) 
Seat 6: dann_lolo ($423.57 in chips) 
dann_lolo: posts small blind $0.50
coeeeelho: posts big blind $1
IKnowThatFel: sits out 
*** HOLE CARDS ***
AndreaBsAs: folds 
michasia: folds 
BoyLoc0: raises $1.50 to $2.50
dann_lolo: folds 
coeeeelho: folds 
Uncalled bet ($1.50) returned to BoyLoc0
BoyLoc0 collected $2.50 from pot
BoyLoc0: doesn't show hand 
*** SUMMARY ***
Total pot $2.50 | Rake $0 
Seat 2: IKnowThatFel
Seat 1: coeeeelho (big blind) folded before Flop
Seat 3: AndreaBsAs folded before Flop (didn't bet)
Seat 4: michasia folded before Flop (didn't bet)
Seat 5: BoyLoc0 (button) collected ($2.50)
Seat 6: dann_lolo (small blind) folded before Flop



PokerStars Hand #254472350213:  Hold'em No Limit ($0.50/$1.00 USD) - 2025/01/20 19:39:51 WET [2025/01/20 14:39:51 ET]
Table 'Saga IV' 6-max Seat #6 is the button
Seat 1: coeeeelho ($214.04 in chips) 
Seat 2: IKnowThatFel ($100 in chips) 
Seat 3: AndreaBsAs ($100 in chips) 
Seat 4: michasia ($120.92 in chips) 
Seat 5: BoyLoc0 ($101.50 in chips) 
Seat 6: dann_lolo ($423.07 in chips) 
coeeeelho: posts small blind $0.50
IKnowThatFel: posts big blind $1
*** HOLE CARDS ***
AndreaBsAs: raises $1.20 to $2.20
michasia: folds 
BoyLoc0: folds 
dann_lolo: folds 
coeeeelho: folds 
IKnowThatFel: folds 
Uncalled bet ($1.20) returned to AndreaBsAs
AndreaBsAs collected $2.50 from pot
*** SUMMARY ***
Total pot $2.50 | Rake $0 
Seat 1: coeeeelho (small blind) folded before Flop
Seat 2: IKnowThatFel (big blind) folded before Flop
Seat 3: AndreaBsAs collected ($2.50)
Seat 4: michasia folded before Flop (didn't bet)
Seat 5: BoyLoc0 folded before Flop (didn't bet)
Seat 6: dann_lolo (button) folded before Flop (didn't bet)



PokerStars Hand #254472358849:  Hold'em No Limit ($0.50/$1.00 USD) - 2025/01/20 19:40:20 WET [2025/01/20 14:40:20 ET]
Table 'Saga IV' 6-max Seat #1 is the button
Seat 4: michasia ($120.92 in chips) is sitting out
Seat 1: coeeeelho ($213.54 in chips) 
Seat 2: IKnowThatFel ($100 in chips) 
Seat 3: AndreaBsAs ($101.50 in chips) 
Seat 5: BoyLoc0 ($101.50 in chips) 
Seat 6: dann_lolo ($423.07 in chips) 
IKnowThatFel: posts small blind $0.50
AndreaBsAs: posts big blind $1
*** HOLE CARDS ***
BoyLoc0: folds 
dann_lolo: folds 
coeeeelho: raises $1.20 to $2.20
IKnowThatFel: folds 
AndreaBsAs: folds 
Uncalled bet ($1.20) returned to coeeeelho
coeeeelho collected $2.50 from pot
*** SUMMARY ***
Total pot $2.50 | Rake $0 
Seat 4: michasia
Seat 1: coeeeelho (button) collected ($2.50)
Seat 2: IKnowThatFel (small blind) folded before Flop
Seat 3: AndreaBsAs (big blind) folded before Flop
Seat 5: BoyLoc0 folded before Flop (didn't bet)
Seat 6: dann_lolo folded before Flop (didn't bet)



PokerStars Hand #254472368072:  Hold'em No Limit ($0.50/$1.00 USD) - 2025/01/20 19:40:51 WET [2025/01/20 14:40:51 ET]
Table 'Saga IV' 6-max Seat #2 is the button
Seat 4: michasia ($120.92 in chips) is sitting out
Seat 1: coeeeelho ($215.04 in chips) 
Seat 2: IKnowThatFel ($100 in chips) 
Seat 3: AndreaBsAs ($100.50 in chips) 
Seat 5: BoyLoc0 ($101.50 in chips) 
Seat 6: dann_lolo ($423.07 in chips) 
AndreaBsAs: posts small blind $0.50
BoyLoc0: posts big blind $1
*** HOLE CARDS ***
dann_lolo: folds 
coeeeelho: raises $1.30 to $2.30
IKnowThatFel: folds 
AndreaBsAs: folds 
BoyLoc0: folds 
Uncalled bet ($1.30) returned to coeeeelho
coeeeelho collected $2.50 from pot
*** SUMMARY ***
Total pot $2.50 | Rake $0 
Seat 4: michasia
Seat 1: coeeeelho collected ($2.50)
Seat 2: IKnowThatFel (button) folded before Flop (didn't bet)
Seat 3: AndreaBsAs (small blind) folded before Flop
Seat 5: BoyLoc0 (big blind) folded before Flop
Seat 6: dann_lolo folded before Flop (didn't bet)



PokerStars Hand #254472378877:  Hold'em No Limit ($0.50/$1.00 USD) - 2025/01/20 19:41:27 WET [2025/01/20 14:41:27 ET]
Table 'Saga IV' 6-max Seat #3 is the button
Seat 4: michasia ($120.92 in chips) is sitting out
Seat 1: coeeeelho ($216.54 in chips) 
Seat 2: IKnowThatFel ($100 in chips) 
Seat 3: AndreaBsAs ($100 in chips) 
Seat 5: BoyLoc0 ($100.50 in chips) 
Seat 6: dann_lolo ($423.07 in chips) 
BoyLoc0: posts small blind $0.50
dann_lolo: posts big blind $1
*** HOLE CARDS ***
coeeeelho: raises $1.20 to $2.20
IKnowThatFel: folds 
AndreaBsAs: calls $2.20
BoyLoc0: folds 
dann_lolo: folds 
*** FLOP *** [6d 4c 4s]
coeeeelho: checks 
AndreaBsAs: checks 
*** TURN *** [6d 4c 4s] [As]
coeeeelho: bets $4.20
AndreaBsAs: calls $4.20
*** RIVER *** [6d 4c 4s As] [8d]
coeeeelho: checks 
AndreaBsAs: bets $4.48
coeeeelho: folds 
Uncalled bet ($4.48) returned to AndreaBsAs
AndreaBsAs collected $13.58 from pot
*** SUMMARY ***
Total pot $14.30 | Rake $0.72 
Board [6d 4c 4s As 8d]
Seat 4: michasia
Seat 1: coeeeelho folded on the River
Seat 2: IKnowThatFel folded before Flop (didn't bet)
Seat 3: AndreaBsAs (button) collected ($13.58)
Seat 5: BoyLoc0 (small blind) folded before Flop
Seat 6: dann_lolo (big blind) folded before Flop



PokerStars Hand #254472403805:  Hold'em No Limit ($0.50/$1.00 USD) - 2025/01/20 19:42:49 WET [2025/01/20 14:42:49 ET]
Table 'Saga IV' 6-max Seat #5 is the button
Seat 4: michasia ($120.92 in chips) is sitting out
Seat 1: coeeeelho ($210.14 in chips) 
Seat 2: IKnowThatFel ($100 in chips) 
Seat 3: AndreaBsAs ($107.18 in chips) 
Seat 5: BoyLoc0 ($100 in chips) 
Seat 6: dann_lolo ($422.07 in chips) 
dann_lolo: posts small blind $0.50
coeeeelho: posts big blind $1
*** HOLE CARDS ***
IKnowThatFel: folds 
AndreaBsAs: folds 
BoyLoc0: folds 
dann_lolo: folds 
Uncalled bet ($0.50) returned to coeeeelho
coeeeelho collected $1 from pot
*** SUMMARY ***
Total pot $1 | Rake $0 
Seat 4: michasia
Seat 1: coeeeelho (big blind) collected ($1)
Seat 2: IKnowThatFel folded before Flop (didn't bet)
Seat 3: AndreaBsAs folded before Flop (didn't bet)
Seat 5: BoyLoc0 (button) folded before Flop (didn't bet)
Seat 6: dann_lolo (small blind) folded before Flop



PokerStars Hand #254472407898:  Hold'em No Limit ($0.50/$1.00 USD) - 2025/01/20 19:43:03 WET [2025/01/20 14:43:03 ET]
Table 'Saga IV' 6-max Seat #6 is the button
Seat 4: michasia ($120.92 in chips) is sitting out
Seat 1: coeeeelho ($210.64 in chips) 
Seat 2: IKnowThatFel ($100 in chips) 
Seat 3: AndreaBsAs ($107.18 in chips) 
Seat 5: BoyLoc0 ($100 in chips) 
Seat 6: dann_lolo ($421.57 in chips) 
coeeeelho: posts small blind $0.50
IKnowThatFel: posts big blind $1
michasia: sits out 
*** HOLE CARDS ***
AndreaBsAs: folds 
BoyLoc0: raises $1.50 to $2.50
dann_lolo: raises $5.50 to $8
coeeeelho: folds 
IKnowThatFel: folds 
BoyLoc0: calls $5.50
*** FLOP *** [4c 9s 4d]
BoyLoc0: checks 
dann_lolo: bets $5.48
BoyLoc0: raises $13.79 to $19.27
dann_lolo: calls $13.79
*** TURN *** [4c 9s 4d] [Ac]
BoyLoc0: checks 
dann_lolo: checks 
*** RIVER *** [4c 9s 4d Ac] [Ad]
BoyLoc0: checks 
dann_lolo: checks 
*** SHOW DOWN ***
BoyLoc0: shows [Qc Kd] (two pair, Aces and Fours)
dann_lolo: shows [9d 9h] (a full house, Nines full of Aces)
dann_lolo collected $53.54 from pot
*** SUMMARY ***
Total pot $56.04 | Rake $2.50 
Board [4c 9s 4d Ac Ad]
Seat 4: michasia
Seat 1: coeeeelho (small blind) folded before Flop
Seat 2: IKnowThatFel (big blind) folded before Flop
Seat 3: AndreaBsAs folded before Flop (didn't bet)
Seat 5: BoyLoc0 showed [Qc Kd] and lost with two pair, Aces and Fours
Seat 6: dann_lolo (button) showed [9d 9h] and won ($53.54) with a full house, Nines full of Aces



PokerStars Hand #254472434343:  Hold'em No Limit ($0.50/$1.00 USD) - 2025/01/20 19:44:31 WET [2025/01/20 14:44:31 ET]
Table 'Saga IV' 6-max Seat #1 is the button
Seat 4: michasia ($120.92 in chips) is sitting out
Seat 1: coeeeelho ($210.14 in chips) 
Seat 2: IKnowThatFel ($100 in chips) 
Seat 3: AndreaBsAs ($107.18 in chips) 
Seat 5: BoyLoc0 ($100 in chips) 
Seat 6: dann_lolo ($447.84 in chips) 
IKnowThatFel: posts small blind $0.50
AndreaBsAs: posts big blind $1
michasia: sits out 
*** HOLE CARDS ***
BoyLoc0: folds 
dann_lolo: folds 
coeeeelho: folds 
IKnowThatFel: folds 
Uncalled bet ($0.50) returned to AndreaBsAs
AndreaBsAs collected $1 from pot
*** SUMMARY ***
Total pot $1 | Rake $0 
Seat 4: michasia
Seat 1: coeeeelho (button) folded before Flop (didn't bet)
Seat 2: IKnowThatFel (small blind) folded before Flop
Seat 3: AndreaBsAs (big blind) collected ($1)
Seat 5: BoyLoc0 folded before Flop (didn't bet)
Seat 6: dann_lolo folded before Flop (didn't bet)



PokerStars Hand #254472442829:  Hold'em No Limit ($0.50/$1.00 USD) - 2025/01/20 19:44:59 WET [2025/01/20 14:44:59 ET]
Table 'Saga IV' 6-max Seat #2 is the button
Seat 1: coeeeelho ($210.14 in chips) 
Seat 2: IKnowThatFel ($100 in chips) 
Seat 3: AndreaBsAs ($107.68 in chips) 
Seat 4: michasia ($120.92 in chips) 
Seat 5: BoyLoc0 ($100 in chips) 
Seat 6: dann_lolo ($447.84 in chips) 
AndreaBsAs: posts small blind $0.50
michasia: posts big blind $1
*** HOLE CARDS ***
BoyLoc0: folds 
dann_lolo: raises $2 to $3
coeeeelho: folds 
IKnowThatFel: folds 
AndreaBsAs: folds 
michasia: raises $8.50 to $11.50
dann_lolo: folds 
Uncalled bet ($8.50) returned to michasia
michasia collected $6.50 from pot
michasia: doesn't show hand 
*** SUMMARY ***
Total pot $6.50 | Rake $0 
Seat 1: coeeeelho folded before Flop (didn't bet)
Seat 2: IKnowThatFel (button) folded before Flop (didn't bet)
Seat 3: AndreaBsAs (small blind) folded before Flop
Seat 4: michasia (big blind) collected ($6.50)
Seat 5: BoyLoc0 folded before Flop (didn't bet)
Seat 6: dann_lolo folded before Flop



PokerStars Hand #254472450561:  Hold'em No Limit ($0.50/$1.00 USD) - 2025/01/20 19:45:24 WET [2025/01/20 14:45:24 ET]
Table 'Saga IV' 6-max Seat #3 is the button
Seat 1: coeeeelho ($210.14 in chips) 
Seat 2: IKnowThatFel ($100 in chips) 
Seat 3: AndreaBsAs ($107.18 in chips) 
Seat 4: michasia ($124.42 in chips) 
Seat 5: BoyLoc0 ($100 in chips) 
Seat 6: dann_lolo ($444.84 in chips) 
michasia: posts small blind $0.50
BoyLoc0: posts big blind $1
*** HOLE CARDS ***
dann_lolo: folds 
coeeeelho: raises $1.20 to $2.20
IKnowThatFel: folds 
AndreaBsAs: folds 
michasia: folds 
BoyLoc0: calls $1.20
*** FLOP *** [9s 7c 2h]
BoyLoc0: checks 
coeeeelho: bets $3.50
BoyLoc0: folds 
Uncalled bet ($3.50) returned to coeeeelho
coeeeelho collected $4.66 from pot
*** SUMMARY ***
Total pot $4.90 | Rake $0.24 
Board [9s 7c 2h]
Seat 1: coeeeelho collected ($4.66)
Seat 2: IKnowThatFel folded before Flop (didn't bet)
Seat 3: AndreaBsAs (button) folded before Flop (didn't bet)
Seat 4: michasia (small blind) folded before Flop
Seat 5: BoyLoc0 (big blind) folded on the Flop
Seat 6: dann_lolo folded before Flop (didn't bet)



PokerStars Hand #254472459188:  Hold'em No Limit ($0.50/$1.00 USD) - 2025/01/20 19:45:53 WET [2025/01/20 14:45:53 ET]
Table 'Saga IV' 6-max Seat #4 is the button
Seat 1: coeeeelho ($212.60 in chips) 
Seat 2: IKnowThatFel ($100 in chips) 
Seat 3: AndreaBsAs ($107.18 in chips) 
Seat 4: michasia ($123.92 in chips) 
Seat 5: BoyLoc0 ($100 in chips) 
Seat 6: dann_lolo ($444.84 in chips) 
BoyLoc0: posts small blind $0.50
dann_lolo: posts big blind $1
*** HOLE CARDS ***
coeeeelho: folds 
IKnowThatFel: folds 
AndreaBsAs: folds 
michasia: raises $1.80 to $2.80
BoyLoc0: folds 
dann_lolo: calls $1.80
*** FLOP *** [3d Kd 4d]
dann_lolo: checks 
michasia: bets $3.87
dann_lolo: folds 
Uncalled bet ($3.87) returned to michasia
michasia collected $5.80 from pot
michasia: doesn't show hand 
*** SUMMARY ***
Total pot $6.10 | Rake $0.30 
Board [3d Kd 4d]
Seat 1: coeeeelho folded before Flop (didn't bet)
Seat 2: IKnowThatFel folded before Flop (didn't bet)
Seat 3: AndreaBsAs folded before Flop (didn't bet)
Seat 4: michasia (button) collected ($5.80)
Seat 5: BoyLoc0 (small blind) folded before Flop
Seat 6: dann_lolo (big blind) folded on the Flop



PokerStars Hand #254472465219:  Hold'em No Limit ($0.50/$1.00 USD) - 2025/01/20 19:46:12 WET [2025/01/20 14:46:12 ET]
Table 'Saga IV' 6-max Seat #5 is the button
Seat 1: coeeeelho ($212.60 in chips) 
Seat 2: IKnowThatFel ($100 in chips) 
Seat 3: AndreaBsAs ($107.18 in chips) 
Seat 4: michasia ($126.92 in chips) 
Seat 5: BoyLoc0 ($100 in chips) 
Seat 6: dann_lolo ($442.04 in chips) 
dann_lolo: posts small blind $0.50
coeeeelho: posts big blind $1
*** HOLE CARDS ***
IKnowThatFel: folds 
AndreaBsAs: folds 
michasia: folds 
BoyLoc0: raises $1.50 to $2.50
dann_lolo: folds 
coeeeelho: calls $1.50
*** FLOP *** [7s Ts 9d]
coeeeelho: checks 
BoyLoc0: bets $1.72
coeeeelho: calls $1.72
*** TURN *** [7s Ts 9d] [6h]
coeeeelho: checks 
BoyLoc0: bets $6.37
coeeeelho: folds 
Uncalled bet ($6.37) returned to BoyLoc0
BoyLoc0 collected $8.49 from pot
BoyLoc0: doesn't show hand 
*** SUMMARY ***
Total pot $8.94 | Rake $0.45 
Board [7s Ts 9d 6h]
Seat 1: coeeeelho (big blind) folded on the Turn
Seat 2: IKnowThatFel folded before Flop (didn't bet)
Seat 3: AndreaBsAs folded before Flop (didn't bet)
Seat 4: michasia folded before Flop (didn't bet)
Seat 5: BoyLoc0 (button) collected ($8.49)
Seat 6: dann_lolo (small blind) folded before Flop



PokerStars Hand #254472476886:  Hold'em No Limit ($0.50/$1.00 USD) - 2025/01/20 19:46:51 WET [2025/01/20 14:46:51 ET]
Table 'Saga IV' 6-max Seat #6 is the button
Seat 1: coeeeelho ($208.38 in chips) 
Seat 2: IKnowThatFel ($100 in chips) 
Seat 3: AndreaBsAs ($107.18 in chips) 
Seat 4: michasia ($126.92 in chips) 
Seat 5: BoyLoc0 ($104.27 in chips) 
Seat 6: dann_lolo ($441.54 in chips) 
coeeeelho: posts small blind $0.50
IKnowThatFel: posts big blind $1
*** HOLE CARDS ***
AndreaBsAs: folds 
michasia: folds 
BoyLoc0: raises $1.50 to $2.50
dann_lolo: folds 
coeeeelho: folds 
IKnowThatFel: calls $1.50
*** FLOP *** [Js Qh 7c]
IKnowThatFel: checks 
BoyLoc0: bets $1.72
IKnowThatFel: calls $1.72
*** TURN *** [Js Qh 7c] [6s]
IKnowThatFel: checks 
BoyLoc0: bets $12.74
IKnowThatFel: folds 
Uncalled bet ($12.74) returned to BoyLoc0
BoyLoc0 collected $8.49 from pot
BoyLoc0: doesn't show hand 
*** SUMMARY ***
Total pot $8.94 | Rake $0.45 
Board [Js Qh 7c 6s]
Seat 1: coeeeelho (small blind) folded before Flop
Seat 2: IKnowThatFel (big blind) folded on the Turn
Seat 3: AndreaBsAs folded before Flop (didn't bet)
Seat 4: michasia folded before Flop (didn't bet)
Seat 5: BoyLoc0 collected ($8.49)
Seat 6: dann_lolo (button) folded before Flop (didn't bet)



PokerStars Hand #254472496124:  Hold'em No Limit ($0.50/$1.00 USD) - 2025/01/20 19:47:54 WET [2025/01/20 14:47:54 ET]
Table 'Saga IV' 6-max Seat #1 is the button
Seat 1: coeeeelho ($207.88 in chips) 
Seat 2: IKnowThatFel ($100 in chips) 
Seat 3: AndreaBsAs ($107.18 in chips) 
Seat 4: michasia ($126.92 in chips) 
Seat 5: BoyLoc0 ($108.54 in chips) 
Seat 6: dann_lolo ($441.54 in chips) 
IKnowThatFel: posts small blind $0.50
AndreaBsAs: posts big blind $1
*** HOLE CARDS ***
michasia: folds 
BoyLoc0: folds 
dann_lolo: folds 
coeeeelho: folds 
IKnowThatFel: folds 
Uncalled bet ($0.50) returned to AndreaBsAs
AndreaBsAs collected $1 from pot
*** SUMMARY ***
Total pot $1 | Rake $0 
Seat 1: coeeeelho (button) folded before Flop (didn't bet)
Seat 2: IKnowThatFel (small blind) folded before Flop
Seat 3: AndreaBsAs (big blind) collected ($1)
Seat 4: michasia folded before Flop (didn't bet)
Seat 5: BoyLoc0 folded before Flop (didn't bet)
Seat 6: dann_lolo folded before Flop (didn't bet)



PokerStars Hand #254472505289:  Hold'em No Limit ($0.50/$1.00 USD) - 2025/01/20 19:48:24 WET [2025/01/20 14:48:24 ET]
Table 'Saga IV' 6-max Seat #2 is the button
Seat 1: coeeeelho ($207.88 in chips) 
Seat 2: IKnowThatFel ($100 in chips) 
Seat 3: AndreaBsAs ($107.68 in chips) 
Seat 4: michasia ($126.92 in chips) 
Seat 5: BoyLoc0 ($108.54 in chips) 
Seat 6: dann_lolo ($441.54 in chips) 
AndreaBsAs: posts small blind $0.50
michasia: posts big blind $1
*** HOLE CARDS ***
BoyLoc0: raises $1.50 to $2.50
dann_lolo: folds 
coeeeelho: folds 
IKnowThatFel: folds 
AndreaBsAs: folds 
michasia: folds 
Uncalled bet ($1.50) returned to BoyLoc0
BoyLoc0 collected $2.50 from pot
BoyLoc0: doesn't show hand 
*** SUMMARY ***
Total pot $2.50 | Rake $0 
Seat 1: coeeeelho folded before Flop (didn't bet)
Seat 2: IKnowThatFel (button) folded before Flop (didn't bet)
Seat 3: AndreaBsAs (small blind) folded before Flop
Seat 4: michasia (big blind) folded before Flop
Seat 5: BoyLoc0 collected ($2.50)
Seat 6: dann_lolo folded before Flop (didn't bet)



PokerStars Hand #254472510395:  Hold'em No Limit ($0.50/$1.00 USD) - 2025/01/20 19:48:41 WET [2025/01/20 14:48:41 ET]
Table 'Saga IV' 6-max Seat #3 is the button
Seat 1: coeeeelho ($207.88 in chips) 
Seat 2: IKnowThatFel ($100 in chips) 
Seat 3: AndreaBsAs ($107.18 in chips) 
Seat 4: michasia ($125.92 in chips) 
Seat 5: BoyLoc0 ($110.04 in chips) 
Seat 6: dann_lolo ($441.54 in chips) 
michasia: posts small blind $0.50
BoyLoc0: posts big blind $1
*** HOLE CARDS ***
dann_lolo: folds 
coeeeelho: raises $1.20 to $2.20
IKnowThatFel: folds 
AndreaBsAs: folds 
michasia: folds 
BoyLoc0: folds 
Uncalled bet ($1.20) returned to coeeeelho
coeeeelho collected $2.50 from pot
*** SUMMARY ***
Total pot $2.50 | Rake $0 
Seat 1: coeeeelho collected ($2.50)
Seat 2: IKnowThatFel folded before Flop (didn't bet)
Seat 3: AndreaBsAs (button) folded before Flop (didn't bet)
Seat 4: michasia (small blind) folded before Flop
Seat 5: BoyLoc0 (big blind) folded before Flop
Seat 6: dann_lolo folded before Flop (didn't bet)



PokerStars Hand #254472516812:  Hold'em No Limit ($0.50/$1.00 USD) - 2025/01/20 19:49:01 WET [2025/01/20 14:49:01 ET]
Table 'Saga IV' 6-max Seat #4 is the button
Seat 1: coeeeelho ($209.38 in chips) 
Seat 2: IKnowThatFel ($100 in chips) 
Seat 3: AndreaBsAs ($107.18 in chips) 
Seat 4: michasia ($125.42 in chips) 
Seat 5: BoyLoc0 ($109.04 in chips) 
Seat 6: dann_lolo ($441.54 in chips) 
BoyLoc0: posts small blind $0.50
dann_lolo: posts big blind $1
*** HOLE CARDS ***
coeeeelho: folds 
IKnowThatFel: raises $1.50 to $2.50
AndreaBsAs: folds 
michasia: folds 
BoyLoc0: folds 
dann_lolo: folds 
Uncalled bet ($1.50) returned to IKnowThatFel
IKnowThatFel collected $2.50 from pot
IKnowThatFel: doesn't show hand 
*** SUMMARY ***
Total pot $2.50 | Rake $0 
Seat 1: coeeeelho folded before Flop (didn't bet)
Seat 2: IKnowThatFel collected ($2.50)
Seat 3: AndreaBsAs folded before Flop (didn't bet)
Seat 4: michasia (button) folded before Flop (didn't bet)
Seat 5: BoyLoc0 (small blind) folded before Flop
Seat 6: dann_lolo (big blind) folded before Flop



