PokerStars Hand #254472175258:  Hold'em No Limit ($0.50/$1.00 USD) - 2025/01/20 19:30:04 WET [2025/01/20 14:30:04 ET]
Table 'Michel IV' 6-max Seat #5 is the button
Seat 1: gudrozd ($105.50 in chips) 
Seat 2: Gfoer ($100 in chips) 
Seat 3: CichiChanMarian ($100 in chips) 
Seat 4: Ariel_Amestica ($76.30 in chips) 
Seat 5: app1e_j@ck ($107.12 in chips) 
Seat 6: Alinyr ($100 in chips) 
Alinyr: posts small blind $0.50
gudrozd: posts big blind $1
*** HOLE CARDS ***
Gfoer: folds 
CichiChanMarian: folds 
Ariel_Amestica: folds 
app1e_j@ck: raises $1.50 to $2.50
Gfoer leaves the table
Alinyr: raises $9.50 to $12
gudrozd: folds 
app1e_j@ck: folds 
Uncalled bet ($9.50) returned to Alinyr
Alinyr collected $6 from pot
Alinyr: doesn't show hand 
*** SUMMARY ***
Total pot $6 | Rake $0 
Seat 1: gudrozd (big blind) folded before Flop
Seat 2: Gfoer folded before Flop (didn't bet)
Seat 3: CichiChanMarian folded before Flop (didn't bet)
Seat 4: Ariel_Amestica folded before Flop (didn't bet)
Seat 5: app1e_j@ck (button) folded before Flop
Seat 6: Alinyr (small blind) collected ($6)



PokerStars Hand #254472184128:  Hold'em No Limit ($0.50/$1.00 USD) - 2025/01/20 19:30:34 WET [2025/01/20 14:30:34 ET]
Table 'Michel IV' 6-max Seat #6 is the button
Seat 1: gudrozd ($104.50 in chips) 
Seat 3: CichiChanMarian ($100 in chips) 
Seat 4: Ariel_Amestica ($76.30 in chips) 
Seat 5: app1e_j@ck ($104.62 in chips) 
Seat 6: Alinyr ($103.50 in chips) 
gudrozd: posts small blind $0.50
CichiChanMarian: posts big blind $1
*** HOLE CARDS ***
Ariel_Amestica: folds 
app1e_j@ck: folds 
Alinyr: folds 
gudrozd: raises $2 to $3
CichiChanMarian: folds 
Uncalled bet ($2) returned to gudrozd
gudrozd collected $2 from pot
gudrozd: doesn't show hand 
Rdalonso joins the table at seat #2 
*** SUMMARY ***
Total pot $2 | Rake $0 
Seat 1: gudrozd (small blind) collected ($2)
Seat 3: CichiChanMarian (big blind) folded before Flop
Seat 4: Ariel_Amestica folded before Flop (didn't bet)
Seat 5: app1e_j@ck folded before Flop (didn't bet)
Seat 6: Alinyr (button) folded before Flop (didn't bet)



PokerStars Hand #254472187825:  Hold'em No Limit ($0.50/$1.00 USD) - 2025/01/20 19:30:47 WET [2025/01/20 14:30:47 ET]
Table 'Michel IV' 6-max Seat #1 is the button
Seat 2: Rdalonso ($100 in chips) is sitting out
Seat 1: gudrozd ($105.50 in chips) 
Seat 3: CichiChanMarian ($100 in chips) 
Seat 4: Ariel_Amestica ($76.30 in chips) 
Seat 5: app1e_j@ck ($104.62 in chips) 
Seat 6: Alinyr ($103.50 in chips) 
CichiChanMarian: posts small blind $0.50
Ariel_Amestica: posts big blind $1
*** HOLE CARDS ***
app1e_j@ck: folds 
Alinyr: folds 
gudrozd: folds 
CichiChanMarian: folds 
Uncalled bet ($0.50) returned to Ariel_Amestica
Ariel_Amestica collected $1 from pot
*** SUMMARY ***
Total pot $1 | Rake $0 
Seat 2: Rdalonso
Seat 1: gudrozd (button) folded before Flop (didn't bet)
Seat 3: CichiChanMarian (small blind) folded before Flop
Seat 4: Ariel_Amestica (big blind) collected ($1)
Seat 5: app1e_j@ck folded before Flop (didn't bet)
Seat 6: Alinyr folded before Flop (didn't bet)



PokerStars Hand #254472192413:  Hold'em No Limit ($0.50/$1.00 USD) - 2025/01/20 19:31:03 WET [2025/01/20 14:31:03 ET]
Table 'Michel IV' 6-max Seat #3 is the button
Seat 2: Rdalonso ($100 in chips) is sitting out
Seat 5: app1e_j@ck ($104.62 in chips) is sitting out
Seat 1: gudrozd ($105.50 in chips) 
Seat 3: CichiChanMarian ($100 in chips) 
Seat 4: Ariel_Amestica ($76.80 in chips) 
Seat 6: Alinyr ($103.50 in chips) 
Ariel_Amestica: posts small blind $0.50
app1e_j@ck: is sitting out 
Alinyr: posts big blind $1
Rdalonso: sits out 
*** HOLE CARDS ***
gudrozd: folds 
CichiChanMarian: raises $1.50 to $2.50
Ariel_Amestica: folds 
Alinyr: calls $1.50
*** FLOP *** [3s 7h 4s]
Alinyr: checks 
CichiChanMarian: checks 
*** TURN *** [3s 7h 4s] [5c]
Alinyr: checks 
CichiChanMarian: checks 
*** RIVER *** [3s 7h 4s 5c] [Kd]
gudrozd leaves the table
app1e_j@ck leaves the table
Alinyr: checks 
CichiChanMarian: checks 
*** SHOW DOWN ***
Alinyr: shows [8s 8c] (a pair of Eights)
CichiChanMarian: shows [Kc Js] (a pair of Kings)
CichiChanMarian collected $5.22 from pot
*** SUMMARY ***
Total pot $5.50 | Rake $0.28 
Board [3s 7h 4s 5c Kd]
Seat 2: Rdalonso
Seat 5: app1e_j@ck
Seat 1: gudrozd folded before Flop (didn't bet)
Seat 3: CichiChanMarian (button) showed [Kc Js] and won ($5.22) with a pair of Kings
Seat 4: Ariel_Amestica (small blind) folded before Flop
Seat 6: Alinyr (big blind) showed [8s 8c] and lost with a pair of Eights



PokerStars Hand #254472208116:  Hold'em No Limit ($0.50/$1.00 USD) - 2025/01/20 19:31:56 WET [2025/01/20 14:31:56 ET]
Table 'Michel IV' 6-max Seat #4 is the button
Seat 2: Rdalonso ($100 in chips) 
Seat 3: CichiChanMarian ($102.72 in chips) 
Seat 4: Ariel_Amestica ($76.30 in chips) 
Seat 6: Alinyr ($101 in chips) 
Alinyr: posts small blind $0.50
Rdalonso: posts big blind $1
*** HOLE CARDS ***
CichiChanMarian: folds 
Ariel_Amestica: raises $1 to $2
Alinyr: folds 
IKnowThatFel joins the table at seat #5 
reiyser joins the table at seat #1 
Rdalonso: calls $1
*** FLOP *** [8c 5d Jd]
Rdalonso: checks 
Ariel_Amestica: bets $6.28
Rdalonso: folds 
Uncalled bet ($6.28) returned to Ariel_Amestica
Ariel_Amestica collected $4.28 from pot
*** SUMMARY ***
Total pot $4.50 | Rake $0.22 
Board [8c 5d Jd]
Seat 2: Rdalonso (big blind) folded on the Flop
Seat 3: CichiChanMarian folded before Flop (didn't bet)
Seat 4: Ariel_Amestica (button) collected ($4.28)
Seat 6: Alinyr (small blind) folded before Flop



PokerStars Hand #254472216493:  Hold'em No Limit ($0.50/$1.00 USD) - 2025/01/20 19:32:24 WET [2025/01/20 14:32:24 ET]
Table 'Michel IV' 6-max Seat #6 is the button
Seat 1: reiyser ($100 in chips) is sitting out
Seat 5: IKnowThatFel ($100 in chips) is sitting out
Seat 2: Rdalonso ($100 in chips) 
Seat 3: CichiChanMarian ($102.72 in chips) 
Seat 4: Ariel_Amestica ($78.58 in chips) 
Seat 6: Alinyr ($100.50 in chips) 
Rdalonso: posts small blind $0.50
CichiChanMarian: posts big blind $1
IKnowThatFel: sits out 
*** HOLE CARDS ***
Ariel_Amestica: folds 
Alinyr: raises $1.50 to $2.50
Rdalonso: folds 
CichiChanMarian: calls $1.50
*** FLOP *** [3d 8s 4s]
CichiChanMarian: checks 
Alinyr: checks 
*** TURN *** [3d 8s 4s] [Qh]
CichiChanMarian: bets $3.92
Alinyr: folds 
Uncalled bet ($3.92) returned to CichiChanMarian
CichiChanMarian collected $5.22 from pot
CichiChanMarian: doesn't show hand 
*** SUMMARY ***
Total pot $5.50 | Rake $0.28 
Board [3d 8s 4s Qh]
Seat 1: reiyser
Seat 5: IKnowThatFel
Seat 2: Rdalonso (small blind) folded before Flop
Seat 3: CichiChanMarian (big blind) collected ($5.22)
Seat 4: Ariel_Amestica folded before Flop (didn't bet)
Seat 6: Alinyr (button) folded on the Turn



PokerStars Hand #254472229808:  Hold'em No Limit ($0.50/$1.00 USD) - 2025/01/20 19:33:09 WET [2025/01/20 14:33:09 ET]
Table 'Michel IV' 6-max Seat #2 is the button
Seat 1: reiyser ($100 in chips) is sitting out
Seat 5: IKnowThatFel ($100 in chips) is sitting out
Seat 2: Rdalonso ($100 in chips) 
Seat 3: CichiChanMarian ($105.44 in chips) 
Seat 4: Ariel_Amestica ($78.58 in chips) 
Seat 6: Alinyr ($100 in chips) 
CichiChanMarian: posts small blind $0.50
Ariel_Amestica: posts big blind $1
IKnowThatFel: sits out 
reiyser: sits out 
*** HOLE CARDS ***
Alinyr: folds 
Rdalonso: raises $1.50 to $2.50
CichiChanMarian: raises $10 to $12.50
Ariel_Amestica: folds 
Rdalonso: folds 
Uncalled bet ($10) returned to CichiChanMarian
CichiChanMarian collected $6 from pot
CichiChanMarian: doesn't show hand 
*** SUMMARY ***
Total pot $6 | Rake $0 
Seat 1: reiyser
Seat 5: IKnowThatFel
Seat 2: Rdalonso (button) folded before Flop
Seat 3: CichiChanMarian (small blind) collected ($6)
Seat 4: Ariel_Amestica (big blind) folded before Flop
Seat 6: Alinyr folded before Flop (didn't bet)



PokerStars Hand #254472234581:  Hold'em No Limit ($0.50/$1.00 USD) - 2025/01/20 19:33:25 WET [2025/01/20 14:33:25 ET]
Table 'Michel IV' 6-max Seat #3 is the button
Seat 1: reiyser ($100 in chips) is sitting out
Seat 2: Rdalonso ($100 in chips) 
Seat 3: CichiChanMarian ($108.94 in chips) 
Seat 4: Ariel_Amestica ($77.58 in chips) 
Seat 5: IKnowThatFel ($100 in chips) 
Seat 6: Alinyr ($100 in chips) 
Ariel_Amestica: posts small blind $0.50
IKnowThatFel: posts big blind $1
reiyser: sits out 
*** HOLE CARDS ***
Alinyr: folds 
Rdalonso: folds 
CichiChanMarian: folds 
Ariel_Amestica: raises $1 to $2
IKnowThatFel: calls $1
*** FLOP *** [8s 9s Jd]
Ariel_Amestica: bets $4.80
IKnowThatFel: folds 
Uncalled bet ($4.80) returned to Ariel_Amestica
Ariel_Amestica collected $3.80 from pot
*** SUMMARY ***
Total pot $4 | Rake $0.20 
Board [8s 9s Jd]
Seat 1: reiyser
Seat 2: Rdalonso folded before Flop (didn't bet)
Seat 3: CichiChanMarian (button) folded before Flop (didn't bet)
Seat 4: Ariel_Amestica (small blind) collected ($3.80)
Seat 5: IKnowThatFel (big blind) folded on the Flop
Seat 6: Alinyr folded before Flop (didn't bet)



PokerStars Hand #254472244504:  Hold'em No Limit ($0.50/$1.00 USD) - 2025/01/20 19:33:58 WET [2025/01/20 14:33:58 ET]
Table 'Michel IV' 6-max Seat #4 is the button
Seat 6: Alinyr ($100 in chips) is sitting out
Seat 1: reiyser ($100 in chips) 
Seat 2: Rdalonso ($100 in chips) 
Seat 3: CichiChanMarian ($108.94 in chips) 
Seat 4: Ariel_Amestica ($79.38 in chips) 
Seat 5: IKnowThatFel ($100 in chips) 
IKnowThatFel: posts small blind $0.50
Alinyr: is sitting out 
reiyser: posts big blind $1
*** HOLE CARDS ***
Rdalonso: folds 
CichiChanMarian: folds 
Alinyr leaves the table
Ariel_Amestica: raises $1 to $2
IKnowThatFel: folds 
reiyser: folds 
Uncalled bet ($1) returned to Ariel_Amestica
Ariel_Amestica collected $2.50 from pot
*** SUMMARY ***
Total pot $2.50 | Rake $0 
Seat 6: Alinyr
Seat 1: reiyser (big blind) folded before Flop
Seat 2: Rdalonso folded before Flop (didn't bet)
Seat 3: CichiChanMarian folded before Flop (didn't bet)
Seat 4: Ariel_Amestica (button) collected ($2.50)
Seat 5: IKnowThatFel (small blind) folded before Flop



PokerStars Hand #254472248859:  Hold'em No Limit ($0.50/$1.00 USD) - 2025/01/20 19:34:13 WET [2025/01/20 14:34:13 ET]
Table 'Michel IV' 6-max Seat #5 is the button
Seat 1: reiyser ($100 in chips) 
Seat 2: Rdalonso ($100 in chips) 
Seat 3: CichiChanMarian ($108.94 in chips) 
Seat 4: Ariel_Amestica ($80.88 in chips) 
Seat 5: IKnowThatFel ($100 in chips) 
reiyser: posts small blind $0.50
Rdalonso: posts big blind $1
*** HOLE CARDS ***
CichiChanMarian: folds 
Ariel_Amestica: folds 
IKnowThatFel: raises $1.50 to $2.50
reiyser: folds 
Rdalonso: folds 
Uncalled bet ($1.50) returned to IKnowThatFel
IKnowThatFel collected $2.50 from pot
IKnowThatFel: doesn't show hand 
*** SUMMARY ***
Total pot $2.50 | Rake $0 
Seat 1: reiyser (small blind) folded before Flop
Seat 2: Rdalonso (big blind) folded before Flop
Seat 3: CichiChanMarian folded before Flop (didn't bet)
Seat 4: Ariel_Amestica folded before Flop (didn't bet)
Seat 5: IKnowThatFel (button) collected ($2.50)



PokerStars Hand #254472254803:  Hold'em No Limit ($0.50/$1.00 USD) - 2025/01/20 19:34:33 WET [2025/01/20 14:34:33 ET]
Table 'Michel IV' 6-max Seat #1 is the button
Seat 1: reiyser ($100 in chips) 
Seat 2: Rdalonso ($100 in chips) 
Seat 3: CichiChanMarian ($108.94 in chips) 
Seat 4: Ariel_Amestica ($80.88 in chips) 
Seat 5: IKnowThatFel ($101.50 in chips) 
Rdalonso: posts small blind $0.50
CichiChanMarian: posts big blind $1
*** HOLE CARDS ***
Ariel_Amestica: raises $1 to $2
IKnowThatFel: folds 
reiyser: folds 
Rdalonso: folds 
CichiChanMarian: folds 
Uncalled bet ($1) returned to Ariel_Amestica
Ariel_Amestica collected $2.50 from pot
*** SUMMARY ***
Total pot $2.50 | Rake $0 
Seat 1: reiyser (button) folded before Flop (didn't bet)
Seat 2: Rdalonso (small blind) folded before Flop
Seat 3: CichiChanMarian (big blind) folded before Flop
Seat 4: Ariel_Amestica collected ($2.50)
Seat 5: IKnowThatFel folded before Flop (didn't bet)



PokerStars Hand #254472260099:  Hold'em No Limit ($0.50/$1.00 USD) - 2025/01/20 19:34:50 WET [2025/01/20 14:34:50 ET]
Table 'Michel IV' 6-max Seat #2 is the button
Seat 1: reiyser ($100 in chips) 
Seat 2: Rdalonso ($100 in chips) 
Seat 3: CichiChanMarian ($107.94 in chips) 
Seat 4: Ariel_Amestica ($82.38 in chips) 
Seat 5: IKnowThatFel ($101.50 in chips) 
CichiChanMarian: posts small blind $0.50
Ariel_Amestica: posts big blind $1
*** HOLE CARDS ***
IKnowThatFel: raises $1.50 to $2.50
reiyser: folds 
Rdalonso: folds 
CichiChanMarian: folds 
Ariel_Amestica: folds 
Uncalled bet ($1.50) returned to IKnowThatFel
IKnowThatFel collected $2.50 from pot
IKnowThatFel: doesn't show hand 
whlzor joins the table at seat #6 
*** SUMMARY ***
Total pot $2.50 | Rake $0 
Seat 1: reiyser folded before Flop (didn't bet)
Seat 2: Rdalonso (button) folded before Flop (didn't bet)
Seat 3: CichiChanMarian (small blind) folded before Flop
Seat 4: Ariel_Amestica (big blind) folded before Flop
Seat 5: IKnowThatFel collected ($2.50)



PokerStars Hand #254472265262:  Hold'em No Limit ($0.50/$1.00 USD) - 2025/01/20 19:35:08 WET [2025/01/20 14:35:08 ET]
Table 'Michel IV' 6-max Seat #3 is the button
Seat 6: whlzor ($100 in chips) is sitting out
Seat 1: reiyser ($100 in chips) 
Seat 2: Rdalonso ($100 in chips) 
Seat 3: CichiChanMarian ($107.44 in chips) 
Seat 4: Ariel_Amestica ($81.38 in chips) 
Seat 5: IKnowThatFel ($103 in chips) 
Ariel_Amestica: posts small blind $0.50
IKnowThatFel: posts big blind $1
whlzor: sits out 
*** HOLE CARDS ***
reiyser: folds 
Rdalonso: raises $1.50 to $2.50
CichiChanMarian: folds 
Ariel_Amestica: folds 
IKnowThatFel: folds 
Uncalled bet ($1.50) returned to Rdalonso
Rdalonso collected $2.50 from pot
Rdalonso: doesn't show hand 
*** SUMMARY ***
Total pot $2.50 | Rake $0 
Seat 6: whlzor
Seat 1: reiyser folded before Flop (didn't bet)
Seat 2: Rdalonso collected ($2.50)
Seat 3: CichiChanMarian (button) folded before Flop (didn't bet)
Seat 4: Ariel_Amestica (small blind) folded before Flop
Seat 5: IKnowThatFel (big blind) folded before Flop



PokerStars Hand #254472271136:  Hold'em No Limit ($0.50/$1.00 USD) - 2025/01/20 19:35:27 WET [2025/01/20 14:35:27 ET]
Table 'Michel IV' 6-max Seat #4 is the button
Seat 1: reiyser ($100 in chips) 
Seat 2: Rdalonso ($101.50 in chips) 
Seat 3: CichiChanMarian ($107.44 in chips) 
Seat 4: Ariel_Amestica ($80.88 in chips) 
Seat 5: IKnowThatFel ($102 in chips) 
Seat 6: whlzor ($100 in chips) 
IKnowThatFel: posts small blind $0.50
whlzor: posts big blind $1
*** HOLE CARDS ***
reiyser: folds 
Rdalonso: folds 
CichiChanMarian: folds 
Ariel_Amestica: raises $1 to $2
IKnowThatFel: folds 
whlzor: folds 
Uncalled bet ($1) returned to Ariel_Amestica
Ariel_Amestica collected $2.50 from pot
*** SUMMARY ***
Total pot $2.50 | Rake $0 
Seat 1: reiyser folded before Flop (didn't bet)
Seat 2: Rdalonso folded before Flop (didn't bet)
Seat 3: CichiChanMarian folded before Flop (didn't bet)
Seat 4: Ariel_Amestica (button) collected ($2.50)
Seat 5: IKnowThatFel (small blind) folded before Flop
Seat 6: whlzor (big blind) folded before Flop



PokerStars Hand #254472277341:  Hold'em No Limit ($0.50/$1.00 USD) - 2025/01/20 19:35:48 WET [2025/01/20 14:35:48 ET]
Table 'Michel IV' 6-max Seat #5 is the button
Seat 1: reiyser ($100 in chips) 
Seat 2: Rdalonso ($101.50 in chips) 
Seat 3: CichiChanMarian ($107.44 in chips) 
Seat 4: Ariel_Amestica ($82.38 in chips) 
Seat 5: IKnowThatFel ($101.50 in chips) 
Seat 6: whlzor ($100 in chips) 
whlzor: posts small blind $0.50
reiyser: posts big blind $1
*** HOLE CARDS ***
Rdalonso: folds 
CichiChanMarian: raises $1.50 to $2.50
Ariel_Amestica: folds 
IKnowThatFel: folds 
whlzor: folds 
reiyser: folds 
Uncalled bet ($1.50) returned to CichiChanMarian
CichiChanMarian collected $2.50 from pot
CichiChanMarian: doesn't show hand 
*** SUMMARY ***
Total pot $2.50 | Rake $0 
Seat 1: reiyser (big blind) folded before Flop
Seat 2: Rdalonso folded before Flop (didn't bet)
Seat 3: CichiChanMarian collected ($2.50)
Seat 4: Ariel_Amestica folded before Flop (didn't bet)
Seat 5: IKnowThatFel (button) folded before Flop (didn't bet)
Seat 6: whlzor (small blind) folded before Flop



PokerStars Hand #254472282478:  Hold'em No Limit ($0.50/$1.00 USD) - 2025/01/20 19:36:06 WET [2025/01/20 14:36:06 ET]
Table 'Michel IV' 6-max Seat #6 is the button
Seat 1: reiyser ($100 in chips) 
Seat 2: Rdalonso ($101.50 in chips) 
Seat 3: CichiChanMarian ($108.94 in chips) 
Seat 4: Ariel_Amestica ($82.38 in chips) 
Seat 5: IKnowThatFel ($101.50 in chips) 
Seat 6: whlzor ($100 in chips) 
reiyser: posts small blind $0.50
Rdalonso: posts big blind $1
*** HOLE CARDS ***
CichiChanMarian: folds 
Ariel_Amestica: folds 
IKnowThatFel: folds 
whlzor: raises $2 to $3
reiyser: folds 
Rdalonso: folds 
Uncalled bet ($2) returned to whlzor
whlzor collected $2.50 from pot
whlzor: doesn't show hand 
*** SUMMARY ***
Total pot $2.50 | Rake $0 
Seat 1: reiyser (small blind) folded before Flop
Seat 2: Rdalonso (big blind) folded before Flop
Seat 3: CichiChanMarian folded before Flop (didn't bet)
Seat 4: Ariel_Amestica folded before Flop (didn't bet)
Seat 5: IKnowThatFel folded before Flop (didn't bet)
Seat 6: whlzor (button) collected ($2.50)



PokerStars Hand #254472287676:  Hold'em No Limit ($0.50/$1.00 USD) - 2025/01/20 19:36:23 WET [2025/01/20 14:36:23 ET]
Table 'Michel IV' 6-max Seat #1 is the button
Seat 1: reiyser ($100 in chips) 
Seat 2: Rdalonso ($100.50 in chips) 
Seat 3: CichiChanMarian ($108.94 in chips) 
Seat 4: Ariel_Amestica ($82.38 in chips) 
Seat 5: IKnowThatFel ($101.50 in chips) 
Seat 6: whlzor ($101.50 in chips) 
Rdalonso: posts small blind $0.50
CichiChanMarian: posts big blind $1
*** HOLE CARDS ***
Ariel_Amestica: folds 
IKnowThatFel: folds 
whlzor: folds 
reiyser: raises $1.23 to $2.23
Rdalonso: folds 
CichiChanMarian: calls $1.23
*** FLOP *** [6c 2c 3c]
CichiChanMarian: checks 
reiyser: checks 
*** TURN *** [6c 2c 3c] [2d]
CichiChanMarian: bets $2.36
reiyser: calls $2.36
*** RIVER *** [6c 2c 3c 2d] [Kh]
CichiChanMarian: bets $12.24
reiyser: folds 
Uncalled bet ($12.24) returned to CichiChanMarian
CichiChanMarian collected $9.20 from pot
CichiChanMarian: doesn't show hand 
*** SUMMARY ***
Total pot $9.68 | Rake $0.48 
Board [6c 2c 3c 2d Kh]
Seat 1: reiyser (button) folded on the River
Seat 2: Rdalonso (small blind) folded before Flop
Seat 3: CichiChanMarian (big blind) collected ($9.20)
Seat 4: Ariel_Amestica folded before Flop (didn't bet)
Seat 5: IKnowThatFel folded before Flop (didn't bet)
Seat 6: whlzor folded before Flop (didn't bet)



PokerStars Hand #254472309482:  Hold'em No Limit ($0.50/$1.00 USD) - 2025/01/20 19:37:36 WET [2025/01/20 14:37:36 ET]
Table 'Michel IV' 6-max Seat #2 is the button
Seat 1: reiyser ($100 in chips) 
Seat 2: Rdalonso ($100 in chips) 
Seat 3: CichiChanMarian ($113.55 in chips) 
Seat 4: Ariel_Amestica ($82.38 in chips) 
Seat 5: IKnowThatFel ($101.50 in chips) 
Seat 6: whlzor ($101.50 in chips) 
CichiChanMarian: posts small blind $0.50
Ariel_Amestica: posts big blind $1
*** HOLE CARDS ***
IKnowThatFel: raises $1.50 to $2.50
whlzor: raises $6 to $8.50
reiyser: raises $11.50 to $20
Rdalonso: folds 
CichiChanMarian: folds 
Ariel_Amestica: folds 
IKnowThatFel: folds 
whlzor: folds 
Uncalled bet ($11.50) returned to reiyser
reiyser collected $21 from pot
reiyser: doesn't show hand 
*** SUMMARY ***
Total pot $21 | Rake $0 
Seat 1: reiyser collected ($21)
Seat 2: Rdalonso (button) folded before Flop (didn't bet)
Seat 3: CichiChanMarian (small blind) folded before Flop
Seat 4: Ariel_Amestica (big blind) folded before Flop
Seat 5: IKnowThatFel folded before Flop
Seat 6: whlzor folded before Flop



PokerStars Hand #254472320402:  Hold'em No Limit ($0.50/$1.00 USD) - 2025/01/20 19:38:12 WET [2025/01/20 14:38:12 ET]
Table 'Michel IV' 6-max Seat #3 is the button
Seat 1: reiyser ($112.50 in chips) 
Seat 2: Rdalonso ($100 in chips) 
Seat 3: CichiChanMarian ($113.05 in chips) 
Seat 4: Ariel_Amestica ($81.38 in chips) 
Seat 5: IKnowThatFel ($100 in chips) 
Seat 6: whlzor ($100 in chips) 
Ariel_Amestica: posts small blind $0.50
IKnowThatFel: posts big blind $1
*** HOLE CARDS ***
whlzor: raises $1.50 to $2.50
reiyser: folds 
Rdalonso: folds 
CichiChanMarian: folds 
Ariel_Amestica: folds 
IKnowThatFel: folds 
Uncalled bet ($1.50) returned to whlzor
whlzor collected $2.50 from pot
whlzor: doesn't show hand 
*** SUMMARY ***
Total pot $2.50 | Rake $0 
Seat 1: reiyser folded before Flop (didn't bet)
Seat 2: Rdalonso folded before Flop (didn't bet)
Seat 3: CichiChanMarian (button) folded before Flop (didn't bet)
Seat 4: Ariel_Amestica (small blind) folded before Flop
Seat 5: IKnowThatFel (big blind) folded before Flop
Seat 6: whlzor collected ($2.50)



PokerStars Hand #254472325048:  Hold'em No Limit ($0.50/$1.00 USD) - 2025/01/20 19:38:28 WET [2025/01/20 14:38:28 ET]
Table 'Michel IV' 6-max Seat #4 is the button
Seat 6: whlzor ($101.50 in chips) is sitting out
Seat 1: reiyser ($112.50 in chips) 
Seat 2: Rdalonso ($100 in chips) 
Seat 3: CichiChanMarian ($113.05 in chips) 
Seat 4: Ariel_Amestica ($80.88 in chips) 
Seat 5: IKnowThatFel ($100 in chips) 
IKnowThatFel: posts small blind $0.50
whlzor: is sitting out 
reiyser: posts big blind $1
*** HOLE CARDS ***
Rdalonso: folds 
whlzor leaves the table
CichiChanMarian: folds 
Ariel_Amestica: raises $1 to $2
IKnowThatFel: folds 
reiyser: calls $1
*** FLOP *** [8s Js As]
reiyser: checks 
Ariel_Amestica: checks 
*** TURN *** [8s Js As] [4d]
reiyser: checks 
Ariel_Amestica: checks 
*** RIVER *** [8s Js As 4d] [Kh]
reiyser: bets $2.23
Ariel_Amestica: folds 
Uncalled bet ($2.23) returned to reiyser
reiyser collected $4.28 from pot
reiyser: doesn't show hand 
nastja336 joins the table at seat #6 
*** SUMMARY ***
Total pot $4.50 | Rake $0.22 
Board [8s Js As 4d Kh]
Seat 6: whlzor
Seat 1: reiyser (big blind) collected ($4.28)
Seat 2: Rdalonso folded before Flop (didn't bet)
Seat 3: CichiChanMarian folded before Flop (didn't bet)
Seat 4: Ariel_Amestica (button) folded on the River
Seat 5: IKnowThatFel (small blind) folded before Flop



PokerStars Hand #254472337156:  Hold'em No Limit ($0.50/$1.00 USD) - 2025/01/20 19:39:08 WET [2025/01/20 14:39:08 ET]
Table 'Michel IV' 6-max Seat #5 is the button
Seat 6: nastja336 ($100 in chips) is sitting out
Seat 1: reiyser ($114.78 in chips) 
Seat 2: Rdalonso ($100 in chips) 
Seat 3: CichiChanMarian ($113.05 in chips) 
Seat 4: Ariel_Amestica ($78.88 in chips) 
Seat 5: IKnowThatFel ($100 in chips) 
reiyser: posts small blind $0.50
Rdalonso: posts big blind $1
*** HOLE CARDS ***
CichiChanMarian: folds 
Ariel_Amestica: folds 
IKnowThatFel: folds 
reiyser: folds 
Uncalled bet ($0.50) returned to Rdalonso
Rdalonso collected $1 from pot
Rdalonso: doesn't show hand 
*** SUMMARY ***
Total pot $1 | Rake $0 
Seat 6: nastja336
Seat 1: reiyser (small blind) folded before Flop
Seat 2: Rdalonso (big blind) collected ($1)
Seat 3: CichiChanMarian folded before Flop (didn't bet)
Seat 4: Ariel_Amestica folded before Flop (didn't bet)
Seat 5: IKnowThatFel (button) folded before Flop (didn't bet)



PokerStars Hand #254472340839:  Hold'em No Limit ($0.50/$1.00 USD) - 2025/01/20 19:39:20 WET [2025/01/20 14:39:20 ET]
Table 'Michel IV' 6-max Seat #1 is the button
Seat 3: CichiChanMarian ($113.05 in chips) is sitting out
Seat 6: nastja336 ($100 in chips) is sitting out
Seat 1: reiyser ($114.28 in chips) 
Seat 2: Rdalonso ($100.50 in chips) 
Seat 4: Ariel_Amestica ($78.88 in chips) 
Seat 5: IKnowThatFel ($100 in chips) 
Rdalonso: posts small blind $0.50
CichiChanMarian: is sitting out 
Ariel_Amestica: posts big blind $1
nastja336: sits out 
*** HOLE CARDS ***
IKnowThatFel: folds 
reiyser: folds 
CichiChanMarian leaves the table
Rdalonso: folds 
Uncalled bet ($0.50) returned to Ariel_Amestica
Ariel_Amestica collected $1 from pot
*** SUMMARY ***
Total pot $1 | Rake $0 
Seat 3: CichiChanMarian
Seat 6: nastja336
Seat 1: reiyser (button) folded before Flop (didn't bet)
Seat 2: Rdalonso (small blind) folded before Flop
Seat 4: Ariel_Amestica (big blind) collected ($1)
Seat 5: IKnowThatFel folded before Flop (didn't bet)



PokerStars Hand #254472344053:  Hold'em No Limit ($0.50/$1.00 USD) - 2025/01/20 19:39:31 WET [2025/01/20 14:39:31 ET]
Table 'Michel IV' 6-max Seat #2 is the button
Seat 6: nastja336 ($100 in chips) is sitting out
Seat 1: reiyser ($114.28 in chips) 
Seat 2: Rdalonso ($100 in chips) 
Seat 4: Ariel_Amestica ($79.38 in chips) 
Seat 5: IKnowThatFel ($100 in chips) 
Ariel_Amestica: posts small blind $0.50
IKnowThatFel: posts big blind $1
nastja336: sits out 
*** HOLE CARDS ***
reiyser: folds 
Rdalonso: folds 
Ariel_Amestica: raises $1 to $2
IKnowThatFel: folds 
Uncalled bet ($1) returned to Ariel_Amestica
Ariel_Amestica collected $2 from pot
*** SUMMARY ***
Total pot $2 | Rake $0 
Seat 6: nastja336
Seat 1: reiyser folded before Flop (didn't bet)
Seat 2: Rdalonso (button) folded before Flop (didn't bet)
Seat 4: Ariel_Amestica (small blind) collected ($2)
Seat 5: IKnowThatFel (big blind) folded before Flop



PokerStars Hand #254472347611:  Hold'em No Limit ($0.50/$1.00 USD) - 2025/01/20 19:39:43 WET [2025/01/20 14:39:43 ET]
Table 'Michel IV' 6-max Seat #4 is the button
Seat 1: reiyser ($114.28 in chips) 
Seat 2: Rdalonso ($100 in chips) 
Seat 4: Ariel_Amestica ($80.38 in chips) 
Seat 5: IKnowThatFel ($100 in chips) 
Seat 6: nastja336 ($100 in chips) 
IKnowThatFel: posts small blind $0.50
nastja336: posts big blind $1
*** HOLE CARDS ***
reiyser: folds 
Rdalonso: folds 
Ariel_Amestica: raises $1 to $2
IKnowThatFel: raises $7 to $9
dann_lolo joins the table at seat #3 
nastja336: folds 
Ariel_Amestica: calls $7
*** FLOP *** [3h Kd 6h]
IKnowThatFel: bets $5.96
Ariel_Amestica: raises $5.96 to $11.92
IKnowThatFel: calls $5.96
*** TURN *** [3h Kd 6h] [8h]
IKnowThatFel: checks 
Ariel_Amestica: bets $59.46 and is all-in
IKnowThatFel: folds 
Uncalled bet ($59.46) returned to Ariel_Amestica
Ariel_Amestica collected $40.70 from pot
*** SUMMARY ***
Total pot $42.84 | Rake $2.14 
Board [3h Kd 6h 8h]
Seat 1: reiyser folded before Flop (didn't bet)
Seat 2: Rdalonso folded before Flop (didn't bet)
Seat 4: Ariel_Amestica (button) collected ($40.70)
Seat 5: IKnowThatFel (small blind) folded on the Turn
Seat 6: nastja336 (big blind) folded before Flop



PokerStars Hand #254472365418:  Hold'em No Limit ($0.50/$1.00 USD) - 2025/01/20 19:40:42 WET [2025/01/20 14:40:42 ET]
Table 'Michel IV' 6-max Seat #5 is the button
Seat 1: reiyser ($114.28 in chips) 
Seat 2: Rdalonso ($100 in chips) 
Seat 3: dann_lolo ($100 in chips) 
Seat 4: Ariel_Amestica ($100.16 in chips) 
Seat 5: IKnowThatFel ($100 in chips) 
Seat 6: nastja336 ($100 in chips) 
nastja336: posts small blind $0.50
reiyser: posts big blind $1
dann_lolo: posts big blind $1
*** HOLE CARDS ***
Rdalonso: folds 
dann_lolo: checks 
Ariel_Amestica: raises $1 to $2
IKnowThatFel: folds 
nastja336: folds 
reiyser: folds 
dann_lolo: calls $1
*** FLOP *** [Js Qc Tc]
dann_lolo: checks 
Ariel_Amestica: checks 
*** TURN *** [Js Qc Tc] [7s]
dann_lolo: checks 
Ariel_Amestica: bets $2
dann_lolo: calls $2
*** RIVER *** [Js Qc Tc 7s] [Jh]
dann_lolo: checks 
Ariel_Amestica: checks 
*** SHOW DOWN ***
dann_lolo: shows [6h Ks] (a pair of Jacks)
Ariel_Amestica: shows [Kh As] (a straight, Ten to Ace)
Ariel_Amestica collected $9.02 from pot
*** SUMMARY ***
Total pot $9.50 | Rake $0.48 
Board [Js Qc Tc 7s Jh]
Seat 1: reiyser (big blind) folded before Flop
Seat 2: Rdalonso folded before Flop (didn't bet)
Seat 3: dann_lolo showed [6h Ks] and lost with a pair of Jacks
Seat 4: Ariel_Amestica showed [Kh As] and won ($9.02) with a straight, Ten to Ace
Seat 5: IKnowThatFel (button) folded before Flop (didn't bet)
Seat 6: nastja336 (small blind) folded before Flop



PokerStars Hand #254472377716:  Hold'em No Limit ($0.50/$1.00 USD) - 2025/01/20 19:41:23 WET [2025/01/20 14:41:23 ET]
Table 'Michel IV' 6-max Seat #6 is the button
Seat 1: reiyser ($113.28 in chips) 
Seat 2: Rdalonso ($100 in chips) 
Seat 3: dann_lolo ($96 in chips) 
Seat 4: Ariel_Amestica ($105.18 in chips) 
Seat 5: IKnowThatFel ($100 in chips) 
Seat 6: nastja336 ($100 in chips) 
reiyser: posts small blind $0.50
Rdalonso: posts big blind $1
*** HOLE CARDS ***
dann_lolo: raises $2 to $3
Ariel_Amestica: folds 
IKnowThatFel: folds 
nastja336: calls $3
reiyser: calls $2.50
Rdalonso: folds 
*** FLOP *** [Kd Ts 4c]
reiyser: checks 
dann_lolo: checks 
nastja336: checks 
*** TURN *** [Kd Ts 4c] [5c]
reiyser: checks 
dann_lolo: checks 
nastja336: checks 
*** RIVER *** [Kd Ts 4c 5c] [7s]
reiyser: bets $4.94
dann_lolo: folds 
nastja336: folds 
Uncalled bet ($4.94) returned to reiyser
reiyser collected $9.50 from pot
reiyser: doesn't show hand 
*** SUMMARY ***
Total pot $10 | Rake $0.50 
Board [Kd Ts 4c 5c 7s]
Seat 1: reiyser (small blind) collected ($9.50)
Seat 2: Rdalonso (big blind) folded before Flop
Seat 3: dann_lolo folded on the River
Seat 4: Ariel_Amestica folded before Flop (didn't bet)
Seat 5: IKnowThatFel folded before Flop (didn't bet)
Seat 6: nastja336 (button) folded on the River



PokerStars Hand #254472399175:  Hold'em No Limit ($0.50/$1.00 USD) - 2025/01/20 19:42:34 WET [2025/01/20 14:42:34 ET]
Table 'Michel IV' 6-max Seat #1 is the button
Seat 1: reiyser ($119.78 in chips) 
Seat 2: Rdalonso ($100 in chips) 
Seat 3: dann_lolo ($97 in chips) 
Seat 4: Ariel_Amestica ($105.18 in chips) 
Seat 5: IKnowThatFel ($100 in chips) 
Seat 6: nastja336 ($100 in chips) 
Rdalonso: posts small blind $0.50
dann_lolo: posts big blind $1
*** HOLE CARDS ***
Ariel_Amestica: folds 
IKnowThatFel: raises $1.50 to $2.50
nastja336: folds 
reiyser: folds 
Rdalonso: folds 
dann_lolo: calls $1.50
*** FLOP *** [7s 6c Qs]
dann_lolo: checks 
IKnowThatFel: bets $2.61
dann_lolo: calls $2.61
*** TURN *** [7s 6c Qs] [4h]
dann_lolo: checks 
IKnowThatFel: bets $15.27
dann_lolo: calls $15.27
*** RIVER *** [7s 6c Qs 4h] [Kc]
dann_lolo: checks 
IKnowThatFel: bets $76
dann_lolo: calls $76
*** SHOW DOWN ***
IKnowThatFel: shows [Ks Qd] (two pair, Kings and Queens)
dann_lolo: mucks hand 
IKnowThatFel collected $190.76 from pot
*** SUMMARY ***
Total pot $193.26 | Rake $2.50 
Board [7s 6c Qs 4h Kc]
Seat 1: reiyser (button) folded before Flop (didn't bet)
Seat 2: Rdalonso (small blind) folded before Flop
Seat 3: dann_lolo (big blind) mucked
Seat 4: Ariel_Amestica folded before Flop (didn't bet)
Seat 5: IKnowThatFel showed [Ks Qd] and won ($190.76) with two pair, Kings and Queens
Seat 6: nastja336 folded before Flop (didn't bet)



PokerStars Hand #254472435983:  Hold'em No Limit ($0.50/$1.00 USD) - 2025/01/20 19:44:36 WET [2025/01/20 14:44:36 ET]
Table 'Michel IV' 6-max Seat #2 is the button
Seat 3: dann_lolo ($0.62 in chips) is sitting out
Seat 1: reiyser ($119.78 in chips) 
Seat 2: Rdalonso ($100 in chips) 
Seat 4: Ariel_Amestica ($105.18 in chips) 
Seat 5: IKnowThatFel ($194.38 in chips) 
Seat 6: nastja336 ($100 in chips) 
Ariel_Amestica: posts small blind $0.50
IKnowThatFel: posts big blind $1
*** HOLE CARDS ***
nastja336: folds 
reiyser: folds 
Rdalonso: folds 
Ariel_Amestica: raises $1 to $2
IKnowThatFel: folds 
Uncalled bet ($1) returned to Ariel_Amestica
Ariel_Amestica collected $2 from pot
*** SUMMARY ***
Total pot $2 | Rake $0 
Seat 3: dann_lolo
Seat 1: reiyser folded before Flop (didn't bet)
Seat 2: Rdalonso (button) folded before Flop (didn't bet)
Seat 4: Ariel_Amestica (small blind) collected ($2)
Seat 5: IKnowThatFel (big blind) folded before Flop
Seat 6: nastja336 folded before Flop (didn't bet)



PokerStars Hand #254472440384:  Hold'em No Limit ($0.50/$1.00 USD) - 2025/01/20 19:44:51 WET [2025/01/20 14:44:51 ET]
Table 'Michel IV' 6-max Seat #4 is the button
Seat 1: reiyser ($119.78 in chips) 
Seat 2: Rdalonso ($100 in chips) 
Seat 3: dann_lolo ($100 in chips) 
Seat 4: Ariel_Amestica ($106.18 in chips) 
Seat 5: IKnowThatFel ($193.38 in chips) 
Seat 6: nastja336 ($100 in chips) 
IKnowThatFel: posts small blind $0.50
nastja336: posts big blind $1
dann_lolo: posts small blind $0.50
*** HOLE CARDS ***
reiyser: raises $1.23 to $2.23
Rdalonso: folds 
dann_lolo: folds 
Ariel_Amestica: folds 
IKnowThatFel: folds 
nastja336: folds 
Uncalled bet ($1.23) returned to reiyser
reiyser collected $3 from pot
reiyser: doesn't show hand 
*** SUMMARY ***
Total pot $3 | Rake $0 
Seat 1: reiyser collected ($3)
Seat 2: Rdalonso folded before Flop (didn't bet)
Seat 3: dann_lolo folded before Flop (didn't bet)
Seat 4: Ariel_Amestica (button) folded before Flop (didn't bet)
Seat 5: IKnowThatFel (small blind) folded before Flop
Seat 6: nastja336 (big blind) folded before Flop



PokerStars Hand #254472445313:  Hold'em No Limit ($0.50/$1.00 USD) - 2025/01/20 19:45:07 WET [2025/01/20 14:45:07 ET]
Table 'Michel IV' 6-max Seat #5 is the button
Seat 1: reiyser ($121.78 in chips) 
Seat 2: Rdalonso ($100 in chips) 
Seat 3: dann_lolo ($99.50 in chips) 
Seat 4: Ariel_Amestica ($106.18 in chips) 
Seat 5: IKnowThatFel ($192.88 in chips) 
Seat 6: nastja336 ($100 in chips) 
nastja336: posts small blind $0.50
reiyser: posts big blind $1
*** HOLE CARDS ***
Rdalonso: folds 
dann_lolo: folds 
Ariel_Amestica: raises $1 to $2
IKnowThatFel: raises $4 to $6
nastja336: folds 
reiyser: folds 
Ariel_Amestica: folds 
Uncalled bet ($4) returned to IKnowThatFel
IKnowThatFel collected $5.50 from pot
IKnowThatFel: doesn't show hand 
*** SUMMARY ***
Total pot $5.50 | Rake $0 
Seat 1: reiyser (big blind) folded before Flop
Seat 2: Rdalonso folded before Flop (didn't bet)
Seat 3: dann_lolo folded before Flop (didn't bet)
Seat 4: Ariel_Amestica folded before Flop
Seat 5: IKnowThatFel (button) collected ($5.50)
Seat 6: nastja336 (small blind) folded before Flop



PokerStars Hand #254472452559:  Hold'em No Limit ($0.50/$1.00 USD) - 2025/01/20 19:45:31 WET [2025/01/20 14:45:31 ET]
Table 'Michel IV' 6-max Seat #6 is the button
Seat 1: reiyser ($120.78 in chips) 
Seat 2: Rdalonso ($100 in chips) 
Seat 3: dann_lolo ($99.50 in chips) 
Seat 4: Ariel_Amestica ($104.18 in chips) 
Seat 5: IKnowThatFel ($196.38 in chips) 
Seat 6: nastja336 ($100 in chips) 
reiyser: posts small blind $0.50
Rdalonso: posts big blind $1
*** HOLE CARDS ***
dann_lolo: raises $2 to $3
Ariel_Amestica: folds 
IKnowThatFel: folds 
nastja336: raises $6 to $9
reiyser: folds 
Rdalonso: folds 
dann_lolo: folds 
Uncalled bet ($6) returned to nastja336
nastja336 collected $7.50 from pot
nastja336: doesn't show hand 
*** SUMMARY ***
Total pot $7.50 | Rake $0 
Seat 1: reiyser (small blind) folded before Flop
Seat 2: Rdalonso (big blind) folded before Flop
Seat 3: dann_lolo folded before Flop
Seat 4: Ariel_Amestica folded before Flop (didn't bet)
Seat 5: IKnowThatFel folded before Flop (didn't bet)
Seat 6: nastja336 (button) collected ($7.50)



PokerStars Hand #254472460080:  Hold'em No Limit ($0.50/$1.00 USD) - 2025/01/20 19:45:56 WET [2025/01/20 14:45:56 ET]
Table 'Michel IV' 6-max Seat #1 is the button
Seat 1: reiyser ($120.28 in chips) 
Seat 2: Rdalonso ($100 in chips) 
Seat 3: dann_lolo ($96.50 in chips) 
Seat 4: Ariel_Amestica ($104.18 in chips) 
Seat 5: IKnowThatFel ($196.38 in chips) 
Seat 6: nastja336 ($104.50 in chips) 
Rdalonso: posts small blind $0.50
dann_lolo: posts big blind $1
*** HOLE CARDS ***
Ariel_Amestica: folds 
IKnowThatFel: folds 
nastja336: folds 
reiyser: raises $1.23 to $2.23
Rdalonso: folds 
dann_lolo: calls $1.23
*** FLOP *** [Tc Kc 6s]
dann_lolo: checks 
reiyser: bets $2.45
dann_lolo: folds 
Uncalled bet ($2.45) returned to reiyser
reiyser collected $4.71 from pot
reiyser: doesn't show hand 
*** SUMMARY ***
Total pot $4.96 | Rake $0.25 
Board [Tc Kc 6s]
Seat 1: reiyser (button) collected ($4.71)
Seat 2: Rdalonso (small blind) folded before Flop
Seat 3: dann_lolo (big blind) folded on the Flop
Seat 4: Ariel_Amestica folded before Flop (didn't bet)
Seat 5: IKnowThatFel folded before Flop (didn't bet)
Seat 6: nastja336 folded before Flop (didn't bet)



PokerStars Hand #254472470803:  Hold'em No Limit ($0.50/$1.00 USD) - 2025/01/20 19:46:31 WET [2025/01/20 14:46:31 ET]
Table 'Michel IV' 6-max Seat #2 is the button
Seat 1: reiyser ($122.76 in chips) 
Seat 2: Rdalonso ($100 in chips) 
Seat 3: dann_lolo ($98.77 in chips) 
Seat 4: Ariel_Amestica ($104.18 in chips) 
Seat 5: IKnowThatFel ($196.38 in chips) 
Seat 6: nastja336 ($104.50 in chips) 
dann_lolo: posts small blind $0.50
Ariel_Amestica: posts big blind $1
*** HOLE CARDS ***
IKnowThatFel: folds 
nastja336: raises $1.50 to $2.50
reiyser: folds 
Rdalonso: folds 
dann_lolo: calls $2
Ariel_Amestica: raises $7.50 to $10
nastja336: folds 
dann_lolo: folds 
Uncalled bet ($7.50) returned to Ariel_Amestica
Ariel_Amestica collected $7.50 from pot
*** SUMMARY ***
Total pot $7.50 | Rake $0 
Seat 1: reiyser folded before Flop (didn't bet)
Seat 2: Rdalonso (button) folded before Flop (didn't bet)
Seat 3: dann_lolo (small blind) folded before Flop
Seat 4: Ariel_Amestica (big blind) collected ($7.50)
Seat 5: IKnowThatFel folded before Flop (didn't bet)
Seat 6: nastja336 folded before Flop



PokerStars Hand #254472478869:  Hold'em No Limit ($0.50/$1.00 USD) - 2025/01/20 19:46:57 WET [2025/01/20 14:46:57 ET]
Table 'Michel IV' 6-max Seat #3 is the button
Seat 1: reiyser ($122.76 in chips) 
Seat 2: Rdalonso ($100 in chips) 
Seat 3: dann_lolo ($96.27 in chips) 
Seat 4: Ariel_Amestica ($109.18 in chips) 
Seat 5: IKnowThatFel ($196.38 in chips) 
Seat 6: nastja336 ($102 in chips) 
Ariel_Amestica: posts small blind $0.50
IKnowThatFel: posts big blind $1
*** HOLE CARDS ***
nastja336: folds 
reiyser: folds 
Rdalonso: folds 
dann_lolo: folds 
Ariel_Amestica: folds 
Uncalled bet ($0.50) returned to IKnowThatFel
IKnowThatFel collected $1 from pot
IKnowThatFel: doesn't show hand 
*** SUMMARY ***
Total pot $1 | Rake $0 
Seat 1: reiyser folded before Flop (didn't bet)
Seat 2: Rdalonso folded before Flop (didn't bet)
Seat 3: dann_lolo (button) folded before Flop (didn't bet)
Seat 4: Ariel_Amestica (small blind) folded before Flop
Seat 5: IKnowThatFel (big blind) collected ($1)
Seat 6: nastja336 folded before Flop (didn't bet)



PokerStars Hand #254472483558:  Hold'em No Limit ($0.50/$1.00 USD) - 2025/01/20 19:47:12 WET [2025/01/20 14:47:12 ET]
Table 'Michel IV' 6-max Seat #4 is the button
Seat 1: reiyser ($122.76 in chips) 
Seat 2: Rdalonso ($100 in chips) 
Seat 3: dann_lolo ($96.27 in chips) 
Seat 4: Ariel_Amestica ($108.68 in chips) 
Seat 5: IKnowThatFel ($196.88 in chips) 
Seat 6: nastja336 ($102 in chips) 
IKnowThatFel: posts small blind $0.50
nastja336: posts big blind $1
*** HOLE CARDS ***
reiyser: raises $1.23 to $2.23
Rdalonso: folds 
dann_lolo: folds 
Ariel_Amestica: folds 
IKnowThatFel: folds 
nastja336: folds 
Uncalled bet ($1.23) returned to reiyser
reiyser collected $2.50 from pot
reiyser: doesn't show hand 
*** SUMMARY ***
Total pot $2.50 | Rake $0 
Seat 1: reiyser collected ($2.50)
Seat 2: Rdalonso folded before Flop (didn't bet)
Seat 3: dann_lolo folded before Flop (didn't bet)
Seat 4: Ariel_Amestica (button) folded before Flop (didn't bet)
Seat 5: IKnowThatFel (small blind) folded before Flop
Seat 6: nastja336 (big blind) folded before Flop



PokerStars Hand #254472491419:  Hold'em No Limit ($0.50/$1.00 USD) - 2025/01/20 19:47:38 WET [2025/01/20 14:47:38 ET]
Table 'Michel IV' 6-max Seat #5 is the button
Seat 1: reiyser ($124.26 in chips) 
Seat 2: Rdalonso ($100 in chips) 
Seat 3: dann_lolo ($96.27 in chips) 
Seat 4: Ariel_Amestica ($108.68 in chips) 
Seat 5: IKnowThatFel ($196.38 in chips) 
Seat 6: nastja336 ($101 in chips) 
nastja336: posts small blind $0.50
reiyser: posts big blind $1
*** HOLE CARDS ***
Rdalonso: folds 
dann_lolo: raises $2 to $3
Ariel_Amestica: folds 
IKnowThatFel: folds 
nastja336: folds 
reiyser: calls $2
*** FLOP *** [5h 5c Js]
reiyser: checks 
dann_lolo: bets $2.04
reiyser: raises $5.34 to $7.38
dann_lolo: calls $5.34
*** TURN *** [5h 5c Js] [3d]
reiyser: bets $15.35
dann_lolo: raises $15.35 to $30.70
reiyser: raises $83.18 to $113.88 and is all-in
dann_lolo: folds 
Uncalled bet ($83.18) returned to reiyser
reiyser collected $80.16 from pot
reiyser: doesn't show hand 
*** SUMMARY ***
Total pot $82.66 | Rake $2.50 
Board [5h 5c Js 3d]
Seat 1: reiyser (big blind) collected ($80.16)
Seat 2: Rdalonso folded before Flop (didn't bet)
Seat 3: dann_lolo folded on the Turn
Seat 4: Ariel_Amestica folded before Flop (didn't bet)
Seat 5: IKnowThatFel (button) folded before Flop (didn't bet)
Seat 6: nastja336 (small blind) folded before Flop



PokerStars Hand #254472511271:  Hold'em No Limit ($0.50/$1.00 USD) - 2025/01/20 19:48:44 WET [2025/01/20 14:48:44 ET]
Table 'Michel IV' 6-max Seat #6 is the button
Seat 1: reiyser ($163.34 in chips) 
Seat 2: Rdalonso ($100 in chips) 
Seat 3: dann_lolo ($55.19 in chips) 
Seat 4: Ariel_Amestica ($108.68 in chips) 
Seat 5: IKnowThatFel ($196.38 in chips) 
Seat 6: nastja336 ($100.50 in chips) 
reiyser: posts small blind $0.50
Rdalonso: posts big blind $1
*** HOLE CARDS ***
dann_lolo: folds 
Ariel_Amestica: folds 
IKnowThatFel: folds 
nastja336: folds 
reiyser: folds 
Uncalled bet ($0.50) returned to Rdalonso
Rdalonso collected $1 from pot
Rdalonso: doesn't show hand 
*** SUMMARY ***
Total pot $1 | Rake $0 
Seat 1: reiyser (small blind) folded before Flop
Seat 2: Rdalonso (big blind) collected ($1)
Seat 3: dann_lolo folded before Flop (didn't bet)
Seat 4: Ariel_Amestica folded before Flop (didn't bet)
Seat 5: IKnowThatFel folded before Flop (didn't bet)
Seat 6: nastja336 (button) folded before Flop (didn't bet)



PokerStars Hand #254472515610:  Hold'em No Limit ($0.50/$1.00 USD) - 2025/01/20 19:48:58 WET [2025/01/20 14:48:58 ET]
Table 'Michel IV' 6-max Seat #1 is the button
Seat 1: reiyser ($162.84 in chips) 
Seat 2: Rdalonso ($100.50 in chips) 
Seat 3: dann_lolo ($100 in chips) 
Seat 4: Ariel_Amestica ($108.68 in chips) 
Seat 5: IKnowThatFel ($196.38 in chips) 
Seat 6: nastja336 ($100.50 in chips) 
Rdalonso: posts small blind $0.50
dann_lolo: posts big blind $1
*** HOLE CARDS ***
Ariel_Amestica: folds 
IKnowThatFel: raises $1.50 to $2.50
nastja336: folds 
reiyser: raises $5.50 to $8
Rdalonso: folds 
dann_lolo: folds 
IKnowThatFel: raises $17 to $25
reiyser: folds 
Uncalled bet ($17) returned to IKnowThatFel
IKnowThatFel collected $17.50 from pot
IKnowThatFel: doesn't show hand 
*** SUMMARY ***
Total pot $17.50 | Rake $0 
Seat 1: reiyser (button) folded before Flop
Seat 2: Rdalonso (small blind) folded before Flop
Seat 3: dann_lolo (big blind) folded before Flop
Seat 4: Ariel_Amestica folded before Flop (didn't bet)
Seat 5: IKnowThatFel collected ($17.50)
Seat 6: nastja336 folded before Flop (didn't bet)



PokerStars Hand #254472531756:  Hold'em No Limit ($0.50/$1.00 USD) - 2025/01/20 19:49:50 WET [2025/01/20 14:49:50 ET]
Table 'Michel IV' 6-max Seat #2 is the button
Seat 1: reiyser ($154.84 in chips) 
Seat 2: Rdalonso ($100 in chips) 
Seat 3: dann_lolo ($99 in chips) 
Seat 4: Ariel_Amestica ($108.68 in chips) 
Seat 5: IKnowThatFel ($205.88 in chips) 
Seat 6: nastja336 ($100.50 in chips) 
dann_lolo: posts small blind $0.50
Ariel_Amestica: posts big blind $1
*** HOLE CARDS ***
IKnowThatFel: raises $1.50 to $2.50
nastja336: folds 
reiyser: calls $2.50
Rdalonso: folds 
dann_lolo: folds 
Ariel_Amestica: folds 
*** FLOP *** [2d 6d 3h]
IKnowThatFel: checks 
reiyser: bets $1.79
IKnowThatFel: calls $1.79
*** TURN *** [2d 6d 3h] [7c]
IKnowThatFel: checks 
reiyser: bets $7.28
IKnowThatFel: calls $7.28
*** RIVER *** [2d 6d 3h 7c] [9c]
IKnowThatFel: checks 
reiyser: checks 
*** SHOW DOWN ***
IKnowThatFel: shows [Ad 7d] (a pair of Sevens)
reiyser: mucks hand 
IKnowThatFel collected $23.41 from pot
*** SUMMARY ***
Total pot $24.64 | Rake $1.23 
Board [2d 6d 3h 7c 9c]
Seat 1: reiyser mucked
Seat 2: Rdalonso (button) folded before Flop (didn't bet)
Seat 3: dann_lolo (small blind) folded before Flop
Seat 4: Ariel_Amestica (big blind) folded before Flop
Seat 5: IKnowThatFel showed [Ad 7d] and won ($23.41) with a pair of Sevens
Seat 6: nastja336 folded before Flop (didn't bet)



PokerStars Hand #254472563855:  Hold'em No Limit ($0.50/$1.00 USD) - 2025/01/20 19:51:34 WET [2025/01/20 14:51:34 ET]
Table 'Michel IV' 6-max Seat #3 is the button
Seat 1: reiyser ($143.27 in chips) 
Seat 2: Rdalonso ($100 in chips) 
Seat 3: dann_lolo ($98.50 in chips) 
Seat 4: Ariel_Amestica ($107.68 in chips) 
Seat 5: IKnowThatFel ($217.72 in chips) 
Seat 6: nastja336 ($100.50 in chips) 
Ariel_Amestica: posts small blind $0.50
IKnowThatFel: posts big blind $1
*** HOLE CARDS ***
nastja336: folds 
reiyser: folds 
Rdalonso: folds 
dann_lolo: folds 
Ariel_Amestica: raises $1 to $2
nastja336 leaves the table
BoyLoc0 joins the table at seat #6 
IKnowThatFel: calls $1
*** FLOP *** [6d 5s 6h]
Ariel_Amestica: checks 
IKnowThatFel: bets $1.25
Ariel_Amestica: folds 
Uncalled bet ($1.25) returned to IKnowThatFel
IKnowThatFel collected $3.80 from pot
IKnowThatFel: doesn't show hand 
*** SUMMARY ***
Total pot $4 | Rake $0.20 
Board [6d 5s 6h]
Seat 1: reiyser folded before Flop (didn't bet)
Seat 2: Rdalonso folded before Flop (didn't bet)
Seat 3: dann_lolo (button) folded before Flop (didn't bet)
Seat 4: Ariel_Amestica (small blind) folded on the Flop
Seat 5: IKnowThatFel (big blind) collected ($3.80)
Seat 6: nastja336 folded before Flop (didn't bet)



PokerStars Hand #254472575619:  Hold'em No Limit ($0.50/$1.00 USD) - 2025/01/20 19:52:12 WET [2025/01/20 14:52:12 ET]
Table 'Michel IV' 6-max Seat #4 is the button
Seat 1: reiyser ($143.27 in chips) 
Seat 2: Rdalonso ($100 in chips) 
Seat 3: dann_lolo ($98.50 in chips) 
Seat 4: Ariel_Amestica ($105.68 in chips) 
Seat 5: IKnowThatFel ($219.52 in chips) 
Seat 6: BoyLoc0 ($100 in chips) 
IKnowThatFel: posts small blind $0.50
BoyLoc0: posts big blind $1
*** HOLE CARDS ***
reiyser: folds 
Rdalonso: raises $1.50 to $2.50
dann_lolo: folds 
Ariel_Amestica: folds 
IKnowThatFel: folds 
BoyLoc0: folds 
Uncalled bet ($1.50) returned to Rdalonso
Rdalonso collected $2.50 from pot
Rdalonso: doesn't show hand 
*** SUMMARY ***
Total pot $2.50 | Rake $0 
Seat 1: reiyser folded before Flop (didn't bet)
Seat 2: Rdalonso collected ($2.50)
Seat 3: dann_lolo folded before Flop (didn't bet)
Seat 4: Ariel_Amestica (button) folded before Flop (didn't bet)
Seat 5: IKnowThatFel (small blind) folded before Flop
Seat 6: BoyLoc0 (big blind) folded before Flop



PokerStars Hand #254472580424:  Hold'em No Limit ($0.50/$1.00 USD) - 2025/01/20 19:52:27 WET [2025/01/20 14:52:27 ET]
Table 'Michel IV' 6-max Seat #5 is the button
Seat 1: reiyser ($143.27 in chips) 
Seat 2: Rdalonso ($101.50 in chips) 
Seat 3: dann_lolo ($98.50 in chips) 
Seat 4: Ariel_Amestica ($105.68 in chips) 
Seat 5: IKnowThatFel ($219.02 in chips) 
Seat 6: BoyLoc0 ($100 in chips) 
BoyLoc0: posts small blind $0.50
reiyser: posts big blind $1
*** HOLE CARDS ***
Rdalonso: folds 
dann_lolo: folds 
Ariel_Amestica: folds 
IKnowThatFel: folds 
BoyLoc0: folds 
Uncalled bet ($0.50) returned to reiyser
reiyser collected $1 from pot
reiyser: doesn't show hand 
*** SUMMARY ***
Total pot $1 | Rake $0 
Seat 1: reiyser (big blind) collected ($1)
Seat 2: Rdalonso folded before Flop (didn't bet)
Seat 3: dann_lolo folded before Flop (didn't bet)
Seat 4: Ariel_Amestica folded before Flop (didn't bet)
Seat 5: IKnowThatFel (button) folded before Flop (didn't bet)
Seat 6: BoyLoc0 (small blind) folded before Flop



PokerStars Hand #254472585080:  Hold'em No Limit ($0.50/$1.00 USD) - 2025/01/20 19:52:42 WET [2025/01/20 14:52:42 ET]
Table 'Michel IV' 6-max Seat #6 is the button
Seat 1: reiyser ($143.77 in chips) 
Seat 2: Rdalonso ($101.50 in chips) 
Seat 3: dann_lolo ($98.50 in chips) 
Seat 4: Ariel_Amestica ($105.68 in chips) 
Seat 5: IKnowThatFel ($219.02 in chips) 
Seat 6: BoyLoc0 ($100 in chips) 
reiyser: posts small blind $0.50
Rdalonso: posts big blind $1
*** HOLE CARDS ***
dann_lolo: folds 
Ariel_Amestica: folds 
IKnowThatFel: folds 
BoyLoc0: folds 
reiyser: raises $1.80 to $2.80
Rdalonso: calls $1.80
*** FLOP *** [7s Qh Jd]
reiyser: bets $1.54
Rdalonso: folds 
Uncalled bet ($1.54) returned to reiyser
reiyser collected $5.32 from pot
reiyser: doesn't show hand 
*** SUMMARY ***
Total pot $5.60 | Rake $0.28 
Board [7s Qh Jd]
Seat 1: reiyser (small blind) collected ($5.32)
Seat 2: Rdalonso (big blind) folded on the Flop
Seat 3: dann_lolo folded before Flop (didn't bet)
Seat 4: Ariel_Amestica folded before Flop (didn't bet)
Seat 5: IKnowThatFel folded before Flop (didn't bet)
Seat 6: BoyLoc0 (button) folded before Flop (didn't bet)



PokerStars Hand #254472592992:  Hold'em No Limit ($0.50/$1.00 USD) - 2025/01/20 19:53:08 WET [2025/01/20 14:53:08 ET]
Table 'Michel IV' 6-max Seat #1 is the button
Seat 1: reiyser ($146.29 in chips) 
Seat 2: Rdalonso ($100 in chips) 
Seat 3: dann_lolo ($98.50 in chips) 
Seat 4: Ariel_Amestica ($105.68 in chips) 
Seat 5: IKnowThatFel ($219.02 in chips) 
Seat 6: BoyLoc0 ($100 in chips) 
Rdalonso: posts small blind $0.50
dann_lolo: posts big blind $1
*** HOLE CARDS ***
Ariel_Amestica: raises $1 to $2
IKnowThatFel: folds 
BoyLoc0: raises $5 to $7
reiyser: folds 
Rdalonso: folds 
dann_lolo: folds 
Ariel_Amestica: folds 
Uncalled bet ($5) returned to BoyLoc0
BoyLoc0 collected $5.50 from pot
BoyLoc0: doesn't show hand 
*** SUMMARY ***
Total pot $5.50 | Rake $0 
Seat 1: reiyser (button) folded before Flop (didn't bet)
Seat 2: Rdalonso (small blind) folded before Flop
Seat 3: dann_lolo (big blind) folded before Flop
Seat 4: Ariel_Amestica folded before Flop
Seat 5: IKnowThatFel folded before Flop (didn't bet)
Seat 6: BoyLoc0 collected ($5.50)



PokerStars Hand #254472598212:  Hold'em No Limit ($0.50/$1.00 USD) - 2025/01/20 19:53:25 WET [2025/01/20 14:53:25 ET]
Table 'Michel IV' 6-max Seat #2 is the button
Seat 1: reiyser ($146.29 in chips) 
Seat 2: Rdalonso ($100 in chips) 
Seat 3: dann_lolo ($97.50 in chips) 
Seat 4: Ariel_Amestica ($103.68 in chips) 
Seat 5: IKnowThatFel ($219.02 in chips) 
Seat 6: BoyLoc0 ($103.50 in chips) 
dann_lolo: posts small blind $0.50
Ariel_Amestica: posts big blind $1
*** HOLE CARDS ***
IKnowThatFel: folds 
BoyLoc0: folds 
reiyser: raises $1.23 to $2.23
Rdalonso: folds 
dann_lolo: folds 
Ariel_Amestica: folds 
Uncalled bet ($1.23) returned to reiyser
reiyser collected $2.50 from pot
reiyser: doesn't show hand 
*** SUMMARY ***
Total pot $2.50 | Rake $0 
Seat 1: reiyser collected ($2.50)
Seat 2: Rdalonso (button) folded before Flop (didn't bet)
Seat 3: dann_lolo (small blind) folded before Flop
Seat 4: Ariel_Amestica (big blind) folded before Flop
Seat 5: IKnowThatFel folded before Flop (didn't bet)
Seat 6: BoyLoc0 folded before Flop (didn't bet)



PokerStars Hand #254472602666:  Hold'em No Limit ($0.50/$1.00 USD) - 2025/01/20 19:53:39 WET [2025/01/20 14:53:39 ET]
Table 'Michel IV' 6-max Seat #3 is the button
Seat 1: reiyser ($147.79 in chips) 
Seat 2: Rdalonso ($100 in chips) 
Seat 3: dann_lolo ($97 in chips) 
Seat 4: Ariel_Amestica ($102.68 in chips) 
Seat 5: IKnowThatFel ($219.02 in chips) 
Seat 6: BoyLoc0 ($103.50 in chips) 
Ariel_Amestica: posts small blind $0.50
IKnowThatFel: posts big blind $1
*** HOLE CARDS ***
BoyLoc0: folds 
reiyser: raises $1.23 to $2.23
Rdalonso: folds 
dann_lolo: folds 
Ariel_Amestica: folds 
IKnowThatFel: folds 
Uncalled bet ($1.23) returned to reiyser
reiyser collected $2.50 from pot
reiyser: doesn't show hand 
*** SUMMARY ***
Total pot $2.50 | Rake $0 
Seat 1: reiyser collected ($2.50)
Seat 2: Rdalonso folded before Flop (didn't bet)
Seat 3: dann_lolo (button) folded before Flop (didn't bet)
Seat 4: Ariel_Amestica (small blind) folded before Flop
Seat 5: IKnowThatFel (big blind) folded before Flop
Seat 6: BoyLoc0 folded before Flop (didn't bet)



PokerStars Hand #254472613068:  Hold'em No Limit ($0.50/$1.00 USD) - 2025/01/20 19:54:13 WET [2025/01/20 14:54:13 ET]
Table 'Michel IV' 6-max Seat #4 is the button
Seat 1: reiyser ($149.29 in chips) 
Seat 2: Rdalonso ($100 in chips) 
Seat 3: dann_lolo ($97 in chips) 
Seat 4: Ariel_Amestica ($102.18 in chips) 
Seat 5: IKnowThatFel ($218.02 in chips) 
Seat 6: BoyLoc0 ($103.50 in chips) 
IKnowThatFel: posts small blind $0.50
BoyLoc0: posts big blind $1
*** HOLE CARDS ***
reiyser: raises $1.23 to $2.23
Rdalonso: folds 
dann_lolo: raises $5.77 to $8
Ariel_Amestica: folds 
IKnowThatFel: folds 
BoyLoc0: folds 
reiyser: folds 
Uncalled bet ($5.77) returned to dann_lolo
dann_lolo collected $5.96 from pot
dann_lolo: doesn't show hand 
*** SUMMARY ***
Total pot $5.96 | Rake $0 
Seat 1: reiyser folded before Flop
Seat 2: Rdalonso folded before Flop (didn't bet)
Seat 3: dann_lolo collected ($5.96)
Seat 4: Ariel_Amestica (button) folded before Flop (didn't bet)
Seat 5: IKnowThatFel (small blind) folded before Flop
Seat 6: BoyLoc0 (big blind) folded before Flop



PokerStars Hand #254472621717:  Hold'em No Limit ($0.50/$1.00 USD) - 2025/01/20 19:54:41 WET [2025/01/20 14:54:41 ET]
Table 'Michel IV' 6-max Seat #5 is the button
Seat 1: reiyser ($147.06 in chips) 
Seat 2: Rdalonso ($100 in chips) 
Seat 3: dann_lolo ($100.73 in chips) 
Seat 4: Ariel_Amestica ($102.18 in chips) 
Seat 5: IKnowThatFel ($217.52 in chips) 
Seat 6: BoyLoc0 ($102.50 in chips) 
BoyLoc0: posts small blind $0.50
reiyser: posts big blind $1
*** HOLE CARDS ***
Rdalonso: raises $1.50 to $2.50
dann_lolo: folds 
Ariel_Amestica: folds 
IKnowThatFel: folds 
BoyLoc0: folds 
reiyser: folds 
Uncalled bet ($1.50) returned to Rdalonso
Rdalonso collected $2.50 from pot
Rdalonso: doesn't show hand 
*** SUMMARY ***
Total pot $2.50 | Rake $0 
Seat 1: reiyser (big blind) folded before Flop
Seat 2: Rdalonso collected ($2.50)
Seat 3: dann_lolo folded before Flop (didn't bet)
Seat 4: Ariel_Amestica folded before Flop (didn't bet)
Seat 5: IKnowThatFel (button) folded before Flop (didn't bet)
Seat 6: BoyLoc0 (small blind) folded before Flop



PokerStars Hand #254472627429:  Hold'em No Limit ($0.50/$1.00 USD) - 2025/01/20 19:54:59 WET [2025/01/20 14:54:59 ET]
Table 'Michel IV' 6-max Seat #6 is the button
Seat 1: reiyser ($146.06 in chips) 
Seat 2: Rdalonso ($101.50 in chips) 
Seat 3: dann_lolo ($100.73 in chips) 
Seat 4: Ariel_Amestica ($102.18 in chips) 
Seat 5: IKnowThatFel ($217.52 in chips) 
Seat 6: BoyLoc0 ($102 in chips) 
reiyser: posts small blind $0.50
Rdalonso: posts big blind $1
*** HOLE CARDS ***
dann_lolo: folds 
Ariel_Amestica: raises $1 to $2
IKnowThatFel: folds 
BoyLoc0: folds 
reiyser: folds 
Rdalonso: folds 
Uncalled bet ($1) returned to Ariel_Amestica
Ariel_Amestica collected $2.50 from pot
*** SUMMARY ***
Total pot $2.50 | Rake $0 
Seat 1: reiyser (small blind) folded before Flop
Seat 2: Rdalonso (big blind) folded before Flop
Seat 3: dann_lolo folded before Flop (didn't bet)
Seat 4: Ariel_Amestica collected ($2.50)
Seat 5: IKnowThatFel folded before Flop (didn't bet)
Seat 6: BoyLoc0 (button) folded before Flop (didn't bet)



PokerStars Hand #254472631884:  Hold'em No Limit ($0.50/$1.00 USD) - 2025/01/20 19:55:18 WET [2025/01/20 14:55:18 ET]
Table 'Michel IV' 6-max Seat #1 is the button
Seat 1: reiyser ($145.56 in chips) 
Seat 2: Rdalonso ($100.50 in chips) 
Seat 3: dann_lolo ($100.73 in chips) 
Seat 4: Ariel_Amestica ($103.68 in chips) 
Seat 5: IKnowThatFel ($217.52 in chips) 
Seat 6: BoyLoc0 ($102 in chips) 
Rdalonso: posts small blind $0.50
dann_lolo: posts big blind $1
*** HOLE CARDS ***
Ariel_Amestica: raises $1 to $2
IKnowThatFel: folds 
BoyLoc0: folds 
reiyser: folds 
Rdalonso: folds 
dann_lolo: calls $1
*** FLOP *** [Qc Ad 6d]
dann_lolo: checks 
Ariel_Amestica: bets $5.28
dann_lolo: calls $5.28
*** TURN *** [Qc Ad 6d] [4h]
dann_lolo: checks 
Ariel_Amestica: bets $18.31
dann_lolo: folds 
Uncalled bet ($18.31) returned to Ariel_Amestica
Ariel_Amestica collected $14.31 from pot
*** SUMMARY ***
Total pot $15.06 | Rake $0.75 
Board [Qc Ad 6d 4h]
Seat 1: reiyser (button) folded before Flop (didn't bet)
Seat 2: Rdalonso (small blind) folded before Flop
Seat 3: dann_lolo (big blind) folded on the Turn
Seat 4: Ariel_Amestica collected ($14.31)
Seat 5: IKnowThatFel folded before Flop (didn't bet)
Seat 6: BoyLoc0 folded before Flop (didn't bet)



PokerStars Hand #254472641526:  Hold'em No Limit ($0.50/$1.00 USD) - 2025/01/20 19:56:02 WET [2025/01/20 14:56:02 ET]
Table 'Michel IV' 6-max Seat #2 is the button
Seat 1: reiyser ($145.56 in chips) 
Seat 2: Rdalonso ($100 in chips) 
Seat 3: dann_lolo ($93.45 in chips) 
Seat 4: Ariel_Amestica ($110.71 in chips) 
Seat 5: IKnowThatFel ($217.52 in chips) 
Seat 6: BoyLoc0 ($102 in chips) 
dann_lolo: posts small blind $0.50
Ariel_Amestica: posts big blind $1
*** HOLE CARDS ***
IKnowThatFel: raises $1.50 to $2.50
BoyLoc0: folds 
reiyser: folds 
Rdalonso: folds 
dann_lolo: folds 
Ariel_Amestica: folds 
Uncalled bet ($1.50) returned to IKnowThatFel
IKnowThatFel collected $2.50 from pot
IKnowThatFel: doesn't show hand 
*** SUMMARY ***
Total pot $2.50 | Rake $0 
Seat 1: reiyser folded before Flop (didn't bet)
Seat 2: Rdalonso (button) folded before Flop (didn't bet)
Seat 3: dann_lolo (small blind) folded before Flop
Seat 4: Ariel_Amestica (big blind) folded before Flop
Seat 5: IKnowThatFel collected ($2.50)
Seat 6: BoyLoc0 folded before Flop (didn't bet)



PokerStars Hand #254472644774:  Hold'em No Limit ($0.50/$1.00 USD) - 2025/01/20 19:56:17 WET [2025/01/20 14:56:17 ET]
Table 'Michel IV' 6-max Seat #3 is the button
Seat 1: reiyser ($145.56 in chips) 
Seat 2: Rdalonso ($100 in chips) 
Seat 3: dann_lolo ($100 in chips) 
Seat 4: Ariel_Amestica ($109.71 in chips) 
Seat 5: IKnowThatFel ($219.02 in chips) 
Seat 6: BoyLoc0 ($102 in chips) 
Ariel_Amestica: posts small blind $0.50
IKnowThatFel: posts big blind $1
*** HOLE CARDS ***
BoyLoc0: folds 
reiyser: raises $1.23 to $2.23
Rdalonso: folds 
dann_lolo: folds 
Ariel_Amestica: folds 
IKnowThatFel: raises $8.77 to $11
reiyser: folds 
Uncalled bet ($8.77) returned to IKnowThatFel
Ariel_Amestica leaves the table
IKnowThatFel collected $4.96 from pot
IKnowThatFel: doesn't show hand 
*** SUMMARY ***
Total pot $4.96 | Rake $0 
Seat 1: reiyser folded before Flop
Seat 2: Rdalonso folded before Flop (didn't bet)
Seat 3: dann_lolo (button) folded before Flop (didn't bet)
Seat 4: Ariel_Amestica (small blind) folded before Flop
Seat 5: IKnowThatFel (big blind) collected ($4.96)
Seat 6: BoyLoc0 folded before Flop (didn't bet)



PokerStars Hand #254472650199:  Hold'em No Limit ($0.50/$1.00 USD) - 2025/01/20 19:56:42 WET [2025/01/20 14:56:42 ET]
Table 'Michel IV' 6-max Seat #5 is the button
Seat 1: reiyser ($143.33 in chips) 
Seat 2: Rdalonso ($100 in chips) 
Seat 3: dann_lolo ($100 in chips) 
Seat 5: IKnowThatFel ($221.75 in chips) 
Seat 6: BoyLoc0 ($102 in chips) 
BoyLoc0: posts small blind $0.50
reiyser: posts big blind $1
*** HOLE CARDS ***
Rdalonso: folds 
dann_lolo: raises $2 to $3
IKnowThatFel: folds 
BoyLoc0: folds 
reiyser: calls $2
*** FLOP *** [Qh 4h 6d]
reiyser: checks 
dann_lolo: bets $2.04
reiyser: calls $2.04
*** TURN *** [Qh 4h 6d] [2d]
reiyser: checks 
dann_lolo: bets $11
reiyser: raises $25.40 to $36.40
dann_lolo: folds 
Uncalled bet ($25.40) returned to reiyser
reiyser collected $30.95 from pot
reiyser: doesn't show hand 
*** SUMMARY ***
Total pot $32.58 | Rake $1.63 
Board [Qh 4h 6d 2d]
Seat 1: reiyser (big blind) collected ($30.95)
Seat 2: Rdalonso folded before Flop (didn't bet)
Seat 3: dann_lolo folded on the Turn
Seat 5: IKnowThatFel (button) folded before Flop (didn't bet)
Seat 6: BoyLoc0 (small blind) folded before Flop



PokerStars Hand #254472661430:  Hold'em No Limit ($0.50/$1.00 USD) - 2025/01/20 19:57:32 WET [2025/01/20 14:57:32 ET]
Table 'Michel IV' 6-max Seat #6 is the button
Seat 1: reiyser ($158.24 in chips) 
Seat 2: Rdalonso ($100 in chips) 
Seat 3: dann_lolo ($83.96 in chips) 
Seat 5: IKnowThatFel ($221.75 in chips) 
Seat 6: BoyLoc0 ($101.50 in chips) 
reiyser: posts small blind $0.50
Rdalonso: posts big blind $1
*** HOLE CARDS ***
dann_lolo: raises $2 to $3
IKnowThatFel: folds 
BoyLoc0: folds 
reiyser: folds 
Rdalonso: folds 
Uncalled bet ($2) returned to dann_lolo
dann_lolo collected $2.50 from pot
dann_lolo: doesn't show hand 
*** SUMMARY ***
Total pot $2.50 | Rake $0 
Seat 1: reiyser (small blind) folded before Flop
Seat 2: Rdalonso (big blind) folded before Flop
Seat 3: dann_lolo collected ($2.50)
Seat 5: IKnowThatFel folded before Flop (didn't bet)
Seat 6: BoyLoc0 (button) folded before Flop (didn't bet)



PokerStars Hand #254472664757:  Hold'em No Limit ($0.50/$1.00 USD) - 2025/01/20 19:57:48 WET [2025/01/20 14:57:48 ET]
Table 'Michel IV' 6-max Seat #1 is the button
Seat 1: reiyser ($157.74 in chips) 
Seat 2: Rdalonso ($100 in chips) 
Seat 3: dann_lolo ($85.46 in chips) 
Seat 5: IKnowThatFel ($221.75 in chips) 
Seat 6: BoyLoc0 ($101.50 in chips) 
Rdalonso: posts small blind $0.50
dann_lolo: posts big blind $1
*** HOLE CARDS ***
IKnowThatFel: folds 
BoyLoc0: raises $1.50 to $2.50
reiyser: calls $2.50
Rdalonso: folds 
dann_lolo: calls $1.50
*** FLOP *** [6d 3c 2h]
dann_lolo: checks 
BoyLoc0: checks 
reiyser: checks 
*** TURN *** [6d 3c 2h] [6c]
dann_lolo: checks 
BoyLoc0: bets $5.70
reiyser: folds 
dann_lolo: folds 
Uncalled bet ($5.70) returned to BoyLoc0
BoyLoc0 collected $7.60 from pot
BoyLoc0: doesn't show hand 
*** SUMMARY ***
Total pot $8 | Rake $0.40 
Board [6d 3c 2h 6c]
Seat 1: reiyser (button) folded on the Turn
Seat 2: Rdalonso (small blind) folded before Flop
Seat 3: dann_lolo (big blind) folded on the Turn
Seat 5: IKnowThatFel folded before Flop (didn't bet)
Seat 6: BoyLoc0 collected ($7.60)



PokerStars Hand #254472674067:  Hold'em No Limit ($0.50/$1.00 USD) - 2025/01/20 19:58:29 WET [2025/01/20 14:58:29 ET]
Table 'Michel IV' 6-max Seat #2 is the button
Seat 1: reiyser ($155.24 in chips) 
Seat 2: Rdalonso ($100 in chips) 
Seat 3: dann_lolo ($82.96 in chips) 
Seat 5: IKnowThatFel ($221.75 in chips) 
Seat 6: BoyLoc0 ($106.60 in chips) 
dann_lolo: posts small blind $0.50
IKnowThatFel: posts big blind $1
*** HOLE CARDS ***
BoyLoc0: folds 
reiyser: raises $1.23 to $2.23
Rdalonso: folds 
dann_lolo: calls $1.73
DL1B joins the table at seat #4 
IKnowThatFel: raises $11.77 to $14
reiyser: calls $11.77
dann_lolo: calls $11.77
*** FLOP *** [Qh 3d 9d]
dann_lolo: checks 
IKnowThatFel: bets $13.17
reiyser: folds 
dann_lolo: folds 
Uncalled bet ($13.17) returned to IKnowThatFel
dann_lolo leaves the table
IKnowThatFel collected $39.90 from pot
IKnowThatFel: doesn't show hand 
*** SUMMARY ***
Total pot $42 | Rake $2.10 
Board [Qh 3d 9d]
Seat 1: reiyser folded on the Flop
Seat 2: Rdalonso (button) folded before Flop (didn't bet)
Seat 3: dann_lolo (small blind) folded on the Flop
Seat 5: IKnowThatFel (big blind) collected ($39.90)
Seat 6: BoyLoc0 folded before Flop (didn't bet)



PokerStars Hand #254472685779:  Hold'em No Limit ($0.50/$1.00 USD) - 2025/01/20 19:59:23 WET [2025/01/20 14:59:23 ET]
Table 'Michel IV' 6-max Seat #5 is the button
Seat 1: reiyser ($141.24 in chips) is sitting out
Seat 4: DL1B ($100 in chips) is sitting out
Seat 2: Rdalonso ($100 in chips) 
Seat 5: IKnowThatFel ($247.65 in chips) 
Seat 6: BoyLoc0 ($106.60 in chips) 
BoyLoc0: posts small blind $0.50
reiyser: is sitting out 
Rdalonso: posts big blind $1
DL1B: sits out 
*** HOLE CARDS ***
ddyyjj joins the table at seat #3 
reiyser leaves the table
IKnowThatFel: folds 
BoyLoc0: folds 
Uncalled bet ($0.50) returned to Rdalonso
Rdalonso collected $1 from pot
Rdalonso: doesn't show hand 
*** SUMMARY ***
Total pot $1 | Rake $0 
Seat 1: reiyser
Seat 4: DL1B
Seat 2: Rdalonso (big blind) collected ($1)
Seat 5: IKnowThatFel (button) folded before Flop (didn't bet)
Seat 6: BoyLoc0 (small blind) folded before Flop



PokerStars Hand #254472687706:  Hold'em No Limit ($0.50/$1.00 USD) - 2025/01/20 19:59:31 WET [2025/01/20 14:59:31 ET]
Table 'Michel IV' 6-max Seat #6 is the button
Seat 4: DL1B ($100 in chips) is sitting out
Seat 2: Rdalonso ($100.50 in chips) 
Seat 3: ddyyjj ($100 in chips) 
Seat 5: IKnowThatFel ($247.65 in chips) 
Seat 6: BoyLoc0 ($106.10 in chips) 
Rdalonso: posts small blind $0.50
ddyyjj: posts big blind $1
DL1B: sits out 
*** HOLE CARDS ***
IKnowThatFel: folds 
BoyLoc0: folds 
Rdalonso: folds 
Uncalled bet ($0.50) returned to ddyyjj
ddyyjj collected $1 from pot
ddyyjj: doesn't show hand 
*** SUMMARY ***
Total pot $1 | Rake $0 
Seat 4: DL1B
Seat 2: Rdalonso (small blind) folded before Flop
Seat 3: ddyyjj (big blind) collected ($1)
Seat 5: IKnowThatFel folded before Flop (didn't bet)
Seat 6: BoyLoc0 (button) folded before Flop (didn't bet)



PokerStars Hand #254472690733:  Hold'em No Limit ($0.50/$1.00 USD) - 2025/01/20 19:59:45 WET [2025/01/20 14:59:45 ET]
Table 'Michel IV' 6-max Seat #2 is the button
Seat 2: Rdalonso ($100 in chips) 
Seat 3: ddyyjj ($100.50 in chips) 
Seat 4: DL1B ($100 in chips) 
Seat 5: IKnowThatFel ($247.65 in chips) 
Seat 6: BoyLoc0 ($106.10 in chips) 
ddyyjj: posts small blind $0.50
DL1B: posts big blind $1
*** HOLE CARDS ***
IKnowThatFel: raises $1.50 to $2.50
BoyLoc0: folds 
Rdalonso: raises $5 to $7.50
ddyyjj: folds 
DL1B: folds 
IKnowThatFel: folds 
Uncalled bet ($5) returned to Rdalonso
Rdalonso collected $6.50 from pot
Rdalonso: doesn't show hand 
*** SUMMARY ***
Total pot $6.50 | Rake $0 
Seat 2: Rdalonso (button) collected ($6.50)
Seat 3: ddyyjj (small blind) folded before Flop
Seat 4: DL1B (big blind) folded before Flop
Seat 5: IKnowThatFel folded before Flop
Seat 6: BoyLoc0 folded before Flop (didn't bet)



PokerStars Hand #254472699624:  Hold'em No Limit ($0.50/$1.00 USD) - 2025/01/20 20:00:21 WET [2025/01/20 15:00:21 ET]
Table 'Michel IV' 6-max Seat #4 is the button
Seat 2: Rdalonso ($104 in chips) is sitting out
Seat 5: IKnowThatFel ($245.15 in chips) is sitting out
Seat 6: BoyLoc0 ($106.10 in chips) is sitting out
Seat 3: ddyyjj ($100 in chips) 
Seat 4: DL1B ($100 in chips) 
DL1B: posts small blind $0.50
IKnowThatFel: is sitting out 
BoyLoc0: is sitting out 
Rdalonso: is sitting out 
ddyyjj: posts big blind $1
*** HOLE CARDS ***
BoyLoc0 leaves the table
DL1B: folds 
Uncalled bet ($0.50) returned to ddyyjj
Rdalonso leaves the table
ddyyjj collected $1 from pot
ddyyjj: doesn't show hand 
*** SUMMARY ***
Total pot $1 | Rake $0 
Seat 2: Rdalonso
Seat 5: IKnowThatFel
Seat 6: BoyLoc0
Seat 3: ddyyjj (big blind) collected ($1)
Seat 4: DL1B (button) (small blind) folded before Flop



