PokerStars Hand #254476074912:  Hold'em No Limit ($0.50/$1.00 USD) - 2025/01/20 23:06:08 WET [2025/01/20 18:06:08 ET]
Table 'Althaea IV' 6-max Seat #4 is the button
Seat 4: Manifestorr ($100.96 in chips) 
Seat 5: lau03174 ($74.16 in chips) 
Seat 6: pr0tecto ($100 in chips) 
An1an1 joins the table at seat #2 
lau03174: posts small blind $0.50
pr0tecto: posts big blind $1
*** HOLE CARDS ***
Manifestorr: folds 
IREQO joins the table at seat #3 
reiyser joins the table at seat #1 
lau03174: raises $1.20 to $2.20
An1an1 leaves the table
pr0tecto: folds 
Uncalled bet ($1.20) returned to lau03174
lau03174 collected $2 from pot
lau03174: doesn't show hand 
*** SUMMARY ***
Total pot $2 | Rake $0 
Seat 4: Manifestorr (button) folded before Flop (didn't bet)
Seat 5: lau03174 (small blind) collected ($2)
Seat 6: pr0tecto (big blind) folded before Flop



PokerStars Hand #254476078490:  Hold'em No Limit ($0.50/$1.00 USD) - 2025/01/20 23:06:22 WET [2025/01/20 18:06:22 ET]
Table 'Althaea IV' 6-max Seat #5 is the button
Seat 3: IREQO ($52.96 in chips) is sitting out
Seat 1: reiyser ($100 in chips) 
Seat 4: Manifestorr ($100.96 in chips) 
Seat 5: lau03174 ($75.16 in chips) 
Seat 6: pr0tecto ($99 in chips) 
pr0tecto: posts small blind $0.50
reiyser: posts big blind $1
IREQO: sits out 
*** HOLE CARDS ***
Manifestorr: folds 
lau03174: raises $1 to $2
pr0tecto: folds 
reiyser: calls $1
*** FLOP *** [Jh 3d Ks]
reiyser: checks 
lau03174: bets $2
reiyser: folds 
Uncalled bet ($2) returned to lau03174
lau03174 collected $4.28 from pot
lau03174: doesn't show hand 
*** SUMMARY ***
Total pot $4.50 | Rake $0.22 
Board [Jh 3d Ks]
Seat 3: IREQO
Seat 1: reiyser (big blind) folded on the Flop
Seat 4: Manifestorr folded before Flop (didn't bet)
Seat 5: lau03174 (button) collected ($4.28)
Seat 6: pr0tecto (small blind) folded before Flop



PokerStars Hand #254476086717:  Hold'em No Limit ($0.50/$1.00 USD) - 2025/01/20 23:06:54 WET [2025/01/20 18:06:54 ET]
Table 'Althaea IV' 6-max Seat #6 is the button
Seat 1: reiyser ($100 in chips) 
Seat 3: IREQO ($52.96 in chips) 
Seat 4: Manifestorr ($100.96 in chips) 
Seat 5: lau03174 ($77.44 in chips) 
Seat 6: pr0tecto ($100 in chips) 
reiyser: posts small blind $0.50
IREQO: posts big blind $1
*** HOLE CARDS ***
Manifestorr: folds 
lau03174: raises $1.20 to $2.20
pr0tecto: folds 
reiyser: folds 
GuigaMan joins the table at seat #2 
IREQO: folds 
Uncalled bet ($1.20) returned to lau03174
lau03174 collected $2.50 from pot
lau03174: doesn't show hand 
*** SUMMARY ***
Total pot $2.50 | Rake $0 
Seat 1: reiyser (small blind) folded before Flop
Seat 3: IREQO (big blind) folded before Flop
Seat 4: Manifestorr folded before Flop (didn't bet)
Seat 5: lau03174 collected ($2.50)
Seat 6: pr0tecto (button) folded before Flop (didn't bet)



PokerStars Hand #254476097280:  Hold'em No Limit ($0.50/$1.00 USD) - 2025/01/20 23:07:34 WET [2025/01/20 18:07:34 ET]
Table 'Althaea IV' 6-max Seat #1 is the button
Seat 2: GuigaMan ($100 in chips) is sitting out
Seat 1: reiyser ($100 in chips) 
Seat 3: IREQO ($51.96 in chips) 
Seat 4: Manifestorr ($100.96 in chips) 
Seat 5: lau03174 ($78.94 in chips) 
Seat 6: pr0tecto ($100 in chips) 
IREQO: posts small blind $0.50
Manifestorr: posts big blind $1
*** HOLE CARDS ***
lau03174: raises $1.20 to $2.20
pr0tecto: folds 
reiyser: folds 
IREQO: folds 
Manifestorr: folds 
Uncalled bet ($1.20) returned to lau03174
lau03174 collected $2.50 from pot
lau03174: doesn't show hand 
*** SUMMARY ***
Total pot $2.50 | Rake $0 
Seat 2: GuigaMan
Seat 1: reiyser (button) folded before Flop (didn't bet)
Seat 3: IREQO (small blind) folded before Flop
Seat 4: Manifestorr (big blind) folded before Flop
Seat 5: lau03174 collected ($2.50)
Seat 6: pr0tecto folded before Flop (didn't bet)



PokerStars Hand #254476102050:  Hold'em No Limit ($0.50/$1.00 USD) - 2025/01/20 23:07:52 WET [2025/01/20 18:07:52 ET]
Table 'Althaea IV' 6-max Seat #3 is the button
Seat 2: GuigaMan ($100 in chips) is sitting out
Seat 1: reiyser ($100 in chips) 
Seat 3: IREQO ($51.46 in chips) 
Seat 4: Manifestorr ($100 in chips) 
Seat 5: lau03174 ($80.44 in chips) 
Seat 6: pr0tecto ($100 in chips) 
Manifestorr: posts small blind $0.50
lau03174: posts big blind $1
GuigaMan: sits out 
*** HOLE CARDS ***
pr0tecto: raises $1.10 to $2.10
reiyser: folds 
IREQO: folds 
Manifestorr: folds 
lau03174: calls $1.10
*** FLOP *** [2s Td 3d]
lau03174: checks 
pr0tecto: bets $2.68
lau03174: folds 
Uncalled bet ($2.68) returned to pr0tecto
pr0tecto collected $4.46 from pot
pr0tecto: doesn't show hand 
*** SUMMARY ***
Total pot $4.70 | Rake $0.24 
Board [2s Td 3d]
Seat 2: GuigaMan
Seat 1: reiyser folded before Flop (didn't bet)
Seat 3: IREQO (button) folded before Flop (didn't bet)
Seat 4: Manifestorr (small blind) folded before Flop
Seat 5: lau03174 (big blind) folded on the Flop
Seat 6: pr0tecto collected ($4.46)



PokerStars Hand #254476109513:  Hold'em No Limit ($0.50/$1.00 USD) - 2025/01/20 23:08:20 WET [2025/01/20 18:08:20 ET]
Table 'Althaea IV' 6-max Seat #4 is the button
Seat 2: GuigaMan ($100 in chips) is sitting out
Seat 6: pr0tecto ($102.36 in chips) is sitting out
Seat 1: reiyser ($100 in chips) 
Seat 3: IREQO ($51.46 in chips) 
Seat 4: Manifestorr ($100 in chips) 
Seat 5: lau03174 ($78.34 in chips) 
lau03174: posts small blind $0.50
pr0tecto: is sitting out 
reiyser: posts big blind $1
GuigaMan: sits out 
*** HOLE CARDS ***
IREQO: folds 
pr0tecto leaves the table
Manifestorr: folds 
lau03174: raises $1.20 to $2.20
reiyser: calls $1.20
*** FLOP *** [7s 6c 6h]
lau03174: checks 
numapu_33 joins the table at seat #6 
reiyser: bets $2.17
lau03174: calls $2.17
*** TURN *** [7s 6c 6h] [Jc]
lau03174: checks 
reiyser: checks 
*** RIVER *** [7s 6c 6h Jc] [Ad]
lau03174: bets $2.49
reiyser: folds 
Uncalled bet ($2.49) returned to lau03174
lau03174 collected $8.30 from pot
lau03174: doesn't show hand 
*** SUMMARY ***
Total pot $8.74 | Rake $0.44 
Board [7s 6c 6h Jc Ad]
Seat 2: GuigaMan
Seat 6: pr0tecto
Seat 1: reiyser (big blind) folded on the River
Seat 3: IREQO folded before Flop (didn't bet)
Seat 4: Manifestorr (button) folded before Flop (didn't bet)
Seat 5: lau03174 (small blind) collected ($8.30)



PokerStars Hand #254476123362:  Hold'em No Limit ($0.50/$1.00 USD) - 2025/01/20 23:09:13 WET [2025/01/20 18:09:13 ET]
Table 'Althaea IV' 6-max Seat #5 is the button
Seat 6: numapu_33 ($100 in chips) is sitting out
Seat 1: reiyser ($100 in chips) 
Seat 2: GuigaMan ($100 in chips) 
Seat 3: IREQO ($51.46 in chips) 
Seat 4: Manifestorr ($100 in chips) 
Seat 5: lau03174 ($82.27 in chips) 
reiyser: posts small blind $0.50
GuigaMan: posts big blind $1
*** HOLE CARDS ***
IREQO: folds 
Manifestorr: raises $1.20 to $2.20
lau03174: folds 
reiyser: folds 
GuigaMan: folds 
Uncalled bet ($1.20) returned to Manifestorr
Manifestorr collected $2.50 from pot
*** SUMMARY ***
Total pot $2.50 | Rake $0 
Seat 6: numapu_33
Seat 1: reiyser (small blind) folded before Flop
Seat 2: GuigaMan (big blind) folded before Flop
Seat 3: IREQO folded before Flop (didn't bet)
Seat 4: Manifestorr collected ($2.50)
Seat 5: lau03174 (button) folded before Flop (didn't bet)



PokerStars Hand #254476127246:  Hold'em No Limit ($0.50/$1.00 USD) - 2025/01/20 23:09:28 WET [2025/01/20 18:09:28 ET]
Table 'Althaea IV' 6-max Seat #1 is the button
Seat 6: numapu_33 ($100 in chips) is sitting out
Seat 1: reiyser ($100 in chips) 
Seat 2: GuigaMan ($100 in chips) 
Seat 3: IREQO ($51.46 in chips) 
Seat 4: Manifestorr ($101.50 in chips) 
Seat 5: lau03174 ($82.27 in chips) 
GuigaMan: posts small blind $0.50
IREQO: posts big blind $1
numapu_33: sits out 
*** HOLE CARDS ***
Manifestorr: folds 
lau03174: folds 
reiyser: folds 
GuigaMan: raises $2 to $3
IREQO: folds 
Uncalled bet ($2) returned to GuigaMan
GuigaMan collected $2 from pot
*** SUMMARY ***
Total pot $2 | Rake $0 
Seat 6: numapu_33
Seat 1: reiyser (button) folded before Flop (didn't bet)
Seat 2: GuigaMan (small blind) collected ($2)
Seat 3: IREQO (big blind) folded before Flop
Seat 4: Manifestorr folded before Flop (didn't bet)
Seat 5: lau03174 folded before Flop (didn't bet)



PokerStars Hand #254476132670:  Hold'em No Limit ($0.50/$1.00 USD) - 2025/01/20 23:09:49 WET [2025/01/20 18:09:49 ET]
Table 'Althaea IV' 6-max Seat #2 is the button
Seat 4: Manifestorr ($101.50 in chips) is sitting out
Seat 6: numapu_33 ($100 in chips) is sitting out
Seat 1: reiyser ($100 in chips) 
Seat 2: GuigaMan ($101 in chips) 
Seat 3: IREQO ($50.46 in chips) 
Seat 5: lau03174 ($82.27 in chips) 
IREQO: posts small blind $0.50
Manifestorr: is sitting out 
lau03174: posts big blind $1
numapu_33: sits out 
*** HOLE CARDS ***
reiyser: folds 
GuigaMan: folds 
IREQO: folds 
Uncalled bet ($0.50) returned to lau03174
Manifestorr leaves the table
lau03174 collected $1 from pot
lau03174: doesn't show hand 
*** SUMMARY ***
Total pot $1 | Rake $0 
Seat 4: Manifestorr
Seat 6: numapu_33
Seat 1: reiyser folded before Flop (didn't bet)
Seat 2: GuigaMan (button) folded before Flop (didn't bet)
Seat 3: IREQO (small blind) folded before Flop
Seat 5: lau03174 (big blind) collected ($1)



PokerStars Hand #254476135319:  Hold'em No Limit ($0.50/$1.00 USD) - 2025/01/20 23:09:59 WET [2025/01/20 18:09:59 ET]
Table 'Althaea IV' 6-max Seat #3 is the button
Seat 1: reiyser ($100 in chips) 
Seat 2: GuigaMan ($101 in chips) 
Seat 3: IREQO ($49.96 in chips) 
Seat 5: lau03174 ($82.77 in chips) 
Seat 6: numapu_33 ($100 in chips) 
lau03174: posts small blind $0.50
numapu_33: posts big blind $1
*** HOLE CARDS ***
reiyser: folds 
GuigaMan: folds 
BoyLoc0 joins the table at seat #4 
IREQO: folds 
lau03174: raises $1.20 to $2.20
numapu_33: calls $1.20
*** FLOP *** [4d Ks Ac]
lau03174: checks 
numapu_33: bets $1.25
lau03174: calls $1.25
*** TURN *** [4d Ks Ac] [2c]
lau03174: checks 
BoyLoc0 leaves the table
numapu_33: bets $4.92
lau03174: folds 
Uncalled bet ($4.92) returned to numapu_33
numapu_33 collected $6.56 from pot
numapu_33: doesn't show hand 
*** SUMMARY ***
Total pot $6.90 | Rake $0.34 
Board [4d Ks Ac 2c]
Seat 1: reiyser folded before Flop (didn't bet)
Seat 2: GuigaMan folded before Flop (didn't bet)
Seat 3: IREQO (button) folded before Flop (didn't bet)
Seat 5: lau03174 (small blind) folded on the Turn
Seat 6: numapu_33 (big blind) collected ($6.56)



PokerStars Hand #254476146574:  Hold'em No Limit ($0.50/$1.00 USD) - 2025/01/20 23:10:42 WET [2025/01/20 18:10:42 ET]
Table 'Althaea IV' 6-max Seat #5 is the button
Seat 1: reiyser ($100 in chips) 
Seat 2: GuigaMan ($101 in chips) 
Seat 3: IREQO ($49.96 in chips) 
Seat 5: lau03174 ($79.32 in chips) 
Seat 6: numapu_33 ($103.11 in chips) 
numapu_33: posts small blind $0.50
reiyser: posts big blind $1
*** HOLE CARDS ***
GuigaMan: folds 
IREQO: raises $1.50 to $2.50
avstero joins the table at seat #4 
lau03174: calls $2.50
numapu_33: folds 
reiyser: folds 
*** FLOP *** [8h 5d 9c]
IREQO: checks 
lau03174: bets $1.85
IREQO: folds 
Uncalled bet ($1.85) returned to lau03174
lau03174 collected $6.18 from pot
lau03174: doesn't show hand 
*** SUMMARY ***
Total pot $6.50 | Rake $0.32 
Board [8h 5d 9c]
Seat 1: reiyser (big blind) folded before Flop
Seat 2: GuigaMan folded before Flop (didn't bet)
Seat 3: IREQO folded on the Flop
Seat 5: lau03174 (button) collected ($6.18)
Seat 6: numapu_33 (small blind) folded before Flop



PokerStars Hand #254476157687:  Hold'em No Limit ($0.50/$1.00 USD) - 2025/01/20 23:11:24 WET [2025/01/20 18:11:24 ET]
Table 'Althaea IV' 6-max Seat #6 is the button
Seat 4: avstero ($100 in chips) is sitting out
Seat 1: reiyser ($100 in chips) 
Seat 2: GuigaMan ($101 in chips) 
Seat 3: IREQO ($47.46 in chips) 
Seat 5: lau03174 ($83 in chips) 
Seat 6: numapu_33 ($102.61 in chips) 
reiyser: posts small blind $0.50
GuigaMan: posts big blind $1
avstero: sits out 
*** HOLE CARDS ***
IREQO: raises $1.50 to $2.50
lau03174: folds 
numapu_33: folds 
reiyser: folds 
GuigaMan: folds 
Uncalled bet ($1.50) returned to IREQO
IREQO collected $2.50 from pot
IREQO: doesn't show hand 
*** SUMMARY ***
Total pot $2.50 | Rake $0 
Seat 4: avstero
Seat 1: reiyser (small blind) folded before Flop
Seat 2: GuigaMan (big blind) folded before Flop
Seat 3: IREQO collected ($2.50)
Seat 5: lau03174 folded before Flop (didn't bet)
Seat 6: numapu_33 (button) folded before Flop (didn't bet)



PokerStars Hand #254476161497:  Hold'em No Limit ($0.50/$1.00 USD) - 2025/01/20 23:11:39 WET [2025/01/20 18:11:39 ET]
Table 'Althaea IV' 6-max Seat #1 is the button
Seat 4: avstero ($100 in chips) is sitting out
Seat 1: reiyser ($100 in chips) 
Seat 2: GuigaMan ($100 in chips) 
Seat 3: IREQO ($48.96 in chips) 
Seat 5: lau03174 ($83 in chips) 
Seat 6: numapu_33 ($102.61 in chips) 
GuigaMan: posts small blind $0.50
IREQO: posts big blind $1
avstero: sits out 
*** HOLE CARDS ***
lau03174: folds 
numapu_33: raises $1.50 to $2.50
reiyser: folds 
GuigaMan: folds 
IREQO: folds 
Uncalled bet ($1.50) returned to numapu_33
numapu_33 collected $2.50 from pot
numapu_33: doesn't show hand 
*** SUMMARY ***
Total pot $2.50 | Rake $0 
Seat 4: avstero
Seat 1: reiyser (button) folded before Flop (didn't bet)
Seat 2: GuigaMan (small blind) folded before Flop
Seat 3: IREQO (big blind) folded before Flop
Seat 5: lau03174 folded before Flop (didn't bet)
Seat 6: numapu_33 collected ($2.50)



PokerStars Hand #254476164638:  Hold'em No Limit ($0.50/$1.00 USD) - 2025/01/20 23:11:51 WET [2025/01/20 18:11:51 ET]
Table 'Althaea IV' 6-max Seat #2 is the button
Seat 1: reiyser ($100 in chips) 
Seat 2: GuigaMan ($100 in chips) 
Seat 3: IREQO ($47.96 in chips) 
Seat 4: avstero ($100 in chips) 
Seat 5: lau03174 ($83 in chips) 
Seat 6: numapu_33 ($104.11 in chips) 
IREQO: posts small blind $0.50
avstero: posts big blind $1
*** HOLE CARDS ***
lau03174: raises $1.20 to $2.20
numapu_33: folds 
reiyser: folds 
GuigaMan: folds 
IREQO: calls $1.70
avstero: folds 
*** FLOP *** [Qc Js Ad]
IREQO: checks 
lau03174: bets $1.54
IREQO: calls $1.54
*** TURN *** [Qc Js Ad] [7c]
IREQO: checks 
lau03174: bets $5.05
IREQO: folds 
Uncalled bet ($5.05) returned to lau03174
lau03174 collected $8.06 from pot
lau03174: doesn't show hand 
*** SUMMARY ***
Total pot $8.48 | Rake $0.42 
Board [Qc Js Ad 7c]
Seat 1: reiyser folded before Flop (didn't bet)
Seat 2: GuigaMan (button) folded before Flop (didn't bet)
Seat 3: IREQO (small blind) folded on the Turn
Seat 4: avstero (big blind) folded before Flop
Seat 5: lau03174 collected ($8.06)
Seat 6: numapu_33 folded before Flop (didn't bet)



PokerStars Hand #254476182832:  Hold'em No Limit ($0.50/$1.00 USD) - 2025/01/20 23:13:03 WET [2025/01/20 18:13:03 ET]
Table 'Althaea IV' 6-max Seat #3 is the button
Seat 1: reiyser ($100 in chips) 
Seat 2: GuigaMan ($100 in chips) 
Seat 3: IREQO ($44.22 in chips) 
Seat 4: avstero ($99 in chips) 
Seat 5: lau03174 ($87.32 in chips) 
Seat 6: numapu_33 ($104.11 in chips) 
avstero: posts small blind $0.50
lau03174: posts big blind $1
*** HOLE CARDS ***
numapu_33: folds 
reiyser: folds 
GuigaMan: folds 
IREQO: folds 
avstero: folds 
Uncalled bet ($0.50) returned to lau03174
lau03174 collected $1 from pot
lau03174: doesn't show hand 
*** SUMMARY ***
Total pot $1 | Rake $0 
Seat 1: reiyser folded before Flop (didn't bet)
Seat 2: GuigaMan folded before Flop (didn't bet)
Seat 3: IREQO (button) folded before Flop (didn't bet)
Seat 4: avstero (small blind) folded before Flop
Seat 5: lau03174 (big blind) collected ($1)
Seat 6: numapu_33 folded before Flop (didn't bet)



PokerStars Hand #254476186672:  Hold'em No Limit ($0.50/$1.00 USD) - 2025/01/20 23:13:18 WET [2025/01/20 18:13:18 ET]
Table 'Althaea IV' 6-max Seat #4 is the button
Seat 1: reiyser ($100 in chips) 
Seat 2: GuigaMan ($100 in chips) 
Seat 3: IREQO ($52.96 in chips) 
Seat 4: avstero ($100 in chips) 
Seat 5: lau03174 ($87.82 in chips) 
Seat 6: numapu_33 ($104.11 in chips) 
lau03174: posts small blind $0.50
numapu_33: posts big blind $1
*** HOLE CARDS ***
reiyser: folds 
GuigaMan: folds 
IREQO is disconnected 
IREQO has timed out while disconnected
IREQO: folds 
avstero: folds 
lau03174: folds 
Uncalled bet ($0.50) returned to numapu_33
numapu_33 collected $1 from pot
numapu_33: doesn't show hand 
*** SUMMARY ***
Total pot $1 | Rake $0 
Seat 1: reiyser folded before Flop (didn't bet)
Seat 2: GuigaMan folded before Flop (didn't bet)
Seat 3: IREQO folded before Flop (didn't bet)
Seat 4: avstero (button) folded before Flop (didn't bet)
Seat 5: lau03174 (small blind) folded before Flop
Seat 6: numapu_33 (big blind) collected ($1)



PokerStars Hand #254476191948:  Hold'em No Limit ($0.50/$1.00 USD) - 2025/01/20 23:13:38 WET [2025/01/20 18:13:38 ET]
Table 'Althaea IV' 6-max Seat #5 is the button
Seat 3: IREQO ($52.96 in chips) is sitting out
Seat 1: reiyser ($100 in chips) 
Seat 2: GuigaMan ($100 in chips) 
Seat 4: avstero ($100 in chips) 
Seat 5: lau03174 ($87.32 in chips) 
Seat 6: numapu_33 ($104.61 in chips) 
numapu_33: posts small blind $0.50
reiyser: posts big blind $1
*** HOLE CARDS ***
GuigaMan: folds 
avstero: folds 
lau03174: folds 
numapu_33: raises $2 to $3
reiyser: calls $2
*** FLOP *** [Th Qs 9d]
numapu_33: checks 
reiyser: checks 
*** TURN *** [Th Qs 9d] [Js]
numapu_33: bets $4.28
reiyser: calls $4.28
*** RIVER *** [Th Qs 9d Js] [5c]
numapu_33: bets $26
reiyser: folds 
Uncalled bet ($26) returned to numapu_33
numapu_33 collected $13.83 from pot
numapu_33: doesn't show hand 
*** SUMMARY ***
Total pot $14.56 | Rake $0.73 
Board [Th Qs 9d Js 5c]
Seat 3: IREQO
Seat 1: reiyser (big blind) folded on the River
Seat 2: GuigaMan folded before Flop (didn't bet)
Seat 4: avstero folded before Flop (didn't bet)
Seat 5: lau03174 (button) folded before Flop (didn't bet)
Seat 6: numapu_33 (small blind) collected ($13.83)



PokerStars Hand #254476212345:  Hold'em No Limit ($0.50/$1.00 USD) - 2025/01/20 23:14:58 WET [2025/01/20 18:14:58 ET]
Table 'Althaea IV' 6-max Seat #6 is the button
Seat 1: reiyser ($100 in chips) 
Seat 2: GuigaMan ($100 in chips) 
Seat 3: IREQO ($100 in chips) 
Seat 4: avstero ($100 in chips) 
Seat 5: lau03174 ($87.32 in chips) 
Seat 6: numapu_33 ($111.16 in chips) 
reiyser: posts small blind $0.50
GuigaMan: posts big blind $1
*** HOLE CARDS ***
IREQO: folds 
avstero: folds 
lau03174: folds 
numapu_33: raises $1.50 to $2.50
reiyser: folds 
GuigaMan: folds 
Uncalled bet ($1.50) returned to numapu_33
numapu_33 collected $2.50 from pot
numapu_33: doesn't show hand 
*** SUMMARY ***
Total pot $2.50 | Rake $0 
Seat 1: reiyser (small blind) folded before Flop
Seat 2: GuigaMan (big blind) folded before Flop
Seat 3: IREQO folded before Flop (didn't bet)
Seat 4: avstero folded before Flop (didn't bet)
Seat 5: lau03174 folded before Flop (didn't bet)
Seat 6: numapu_33 (button) collected ($2.50)



PokerStars Hand #254476215582:  Hold'em No Limit ($0.50/$1.00 USD) - 2025/01/20 23:15:11 WET [2025/01/20 18:15:11 ET]
Table 'Althaea IV' 6-max Seat #1 is the button
Seat 1: reiyser ($100 in chips) 
Seat 2: GuigaMan ($100 in chips) 
Seat 3: IREQO ($100 in chips) 
Seat 4: avstero ($100 in chips) 
Seat 5: lau03174 ($87.32 in chips) 
Seat 6: numapu_33 ($112.66 in chips) 
GuigaMan: posts small blind $0.50
IREQO: posts big blind $1
*** HOLE CARDS ***
avstero: folds 
lau03174: folds 
numapu_33: folds 
reiyser: raises $1.23 to $2.23
GuigaMan: folds 
IREQO: folds 
Uncalled bet ($1.23) returned to reiyser
reiyser collected $2.50 from pot
reiyser: doesn't show hand 
*** SUMMARY ***
Total pot $2.50 | Rake $0 
Seat 1: reiyser (button) collected ($2.50)
Seat 2: GuigaMan (small blind) folded before Flop
Seat 3: IREQO (big blind) folded before Flop
Seat 4: avstero folded before Flop (didn't bet)
Seat 5: lau03174 folded before Flop (didn't bet)
Seat 6: numapu_33 folded before Flop (didn't bet)



PokerStars Hand #254476221369:  Hold'em No Limit ($0.50/$1.00 USD) - 2025/01/20 23:15:34 WET [2025/01/20 18:15:34 ET]
Table 'Althaea IV' 6-max Seat #2 is the button
Seat 1: reiyser ($101.50 in chips) 
Seat 2: GuigaMan ($100 in chips) 
Seat 3: IREQO ($99 in chips) 
Seat 4: avstero ($100 in chips) 
Seat 5: lau03174 ($87.32 in chips) 
Seat 6: numapu_33 ($112.66 in chips) 
IREQO: posts small blind $0.50
avstero: posts big blind $1
*** HOLE CARDS ***
lau03174: folds 
numapu_33: folds 
reiyser: folds 
GuigaMan: folds 
IREQO: folds 
Uncalled bet ($0.50) returned to avstero
avstero collected $1 from pot
avstero: doesn't show hand 
*** SUMMARY ***
Total pot $1 | Rake $0 
Seat 1: reiyser folded before Flop (didn't bet)
Seat 2: GuigaMan (button) folded before Flop (didn't bet)
Seat 3: IREQO (small blind) folded before Flop
Seat 4: avstero (big blind) collected ($1)
Seat 5: lau03174 folded before Flop (didn't bet)
Seat 6: numapu_33 folded before Flop (didn't bet)



PokerStars Hand #254476224726:  Hold'em No Limit ($0.50/$1.00 USD) - 2025/01/20 23:15:47 WET [2025/01/20 18:15:47 ET]
Table 'Althaea IV' 6-max Seat #3 is the button
Seat 1: reiyser ($101.50 in chips) 
Seat 2: GuigaMan ($100 in chips) 
Seat 3: IREQO ($100 in chips) 
Seat 4: avstero ($100.50 in chips) 
Seat 5: lau03174 ($87.32 in chips) 
Seat 6: numapu_33 ($112.66 in chips) 
avstero: posts small blind $0.50
lau03174: posts big blind $1
*** HOLE CARDS ***
numapu_33: folds 
reiyser: folds 
GuigaMan: folds 
IREQO: folds 
avstero: folds 
Uncalled bet ($0.50) returned to lau03174
lau03174 collected $1 from pot
lau03174: doesn't show hand 
*** SUMMARY ***
Total pot $1 | Rake $0 
Seat 1: reiyser folded before Flop (didn't bet)
Seat 2: GuigaMan folded before Flop (didn't bet)
Seat 3: IREQO (button) folded before Flop (didn't bet)
Seat 4: avstero (small blind) folded before Flop
Seat 5: lau03174 (big blind) collected ($1)
Seat 6: numapu_33 folded before Flop (didn't bet)



PokerStars Hand #254476229218:  Hold'em No Limit ($0.50/$1.00 USD) - 2025/01/20 23:16:04 WET [2025/01/20 18:16:04 ET]
Table 'Althaea IV' 6-max Seat #4 is the button
Seat 1: reiyser ($101.50 in chips) 
Seat 2: GuigaMan ($100 in chips) 
Seat 3: IREQO ($100 in chips) 
Seat 4: avstero ($100 in chips) 
Seat 5: lau03174 ($87.82 in chips) 
Seat 6: numapu_33 ($112.66 in chips) 
lau03174: posts small blind $0.50
numapu_33: posts big blind $1
*** HOLE CARDS ***
reiyser: folds 
GuigaMan: folds 
IREQO: folds 
avstero: raises $1.20 to $2.20
lau03174: calls $1.70
numapu_33: folds 
*** FLOP *** [Th 2h Ts]
lau03174: checks 
avstero: bets $1.54
lau03174: raises $6.16 to $7.70
avstero: folds 
Uncalled bet ($6.16) returned to lau03174
lau03174 collected $8.06 from pot
lau03174: doesn't show hand 
*** SUMMARY ***
Total pot $8.48 | Rake $0.42 
Board [Th 2h Ts]
Seat 1: reiyser folded before Flop (didn't bet)
Seat 2: GuigaMan folded before Flop (didn't bet)
Seat 3: IREQO folded before Flop (didn't bet)
Seat 4: avstero (button) folded on the Flop
Seat 5: lau03174 (small blind) collected ($8.06)
Seat 6: numapu_33 (big blind) folded before Flop



PokerStars Hand #254476239815:  Hold'em No Limit ($0.50/$1.00 USD) - 2025/01/20 23:16:46 WET [2025/01/20 18:16:46 ET]
Table 'Althaea IV' 6-max Seat #5 is the button
Seat 1: reiyser ($101.50 in chips) 
Seat 2: GuigaMan ($100 in chips) 
Seat 3: IREQO ($100 in chips) 
Seat 4: avstero ($100 in chips) 
Seat 5: lau03174 ($92.14 in chips) 
Seat 6: numapu_33 ($111.66 in chips) 
numapu_33: posts small blind $0.50
reiyser: posts big blind $1
*** HOLE CARDS ***
GuigaMan: folds 
IREQO: folds 
avstero: folds 
lau03174: raises $1.20 to $2.20
numapu_33: raises $8.80 to $11
reiyser: folds 
lau03174: folds 
Uncalled bet ($8.80) returned to numapu_33
numapu_33 collected $5.40 from pot
numapu_33: doesn't show hand 
*** SUMMARY ***
Total pot $5.40 | Rake $0 
Seat 1: reiyser (big blind) folded before Flop
Seat 2: GuigaMan folded before Flop (didn't bet)
Seat 3: IREQO folded before Flop (didn't bet)
Seat 4: avstero folded before Flop (didn't bet)
Seat 5: lau03174 (button) folded before Flop
Seat 6: numapu_33 (small blind) collected ($5.40)



PokerStars Hand #254476244999:  Hold'em No Limit ($0.50/$1.00 USD) - 2025/01/20 23:17:06 WET [2025/01/20 18:17:06 ET]
Table 'Althaea IV' 6-max Seat #6 is the button
Seat 1: reiyser ($100.50 in chips) 
Seat 2: GuigaMan ($100 in chips) 
Seat 3: IREQO ($100 in chips) 
Seat 4: avstero ($100 in chips) 
Seat 5: lau03174 ($89.94 in chips) 
Seat 6: numapu_33 ($114.86 in chips) 
reiyser: posts small blind $0.50
GuigaMan: posts big blind $1
*** HOLE CARDS ***
IREQO: folds 
avstero: folds 
lau03174: folds 
numapu_33: raises $1.50 to $2.50
reiyser: folds 
GuigaMan: folds 
Uncalled bet ($1.50) returned to numapu_33
numapu_33 collected $2.50 from pot
numapu_33: doesn't show hand 
*** SUMMARY ***
Total pot $2.50 | Rake $0 
Seat 1: reiyser (small blind) folded before Flop
Seat 2: GuigaMan (big blind) folded before Flop
Seat 3: IREQO folded before Flop (didn't bet)
Seat 4: avstero folded before Flop (didn't bet)
Seat 5: lau03174 folded before Flop (didn't bet)
Seat 6: numapu_33 (button) collected ($2.50)



PokerStars Hand #254476249833:  Hold'em No Limit ($0.50/$1.00 USD) - 2025/01/20 23:17:25 WET [2025/01/20 18:17:25 ET]
Table 'Althaea IV' 6-max Seat #1 is the button
Seat 1: reiyser ($100 in chips) 
Seat 2: GuigaMan ($100 in chips) 
Seat 3: IREQO ($100 in chips) 
Seat 4: avstero ($100 in chips) 
Seat 5: lau03174 ($89.94 in chips) 
Seat 6: numapu_33 ($116.36 in chips) 
GuigaMan: posts small blind $0.50
IREQO: posts big blind $1
*** HOLE CARDS ***
avstero: folds 
lau03174: folds 
numapu_33: folds 
reiyser: folds 
GuigaMan: raises $2 to $3
IREQO: calls $2
*** FLOP *** [Qd 6d 5s]
GuigaMan: checks 
IREQO: checks 
*** TURN *** [Qd 6d 5s] [Kc]
GuigaMan: bets $4.28
IREQO: folds 
Uncalled bet ($4.28) returned to GuigaMan
GuigaMan collected $5.70 from pot
*** SUMMARY ***
Total pot $6 | Rake $0.30 
Board [Qd 6d 5s Kc]
Seat 1: reiyser (button) folded before Flop (didn't bet)
Seat 2: GuigaMan (small blind) collected ($5.70)
Seat 3: IREQO (big blind) folded on the Turn
Seat 4: avstero folded before Flop (didn't bet)
Seat 5: lau03174 folded before Flop (didn't bet)
Seat 6: numapu_33 folded before Flop (didn't bet)



PokerStars Hand #254476264064:  Hold'em No Limit ($0.50/$1.00 USD) - 2025/01/20 23:18:21 WET [2025/01/20 18:18:21 ET]
Table 'Althaea IV' 6-max Seat #2 is the button
Seat 1: reiyser ($100 in chips) 
Seat 2: GuigaMan ($102.70 in chips) 
Seat 3: IREQO ($100 in chips) 
Seat 4: avstero ($100 in chips) 
Seat 5: lau03174 ($89.94 in chips) 
Seat 6: numapu_33 ($116.36 in chips) 
IREQO: posts small blind $0.50
avstero: posts big blind $1
*** HOLE CARDS ***
lau03174: folds 
numapu_33: raises $1.50 to $2.50
reiyser: folds 
GuigaMan: folds 
IREQO: folds 
avstero: folds 
Uncalled bet ($1.50) returned to numapu_33
numapu_33 collected $2.50 from pot
numapu_33: doesn't show hand 
*** SUMMARY ***
Total pot $2.50 | Rake $0 
Seat 1: reiyser folded before Flop (didn't bet)
Seat 2: GuigaMan (button) folded before Flop (didn't bet)
Seat 3: IREQO (small blind) folded before Flop
Seat 4: avstero (big blind) folded before Flop
Seat 5: lau03174 folded before Flop (didn't bet)
Seat 6: numapu_33 collected ($2.50)



PokerStars Hand #254476268274:  Hold'em No Limit ($0.50/$1.00 USD) - 2025/01/20 23:18:38 WET [2025/01/20 18:18:38 ET]
Table 'Althaea IV' 6-max Seat #3 is the button
Seat 1: reiyser ($100 in chips) 
Seat 2: GuigaMan ($102.70 in chips) 
Seat 3: IREQO ($99.50 in chips) 
Seat 4: avstero ($99 in chips) 
Seat 5: lau03174 ($89.94 in chips) 
Seat 6: numapu_33 ($117.86 in chips) 
avstero: posts small blind $0.50
lau03174: posts big blind $1
*** HOLE CARDS ***
numapu_33: folds 
reiyser: folds 
GuigaMan: folds 
IREQO: folds 
avstero: folds 
Uncalled bet ($0.50) returned to lau03174
lau03174 collected $1 from pot
lau03174: doesn't show hand 
*** SUMMARY ***
Total pot $1 | Rake $0 
Seat 1: reiyser folded before Flop (didn't bet)
Seat 2: GuigaMan folded before Flop (didn't bet)
Seat 3: IREQO (button) folded before Flop (didn't bet)
Seat 4: avstero (small blind) folded before Flop
Seat 5: lau03174 (big blind) collected ($1)
Seat 6: numapu_33 folded before Flop (didn't bet)



PokerStars Hand #254476271179:  Hold'em No Limit ($0.50/$1.00 USD) - 2025/01/20 23:18:50 WET [2025/01/20 18:18:50 ET]
Table 'Althaea IV' 6-max Seat #4 is the button
Seat 1: reiyser ($100 in chips) 
Seat 2: GuigaMan ($102.70 in chips) 
Seat 3: IREQO ($99.50 in chips) 
Seat 4: avstero ($100 in chips) 
Seat 5: lau03174 ($90.44 in chips) 
Seat 6: numapu_33 ($117.86 in chips) 
lau03174: posts small blind $0.50
numapu_33: posts big blind $1
*** HOLE CARDS ***
reiyser: folds 
GuigaMan: folds 
IREQO: folds 
avstero: raises $1.20 to $2.20
lau03174: folds 
numapu_33: folds 
Uncalled bet ($1.20) returned to avstero
avstero collected $2.50 from pot
avstero: doesn't show hand 
*** SUMMARY ***
Total pot $2.50 | Rake $0 
Seat 1: reiyser folded before Flop (didn't bet)
Seat 2: GuigaMan folded before Flop (didn't bet)
Seat 3: IREQO folded before Flop (didn't bet)
Seat 4: avstero (button) collected ($2.50)
Seat 5: lau03174 (small blind) folded before Flop
Seat 6: numapu_33 (big blind) folded before Flop



PokerStars Hand #254476274821:  Hold'em No Limit ($0.50/$1.00 USD) - 2025/01/20 23:19:04 WET [2025/01/20 18:19:04 ET]
Table 'Althaea IV' 6-max Seat #5 is the button
Seat 1: reiyser ($100 in chips) 
Seat 2: GuigaMan ($102.70 in chips) 
Seat 3: IREQO ($99.50 in chips) 
Seat 4: avstero ($101.50 in chips) 
Seat 5: lau03174 ($89.94 in chips) 
Seat 6: numapu_33 ($116.86 in chips) 
numapu_33: posts small blind $0.50
reiyser: posts big blind $1
*** HOLE CARDS ***
GuigaMan: folds 
IREQO has timed out
IREQO: folds 
avstero: folds 
lau03174: raises $1.20 to $2.20
numapu_33: folds 
reiyser: raises $9.30 to $11.50
lau03174: calls $9.30
*** FLOP *** [As Ks 6d]
reiyser: bets $6.47
lau03174: calls $6.47
*** TURN *** [As Ks 6d] [5c]
reiyser: checks 
lau03174: bets $11.39
reiyser: raises $29.85 to $41.24
lau03174: calls $29.85
*** RIVER *** [As Ks 6d 5c] [3c]
reiyser: bets $40.79 and is all-in
lau03174: folds 
Uncalled bet ($40.79) returned to reiyser
reiyser collected $116.42 from pot
reiyser: doesn't show hand 
*** SUMMARY ***
Total pot $118.92 | Rake $2.50 
Board [As Ks 6d 5c 3c]
Seat 1: reiyser (big blind) collected ($116.42)
Seat 2: GuigaMan folded before Flop (didn't bet)
Seat 3: IREQO folded before Flop (didn't bet)
Seat 4: avstero folded before Flop (didn't bet)
Seat 5: lau03174 (button) folded on the River
Seat 6: numapu_33 (small blind) folded before Flop



PokerStars Hand #254476305561:  Hold'em No Limit ($0.50/$1.00 USD) - 2025/01/20 23:21:06 WET [2025/01/20 18:21:06 ET]
Table 'Althaea IV' 6-max Seat #6 is the button
Seat 1: reiyser ($157.21 in chips) 
Seat 2: GuigaMan ($102.70 in chips) 
Seat 3: IREQO ($99.50 in chips) 
Seat 4: avstero ($101.50 in chips) 
Seat 5: lau03174 ($30.73 in chips) 
Seat 6: numapu_33 ($116.36 in chips) 
reiyser: posts small blind $0.50
GuigaMan: posts big blind $1
*** HOLE CARDS ***
IREQO: folds 
avstero: folds 
lau03174: folds 
numapu_33: folds 
reiyser: raises $1.80 to $2.80
GuigaMan: raises $6.20 to $9
reiyser: folds 
Uncalled bet ($6.20) returned to GuigaMan
GuigaMan collected $5.60 from pot
*** SUMMARY ***
Total pot $5.60 | Rake $0 
Seat 1: reiyser (small blind) folded before Flop
Seat 2: GuigaMan (big blind) collected ($5.60)
Seat 3: IREQO folded before Flop (didn't bet)
Seat 4: avstero folded before Flop (didn't bet)
Seat 5: lau03174 folded before Flop (didn't bet)
Seat 6: numapu_33 (button) folded before Flop (didn't bet)



PokerStars Hand #254476315691:  Hold'em No Limit ($0.50/$1.00 USD) - 2025/01/20 23:21:45 WET [2025/01/20 18:21:45 ET]
Table 'Althaea IV' 6-max Seat #1 is the button
Seat 1: reiyser ($154.41 in chips) 
Seat 2: GuigaMan ($105.50 in chips) 
Seat 3: IREQO ($99.50 in chips) 
Seat 4: avstero ($101.50 in chips) 
Seat 5: lau03174 ($30.73 in chips) 
Seat 6: numapu_33 ($116.36 in chips) 
GuigaMan: posts small blind $0.50
IREQO: posts big blind $1
*** HOLE CARDS ***
avstero: folds 
lau03174: folds 
numapu_33: raises $1.50 to $2.50
reiyser: raises $5.50 to $8
GuigaMan: folds 
IREQO: folds 
numapu_33: folds 
Uncalled bet ($5.50) returned to reiyser
reiyser collected $6.50 from pot
reiyser: doesn't show hand 
*** SUMMARY ***
Total pot $6.50 | Rake $0 
Seat 1: reiyser (button) collected ($6.50)
Seat 2: GuigaMan (small blind) folded before Flop
Seat 3: IREQO (big blind) folded before Flop
Seat 4: avstero folded before Flop (didn't bet)
Seat 5: lau03174 folded before Flop (didn't bet)
Seat 6: numapu_33 folded before Flop



PokerStars Hand #254476321201:  Hold'em No Limit ($0.50/$1.00 USD) - 2025/01/20 23:22:07 WET [2025/01/20 18:22:07 ET]
Table 'Althaea IV' 6-max Seat #2 is the button
Seat 1: reiyser ($158.41 in chips) 
Seat 2: GuigaMan ($105 in chips) 
Seat 3: IREQO ($100 in chips) 
Seat 4: avstero ($101.50 in chips) 
Seat 5: lau03174 ($30.73 in chips) 
Seat 6: numapu_33 ($113.86 in chips) 
IREQO: posts small blind $0.50
avstero: posts big blind $1
*** HOLE CARDS ***
lau03174: raises $1.20 to $2.20
numapu_33: folds 
reiyser: folds 
GuigaMan: folds 
IREQO: folds 
avstero: folds 
Uncalled bet ($1.20) returned to lau03174
lau03174 collected $2.50 from pot
lau03174: doesn't show hand 
*** SUMMARY ***
Total pot $2.50 | Rake $0 
Seat 1: reiyser folded before Flop (didn't bet)
Seat 2: GuigaMan (button) folded before Flop (didn't bet)
Seat 3: IREQO (small blind) folded before Flop
Seat 4: avstero (big blind) folded before Flop
Seat 5: lau03174 collected ($2.50)
Seat 6: numapu_33 folded before Flop (didn't bet)



PokerStars Hand #254476324933:  Hold'em No Limit ($0.50/$1.00 USD) - 2025/01/20 23:22:21 WET [2025/01/20 18:22:21 ET]
Table 'Althaea IV' 6-max Seat #3 is the button
Seat 1: reiyser ($158.41 in chips) 
Seat 2: GuigaMan ($105 in chips) 
Seat 3: IREQO ($99.50 in chips) 
Seat 4: avstero ($100.50 in chips) 
Seat 5: lau03174 ($32.23 in chips) 
Seat 6: numapu_33 ($113.86 in chips) 
avstero: posts small blind $0.50
lau03174: posts big blind $1
*** HOLE CARDS ***
numapu_33: raises $1.50 to $2.50
reiyser: folds 
GuigaMan: folds 
IREQO: folds 
avstero: folds 
lau03174: folds 
Uncalled bet ($1.50) returned to numapu_33
numapu_33 collected $2.50 from pot
numapu_33: doesn't show hand 
*** SUMMARY ***
Total pot $2.50 | Rake $0 
Seat 1: reiyser folded before Flop (didn't bet)
Seat 2: GuigaMan folded before Flop (didn't bet)
Seat 3: IREQO (button) folded before Flop (didn't bet)
Seat 4: avstero (small blind) folded before Flop
Seat 5: lau03174 (big blind) folded before Flop
Seat 6: numapu_33 collected ($2.50)



PokerStars Hand #254476329095:  Hold'em No Limit ($0.50/$1.00 USD) - 2025/01/20 23:22:38 WET [2025/01/20 18:22:38 ET]
Table 'Althaea IV' 6-max Seat #4 is the button
Seat 1: reiyser ($158.41 in chips) 
Seat 2: GuigaMan ($105 in chips) 
Seat 3: IREQO ($99.50 in chips) 
Seat 4: avstero ($100 in chips) 
Seat 5: lau03174 ($31.23 in chips) 
Seat 6: numapu_33 ($115.36 in chips) 
lau03174: posts small blind $0.50
numapu_33: posts big blind $1
*** HOLE CARDS ***
reiyser: folds 
GuigaMan: raises $1.10 to $2.10
IREQO: folds 
avstero: folds 
lau03174: folds 
numapu_33: folds 
Uncalled bet ($1.10) returned to GuigaMan
GuigaMan collected $2.50 from pot
*** SUMMARY ***
Total pot $2.50 | Rake $0 
Seat 1: reiyser folded before Flop (didn't bet)
Seat 2: GuigaMan collected ($2.50)
Seat 3: IREQO folded before Flop (didn't bet)
Seat 4: avstero (button) folded before Flop (didn't bet)
Seat 5: lau03174 (small blind) folded before Flop
Seat 6: numapu_33 (big blind) folded before Flop



PokerStars Hand #254476332812:  Hold'em No Limit ($0.50/$1.00 USD) - 2025/01/20 23:22:52 WET [2025/01/20 18:22:52 ET]
Table 'Althaea IV' 6-max Seat #5 is the button
Seat 1: reiyser ($158.41 in chips) 
Seat 2: GuigaMan ($106.50 in chips) 
Seat 3: IREQO ($99.50 in chips) 
Seat 4: avstero ($100 in chips) 
Seat 5: lau03174 ($30.73 in chips) 
Seat 6: numapu_33 ($114.36 in chips) 
numapu_33: posts small blind $0.50
reiyser: posts big blind $1
*** HOLE CARDS ***
GuigaMan: folds 
IREQO: raises $1.50 to $2.50
avstero: folds 
lau03174: calls $2.50
numapu_33: calls $2
reiyser: folds 
*** FLOP *** [Td 9h Ah]
numapu_33: checks 
IREQO: checks 
lau03174: checks 
*** TURN *** [Td 9h Ah] [5h]
numapu_33: checks 
IREQO: checks 
lau03174: checks 
*** RIVER *** [Td 9h Ah 5h] [4s]
numapu_33: bets $6.06
IREQO: folds 
lau03174: folds 
Uncalled bet ($6.06) returned to numapu_33
numapu_33 collected $8.08 from pot
numapu_33: doesn't show hand 
*** SUMMARY ***
Total pot $8.50 | Rake $0.42 
Board [Td 9h Ah 5h 4s]
Seat 1: reiyser (big blind) folded before Flop
Seat 2: GuigaMan folded before Flop (didn't bet)
Seat 3: IREQO folded on the River
Seat 4: avstero folded before Flop (didn't bet)
Seat 5: lau03174 (button) folded on the River
Seat 6: numapu_33 (small blind) collected ($8.08)



PokerStars Hand #254476356085:  Hold'em No Limit ($0.50/$1.00 USD) - 2025/01/20 23:24:24 WET [2025/01/20 18:24:24 ET]
Table 'Althaea IV' 6-max Seat #6 is the button
Seat 1: reiyser ($157.41 in chips) 
Seat 2: GuigaMan ($106.50 in chips) 
Seat 3: IREQO ($100 in chips) 
Seat 4: avstero ($100 in chips) 
Seat 5: lau03174 ($28.23 in chips) 
Seat 6: numapu_33 ($119.94 in chips) 
reiyser: posts small blind $0.50
GuigaMan: posts big blind $1
*** HOLE CARDS ***
IREQO: folds 
avstero: folds 
lau03174: folds 
numapu_33: folds 
reiyser: folds 
Uncalled bet ($0.50) returned to GuigaMan
GuigaMan collected $1 from pot
*** SUMMARY ***
Total pot $1 | Rake $0 
Seat 1: reiyser (small blind) folded before Flop
Seat 2: GuigaMan (big blind) collected ($1)
Seat 3: IREQO folded before Flop (didn't bet)
Seat 4: avstero folded before Flop (didn't bet)
Seat 5: lau03174 folded before Flop (didn't bet)
Seat 6: numapu_33 (button) folded before Flop (didn't bet)



PokerStars Hand #254476360125:  Hold'em No Limit ($0.50/$1.00 USD) - 2025/01/20 23:24:40 WET [2025/01/20 18:24:40 ET]
Table 'Althaea IV' 6-max Seat #1 is the button
Seat 1: reiyser ($156.91 in chips) 
Seat 2: GuigaMan ($107 in chips) 
Seat 3: IREQO ($100 in chips) 
Seat 4: avstero ($100 in chips) 
Seat 5: lau03174 ($28.23 in chips) 
Seat 6: numapu_33 ($119.94 in chips) 
GuigaMan: posts small blind $0.50
IREQO: posts big blind $1
*** HOLE CARDS ***
avstero: folds 
lau03174: raises $1.20 to $2.20
numapu_33: folds 
reiyser: folds 
GuigaMan: folds 
IREQO: folds 
Uncalled bet ($1.20) returned to lau03174
lau03174 collected $2.50 from pot
lau03174: doesn't show hand 
*** SUMMARY ***
Total pot $2.50 | Rake $0 
Seat 1: reiyser (button) folded before Flop (didn't bet)
Seat 2: GuigaMan (small blind) folded before Flop
Seat 3: IREQO (big blind) folded before Flop
Seat 4: avstero folded before Flop (didn't bet)
Seat 5: lau03174 collected ($2.50)
Seat 6: numapu_33 folded before Flop (didn't bet)



PokerStars Hand #254476366090:  Hold'em No Limit ($0.50/$1.00 USD) - 2025/01/20 23:25:04 WET [2025/01/20 18:25:04 ET]
Table 'Althaea IV' 6-max Seat #2 is the button
Seat 1: reiyser ($156.91 in chips) 
Seat 2: GuigaMan ($106.50 in chips) 
Seat 3: IREQO ($99 in chips) 
Seat 4: avstero ($100 in chips) 
Seat 5: lau03174 ($29.73 in chips) 
Seat 6: numapu_33 ($119.94 in chips) 
IREQO: posts small blind $0.50
avstero: posts big blind $1
*** HOLE CARDS ***
lau03174: folds 
numapu_33: raises $1.50 to $2.50
reiyser: folds 
GuigaMan: folds 
IREQO: folds 
avstero: calls $1.50
*** FLOP *** [As Ks 3d]
avstero: checks 
numapu_33: bets $3.92
avstero: folds 
Uncalled bet ($3.92) returned to numapu_33
numapu_33 collected $5.22 from pot
numapu_33: doesn't show hand 
*** SUMMARY ***
Total pot $5.50 | Rake $0.28 
Board [As Ks 3d]
Seat 1: reiyser folded before Flop (didn't bet)
Seat 2: GuigaMan (button) folded before Flop (didn't bet)
Seat 3: IREQO (small blind) folded before Flop
Seat 4: avstero (big blind) folded on the Flop
Seat 5: lau03174 folded before Flop (didn't bet)
Seat 6: numapu_33 collected ($5.22)



PokerStars Hand #254476379907:  Hold'em No Limit ($0.50/$1.00 USD) - 2025/01/20 23:26:00 WET [2025/01/20 18:26:00 ET]
Table 'Althaea IV' 6-max Seat #3 is the button
Seat 1: reiyser ($156.91 in chips) 
Seat 2: GuigaMan ($106.50 in chips) 
Seat 3: IREQO ($98.50 in chips) 
Seat 4: avstero ($100 in chips) 
Seat 5: lau03174 ($29.73 in chips) 
Seat 6: numapu_33 ($122.66 in chips) 
avstero: posts small blind $0.50
lau03174: posts big blind $1
*** HOLE CARDS ***
numapu_33: folds 
reiyser: raises $1.23 to $2.23
GuigaMan: raises $3.77 to $6
IREQO: folds 
avstero: folds 
lau03174: folds 
reiyser: folds 
Uncalled bet ($3.77) returned to GuigaMan
GuigaMan collected $5.96 from pot
*** SUMMARY ***
Total pot $5.96 | Rake $0 
Seat 1: reiyser folded before Flop
Seat 2: GuigaMan collected ($5.96)
Seat 3: IREQO (button) folded before Flop (didn't bet)
Seat 4: avstero (small blind) folded before Flop
Seat 5: lau03174 (big blind) folded before Flop
Seat 6: numapu_33 folded before Flop (didn't bet)



PokerStars Hand #254476386658:  Hold'em No Limit ($0.50/$1.00 USD) - 2025/01/20 23:26:27 WET [2025/01/20 18:26:27 ET]
Table 'Althaea IV' 6-max Seat #4 is the button
Seat 1: reiyser ($154.68 in chips) 
Seat 2: GuigaMan ($110.23 in chips) 
Seat 3: IREQO ($98.50 in chips) 
Seat 4: avstero ($99.50 in chips) 
Seat 5: lau03174 ($28.73 in chips) 
Seat 6: numapu_33 ($122.66 in chips) 
lau03174: posts small blind $0.50
numapu_33: posts big blind $1
*** HOLE CARDS ***
reiyser: folds 
GuigaMan: raises $1.10 to $2.10
IREQO: folds 
avstero: folds 
lau03174: folds 
numapu_33: calls $1.10
*** FLOP *** [As 6c 2h]
numapu_33: checks 
GuigaMan: bets $1.34
numapu_33: calls $1.34
*** TURN *** [As 6c 2h] [Kd]
numapu_33: checks 
GuigaMan: bets $5.26
numapu_33: folds 
Uncalled bet ($5.26) returned to GuigaMan
GuigaMan collected $7.01 from pot
*** SUMMARY ***
Total pot $7.38 | Rake $0.37 
Board [As 6c 2h Kd]
Seat 1: reiyser folded before Flop (didn't bet)
Seat 2: GuigaMan collected ($7.01)
Seat 3: IREQO folded before Flop (didn't bet)
Seat 4: avstero (button) folded before Flop (didn't bet)
Seat 5: lau03174 (small blind) folded before Flop
Seat 6: numapu_33 (big blind) folded on the Turn



PokerStars Hand #254476395676:  Hold'em No Limit ($0.50/$1.00 USD) - 2025/01/20 23:27:03 WET [2025/01/20 18:27:03 ET]
Table 'Althaea IV' 6-max Seat #5 is the button
Seat 1: reiyser ($154.68 in chips) 
Seat 2: GuigaMan ($113.80 in chips) 
Seat 3: IREQO ($98.50 in chips) 
Seat 4: avstero ($99.50 in chips) 
Seat 5: lau03174 ($28.23 in chips) 
Seat 6: numapu_33 ($119.22 in chips) 
numapu_33: posts small blind $0.50
reiyser: posts big blind $1
*** HOLE CARDS ***
GuigaMan: folds 
IREQO: folds 
avstero: folds 
lau03174: folds 
numapu_33: raises $2 to $3
reiyser: calls $2
*** FLOP *** [7h Kc 5s]
numapu_33: bets $1.71
reiyser: calls $1.71
*** TURN *** [7h Kc 5s] [Jh]
numapu_33: checks 
reiyser: checks 
*** RIVER *** [7h Kc 5s Jh] [Jc]
numapu_33: bets $11.64
reiyser: calls $11.64
*** SHOW DOWN ***
numapu_33: shows [Js 9h] (three of a kind, Jacks)
reiyser: mucks hand 
numapu_33 collected $31.06 from pot
*** SUMMARY ***
Total pot $32.70 | Rake $1.64 
Board [7h Kc 5s Jh Jc]
Seat 1: reiyser (big blind) mucked
Seat 2: GuigaMan folded before Flop (didn't bet)
Seat 3: IREQO folded before Flop (didn't bet)
Seat 4: avstero folded before Flop (didn't bet)
Seat 5: lau03174 (button) folded before Flop (didn't bet)
Seat 6: numapu_33 (small blind) showed [Js 9h] and won ($31.06) with three of a kind, Jacks



PokerStars Hand #254476417444:  Hold'em No Limit ($0.50/$1.00 USD) - 2025/01/20 23:28:32 WET [2025/01/20 18:28:32 ET]
Table 'Althaea IV' 6-max Seat #6 is the button
Seat 1: reiyser ($138.33 in chips) 
Seat 2: GuigaMan ($113.80 in chips) 
Seat 3: IREQO ($98.50 in chips) 
Seat 4: avstero ($99.50 in chips) 
Seat 5: lau03174 ($28.23 in chips) 
Seat 6: numapu_33 ($133.93 in chips) 
reiyser: posts small blind $0.50
GuigaMan: posts big blind $1
*** HOLE CARDS ***
IREQO: raises $1.50 to $2.50
avstero: folds 
lau03174: folds 
numapu_33: folds 
reiyser: folds 
GuigaMan: calls $1.50
*** FLOP *** [9h 8s Tc]
GuigaMan: checks 
IREQO: checks 
*** TURN *** [9h 8s Tc] [3c]
GuigaMan: checks 
IREQO: bets $8
GuigaMan: folds 
Uncalled bet ($8) returned to IREQO
IREQO collected $5.22 from pot
IREQO: doesn't show hand 
*** SUMMARY ***
Total pot $5.50 | Rake $0.28 
Board [9h 8s Tc 3c]
Seat 1: reiyser (small blind) folded before Flop
Seat 2: GuigaMan (big blind) folded on the Turn
Seat 3: IREQO collected ($5.22)
Seat 4: avstero folded before Flop (didn't bet)
Seat 5: lau03174 folded before Flop (didn't bet)
Seat 6: numapu_33 (button) folded before Flop (didn't bet)



PokerStars Hand #254476431417:  Hold'em No Limit ($0.50/$1.00 USD) - 2025/01/20 23:29:29 WET [2025/01/20 18:29:29 ET]
Table 'Althaea IV' 6-max Seat #1 is the button
Seat 1: reiyser ($137.83 in chips) 
Seat 2: GuigaMan ($111.30 in chips) 
Seat 3: IREQO ($101.22 in chips) 
Seat 4: avstero ($99.50 in chips) 
Seat 5: lau03174 ($28.23 in chips) 
Seat 6: numapu_33 ($133.93 in chips) 
GuigaMan: posts small blind $0.50
IREQO: posts big blind $1
*** HOLE CARDS ***
avstero: folds 
lau03174: folds 
numapu_33: folds 
reiyser: folds 
GuigaMan: raises $2 to $3
IREQO: folds 
Uncalled bet ($2) returned to GuigaMan
GuigaMan collected $2 from pot
*** SUMMARY ***
Total pot $2 | Rake $0 
Seat 1: reiyser (button) folded before Flop (didn't bet)
Seat 2: GuigaMan (small blind) collected ($2)
Seat 3: IREQO (big blind) folded before Flop
Seat 4: avstero folded before Flop (didn't bet)
Seat 5: lau03174 folded before Flop (didn't bet)
Seat 6: numapu_33 folded before Flop (didn't bet)



PokerStars Hand #254476435103:  Hold'em No Limit ($0.50/$1.00 USD) - 2025/01/20 23:29:44 WET [2025/01/20 18:29:44 ET]
Table 'Althaea IV' 6-max Seat #2 is the button
Seat 1: reiyser ($137.83 in chips) 
Seat 2: GuigaMan ($112.30 in chips) 
Seat 3: IREQO ($100.22 in chips) 
Seat 4: avstero ($99.50 in chips) 
Seat 5: lau03174 ($28.23 in chips) 
Seat 6: numapu_33 ($133.93 in chips) 
IREQO: posts small blind $0.50
avstero: posts big blind $1
*** HOLE CARDS ***
lau03174: folds 
numapu_33: folds 
reiyser: folds 
GuigaMan: folds 
IREQO: raises $1.50 to $2.50
avstero: folds 
Uncalled bet ($1.50) returned to IREQO
IREQO collected $2 from pot
IREQO: doesn't show hand 
*** SUMMARY ***
Total pot $2 | Rake $0 
Seat 1: reiyser folded before Flop (didn't bet)
Seat 2: GuigaMan (button) folded before Flop (didn't bet)
Seat 3: IREQO (small blind) collected ($2)
Seat 4: avstero (big blind) folded before Flop
Seat 5: lau03174 folded before Flop (didn't bet)
Seat 6: numapu_33 folded before Flop (didn't bet)



PokerStars Hand #254476440200:  Hold'em No Limit ($0.50/$1.00 USD) - 2025/01/20 23:30:04 WET [2025/01/20 18:30:04 ET]
Table 'Althaea IV' 6-max Seat #3 is the button
Seat 1: reiyser ($137.83 in chips) 
Seat 2: GuigaMan ($112.30 in chips) 
Seat 3: IREQO ($101.22 in chips) 
Seat 4: avstero ($98.50 in chips) 
Seat 5: lau03174 ($28.23 in chips) 
Seat 6: numapu_33 ($133.93 in chips) 
avstero: posts small blind $0.50
lau03174: posts big blind $1
*** HOLE CARDS ***
numapu_33: folds 
reiyser: folds 
GuigaMan: folds 
IREQO: folds 
avstero: folds 
Uncalled bet ($0.50) returned to lau03174
lau03174 collected $1 from pot
lau03174: doesn't show hand 
*** SUMMARY ***
Total pot $1 | Rake $0 
Seat 1: reiyser folded before Flop (didn't bet)
Seat 2: GuigaMan folded before Flop (didn't bet)
Seat 3: IREQO (button) folded before Flop (didn't bet)
Seat 4: avstero (small blind) folded before Flop
Seat 5: lau03174 (big blind) collected ($1)
Seat 6: numapu_33 folded before Flop (didn't bet)



PokerStars Hand #254476444891:  Hold'em No Limit ($0.50/$1.00 USD) - 2025/01/20 23:30:23 WET [2025/01/20 18:30:23 ET]
Table 'Althaea IV' 6-max Seat #4 is the button
Seat 1: reiyser ($137.83 in chips) 
Seat 2: GuigaMan ($112.30 in chips) 
Seat 3: IREQO ($101.22 in chips) 
Seat 4: avstero ($98 in chips) 
Seat 5: lau03174 ($28.73 in chips) 
Seat 6: numapu_33 ($133.93 in chips) 
lau03174: posts small blind $0.50
numapu_33: posts big blind $1
*** HOLE CARDS ***
reiyser: raises $1.23 to $2.23
GuigaMan: folds 
IREQO: folds 
avstero: folds 
lau03174: folds 
numapu_33: folds 
Uncalled bet ($1.23) returned to reiyser
reiyser collected $2.50 from pot
reiyser: doesn't show hand 
*** SUMMARY ***
Total pot $2.50 | Rake $0 
Seat 1: reiyser collected ($2.50)
Seat 2: GuigaMan folded before Flop (didn't bet)
Seat 3: IREQO folded before Flop (didn't bet)
Seat 4: avstero (button) folded before Flop (didn't bet)
Seat 5: lau03174 (small blind) folded before Flop
Seat 6: numapu_33 (big blind) folded before Flop



PokerStars Hand #254476448234:  Hold'em No Limit ($0.50/$1.00 USD) - 2025/01/20 23:30:37 WET [2025/01/20 18:30:37 ET]
Table 'Althaea IV' 6-max Seat #5 is the button
Seat 1: reiyser ($139.33 in chips) 
Seat 2: GuigaMan ($112.30 in chips) 
Seat 3: IREQO ($101.22 in chips) 
Seat 4: avstero ($98 in chips) 
Seat 5: lau03174 ($28.23 in chips) 
Seat 6: numapu_33 ($132.93 in chips) 
numapu_33: posts small blind $0.50
reiyser: posts big blind $1
*** HOLE CARDS ***
GuigaMan: folds 
IREQO: folds 
avstero: folds 
lau03174: raises $1.20 to $2.20
numapu_33: folds 
reiyser: raises $6.80 to $9
lau03174: folds 
Uncalled bet ($6.80) returned to reiyser
reiyser collected $4.90 from pot
reiyser: doesn't show hand 
*** SUMMARY ***
Total pot $4.90 | Rake $0 
Seat 1: reiyser (big blind) collected ($4.90)
Seat 2: GuigaMan folded before Flop (didn't bet)
Seat 3: IREQO folded before Flop (didn't bet)
Seat 4: avstero folded before Flop (didn't bet)
Seat 5: lau03174 (button) folded before Flop
Seat 6: numapu_33 (small blind) folded before Flop



PokerStars Hand #254476454630:  Hold'em No Limit ($0.50/$1.00 USD) - 2025/01/20 23:31:02 WET [2025/01/20 18:31:02 ET]
Table 'Althaea IV' 6-max Seat #6 is the button
Seat 1: reiyser ($142.03 in chips) 
Seat 2: GuigaMan ($112.30 in chips) 
Seat 3: IREQO ($101.22 in chips) 
Seat 4: avstero ($98 in chips) 
Seat 5: lau03174 ($26.03 in chips) 
Seat 6: numapu_33 ($132.43 in chips) 
reiyser: posts small blind $0.50
GuigaMan: posts big blind $1
*** HOLE CARDS ***
IREQO: folds 
avstero: raises $1.20 to $2.20
lau03174: folds 
numapu_33: folds 
reiyser: folds 
GuigaMan: folds 
Uncalled bet ($1.20) returned to avstero
avstero collected $2.50 from pot
avstero: doesn't show hand 
*** SUMMARY ***
Total pot $2.50 | Rake $0 
Seat 1: reiyser (small blind) folded before Flop
Seat 2: GuigaMan (big blind) folded before Flop
Seat 3: IREQO folded before Flop (didn't bet)
Seat 4: avstero collected ($2.50)
Seat 5: lau03174 folded before Flop (didn't bet)
Seat 6: numapu_33 (button) folded before Flop (didn't bet)



PokerStars Hand #254476459380:  Hold'em No Limit ($0.50/$1.00 USD) - 2025/01/20 23:31:21 WET [2025/01/20 18:31:21 ET]
Table 'Althaea IV' 6-max Seat #1 is the button
Seat 1: reiyser ($141.53 in chips) 
Seat 2: GuigaMan ($111.30 in chips) 
Seat 3: IREQO ($101.22 in chips) 
Seat 4: avstero ($99.50 in chips) 
Seat 5: lau03174 ($26.03 in chips) 
Seat 6: numapu_33 ($132.43 in chips) 
GuigaMan: posts small blind $0.50
IREQO: posts big blind $1
*** HOLE CARDS ***
avstero: folds 
lau03174: folds 
numapu_33: raises $1.50 to $2.50
reiyser: folds 
GuigaMan: folds 
IREQO: raises $8.50 to $11
numapu_33: calls $8.50
*** FLOP *** [6h Kc 5d]
IREQO: bets $6
numapu_33: calls $6
*** TURN *** [6h Kc 5d] [2d]
IREQO: checks 
numapu_33: checks 
*** RIVER *** [6h Kc 5d 2d] [2s]
IREQO: checks 
numapu_33: checks 
*** SHOW DOWN ***
IREQO: shows [9h 9c] (two pair, Nines and Deuces)
numapu_33: shows [Jd Js] (two pair, Jacks and Deuces)
numapu_33 collected $32.78 from pot
*** SUMMARY ***
Total pot $34.50 | Rake $1.72 
Board [6h Kc 5d 2d 2s]
Seat 1: reiyser (button) folded before Flop (didn't bet)
Seat 2: GuigaMan (small blind) folded before Flop
Seat 3: IREQO (big blind) showed [9h 9c] and lost with two pair, Nines and Deuces
Seat 4: avstero folded before Flop (didn't bet)
Seat 5: lau03174 folded before Flop (didn't bet)
Seat 6: numapu_33 showed [Jd Js] and won ($32.78) with two pair, Jacks and Deuces



PokerStars Hand #254476488619:  Hold'em No Limit ($0.50/$1.00 USD) - 2025/01/20 23:33:20 WET [2025/01/20 18:33:20 ET]
Table 'Althaea IV' 6-max Seat #2 is the button
Seat 1: reiyser ($141.53 in chips) 
Seat 2: GuigaMan ($110.80 in chips) 
Seat 3: IREQO ($84.22 in chips) 
Seat 4: avstero ($99.50 in chips) 
Seat 5: lau03174 ($26.03 in chips) 
Seat 6: numapu_33 ($148.21 in chips) 
IREQO: posts small blind $0.50
avstero: posts big blind $1
*** HOLE CARDS ***
lau03174: folds 
numapu_33: folds 
reiyser: folds 
GuigaMan: folds 
IREQO: folds 
Uncalled bet ($0.50) returned to avstero
avstero collected $1 from pot
avstero: doesn't show hand 
*** SUMMARY ***
Total pot $1 | Rake $0 
Seat 1: reiyser folded before Flop (didn't bet)
Seat 2: GuigaMan (button) folded before Flop (didn't bet)
Seat 3: IREQO (small blind) folded before Flop
Seat 4: avstero (big blind) collected ($1)
Seat 5: lau03174 folded before Flop (didn't bet)
Seat 6: numapu_33 folded before Flop (didn't bet)



PokerStars Hand #254476492371:  Hold'em No Limit ($0.50/$1.00 USD) - 2025/01/20 23:33:36 WET [2025/01/20 18:33:36 ET]
Table 'Althaea IV' 6-max Seat #3 is the button
Seat 1: reiyser ($141.53 in chips) 
Seat 2: GuigaMan ($110.80 in chips) 
Seat 3: IREQO ($83.72 in chips) 
Seat 4: avstero ($100 in chips) 
Seat 5: lau03174 ($26.03 in chips) 
Seat 6: numapu_33 ($148.21 in chips) 
avstero: posts small blind $0.50
lau03174: posts big blind $1
*** HOLE CARDS ***
numapu_33: folds 
reiyser: folds 
GuigaMan: raises $1.10 to $2.10
IREQO: folds 
avstero: folds 
lau03174: calls $1.10
*** FLOP *** [4h 2s 8h]
lau03174: checks 
GuigaMan: bets $3.35
lau03174: folds 
Uncalled bet ($3.35) returned to GuigaMan
GuigaMan collected $4.46 from pot
*** SUMMARY ***
Total pot $4.70 | Rake $0.24 
Board [4h 2s 8h]
Seat 1: reiyser folded before Flop (didn't bet)
Seat 2: GuigaMan collected ($4.46)
Seat 3: IREQO (button) folded before Flop (didn't bet)
Seat 4: avstero (small blind) folded before Flop
Seat 5: lau03174 (big blind) folded on the Flop
Seat 6: numapu_33 folded before Flop (didn't bet)



PokerStars Hand #254476499185:  Hold'em No Limit ($0.50/$1.00 USD) - 2025/01/20 23:34:04 WET [2025/01/20 18:34:04 ET]
Table 'Althaea IV' 6-max Seat #4 is the button
Seat 1: reiyser ($141.53 in chips) 
Seat 2: GuigaMan ($113.16 in chips) 
Seat 3: IREQO ($100 in chips) 
Seat 4: avstero ($99.50 in chips) 
Seat 5: lau03174 ($23.93 in chips) 
Seat 6: numapu_33 ($148.21 in chips) 
lau03174: posts small blind $0.50
numapu_33: posts big blind $1
*** HOLE CARDS ***
reiyser: folds 
GuigaMan: folds 
IREQO: folds 
avstero: folds 
lau03174: raises $1.20 to $2.20
numapu_33: folds 
Uncalled bet ($1.20) returned to lau03174
lau03174 collected $2 from pot
lau03174: doesn't show hand 
*** SUMMARY ***
Total pot $2 | Rake $0 
Seat 1: reiyser folded before Flop (didn't bet)
Seat 2: GuigaMan folded before Flop (didn't bet)
Seat 3: IREQO folded before Flop (didn't bet)
Seat 4: avstero (button) folded before Flop (didn't bet)
Seat 5: lau03174 (small blind) collected ($2)
Seat 6: numapu_33 (big blind) folded before Flop



PokerStars Hand #254476503355:  Hold'em No Limit ($0.50/$1.00 USD) - 2025/01/20 23:34:21 WET [2025/01/20 18:34:21 ET]
Table 'Althaea IV' 6-max Seat #5 is the button
Seat 1: reiyser ($141.53 in chips) 
Seat 2: GuigaMan ($113.16 in chips) 
Seat 3: IREQO ($100 in chips) 
Seat 4: avstero ($99.50 in chips) 
Seat 5: lau03174 ($24.93 in chips) 
Seat 6: numapu_33 ($147.21 in chips) 
numapu_33: posts small blind $0.50
reiyser: posts big blind $1
*** HOLE CARDS ***
GuigaMan: folds 
IREQO: folds 
avstero: folds 
lau03174: raises $1.20 to $2.20
numapu_33: folds 
reiyser: folds 
Uncalled bet ($1.20) returned to lau03174
lau03174 collected $2.50 from pot
lau03174: doesn't show hand 
*** SUMMARY ***
Total pot $2.50 | Rake $0 
Seat 1: reiyser (big blind) folded before Flop
Seat 2: GuigaMan folded before Flop (didn't bet)
Seat 3: IREQO folded before Flop (didn't bet)
Seat 4: avstero folded before Flop (didn't bet)
Seat 5: lau03174 (button) collected ($2.50)
Seat 6: numapu_33 (small blind) folded before Flop



PokerStars Hand #254476507330:  Hold'em No Limit ($0.50/$1.00 USD) - 2025/01/20 23:34:37 WET [2025/01/20 18:34:37 ET]
Table 'Althaea IV' 6-max Seat #6 is the button
Seat 1: reiyser ($140.53 in chips) 
Seat 2: GuigaMan ($113.16 in chips) 
Seat 3: IREQO ($100 in chips) 
Seat 4: avstero ($99.50 in chips) 
Seat 5: lau03174 ($26.43 in chips) 
Seat 6: numapu_33 ($146.71 in chips) 
reiyser: posts small blind $0.50
GuigaMan: posts big blind $1
*** HOLE CARDS ***
IREQO: folds 
avstero: folds 
lau03174: folds 
numapu_33: raises $1.50 to $2.50
reiyser: raises $9.50 to $12
GuigaMan: folds 
numapu_33: calls $9.50
*** FLOP *** [2h 6h 7h]
reiyser: checks 
numapu_33: checks 
*** TURN *** [2h 6h 7h] [9d]
reiyser: checks 
numapu_33: bets $17.81
reiyser: calls $17.81
*** RIVER *** [2h 6h 7h 9d] [8s]
reiyser: checks 
numapu_33: checks 
*** SHOW DOWN ***
reiyser: shows [Ad Kh] (high card Ace)
numapu_33: shows [9h 9c] (three of a kind, Nines)
numapu_33 collected $58.12 from pot
*** SUMMARY ***
Total pot $60.62 | Rake $2.50 
Board [2h 6h 7h 9d 8s]
Seat 1: reiyser (small blind) showed [Ad Kh] and lost with high card Ace
Seat 2: GuigaMan (big blind) folded before Flop
Seat 3: IREQO folded before Flop (didn't bet)
Seat 4: avstero folded before Flop (didn't bet)
Seat 5: lau03174 folded before Flop (didn't bet)
Seat 6: numapu_33 (button) showed [9h 9c] and won ($58.12) with three of a kind, Nines



PokerStars Hand #254476540795:  Hold'em No Limit ($0.50/$1.00 USD) - 2025/01/20 23:36:54 WET [2025/01/20 18:36:54 ET]
Table 'Althaea IV' 6-max Seat #1 is the button
Seat 1: reiyser ($110.72 in chips) 
Seat 2: GuigaMan ($112.16 in chips) 
Seat 3: IREQO ($100 in chips) 
Seat 4: avstero ($99.50 in chips) 
Seat 5: lau03174 ($26.43 in chips) 
Seat 6: numapu_33 ($175.02 in chips) 
GuigaMan: posts small blind $0.50
IREQO: posts big blind $1
*** HOLE CARDS ***
avstero: folds 
lau03174: folds 
numapu_33: raises $1.50 to $2.50
reiyser: folds 
GuigaMan: folds 
IREQO: folds 
Uncalled bet ($1.50) returned to numapu_33
numapu_33 collected $2.50 from pot
numapu_33: doesn't show hand 
*** SUMMARY ***
Total pot $2.50 | Rake $0 
Seat 1: reiyser (button) folded before Flop (didn't bet)
Seat 2: GuigaMan (small blind) folded before Flop
Seat 3: IREQO (big blind) folded before Flop
Seat 4: avstero folded before Flop (didn't bet)
Seat 5: lau03174 folded before Flop (didn't bet)
Seat 6: numapu_33 collected ($2.50)



PokerStars Hand #254476546774:  Hold'em No Limit ($0.50/$1.00 USD) - 2025/01/20 23:37:19 WET [2025/01/20 18:37:19 ET]
Table 'Althaea IV' 6-max Seat #2 is the button
Seat 1: reiyser ($110.72 in chips) 
Seat 2: GuigaMan ($111.66 in chips) 
Seat 3: IREQO ($99 in chips) 
Seat 4: avstero ($99.50 in chips) 
Seat 5: lau03174 ($26.43 in chips) 
Seat 6: numapu_33 ($176.52 in chips) 
IREQO: posts small blind $0.50
avstero: posts big blind $1
*** HOLE CARDS ***
lau03174: folds 
numapu_33: folds 
reiyser: folds 
GuigaMan: raises $1.10 to $2.10
lau03174 leaves the table
IREQO: folds 
avstero: folds 
Uncalled bet ($1.10) returned to GuigaMan
GuigaMan collected $2.50 from pot
*** SUMMARY ***
Total pot $2.50 | Rake $0 
Seat 1: reiyser folded before Flop (didn't bet)
Seat 2: GuigaMan (button) collected ($2.50)
Seat 3: IREQO (small blind) folded before Flop
Seat 4: avstero (big blind) folded before Flop
Seat 5: lau03174 folded before Flop (didn't bet)
Seat 6: numapu_33 folded before Flop (didn't bet)



PokerStars Hand #254476551651:  Hold'em No Limit ($0.50/$1.00 USD) - 2025/01/20 23:37:39 WET [2025/01/20 18:37:39 ET]
Table 'Althaea IV' 6-max Seat #3 is the button
Seat 1: reiyser ($110.72 in chips) 
Seat 2: GuigaMan ($113.16 in chips) 
Seat 3: IREQO ($98.50 in chips) 
Seat 4: avstero ($98.50 in chips) 
Seat 6: numapu_33 ($176.52 in chips) 
avstero: posts small blind $0.50
numapu_33: posts big blind $1
*** HOLE CARDS ***
reiyser: folds 
GuigaMan: raises $1.10 to $2.10
IREQO: folds 
avstero: folds 
SantinhoAsso18 joins the table at seat #5 
SantinhoAsso18 is disconnected 
numapu_33: raises $8.90 to $11
GuigaMan: folds 
Uncalled bet ($8.90) returned to numapu_33
numapu_33 collected $4.70 from pot
numapu_33: doesn't show hand 
*** SUMMARY ***
Total pot $4.70 | Rake $0 
Seat 1: reiyser folded before Flop (didn't bet)
Seat 2: GuigaMan folded before Flop
Seat 3: IREQO (button) folded before Flop (didn't bet)
Seat 4: avstero (small blind) folded before Flop
Seat 6: numapu_33 (big blind) collected ($4.70)



PokerStars Hand #254476556662:  Hold'em No Limit ($0.50/$1.00 USD) - 2025/01/20 23:38:00 WET [2025/01/20 18:38:00 ET]
Table 'Althaea IV' 6-max Seat #4 is the button
Seat 5: SantinhoAsso18 ($48.75 in chips) is sitting out
Seat 1: reiyser ($110.72 in chips) 
Seat 2: GuigaMan ($111.06 in chips) 
Seat 3: IREQO ($98.50 in chips) 
Seat 4: avstero ($100 in chips) 
Seat 6: numapu_33 ($179.12 in chips) 
numapu_33: posts small blind $0.50
reiyser: posts big blind $1
*** HOLE CARDS ***
GuigaMan: folds 
IREQO: folds 
avstero: folds 
numapu_33: folds 
Uncalled bet ($0.50) returned to reiyser
reiyser collected $1 from pot
reiyser: doesn't show hand 
*** SUMMARY ***
Total pot $1 | Rake $0 
Seat 5: SantinhoAsso18
Seat 1: reiyser (big blind) collected ($1)
Seat 2: GuigaMan folded before Flop (didn't bet)
Seat 3: IREQO folded before Flop (didn't bet)
Seat 4: avstero (button) folded before Flop (didn't bet)
Seat 6: numapu_33 (small blind) folded before Flop



PokerStars Hand #254476559925:  Hold'em No Limit ($0.50/$1.00 USD) - 2025/01/20 23:38:13 WET [2025/01/20 18:38:13 ET]
Table 'Althaea IV' 6-max Seat #6 is the button
Seat 1: reiyser ($111.22 in chips) 
Seat 2: GuigaMan ($111.06 in chips) 
Seat 3: IREQO ($98.50 in chips) 
Seat 4: avstero ($100 in chips) 
Seat 5: SantinhoAsso18 ($48.75 in chips) 
Seat 6: numapu_33 ($178.62 in chips) 
reiyser: posts small blind $0.50
GuigaMan: posts big blind $1
SantinhoAsso18: posts big blind $1
*** HOLE CARDS ***
IREQO: folds 
avstero: folds 
SantinhoAsso18: checks 
numapu_33: folds 
reiyser: folds 
GuigaMan: raises $4 to $5
SantinhoAsso18: folds 
Uncalled bet ($4) returned to GuigaMan
GuigaMan collected $2.50 from pot
*** SUMMARY ***
Total pot $2.50 | Rake $0 
Seat 1: reiyser (small blind) folded before Flop
Seat 2: GuigaMan (big blind) collected ($2.50)
Seat 3: IREQO folded before Flop (didn't bet)
Seat 4: avstero folded before Flop (didn't bet)
Seat 5: SantinhoAsso18 folded before Flop (didn't bet)
Seat 6: numapu_33 (button) folded before Flop (didn't bet)



PokerStars Hand #254476564424:  Hold'em No Limit ($0.50/$1.00 USD) - 2025/01/20 23:38:32 WET [2025/01/20 18:38:32 ET]
Table 'Althaea IV' 6-max Seat #1 is the button
Seat 1: reiyser ($110.72 in chips) 
Seat 2: GuigaMan ($112.56 in chips) 
Seat 3: IREQO ($98.50 in chips) 
Seat 4: avstero ($100 in chips) 
Seat 5: SantinhoAsso18 ($47.75 in chips) 
Seat 6: numapu_33 ($178.62 in chips) 
GuigaMan: posts small blind $0.50
IREQO: posts big blind $1
*** HOLE CARDS ***
avstero: raises $1.20 to $2.20
SantinhoAsso18: folds 
numapu_33: folds 
reiyser: folds 
GuigaMan: folds 
IREQO: folds 
Uncalled bet ($1.20) returned to avstero
avstero collected $2.50 from pot
avstero: doesn't show hand 
*** SUMMARY ***
Total pot $2.50 | Rake $0 
Seat 1: reiyser (button) folded before Flop (didn't bet)
Seat 2: GuigaMan (small blind) folded before Flop
Seat 3: IREQO (big blind) folded before Flop
Seat 4: avstero collected ($2.50)
Seat 5: SantinhoAsso18 folded before Flop (didn't bet)
Seat 6: numapu_33 folded before Flop (didn't bet)



PokerStars Hand #254476568597:  Hold'em No Limit ($0.50/$1.00 USD) - 2025/01/20 23:38:49 WET [2025/01/20 18:38:49 ET]
Table 'Althaea IV' 6-max Seat #2 is the button
Seat 1: reiyser ($110.72 in chips) 
Seat 2: GuigaMan ($112.06 in chips) 
Seat 3: IREQO ($97.50 in chips) 
Seat 4: avstero ($101.50 in chips) 
Seat 5: SantinhoAsso18 ($47.75 in chips) 
Seat 6: numapu_33 ($178.62 in chips) 
IREQO: posts small blind $0.50
avstero: posts big blind $1
*** HOLE CARDS ***
SantinhoAsso18: calls $1
numapu_33: raises $4 to $5
reiyser: folds 
GuigaMan: folds 
IREQO: folds 
avstero: folds 
SantinhoAsso18: raises $11.50 to $16.50
numapu_33: folds 
Uncalled bet ($11.50) returned to SantinhoAsso18
SantinhoAsso18 collected $11.50 from pot
*** SUMMARY ***
Total pot $11.50 | Rake $0 
Seat 1: reiyser folded before Flop (didn't bet)
Seat 2: GuigaMan (button) folded before Flop (didn't bet)
Seat 3: IREQO (small blind) folded before Flop
Seat 4: avstero (big blind) folded before Flop
Seat 5: SantinhoAsso18 collected ($11.50)
Seat 6: numapu_33 folded before Flop



PokerStars Hand #254476574970:  Hold'em No Limit ($0.50/$1.00 USD) - 2025/01/20 23:39:16 WET [2025/01/20 18:39:16 ET]
Table 'Althaea IV' 6-max Seat #3 is the button
Seat 1: reiyser ($110.72 in chips) 
Seat 2: GuigaMan ($112.06 in chips) 
Seat 3: IREQO ($97 in chips) 
Seat 4: avstero ($100.50 in chips) 
Seat 5: SantinhoAsso18 ($54.25 in chips) 
Seat 6: numapu_33 ($173.62 in chips) 
avstero: posts small blind $0.50
SantinhoAsso18: posts big blind $1
*** HOLE CARDS ***
numapu_33: raises $1.50 to $2.50
reiyser: folds 
GuigaMan: folds 
IREQO: folds 
avstero: folds 
SantinhoAsso18: calls $1.50
*** FLOP *** [Tc 4d 5c]
SantinhoAsso18: checks 
numapu_33: checks 
*** TURN *** [Tc 4d 5c] [3d]
SantinhoAsso18: bets $2
numapu_33: folds 
Uncalled bet ($2) returned to SantinhoAsso18
SantinhoAsso18 collected $5.22 from pot
*** SUMMARY ***
Total pot $5.50 | Rake $0.28 
Board [Tc 4d 5c 3d]
Seat 1: reiyser folded before Flop (didn't bet)
Seat 2: GuigaMan folded before Flop (didn't bet)
Seat 3: IREQO (button) folded before Flop (didn't bet)
Seat 4: avstero (small blind) folded before Flop
Seat 5: SantinhoAsso18 (big blind) collected ($5.22)
Seat 6: numapu_33 folded on the Turn



PokerStars Hand #254476584287:  Hold'em No Limit ($0.50/$1.00 USD) - 2025/01/20 23:39:55 WET [2025/01/20 18:39:55 ET]
Table 'Althaea IV' 6-max Seat #4 is the button
Seat 1: reiyser ($110.72 in chips) 
Seat 2: GuigaMan ($112.06 in chips) 
Seat 3: IREQO ($97 in chips) 
Seat 4: avstero ($100 in chips) 
Seat 5: SantinhoAsso18 ($56.97 in chips) 
Seat 6: numapu_33 ($171.12 in chips) 
SantinhoAsso18: posts small blind $0.50
numapu_33: posts big blind $1
*** HOLE CARDS ***
reiyser: folds 
GuigaMan: folds 
IREQO: folds 
avstero: folds 
SantinhoAsso18: calls $0.50
numapu_33: checks 
*** FLOP *** [7h 5s 3d]
SantinhoAsso18: checks 
numapu_33: bets $2
SantinhoAsso18: folds 
Uncalled bet ($2) returned to numapu_33
numapu_33 collected $1.90 from pot
numapu_33: doesn't show hand 
*** SUMMARY ***
Total pot $2 | Rake $0.10 
Board [7h 5s 3d]
Seat 1: reiyser folded before Flop (didn't bet)
Seat 2: GuigaMan folded before Flop (didn't bet)
Seat 3: IREQO folded before Flop (didn't bet)
Seat 4: avstero (button) folded before Flop (didn't bet)
Seat 5: SantinhoAsso18 (small blind) folded on the Flop
Seat 6: numapu_33 (big blind) collected ($1.90)



PokerStars Hand #254476592772:  Hold'em No Limit ($0.50/$1.00 USD) - 2025/01/20 23:40:31 WET [2025/01/20 18:40:31 ET]
Table 'Althaea IV' 6-max Seat #5 is the button
Seat 1: reiyser ($110.72 in chips) 
Seat 2: GuigaMan ($112.06 in chips) 
Seat 3: IREQO ($97 in chips) 
Seat 4: avstero ($100 in chips) 
Seat 5: SantinhoAsso18 ($55.97 in chips) 
Seat 6: numapu_33 ($172.02 in chips) 
numapu_33: posts small blind $0.50
reiyser: posts big blind $1
*** HOLE CARDS ***
GuigaMan: folds 
IREQO: folds 
avstero: folds 
SantinhoAsso18: folds 
numapu_33: raises $2 to $3
reiyser: calls $2
*** FLOP *** [2h Js Jd]
numapu_33: bets $1.71
reiyser: raises $3.74 to $5.45
numapu_33: calls $3.74
*** TURN *** [2h Js Jd] [9h]
numapu_33: checks 
reiyser: bets $12.21
numapu_33: calls $12.21
*** RIVER *** [2h Js Jd 9h] [8s]
numapu_33: checks 
reiyser: bets $29.40
numapu_33: calls $29.40
*** SHOW DOWN ***
reiyser: shows [Td Qh] (a straight, Eight to Queen)
numapu_33: mucks hand 
reiyser collected $97.62 from pot
*** SUMMARY ***
Total pot $100.12 | Rake $2.50 
Board [2h Js Jd 9h 8s]
Seat 1: reiyser (big blind) showed [Td Qh] and won ($97.62) with a straight, Eight to Queen
Seat 2: GuigaMan folded before Flop (didn't bet)
Seat 3: IREQO folded before Flop (didn't bet)
Seat 4: avstero folded before Flop (didn't bet)
Seat 5: SantinhoAsso18 (button) folded before Flop (didn't bet)
Seat 6: numapu_33 (small blind) mucked



PokerStars Hand #254476611620:  Hold'em No Limit ($0.50/$1.00 USD) - 2025/01/20 23:41:50 WET [2025/01/20 18:41:50 ET]
Table 'Althaea IV' 6-max Seat #6 is the button
Seat 1: reiyser ($158.28 in chips) 
Seat 2: GuigaMan ($112.06 in chips) 
Seat 3: IREQO ($97 in chips) 
Seat 4: avstero ($100 in chips) 
Seat 5: SantinhoAsso18 ($55.97 in chips) 
Seat 6: numapu_33 ($121.96 in chips) 
reiyser: posts small blind $0.50
GuigaMan: posts big blind $1
*** HOLE CARDS ***
IREQO: folds 
avstero: folds 
SantinhoAsso18: calls $1
numapu_33: raises $4 to $5
reiyser: folds 
GuigaMan: folds 
SantinhoAsso18: calls $4
*** FLOP *** [Jc 7s 9c]
SantinhoAsso18: checks 
numapu_33: checks 
*** TURN *** [Jc 7s 9c] [6h]
SantinhoAsso18: checks 
numapu_33: checks 
*** RIVER *** [Jc 7s 9c 6h] [5h]
SantinhoAsso18: checks 
numapu_33: bets $11
SantinhoAsso18: calls $11
*** SHOW DOWN ***
numapu_33: shows [5d 5s] (three of a kind, Fives)
SantinhoAsso18: mucks hand 
numapu_33 collected $31.82 from pot
*** SUMMARY ***
Total pot $33.50 | Rake $1.68 
Board [Jc 7s 9c 6h 5h]
Seat 1: reiyser (small blind) folded before Flop
Seat 2: GuigaMan (big blind) folded before Flop
Seat 3: IREQO folded before Flop (didn't bet)
Seat 4: avstero folded before Flop (didn't bet)
Seat 5: SantinhoAsso18 mucked
Seat 6: numapu_33 (button) showed [5d 5s] and won ($31.82) with three of a kind, Fives



PokerStars Hand #254476628301:  Hold'em No Limit ($0.50/$1.00 USD) - 2025/01/20 23:43:01 WET [2025/01/20 18:43:01 ET]
Table 'Althaea IV' 6-max Seat #1 is the button
Seat 1: reiyser ($157.78 in chips) 
Seat 2: GuigaMan ($111.06 in chips) 
Seat 3: IREQO ($97 in chips) 
Seat 4: avstero ($100 in chips) 
Seat 5: SantinhoAsso18 ($39.97 in chips) 
Seat 6: numapu_33 ($137.78 in chips) 
GuigaMan: posts small blind $0.50
IREQO: posts big blind $1
*** HOLE CARDS ***
avstero: folds 
SantinhoAsso18: calls $1
numapu_33: folds 
reiyser: folds 
GuigaMan: folds 
IREQO: checks 
*** FLOP *** [9c Qd 9s]
IREQO: checks 
SantinhoAsso18: bets $2.38
IREQO: folds 
Uncalled bet ($2.38) returned to SantinhoAsso18
SantinhoAsso18 collected $2.38 from pot
*** SUMMARY ***
Total pot $2.50 | Rake $0.12 
Board [9c Qd 9s]
Seat 1: reiyser (button) folded before Flop (didn't bet)
Seat 2: GuigaMan (small blind) folded before Flop
Seat 3: IREQO (big blind) folded on the Flop
Seat 4: avstero folded before Flop (didn't bet)
Seat 5: SantinhoAsso18 collected ($2.38)
Seat 6: numapu_33 folded before Flop (didn't bet)



PokerStars Hand #254476636952:  Hold'em No Limit ($0.50/$1.00 USD) - 2025/01/20 23:43:37 WET [2025/01/20 18:43:37 ET]
Table 'Althaea IV' 6-max Seat #2 is the button
Seat 1: reiyser ($157.78 in chips) 
Seat 2: GuigaMan ($110.56 in chips) 
Seat 3: IREQO ($96 in chips) 
Seat 4: avstero ($100 in chips) 
Seat 5: SantinhoAsso18 ($41.35 in chips) 
Seat 6: numapu_33 ($137.78 in chips) 
IREQO: posts small blind $0.50
avstero: posts big blind $1
*** HOLE CARDS ***
SantinhoAsso18: folds 
numapu_33: folds 
reiyser: folds 
GuigaMan: raises $1.10 to $2.10
IREQO: raises $8.90 to $11
avstero: folds 
GuigaMan: calls $8.90
*** FLOP *** [8d Qd 9s]
IREQO: bets $7.21
GuigaMan: calls $7.21
*** TURN *** [8d Qd 9s] [Td]
IREQO: checks 
GuigaMan: bets $10.67
IREQO: calls $10.67
*** RIVER *** [8d Qd 9s Td] [7h]
IREQO: checks 
GuigaMan: checks 
*** SHOW DOWN ***
IREQO: shows [Th Tc] (three of a kind, Tens)
GuigaMan: mucks hand 
IREQO collected $56.26 from pot
*** SUMMARY ***
Total pot $58.76 | Rake $2.50 
Board [8d Qd 9s Td 7h]
Seat 1: reiyser folded before Flop (didn't bet)
Seat 2: GuigaMan (button) mucked
Seat 3: IREQO (small blind) showed [Th Tc] and won ($56.26) with three of a kind, Tens
Seat 4: avstero (big blind) folded before Flop
Seat 5: SantinhoAsso18 folded before Flop (didn't bet)
Seat 6: numapu_33 folded before Flop (didn't bet)



PokerStars Hand #254476663091:  Hold'em No Limit ($0.50/$1.00 USD) - 2025/01/20 23:45:29 WET [2025/01/20 18:45:29 ET]
Table 'Althaea IV' 6-max Seat #3 is the button
Seat 1: reiyser ($157.78 in chips) 
Seat 2: GuigaMan ($100 in chips) 
Seat 3: IREQO ($123.38 in chips) 
Seat 4: avstero ($99 in chips) 
Seat 5: SantinhoAsso18 ($41.35 in chips) 
Seat 6: numapu_33 ($137.78 in chips) 
avstero: posts small blind $0.50
SantinhoAsso18: posts big blind $1
*** HOLE CARDS ***
numapu_33: folds 
reiyser: raises $1.23 to $2.23
GuigaMan: folds 
IREQO: folds 
avstero: folds 
SantinhoAsso18: raises $4.96 to $7.19
reiyser: folds 
Uncalled bet ($4.96) returned to SantinhoAsso18
SantinhoAsso18 collected $4.96 from pot
*** SUMMARY ***
Total pot $4.96 | Rake $0 
Seat 1: reiyser folded before Flop
Seat 2: GuigaMan folded before Flop (didn't bet)
Seat 3: IREQO (button) folded before Flop (didn't bet)
Seat 4: avstero (small blind) folded before Flop
Seat 5: SantinhoAsso18 (big blind) collected ($4.96)
Seat 6: numapu_33 folded before Flop (didn't bet)



PokerStars Hand #254476668861:  Hold'em No Limit ($0.50/$1.00 USD) - 2025/01/20 23:45:54 WET [2025/01/20 18:45:54 ET]
Table 'Althaea IV' 6-max Seat #4 is the button
Seat 1: reiyser ($155.55 in chips) 
Seat 2: GuigaMan ($100 in chips) 
Seat 3: IREQO ($123.38 in chips) 
Seat 4: avstero ($100 in chips) 
Seat 5: SantinhoAsso18 ($44.08 in chips) 
Seat 6: numapu_33 ($137.78 in chips) 
SantinhoAsso18: posts small blind $0.50
numapu_33: posts big blind $1
*** HOLE CARDS ***
reiyser: folds 
GuigaMan: folds 
IREQO: folds 
avstero: raises $1.20 to $2.20
SantinhoAsso18: calls $1.70
numapu_33: calls $1.20
*** FLOP *** [Ac 8h Qs]
SantinhoAsso18: checks 
numapu_33: checks 
avstero: checks 
*** TURN *** [Ac 8h Qs] [4h]
SantinhoAsso18: bets $3.14
numapu_33: calls $3.14
avstero: folds 
*** RIVER *** [Ac 8h Qs 4h] [6d]
SantinhoAsso18: bets $6.12
numapu_33 has timed out
numapu_33: folds 
Uncalled bet ($6.12) returned to SantinhoAsso18
SantinhoAsso18 collected $12.24 from pot
*** SUMMARY ***
Total pot $12.88 | Rake $0.64 
Board [Ac 8h Qs 4h 6d]
Seat 1: reiyser folded before Flop (didn't bet)
Seat 2: GuigaMan folded before Flop (didn't bet)
Seat 3: IREQO folded before Flop (didn't bet)
Seat 4: avstero (button) folded on the Turn
Seat 5: SantinhoAsso18 (small blind) collected ($12.24)
Seat 6: numapu_33 (big blind) folded on the River



PokerStars Hand #254476688153:  Hold'em No Limit ($0.50/$1.00 USD) - 2025/01/20 23:47:18 WET [2025/01/20 18:47:18 ET]
Table 'Althaea IV' 6-max Seat #5 is the button
Seat 1: reiyser ($155.55 in chips) 
Seat 2: GuigaMan ($100 in chips) 
Seat 3: IREQO ($123.38 in chips) 
Seat 4: avstero ($100 in chips) 
Seat 5: SantinhoAsso18 ($50.98 in chips) 
Seat 6: numapu_33 ($132.44 in chips) 
numapu_33: posts small blind $0.50
reiyser: posts big blind $1
*** HOLE CARDS ***
GuigaMan: raises $1.10 to $2.10
IREQO: folds 
avstero: folds 
SantinhoAsso18: folds 
numapu_33: folds 
reiyser: calls $1.10
*** FLOP *** [Js 8s Jc]
reiyser: checks 
GuigaMan: bets $1.34
reiyser: folds 
Uncalled bet ($1.34) returned to GuigaMan
GuigaMan collected $4.46 from pot
*** SUMMARY ***
Total pot $4.70 | Rake $0.24 
Board [Js 8s Jc]
Seat 1: reiyser (big blind) folded on the Flop
Seat 2: GuigaMan collected ($4.46)
Seat 3: IREQO folded before Flop (didn't bet)
Seat 4: avstero folded before Flop (didn't bet)
Seat 5: SantinhoAsso18 (button) folded before Flop (didn't bet)
Seat 6: numapu_33 (small blind) folded before Flop



PokerStars Hand #254476694180:  Hold'em No Limit ($0.50/$1.00 USD) - 2025/01/20 23:47:44 WET [2025/01/20 18:47:44 ET]
Table 'Althaea IV' 6-max Seat #6 is the button
Seat 1: reiyser ($153.45 in chips) 
Seat 2: GuigaMan ($102.36 in chips) 
Seat 3: IREQO ($123.38 in chips) 
Seat 4: avstero ($100 in chips) 
Seat 5: SantinhoAsso18 ($50.98 in chips) 
Seat 6: numapu_33 ($131.94 in chips) 
reiyser: posts small blind $0.50
GuigaMan: posts big blind $1
*** HOLE CARDS ***
IREQO: folds 
avstero: folds 
SantinhoAsso18: calls $1
numapu_33: folds 
reiyser: folds 
GuigaMan: checks 
*** FLOP *** [Js 7c Th]
GuigaMan: checks 
SantinhoAsso18: bets $1
GuigaMan: calls $1
*** TURN *** [Js 7c Th] [5d]
GuigaMan: checks 
SantinhoAsso18: checks 
*** RIVER *** [Js 7c Th 5d] [Kc]
GuigaMan: checks 
SantinhoAsso18: checks 
*** SHOW DOWN ***
GuigaMan: shows [6h Jh] (a pair of Jacks)
SantinhoAsso18: mucks hand 
GuigaMan collected $4.28 from pot
*** SUMMARY ***
Total pot $4.50 | Rake $0.22 
Board [Js 7c Th 5d Kc]
Seat 1: reiyser (small blind) folded before Flop
Seat 2: GuigaMan (big blind) showed [6h Jh] and won ($4.28) with a pair of Jacks
Seat 3: IREQO folded before Flop (didn't bet)
Seat 4: avstero folded before Flop (didn't bet)
Seat 5: SantinhoAsso18 mucked
Seat 6: numapu_33 (button) folded before Flop (didn't bet)



PokerStars Hand #254476700991:  Hold'em No Limit ($0.50/$1.00 USD) - 2025/01/20 23:48:13 WET [2025/01/20 18:48:13 ET]
Table 'Althaea IV' 6-max Seat #1 is the button
Seat 3: IREQO ($123.38 in chips) is sitting out
Seat 1: reiyser ($152.95 in chips) 
Seat 2: GuigaMan ($104.64 in chips) 
Seat 4: avstero ($100 in chips) 
Seat 5: SantinhoAsso18 ($48.98 in chips) 
Seat 6: numapu_33 ($131.94 in chips) 
GuigaMan: posts small blind $0.50
IREQO: is sitting out 
avstero: posts big blind $1
*** HOLE CARDS ***
SantinhoAsso18: calls $1
numapu_33: folds 
IREQO is disconnected 
reiyser: raises $3 to $4
GuigaMan: folds 
avstero: calls $3
SantinhoAsso18: calls $3
*** FLOP *** [3d 2c Ah]
avstero: checks 
SantinhoAsso18: checks 
reiyser: bets $3.45
avstero: folds 
SantinhoAsso18: folds 
Uncalled bet ($3.45) returned to reiyser
reiyser collected $11.88 from pot
reiyser: doesn't show hand 
*** SUMMARY ***
Total pot $12.50 | Rake $0.62 
Board [3d 2c Ah]
Seat 3: IREQO
Seat 1: reiyser (button) collected ($11.88)
Seat 2: GuigaMan (small blind) folded before Flop
Seat 4: avstero (big blind) folded on the Flop
Seat 5: SantinhoAsso18 folded on the Flop
Seat 6: numapu_33 folded before Flop (didn't bet)



PokerStars Hand #254476712655:  Hold'em No Limit ($0.50/$1.00 USD) - 2025/01/20 23:49:05 WET [2025/01/20 18:49:05 ET]
Table 'Althaea IV' 6-max Seat #2 is the button
Seat 3: IREQO ($123.38 in chips) is sitting out
Seat 1: reiyser ($160.83 in chips) 
Seat 2: GuigaMan ($104.14 in chips) 
Seat 4: avstero ($100 in chips) 
Seat 5: SantinhoAsso18 ($44.98 in chips) 
Seat 6: numapu_33 ($131.94 in chips) 
avstero: posts small blind $0.50
SantinhoAsso18: posts big blind $1
*** HOLE CARDS ***
numapu_33: folds 
reiyser: raises $1.23 to $2.23
GuigaMan: raises $4.77 to $7
avstero: folds 
SantinhoAsso18: folds 
reiyser: calls $4.77
*** FLOP *** [Tc 3d 9c]
reiyser: checks 
GuigaMan: checks 
*** TURN *** [Tc 3d 9c] [Td]
reiyser: bets $7.65
GuigaMan: folds 
Uncalled bet ($7.65) returned to reiyser
reiyser collected $14.72 from pot
reiyser: doesn't show hand 
*** SUMMARY ***
Total pot $15.50 | Rake $0.78 
Board [Tc 3d 9c Td]
Seat 3: IREQO
Seat 1: reiyser collected ($14.72)
Seat 2: GuigaMan (button) folded on the Turn
Seat 4: avstero (small blind) folded before Flop
Seat 5: SantinhoAsso18 (big blind) folded before Flop
Seat 6: numapu_33 folded before Flop (didn't bet)



PokerStars Hand #254476723753:  Hold'em No Limit ($0.50/$1.00 USD) - 2025/01/20 23:49:54 WET [2025/01/20 18:49:54 ET]
Table 'Althaea IV' 6-max Seat #4 is the button
Seat 3: IREQO ($123.38 in chips) is sitting out
Seat 1: reiyser ($168.55 in chips) 
Seat 2: GuigaMan ($100 in chips) 
Seat 4: avstero ($99.50 in chips) 
Seat 5: SantinhoAsso18 ($43.98 in chips) 
Seat 6: numapu_33 ($131.94 in chips) 
SantinhoAsso18: posts small blind $0.50
numapu_33: posts big blind $1
*** HOLE CARDS ***
reiyser: folds 
GuigaMan: folds 
avstero: folds 
SantinhoAsso18: raises $2 to $3
numapu_33: calls $2
*** FLOP *** [8h Ac Ts]
SantinhoAsso18: bets $2.85
numapu_33: calls $2.85
*** TURN *** [8h Ac Ts] [9d]
SantinhoAsso18: bets $5.56
numapu_33: calls $5.56
*** RIVER *** [8h Ac Ts 9d] [Tc]
SantinhoAsso18: checks 
numapu_33: checks 
*** SHOW DOWN ***
SantinhoAsso18: shows [3s 8d] (two pair, Tens and Eights)
numapu_33: mucks hand 
SantinhoAsso18 collected $21.68 from pot
*** SUMMARY ***
Total pot $22.82 | Rake $1.14 
Board [8h Ac Ts 9d Tc]
Seat 3: IREQO
Seat 1: reiyser folded before Flop (didn't bet)
Seat 2: GuigaMan folded before Flop (didn't bet)
Seat 4: avstero (button) folded before Flop (didn't bet)
Seat 5: SantinhoAsso18 (small blind) showed [3s 8d] and won ($21.68) with two pair, Tens and Eights
Seat 6: numapu_33 (big blind) mucked



PokerStars Hand #254476735678:  Hold'em No Limit ($0.50/$1.00 USD) - 2025/01/20 23:50:47 WET [2025/01/20 18:50:47 ET]
Table 'Althaea IV' 6-max Seat #5 is the button
Seat 3: IREQO ($123.38 in chips) is sitting out
Seat 1: reiyser ($168.55 in chips) 
Seat 2: GuigaMan ($100 in chips) 
Seat 4: avstero ($99.50 in chips) 
Seat 5: SantinhoAsso18 ($54.25 in chips) 
Seat 6: numapu_33 ($120.53 in chips) 
numapu_33: posts small blind $0.50
reiyser: posts big blind $1
*** HOLE CARDS ***
GuigaMan: folds 
avstero: folds 
SantinhoAsso18: calls $1
numapu_33: folds 
reiyser: checks 
*** FLOP *** [Qd 3s 9h]
reiyser: checks 
SantinhoAsso18: checks 
*** TURN *** [Qd 3s 9h] [4h]
reiyser: checks 
SantinhoAsso18: bets $1.19
reiyser: calls $1.19
*** RIVER *** [Qd 3s 9h 4h] [9c]
reiyser: checks 
SantinhoAsso18: checks 
*** SHOW DOWN ***
reiyser: shows [3c Jc] (two pair, Nines and Threes)
SantinhoAsso18: mucks hand 
reiyser collected $4.64 from pot
*** SUMMARY ***
Total pot $4.88 | Rake $0.24 
Board [Qd 3s 9h 4h 9c]
Seat 3: IREQO
Seat 1: reiyser (big blind) showed [3c Jc] and won ($4.64) with two pair, Nines and Threes
Seat 2: GuigaMan folded before Flop (didn't bet)
Seat 4: avstero folded before Flop (didn't bet)
Seat 5: SantinhoAsso18 (button) mucked
Seat 6: numapu_33 (small blind) folded before Flop



PokerStars Hand #254476744645:  Hold'em No Limit ($0.50/$1.00 USD) - 2025/01/20 23:51:26 WET [2025/01/20 18:51:26 ET]
Table 'Althaea IV' 6-max Seat #6 is the button
Seat 3: IREQO ($123.38 in chips) is sitting out
Seat 1: reiyser ($171 in chips) 
Seat 2: GuigaMan ($100 in chips) 
Seat 4: avstero ($99.50 in chips) 
Seat 5: SantinhoAsso18 ($52.06 in chips) 
Seat 6: numapu_33 ($120.03 in chips) 
reiyser: posts small blind $0.50
GuigaMan: posts big blind $1
*** HOLE CARDS ***
avstero: raises $1.20 to $2.20
SantinhoAsso18: calls $2.20
numapu_33: folds 
reiyser: calls $1.70
GuigaMan: folds 
*** FLOP *** [4h 9d 8d]
reiyser: checks 
avstero: checks 
SantinhoAsso18: checks 
*** TURN *** [4h 9d 8d] [Qc]
reiyser: checks 
avstero: bets $2.44
SantinhoAsso18: folds 
reiyser: calls $2.44
*** RIVER *** [4h 9d 8d Qc] [3s]
reiyser: checks 
avstero: bets $8.95
reiyser: folds 
Uncalled bet ($8.95) returned to avstero
avstero collected $11.86 from pot
avstero: doesn't show hand 
*** SUMMARY ***
Total pot $12.48 | Rake $0.62 
Board [4h 9d 8d Qc 3s]
Seat 3: IREQO
Seat 1: reiyser (small blind) folded on the River
Seat 2: GuigaMan (big blind) folded before Flop
Seat 4: avstero collected ($11.86)
Seat 5: SantinhoAsso18 folded on the Turn
Seat 6: numapu_33 (button) folded before Flop (didn't bet)



PokerStars Hand #254476766444:  Hold'em No Limit ($0.50/$1.00 USD) - 2025/01/20 23:53:03 WET [2025/01/20 18:53:03 ET]
Table 'Althaea IV' 6-max Seat #1 is the button
Seat 3: IREQO ($123.38 in chips) is sitting out
Seat 1: reiyser ($166.36 in chips) 
Seat 2: GuigaMan ($100 in chips) 
Seat 4: avstero ($106.72 in chips) 
Seat 5: SantinhoAsso18 ($49.86 in chips) 
Seat 6: numapu_33 ($120.03 in chips) 
GuigaMan: posts small blind $0.50
avstero: posts big blind $1
*** HOLE CARDS ***
SantinhoAsso18: calls $1
numapu_33: folds 
reiyser: folds 
GuigaMan: calls $0.50
avstero: checks 
*** FLOP *** [Qs 9h 2c]
GuigaMan: checks 
avstero: checks 
SantinhoAsso18: bets $2.85
GuigaMan: folds 
avstero: folds 
Uncalled bet ($2.85) returned to SantinhoAsso18
SantinhoAsso18 collected $2.85 from pot
*** SUMMARY ***
Total pot $3 | Rake $0.15 
Board [Qs 9h 2c]
Seat 3: IREQO
Seat 1: reiyser (button) folded before Flop (didn't bet)
Seat 2: GuigaMan (small blind) folded on the Flop
Seat 4: avstero (big blind) folded on the Flop
Seat 5: SantinhoAsso18 collected ($2.85)
Seat 6: numapu_33 folded before Flop (didn't bet)



PokerStars Hand #254476773779:  Hold'em No Limit ($0.50/$1.00 USD) - 2025/01/20 23:53:36 WET [2025/01/20 18:53:36 ET]
Table 'Althaea IV' 6-max Seat #2 is the button
Seat 3: IREQO ($123.38 in chips) is sitting out
Seat 1: reiyser ($166.36 in chips) 
Seat 2: GuigaMan ($100 in chips) 
Seat 4: avstero ($105.72 in chips) 
Seat 5: SantinhoAsso18 ($51.71 in chips) 
Seat 6: numapu_33 ($120.03 in chips) 
avstero: posts small blind $0.50
SantinhoAsso18: posts big blind $1
*** HOLE CARDS ***
numapu_33: raises $1.50 to $2.50
reiyser: folds 
GuigaMan: folds 
avstero: folds 
SantinhoAsso18: calls $1.50
*** FLOP *** [8d Jd 2s]
SantinhoAsso18: checks 
numapu_33: bets $1.57
SantinhoAsso18: calls $1.57
*** TURN *** [8d Jd 2s] [5d]
SantinhoAsso18: checks 
numapu_33: checks 
*** RIVER *** [8d Jd 2s 5d] [Qs]
SantinhoAsso18: bets $8.21
numapu_33: folds 
Uncalled bet ($8.21) returned to SantinhoAsso18
SantinhoAsso18 collected $8.21 from pot
*** SUMMARY ***
Total pot $8.64 | Rake $0.43 
Board [8d Jd 2s 5d Qs]
Seat 3: IREQO
Seat 1: reiyser folded before Flop (didn't bet)
Seat 2: GuigaMan (button) folded before Flop (didn't bet)
Seat 4: avstero (small blind) folded before Flop
Seat 5: SantinhoAsso18 (big blind) collected ($8.21)
Seat 6: numapu_33 folded on the River



PokerStars Hand #254476784457:  Hold'em No Limit ($0.50/$1.00 USD) - 2025/01/20 23:54:24 WET [2025/01/20 18:54:24 ET]
Table 'Althaea IV' 6-max Seat #4 is the button
Seat 3: IREQO ($123.38 in chips) is sitting out
Seat 1: reiyser ($166.36 in chips) 
Seat 2: GuigaMan ($100 in chips) 
Seat 4: avstero ($105.22 in chips) 
Seat 5: SantinhoAsso18 ($55.85 in chips) 
Seat 6: numapu_33 ($115.96 in chips) 
SantinhoAsso18: posts small blind $0.50
numapu_33: posts big blind $1
*** HOLE CARDS ***
reiyser: folds 
GuigaMan: folds 
avstero: raises $1.20 to $2.20
SantinhoAsso18: calls $1.70
numapu_33: calls $1.20
*** FLOP *** [4h Jh 9d]
SantinhoAsso18: checks 
numapu_33: checks 
avstero: checks 
*** TURN *** [4h Jh 9d] [Qd]
SantinhoAsso18: checks 
numapu_33: bets $5
avstero: calls $5
SantinhoAsso18: folds 
*** RIVER *** [4h Jh 9d Qd] [Jd]
numapu_33: checks 
avstero: checks 
*** SHOW DOWN ***
numapu_33: shows [2d 5d] (a flush, Queen high)
avstero: mucks hand 
numapu_33 collected $15.77 from pot
*** SUMMARY ***
Total pot $16.60 | Rake $0.83 
Board [4h Jh 9d Qd Jd]
Seat 3: IREQO
Seat 1: reiyser folded before Flop (didn't bet)
Seat 2: GuigaMan folded before Flop (didn't bet)
Seat 4: avstero (button) mucked
Seat 5: SantinhoAsso18 (small blind) folded on the Turn
Seat 6: numapu_33 (big blind) showed [2d 5d] and won ($15.77) with a flush, Queen high



PokerStars Hand #254476798864:  Hold'em No Limit ($0.50/$1.00 USD) - 2025/01/20 23:55:38 WET [2025/01/20 18:55:38 ET]
Table 'Althaea IV' 6-max Seat #5 is the button
Seat 3: IREQO ($123.38 in chips) is sitting out
Seat 1: reiyser ($166.36 in chips) 
Seat 2: GuigaMan ($100 in chips) 
Seat 4: avstero ($100 in chips) 
Seat 5: SantinhoAsso18 ($53.65 in chips) 
Seat 6: numapu_33 ($124.53 in chips) 
numapu_33: posts small blind $0.50
reiyser: posts big blind $1
*** HOLE CARDS ***
GuigaMan: folds 
avstero: folds 
SantinhoAsso18: folds 
numapu_33: folds 
Uncalled bet ($0.50) returned to reiyser
reiyser collected $1 from pot
reiyser: doesn't show hand 
*** SUMMARY ***
Total pot $1 | Rake $0 
Seat 3: IREQO
Seat 1: reiyser (big blind) collected ($1)
Seat 2: GuigaMan folded before Flop (didn't bet)
Seat 4: avstero folded before Flop (didn't bet)
Seat 5: SantinhoAsso18 (button) folded before Flop (didn't bet)
Seat 6: numapu_33 (small blind) folded before Flop



PokerStars Hand #254476801176:  Hold'em No Limit ($0.50/$1.00 USD) - 2025/01/20 23:55:51 WET [2025/01/20 18:55:51 ET]
Table 'Althaea IV' 6-max Seat #6 is the button
Seat 3: IREQO ($123.38 in chips) is sitting out
Seat 1: reiyser ($166.86 in chips) 
Seat 2: GuigaMan ($100 in chips) 
Seat 4: avstero ($100 in chips) 
Seat 5: SantinhoAsso18 ($53.65 in chips) 
Seat 6: numapu_33 ($124.03 in chips) 
reiyser: posts small blind $0.50
GuigaMan: posts big blind $1
*** HOLE CARDS ***
avstero: folds 
SantinhoAsso18: calls $1
numapu_33: folds 
reiyser: raises $3 to $4
GuigaMan: folds 
SantinhoAsso18: raises $9 to $13
reiyser: folds 
Uncalled bet ($9) returned to SantinhoAsso18
SantinhoAsso18 collected $9 from pot
*** SUMMARY ***
Total pot $9 | Rake $0 
Seat 3: IREQO
Seat 1: reiyser (small blind) folded before Flop
Seat 2: GuigaMan (big blind) folded before Flop
Seat 4: avstero folded before Flop (didn't bet)
Seat 5: SantinhoAsso18 collected ($9)
Seat 6: numapu_33 (button) folded before Flop (didn't bet)



PokerStars Hand #254476805793:  Hold'em No Limit ($0.50/$1.00 USD) - 2025/01/20 23:56:18 WET [2025/01/20 18:56:18 ET]
Table 'Althaea IV' 6-max Seat #1 is the button
Seat 3: IREQO ($123.38 in chips) is sitting out
Seat 1: reiyser ($162.86 in chips) 
Seat 2: GuigaMan ($100 in chips) 
Seat 4: avstero ($100 in chips) 
Seat 5: SantinhoAsso18 ($58.65 in chips) 
Seat 6: numapu_33 ($124.03 in chips) 
GuigaMan: posts small blind $0.50
avstero: posts big blind $1
*** HOLE CARDS ***
SantinhoAsso18: folds 
numapu_33: folds 
reiyser: raises $1.23 to $2.23
GuigaMan: folds 
avstero: calls $1.23
*** FLOP *** [3d Ks 2c]
avstero: checks 
reiyser: bets $2.45
avstero: calls $2.45
*** TURN *** [3d Ks 2c] [6h]
avstero: checks 
reiyser: bets $7.12
avstero: calls $7.12
*** RIVER *** [3d Ks 2c 6h] [7h]
avstero: checks 
reiyser: bets $17.40
IREQO leaves the table
p0pa4poker joins the table at seat #3 
avstero: calls $17.40
*** SHOW DOWN ***
reiyser: shows [Ad Kc] (a pair of Kings)
avstero: mucks hand 
reiyser collected $56.40 from pot
*** SUMMARY ***
Total pot $58.90 | Rake $2.50 
Board [3d Ks 2c 6h 7h]
Seat 3: IREQO
Seat 1: reiyser (button) showed [Ad Kc] and won ($56.40) with a pair of Kings
Seat 2: GuigaMan (small blind) folded before Flop
Seat 4: avstero (big blind) mucked
Seat 5: SantinhoAsso18 folded before Flop (didn't bet)
Seat 6: numapu_33 folded before Flop (didn't bet)



PokerStars Hand #254477386682:  Hold'em No Limit ($0.50/$1.00 USD) - 2025/01/20 0:03:27 WET [2025/01/20 19:03:27 ET]
Table 'Althaea IV' 6-max Seat #5 is the button
Seat 1: reiyser ($228 in chips) 
Seat 2: GuigaMan ($100 in chips) 
Seat 3: p0pa4poker ($100 in chips) 
Seat 4: avstero ($106.81 in chips) 
Seat 5: SantinhoAsso18 ($22.60 in chips) 
reiyser: posts small blind $0.50
GuigaMan: posts big blind $1
*** HOLE CARDS ***
p0pa4poker: folds 
avstero: folds 
SantinhoAsso18: calls $1
reiyser: folds 
GuigaMan: checks 
*** FLOP *** [7c 3s As]
GuigaMan: checks 
SantinhoAsso18: bets $2.38
z00mba joins the table at seat #6 
GuigaMan: folds 
Uncalled bet ($2.38) returned to SantinhoAsso18
SantinhoAsso18 collected $2.38 from pot
*** SUMMARY ***
Total pot $2.50 | Rake $0.12 
Board [7c 3s As]
Seat 1: reiyser (small blind) folded before Flop
Seat 2: GuigaMan (big blind) folded on the Flop
Seat 3: p0pa4poker folded before Flop (didn't bet)
Seat 4: avstero folded before Flop (didn't bet)
Seat 5: SantinhoAsso18 (button) collected ($2.38)



PokerStars Hand #254477394412:  Hold'em No Limit ($0.50/$1.00 USD) - 2025/01/20 0:04:03 WET [2025/01/20 19:04:03 ET]
Table 'Althaea IV' 6-max Seat #1 is the button
Seat 6: z00mba ($100 in chips) is sitting out
Seat 1: reiyser ($227.50 in chips) 
Seat 2: GuigaMan ($100 in chips) 
Seat 3: p0pa4poker ($100 in chips) 
Seat 4: avstero ($106.81 in chips) 
Seat 5: SantinhoAsso18 ($23.98 in chips) 
GuigaMan: posts small blind $0.50
p0pa4poker: posts big blind $1
z00mba: sits out 
*** HOLE CARDS ***
avstero: raises $1.20 to $2.20
SantinhoAsso18: folds 
reiyser: folds 
GuigaMan: folds 
p0pa4poker: calls $1.20
*** FLOP *** [4h 3d 2c]
p0pa4poker: bets $1.54
avstero: calls $1.54
*** TURN *** [4h 3d 2c] [5h]
p0pa4poker: checks 
avstero: bets $2.27
p0pa4poker: folds 
Uncalled bet ($2.27) returned to avstero
avstero collected $7.58 from pot
avstero: doesn't show hand 
*** SUMMARY ***
Total pot $7.98 | Rake $0.40 
Board [4h 3d 2c 5h]
Seat 6: z00mba
Seat 1: reiyser (button) folded before Flop (didn't bet)
Seat 2: GuigaMan (small blind) folded before Flop
Seat 3: p0pa4poker (big blind) folded on the Turn
Seat 4: avstero collected ($7.58)
Seat 5: SantinhoAsso18 folded before Flop (didn't bet)



PokerStars Hand #254477415703:  Hold'em No Limit ($0.50/$1.00 USD) - 2025/01/20 0:05:42 WET [2025/01/20 19:05:42 ET]
Table 'Althaea IV' 6-max Seat #2 is the button
Seat 6: z00mba ($100 in chips) is sitting out
Seat 1: reiyser ($227.50 in chips) 
Seat 2: GuigaMan ($100 in chips) 
Seat 3: p0pa4poker ($100 in chips) 
Seat 4: avstero ($110.65 in chips) 
Seat 5: SantinhoAsso18 ($23.98 in chips) 
p0pa4poker: posts small blind $0.50
avstero: posts big blind $1
z00mba: sits out 
*** HOLE CARDS ***
SantinhoAsso18: calls $1
reiyser: folds 
GuigaMan: folds 
p0pa4poker: calls $0.50
avstero: checks 
*** FLOP *** [Ts 3c 9s]
p0pa4poker: bets $1
avstero: calls $1
SantinhoAsso18: raises $2.93 to $3.93
p0pa4poker: calls $2.93
avstero: folds 
*** TURN *** [Ts 3c 9s] [Jd]
p0pa4poker: checks 
SantinhoAsso18: checks 
*** RIVER *** [Ts 3c 9s Jd] [Ad]
p0pa4poker: checks 
SantinhoAsso18: bets $11.27
p0pa4poker has timed out
p0pa4poker: folds 
Uncalled bet ($11.27) returned to SantinhoAsso18
SantinhoAsso18 collected $11.27 from pot
*** SUMMARY ***
Total pot $11.86 | Rake $0.59 
Board [Ts 3c 9s Jd Ad]
Seat 6: z00mba
Seat 1: reiyser folded before Flop (didn't bet)
Seat 2: GuigaMan (button) folded before Flop (didn't bet)
Seat 3: p0pa4poker (small blind) folded on the River
Seat 4: avstero (big blind) folded on the Flop
Seat 5: SantinhoAsso18 collected ($11.27)



PokerStars Hand #254477437541:  Hold'em No Limit ($0.50/$1.00 USD) - 2025/01/20 0:07:25 WET [2025/01/20 19:07:25 ET]
Table 'Althaea IV' 6-max Seat #3 is the button
Seat 6: z00mba ($100 in chips) is sitting out
Seat 1: reiyser ($227.50 in chips) 
Seat 2: GuigaMan ($100 in chips) 
Seat 3: p0pa4poker ($95.07 in chips) 
Seat 4: avstero ($108.65 in chips) 
Seat 5: SantinhoAsso18 ($30.32 in chips) 
avstero: posts small blind $0.50
SantinhoAsso18: posts big blind $1
z00mba: sits out 
*** HOLE CARDS ***
reiyser: folds 
GuigaMan: folds 
p0pa4poker: folds 
avstero: folds 
Uncalled bet ($0.50) returned to SantinhoAsso18
SantinhoAsso18 collected $1 from pot
*** SUMMARY ***
Total pot $1 | Rake $0 
Seat 6: z00mba
Seat 1: reiyser folded before Flop (didn't bet)
Seat 2: GuigaMan folded before Flop (didn't bet)
Seat 3: p0pa4poker (button) folded before Flop (didn't bet)
Seat 4: avstero (small blind) folded before Flop
Seat 5: SantinhoAsso18 (big blind) collected ($1)



PokerStars Hand #254477440102:  Hold'em No Limit ($0.50/$1.00 USD) - 2025/01/20 0:07:37 WET [2025/01/20 19:07:37 ET]
Table 'Althaea IV' 6-max Seat #4 is the button
Seat 1: reiyser ($227.50 in chips) 
Seat 2: GuigaMan ($100 in chips) 
Seat 3: p0pa4poker ($100 in chips) 
Seat 4: avstero ($108.15 in chips) 
Seat 5: SantinhoAsso18 ($30.82 in chips) 
Seat 6: z00mba ($100 in chips) 
SantinhoAsso18: posts small blind $0.50
z00mba: posts big blind $1
*** HOLE CARDS ***
reiyser: folds 
GuigaMan: raises $1.10 to $2.10
p0pa4poker: folds 
avstero: folds 
SantinhoAsso18: folds 
z00mba: folds 
Uncalled bet ($1.10) returned to GuigaMan
GuigaMan collected $2.50 from pot
*** SUMMARY ***
Total pot $2.50 | Rake $0 
Seat 1: reiyser folded before Flop (didn't bet)
Seat 2: GuigaMan collected ($2.50)
Seat 3: p0pa4poker folded before Flop (didn't bet)
Seat 4: avstero (button) folded before Flop (didn't bet)
Seat 5: SantinhoAsso18 (small blind) folded before Flop
Seat 6: z00mba (big blind) folded before Flop



PokerStars Hand #254477443700:  Hold'em No Limit ($0.50/$1.00 USD) - 2025/01/20 0:07:54 WET [2025/01/20 19:07:54 ET]
Table 'Althaea IV' 6-max Seat #5 is the button
Seat 1: reiyser ($227.50 in chips) 
Seat 2: GuigaMan ($101.50 in chips) 
Seat 3: p0pa4poker ($100 in chips) 
Seat 4: avstero ($108.15 in chips) 
Seat 5: SantinhoAsso18 ($30.32 in chips) 
Seat 6: z00mba ($100 in chips) 
z00mba: posts small blind $0.50
reiyser: posts big blind $1
*** HOLE CARDS ***
GuigaMan: folds 
p0pa4poker: folds 
avstero: folds 
SantinhoAsso18: folds 
z00mba: folds 
Uncalled bet ($0.50) returned to reiyser
reiyser collected $1 from pot
reiyser: doesn't show hand 
*** SUMMARY ***
Total pot $1 | Rake $0 
Seat 1: reiyser (big blind) collected ($1)
Seat 2: GuigaMan folded before Flop (didn't bet)
Seat 3: p0pa4poker folded before Flop (didn't bet)
Seat 4: avstero folded before Flop (didn't bet)
Seat 5: SantinhoAsso18 (button) folded before Flop (didn't bet)
Seat 6: z00mba (small blind) folded before Flop



PokerStars Hand #254477446504:  Hold'em No Limit ($0.50/$1.00 USD) - 2025/01/20 0:08:07 WET [2025/01/20 19:08:07 ET]
Table 'Althaea IV' 6-max Seat #6 is the button
Seat 1: reiyser ($228 in chips) 
Seat 2: GuigaMan ($101.50 in chips) 
Seat 3: p0pa4poker ($100 in chips) 
Seat 4: avstero ($108.15 in chips) 
Seat 5: SantinhoAsso18 ($30.32 in chips) 
Seat 6: z00mba ($100 in chips) 
reiyser: posts small blind $0.50
GuigaMan: posts big blind $1
*** HOLE CARDS ***
p0pa4poker: folds 
avstero: folds 
SantinhoAsso18: raises $2.50 to $3.50
z00mba: folds 
reiyser: raises $7 to $10.50
GuigaMan: folds 
SantinhoAsso18: calls $7
*** FLOP *** [8s 6s 8d]
reiyser: bets $114.50
SantinhoAsso18: folds 
Uncalled bet ($114.50) returned to reiyser
reiyser collected $20.90 from pot
reiyser: doesn't show hand 
*** SUMMARY ***
Total pot $22 | Rake $1.10 
Board [8s 6s 8d]
Seat 1: reiyser (small blind) collected ($20.90)
Seat 2: GuigaMan (big blind) folded before Flop
Seat 3: p0pa4poker folded before Flop (didn't bet)
Seat 4: avstero folded before Flop (didn't bet)
Seat 5: SantinhoAsso18 folded on the Flop
Seat 6: z00mba (button) folded before Flop (didn't bet)



PokerStars Hand #254477456630:  Hold'em No Limit ($0.50/$1.00 USD) - 2025/01/20 0:08:54 WET [2025/01/20 19:08:54 ET]
Table 'Althaea IV' 6-max Seat #1 is the button
Seat 1: reiyser ($238.40 in chips) 
Seat 2: GuigaMan ($100.50 in chips) 
Seat 3: p0pa4poker ($100 in chips) 
Seat 4: avstero ($108.15 in chips) 
Seat 5: SantinhoAsso18 ($19.82 in chips) 
Seat 6: z00mba ($100 in chips) 
GuigaMan: posts small blind $0.50
p0pa4poker: posts big blind $1
*** HOLE CARDS ***
avstero: folds 
SantinhoAsso18: folds 
z00mba: folds 
reiyser: raises $1.23 to $2.23
GuigaMan: folds 
p0pa4poker: folds 
Uncalled bet ($1.23) returned to reiyser
reiyser collected $2.50 from pot
reiyser: doesn't show hand 
*** SUMMARY ***
Total pot $2.50 | Rake $0 
Seat 1: reiyser (button) collected ($2.50)
Seat 2: GuigaMan (small blind) folded before Flop
Seat 3: p0pa4poker (big blind) folded before Flop
Seat 4: avstero folded before Flop (didn't bet)
Seat 5: SantinhoAsso18 folded before Flop (didn't bet)
Seat 6: z00mba folded before Flop (didn't bet)



PokerStars Hand #254477459739:  Hold'em No Limit ($0.50/$1.00 USD) - 2025/01/20 0:09:09 WET [2025/01/20 19:09:09 ET]
Table 'Althaea IV' 6-max Seat #2 is the button
Seat 1: reiyser ($239.90 in chips) 
Seat 2: GuigaMan ($100 in chips) 
Seat 3: p0pa4poker ($100 in chips) 
Seat 4: avstero ($108.15 in chips) 
Seat 5: SantinhoAsso18 ($19.82 in chips) 
Seat 6: z00mba ($100 in chips) 
p0pa4poker: posts small blind $0.50
avstero: posts big blind $1
*** HOLE CARDS ***
SantinhoAsso18: folds 
z00mba: raises $1.50 to $2.50
reiyser: folds 
GuigaMan: folds 
p0pa4poker: folds 
avstero: calls $1.50
*** FLOP *** [Tc 7d 7h]
avstero: checks 
z00mba: checks 
*** TURN *** [Tc 7d 7h] [5h]
avstero: bets $3.50
z00mba: calls $3.50
*** RIVER *** [Tc 7d 7h 5h] [8d]
avstero: bets $8.90
z00mba: folds 
Uncalled bet ($8.90) returned to avstero
avstero collected $11.88 from pot
avstero: doesn't show hand 
*** SUMMARY ***
Total pot $12.50 | Rake $0.62 
Board [Tc 7d 7h 5h 8d]
Seat 1: reiyser folded before Flop (didn't bet)
Seat 2: GuigaMan (button) folded before Flop (didn't bet)
Seat 3: p0pa4poker (small blind) folded before Flop
Seat 4: avstero (big blind) collected ($11.88)
Seat 5: SantinhoAsso18 folded before Flop (didn't bet)
Seat 6: z00mba folded on the River



PokerStars Hand #254477474576:  Hold'em No Limit ($0.50/$1.00 USD) - 2025/01/20 0:10:20 WET [2025/01/20 19:10:20 ET]
Table 'Althaea IV' 6-max Seat #3 is the button
Seat 1: reiyser ($239.90 in chips) 
Seat 2: GuigaMan ($100 in chips) 
Seat 3: p0pa4poker ($99.50 in chips) 
Seat 4: avstero ($114.03 in chips) 
Seat 5: SantinhoAsso18 ($19.82 in chips) 
Seat 6: z00mba ($100 in chips) 
avstero: posts small blind $0.50
SantinhoAsso18: posts big blind $1
*** HOLE CARDS ***
z00mba: raises $1.50 to $2.50
reiyser: folds 
GuigaMan: folds 
p0pa4poker: folds 
avstero: folds 
SantinhoAsso18: calls $1.50
*** FLOP *** [8s Tc 4h]
SantinhoAsso18: checks 
z00mba: checks 
*** TURN *** [8s Tc 4h] [Ts]
SantinhoAsso18: bets $2.61
z00mba: folds 
Uncalled bet ($2.61) returned to SantinhoAsso18
SantinhoAsso18 collected $5.22 from pot
*** SUMMARY ***
Total pot $5.50 | Rake $0.28 
Board [8s Tc 4h Ts]
Seat 1: reiyser folded before Flop (didn't bet)
Seat 2: GuigaMan folded before Flop (didn't bet)
Seat 3: p0pa4poker (button) folded before Flop (didn't bet)
Seat 4: avstero (small blind) folded before Flop
Seat 5: SantinhoAsso18 (big blind) collected ($5.22)
Seat 6: z00mba folded on the Turn



PokerStars Hand #254477484369:  Hold'em No Limit ($0.50/$1.00 USD) - 2025/01/20 0:11:07 WET [2025/01/20 19:11:07 ET]
Table 'Althaea IV' 6-max Seat #4 is the button
Seat 1: reiyser ($239.90 in chips) 
Seat 2: GuigaMan ($100 in chips) 
Seat 3: p0pa4poker ($100 in chips) 
Seat 4: avstero ($113.53 in chips) 
Seat 5: SantinhoAsso18 ($22.54 in chips) 
Seat 6: z00mba ($100 in chips) 
SantinhoAsso18: posts small blind $0.50
z00mba: posts big blind $1
*** HOLE CARDS ***
reiyser: folds 
GuigaMan: folds 
p0pa4poker: folds 
avstero: raises $1 to $2
SantinhoAsso18: calls $1.50
z00mba: calls $1
*** FLOP *** [8c 9s 8d]
SantinhoAsso18: checks 
z00mba: checks 
avstero: checks 
*** TURN *** [8c 9s 8d] [6c]
SantinhoAsso18: checks 
z00mba: checks 
avstero: checks 
*** RIVER *** [8c 9s 8d 6c] [9c]
SantinhoAsso18: bets $2.85
z00mba: folds 
avstero: calls $2.85
*** SHOW DOWN ***
SantinhoAsso18: shows [Ah 2c] (two pair, Nines and Eights)
avstero: shows [5c 4c] (a flush, Nine high)
avstero collected $11.12 from pot
*** SUMMARY ***
Total pot $11.70 | Rake $0.58 
Board [8c 9s 8d 6c 9c]
Seat 1: reiyser folded before Flop (didn't bet)
Seat 2: GuigaMan folded before Flop (didn't bet)
Seat 3: p0pa4poker folded before Flop (didn't bet)
Seat 4: avstero (button) showed [5c 4c] and won ($11.12) with a flush, Nine high
Seat 5: SantinhoAsso18 (small blind) showed [Ah 2c] and lost with two pair, Nines and Eights
Seat 6: z00mba (big blind) folded on the River



PokerStars Hand #254477498372:  Hold'em No Limit ($0.50/$1.00 USD) - 2025/01/20 0:12:14 WET [2025/01/20 19:12:14 ET]
Table 'Althaea IV' 6-max Seat #5 is the button
Seat 1: reiyser ($239.90 in chips) 
Seat 2: GuigaMan ($100 in chips) 
Seat 3: p0pa4poker ($100 in chips) 
Seat 4: avstero ($119.80 in chips) 
Seat 5: SantinhoAsso18 ($17.69 in chips) 
Seat 6: z00mba ($100 in chips) 
z00mba: posts small blind $0.50
reiyser: posts big blind $1
*** HOLE CARDS ***
GuigaMan: folds 
p0pa4poker: folds 
avstero: raises $1 to $2
SantinhoAsso18: folds 
z00mba: raises $7.50 to $9.50
reiyser: folds 
avstero: folds 
Uncalled bet ($7.50) returned to z00mba
z00mba collected $5 from pot
z00mba: doesn't show hand 
*** SUMMARY ***
Total pot $5 | Rake $0 
Seat 1: reiyser (big blind) folded before Flop
Seat 2: GuigaMan folded before Flop (didn't bet)
Seat 3: p0pa4poker folded before Flop (didn't bet)
Seat 4: avstero folded before Flop
Seat 5: SantinhoAsso18 (button) folded before Flop (didn't bet)
Seat 6: z00mba (small blind) collected ($5)



PokerStars Hand #254477503116:  Hold'em No Limit ($0.50/$1.00 USD) - 2025/01/20 0:12:38 WET [2025/01/20 19:12:38 ET]
Table 'Althaea IV' 6-max Seat #6 is the button
Seat 1: reiyser ($238.90 in chips) 
Seat 2: GuigaMan ($100 in chips) 
Seat 3: p0pa4poker ($100 in chips) 
Seat 4: avstero ($117.80 in chips) 
Seat 5: SantinhoAsso18 ($17.69 in chips) 
Seat 6: z00mba ($103 in chips) 
reiyser: posts small blind $0.50
GuigaMan: posts big blind $1
*** HOLE CARDS ***
p0pa4poker: folds 
avstero: folds 
SantinhoAsso18: calls $1
z00mba: folds 
reiyser: folds 
GuigaMan: checks 
*** FLOP *** [3h Ah Ad]
GuigaMan: checks 
SantinhoAsso18: checks 
*** TURN *** [3h Ah Ad] [7c]
GuigaMan: checks 
SantinhoAsso18: checks 
*** RIVER *** [3h Ah Ad 7c] [7h]
GuigaMan: checks 
SantinhoAsso18: bets $5
GuigaMan: folds 
Uncalled bet ($5) returned to SantinhoAsso18
SantinhoAsso18 collected $2.38 from pot
*** SUMMARY ***
Total pot $2.50 | Rake $0.12 
Board [3h Ah Ad 7c 7h]
Seat 1: reiyser (small blind) folded before Flop
Seat 2: GuigaMan (big blind) folded on the River
Seat 3: p0pa4poker folded before Flop (didn't bet)
Seat 4: avstero folded before Flop (didn't bet)
Seat 5: SantinhoAsso18 collected ($2.38)
Seat 6: z00mba (button) folded before Flop (didn't bet)



PokerStars Hand #254477512096:  Hold'em No Limit ($0.50/$1.00 USD) - 2025/01/20 0:13:21 WET [2025/01/20 19:13:21 ET]
Table 'Althaea IV' 6-max Seat #1 is the button
Seat 1: reiyser ($238.40 in chips) 
Seat 2: GuigaMan ($100 in chips) 
Seat 3: p0pa4poker ($100 in chips) 
Seat 4: avstero ($117.80 in chips) 
Seat 5: SantinhoAsso18 ($19.07 in chips) 
Seat 6: z00mba ($103 in chips) 
GuigaMan: posts small blind $0.50
p0pa4poker: posts big blind $1
*** HOLE CARDS ***
avstero: folds 
SantinhoAsso18: calls $1
z00mba: raises $3 to $4
reiyser: folds 
GuigaMan: folds 
p0pa4poker: folds 
SantinhoAsso18: calls $3
*** FLOP *** [8h 8s 7h]
SantinhoAsso18: checks 
z00mba: bets $17.50
SantinhoAsso18: folds 
Uncalled bet ($17.50) returned to z00mba
z00mba collected $9.02 from pot
z00mba: doesn't show hand 
*** SUMMARY ***
Total pot $9.50 | Rake $0.48 
Board [8h 8s 7h]
Seat 1: reiyser (button) folded before Flop (didn't bet)
Seat 2: GuigaMan (small blind) folded before Flop
Seat 3: p0pa4poker (big blind) folded before Flop
Seat 4: avstero folded before Flop (didn't bet)
Seat 5: SantinhoAsso18 folded on the Flop
Seat 6: z00mba collected ($9.02)



PokerStars Hand #254477518976:  Hold'em No Limit ($0.50/$1.00 USD) - 2025/01/20 0:13:55 WET [2025/01/20 19:13:55 ET]
Table 'Althaea IV' 6-max Seat #2 is the button
Seat 1: reiyser ($238.40 in chips) 
Seat 2: GuigaMan ($100 in chips) 
Seat 3: p0pa4poker ($99 in chips) 
Seat 4: avstero ($117.80 in chips) 
Seat 5: SantinhoAsso18 ($15.07 in chips) 
Seat 6: z00mba ($108.02 in chips) 
p0pa4poker: posts small blind $0.50
avstero: posts big blind $1
*** HOLE CARDS ***
SantinhoAsso18: calls $1
z00mba: folds 
reiyser: folds 
GuigaMan: folds 
p0pa4poker: folds 
avstero: checks 
*** FLOP *** [5s 7d 4d]
avstero: checks 
SantinhoAsso18: bets $14.07 and is all-in
avstero: calls $14.07
*** TURN *** [5s 7d 4d] [Qd]
*** RIVER *** [5s 7d 4d Qd] [7s]
*** SHOW DOWN ***
avstero: shows [5c 8s] (two pair, Sevens and Fives)
SantinhoAsso18: shows [9h 4h] (two pair, Sevens and Fours)
avstero collected $29.11 from pot
*** SUMMARY ***
Total pot $30.64 | Rake $1.53 
Board [5s 7d 4d Qd 7s]
Seat 1: reiyser folded before Flop (didn't bet)
Seat 2: GuigaMan (button) folded before Flop (didn't bet)
Seat 3: p0pa4poker (small blind) folded before Flop
Seat 4: avstero (big blind) showed [5c 8s] and won ($29.11) with two pair, Sevens and Fives
Seat 5: SantinhoAsso18 showed [9h 4h] and lost with two pair, Sevens and Fours
Seat 6: z00mba folded before Flop (didn't bet)



PokerStars Hand #254477530709:  Hold'em No Limit ($0.50/$1.00 USD) - 2025/01/20 0:14:52 WET [2025/01/20 19:14:52 ET]
Table 'Althaea IV' 6-max Seat #3 is the button
Seat 5: SantinhoAsso18 ($0 in chips) is sitting out
Seat 1: reiyser ($238.40 in chips) 
Seat 2: GuigaMan ($100 in chips) 
Seat 3: p0pa4poker ($98.50 in chips) 
Seat 4: avstero ($131.84 in chips) 
Seat 6: z00mba ($108.02 in chips) 
avstero: posts small blind $0.50
z00mba: posts big blind $1
*** HOLE CARDS ***
reiyser: raises $1.23 to $2.23
GuigaMan: raises $4.77 to $7
p0pa4poker: folds 
avstero: folds 
z00mba: folds 
reiyser: folds 
Uncalled bet ($4.77) returned to GuigaMan
GuigaMan collected $5.96 from pot
*** SUMMARY ***
Total pot $5.96 | Rake $0 
Seat 5: SantinhoAsso18
Seat 1: reiyser folded before Flop
Seat 2: GuigaMan collected ($5.96)
Seat 3: p0pa4poker (button) folded before Flop (didn't bet)
Seat 4: avstero (small blind) folded before Flop
Seat 6: z00mba (big blind) folded before Flop



PokerStars Hand #254477535192:  Hold'em No Limit ($0.50/$1.00 USD) - 2025/01/20 0:15:14 WET [2025/01/20 19:15:14 ET]
Table 'Althaea IV' 6-max Seat #4 is the button
Seat 5: SantinhoAsso18 ($100 in chips) is sitting out
Seat 1: reiyser ($236.17 in chips) 
Seat 2: GuigaMan ($103.73 in chips) 
Seat 3: p0pa4poker ($98.50 in chips) 
Seat 4: avstero ($131.34 in chips) 
Seat 6: z00mba ($107.02 in chips) 
z00mba: posts small blind $0.50
reiyser: posts big blind $1
*** HOLE CARDS ***
GuigaMan: folds 
p0pa4poker has timed out
p0pa4poker: folds 
avstero: raises $1.20 to $2.20
z00mba: folds 
reiyser: folds 
Uncalled bet ($1.20) returned to avstero
p0pa4poker leaves the table
avstero collected $2.50 from pot
avstero: doesn't show hand 
*** SUMMARY ***
Total pot $2.50 | Rake $0 
Seat 5: SantinhoAsso18
Seat 1: reiyser (big blind) folded before Flop
Seat 2: GuigaMan folded before Flop (didn't bet)
Seat 3: p0pa4poker folded before Flop (didn't bet)
Seat 4: avstero (button) collected ($2.50)
Seat 6: z00mba (small blind) folded before Flop



PokerStars Hand #254477539660:  Hold'em No Limit ($0.50/$1.00 USD) - 2025/01/20 0:15:36 WET [2025/01/20 19:15:36 ET]
Table 'Althaea IV' 6-max Seat #6 is the button
Seat 1: reiyser ($235.17 in chips) 
Seat 2: GuigaMan ($103.73 in chips) 
Seat 4: avstero ($132.84 in chips) 
Seat 5: SantinhoAsso18 ($100 in chips) 
Seat 6: z00mba ($106.52 in chips) 
reiyser: posts small blind $0.50
GuigaMan: posts big blind $1
SantinhoAsso18: posts small & big blinds $1.50
*** HOLE CARDS ***
avstero: folds 
SantinhoAsso18: checks 
Joker007r joins the table at seat #3 
z00mba: raises $2.50 to $3.50
reiyser: folds 
GuigaMan: calls $2.50
SantinhoAsso18: folds 
*** FLOP *** [2h 7d As]
GuigaMan: checks 
z00mba: bets $3
GuigaMan: folds 
Uncalled bet ($3) returned to z00mba
z00mba collected $8.55 from pot
z00mba: doesn't show hand 
*** SUMMARY ***
Total pot $9 | Rake $0.45 
Board [2h 7d As]
Seat 1: reiyser (small blind) folded before Flop
Seat 2: GuigaMan (big blind) folded on the Flop
Seat 4: avstero folded before Flop (didn't bet)
Seat 5: SantinhoAsso18 folded before Flop (didn't bet)
Seat 6: z00mba (button) collected ($8.55)



PokerStars Hand #254477545960:  Hold'em No Limit ($0.50/$1.00 USD) - 2025/01/20 0:16:07 WET [2025/01/20 19:16:07 ET]
Table 'Althaea IV' 6-max Seat #1 is the button
Seat 1: reiyser ($234.67 in chips) 
Seat 2: GuigaMan ($100.23 in chips) 
Seat 3: Joker007r ($100 in chips) 
Seat 4: avstero ($132.84 in chips) 
Seat 5: SantinhoAsso18 ($98.50 in chips) 
Seat 6: z00mba ($111.57 in chips) 
GuigaMan: posts small blind $0.50
Joker007r: posts big blind $1
*** HOLE CARDS ***
avstero: folds 
SantinhoAsso18: raises $2.50 to $3.50
z00mba: folds 
reiyser: raises $6.50 to $10
GuigaMan: folds 
Joker007r: folds 
SantinhoAsso18: calls $6.50
*** FLOP *** [2h 2d Kc]
SantinhoAsso18: checks 
reiyser: bets $5.92
SantinhoAsso18: folds 
Uncalled bet ($5.92) returned to reiyser
reiyser collected $20.42 from pot
reiyser: doesn't show hand 
*** SUMMARY ***
Total pot $21.50 | Rake $1.08 
Board [2h 2d Kc]
Seat 1: reiyser (button) collected ($20.42)
Seat 2: GuigaMan (small blind) folded before Flop
Seat 3: Joker007r (big blind) folded before Flop
Seat 4: avstero folded before Flop (didn't bet)
Seat 5: SantinhoAsso18 folded on the Flop
Seat 6: z00mba folded before Flop (didn't bet)



PokerStars Hand #254477555006:  Hold'em No Limit ($0.50/$1.00 USD) - 2025/01/20 0:16:51 WET [2025/01/20 19:16:51 ET]
Table 'Althaea IV' 6-max Seat #2 is the button
Seat 1: reiyser ($245.09 in chips) 
Seat 2: GuigaMan ($100 in chips) 
Seat 3: Joker007r ($100 in chips) 
Seat 4: avstero ($132.84 in chips) 
Seat 5: SantinhoAsso18 ($88.50 in chips) 
Seat 6: z00mba ($111.57 in chips) 
Joker007r: posts small blind $0.50
avstero: posts big blind $1
*** HOLE CARDS ***
SantinhoAsso18: calls $1
z00mba: folds 
reiyser: folds 
GuigaMan: folds 
Joker007r: folds 
avstero: checks 
*** FLOP *** [7h Qh 2s]
avstero: bets $1.33
SantinhoAsso18: calls $1.33
*** TURN *** [7h Qh 2s] [6s]
avstero: checks 
SantinhoAsso18: bets $2.45
avstero: calls $2.45
*** RIVER *** [7h Qh 2s 6s] [Ks]
avstero: checks 
SantinhoAsso18: checks 
*** SHOW DOWN ***
avstero: shows [7d 9s] (a pair of Sevens)
SantinhoAsso18: mucks hand 
avstero collected $9.56 from pot
*** SUMMARY ***
Total pot $10.06 | Rake $0.50 
Board [7h Qh 2s 6s Ks]
Seat 1: reiyser folded before Flop (didn't bet)
Seat 2: GuigaMan (button) folded before Flop (didn't bet)
Seat 3: Joker007r (small blind) folded before Flop
Seat 4: avstero (big blind) showed [7d 9s] and won ($9.56) with a pair of Sevens
Seat 5: SantinhoAsso18 mucked
Seat 6: z00mba folded before Flop (didn't bet)



PokerStars Hand #254477566957:  Hold'em No Limit ($0.50/$1.00 USD) - 2025/01/20 0:17:50 WET [2025/01/20 19:17:50 ET]
Table 'Althaea IV' 6-max Seat #3 is the button
Seat 1: reiyser ($245.09 in chips) 
Seat 2: GuigaMan ($100 in chips) 
Seat 3: Joker007r ($100 in chips) 
Seat 4: avstero ($137.62 in chips) 
Seat 5: SantinhoAsso18 ($83.72 in chips) 
Seat 6: z00mba ($111.57 in chips) 
avstero: posts small blind $0.50
SantinhoAsso18: posts big blind $1
*** HOLE CARDS ***
z00mba: raises $1.50 to $2.50
reiyser: folds 
GuigaMan: folds 
Joker007r: folds 
avstero: folds 
SantinhoAsso18: calls $1.50
*** FLOP *** [7s Js Jc]
SantinhoAsso18: checks 
z00mba: checks 
*** TURN *** [7s Js Jc] [7c]
SantinhoAsso18: checks 
z00mba: checks 
*** RIVER *** [7s Js Jc 7c] [3d]
SantinhoAsso18: checks 
z00mba: checks 
*** SHOW DOWN ***
SantinhoAsso18: shows [8s 9h] (two pair, Jacks and Sevens)
z00mba: shows [9d Ad] (two pair, Jacks and Sevens - Ace kicker)
z00mba collected $5.22 from pot
*** SUMMARY ***
Total pot $5.50 | Rake $0.28 
Board [7s Js Jc 7c 3d]
Seat 1: reiyser folded before Flop (didn't bet)
Seat 2: GuigaMan folded before Flop (didn't bet)
Seat 3: Joker007r (button) folded before Flop (didn't bet)
Seat 4: avstero (small blind) folded before Flop
Seat 5: SantinhoAsso18 (big blind) showed [8s 9h] and lost with two pair, Jacks and Sevens
Seat 6: z00mba showed [9d Ad] and won ($5.22) with two pair, Jacks and Sevens



PokerStars Hand #254477574091:  Hold'em No Limit ($0.50/$1.00 USD) - 2025/01/20 0:18:25 WET [2025/01/20 19:18:25 ET]
Table 'Althaea IV' 6-max Seat #4 is the button
Seat 1: reiyser ($245.09 in chips) 
Seat 2: GuigaMan ($100 in chips) 
Seat 3: Joker007r ($100 in chips) 
Seat 4: avstero ($137.12 in chips) 
Seat 5: SantinhoAsso18 ($81.22 in chips) 
Seat 6: z00mba ($114.29 in chips) 
SantinhoAsso18: posts small blind $0.50
z00mba: posts big blind $1
*** HOLE CARDS ***
reiyser: folds 
GuigaMan: raises $1.10 to $2.10
Joker007r: folds 
avstero: folds 
SantinhoAsso18: calls $1.60
z00mba: calls $1.10
*** FLOP *** [6c 4s 8s]
SantinhoAsso18: checks 
z00mba: checks 
GuigaMan: checks 
*** TURN *** [6c 4s 8s] [Ah]
SantinhoAsso18: checks 
z00mba: checks 
GuigaMan: checks 
*** RIVER *** [6c 4s 8s Ah] [9s]
SantinhoAsso18: checks 
z00mba: checks 
GuigaMan: checks 
*** SHOW DOWN ***
SantinhoAsso18: shows [5d Qc] (high card Ace)
z00mba: shows [9h 2h] (a pair of Nines)
GuigaMan: shows [Ac 2c] (a pair of Aces)
GuigaMan collected $5.98 from pot
*** SUMMARY ***
Total pot $6.30 | Rake $0.32 
Board [6c 4s 8s Ah 9s]
Seat 1: reiyser folded before Flop (didn't bet)
Seat 2: GuigaMan showed [Ac 2c] and won ($5.98) with a pair of Aces
Seat 3: Joker007r folded before Flop (didn't bet)
Seat 4: avstero (button) folded before Flop (didn't bet)
Seat 5: SantinhoAsso18 (small blind) showed [5d Qc] and lost with high card Ace
Seat 6: z00mba (big blind) showed [9h 2h] and lost with a pair of Nines



PokerStars Hand #254477584405:  Hold'em No Limit ($0.50/$1.00 USD) - 2025/01/20 0:19:15 WET [2025/01/20 19:19:15 ET]
Table 'Althaea IV' 6-max Seat #5 is the button
Seat 1: reiyser ($245.09 in chips) 
Seat 2: GuigaMan ($103.88 in chips) 
Seat 3: Joker007r ($100 in chips) 
Seat 4: avstero ($137.12 in chips) 
Seat 5: SantinhoAsso18 ($79.12 in chips) 
Seat 6: z00mba ($112.19 in chips) 
z00mba: posts small blind $0.50
reiyser: posts big blind $1
*** HOLE CARDS ***
GuigaMan: folds 
Joker007r: folds 
avstero: folds 
SantinhoAsso18: raises $2 to $3
z00mba: folds 
reiyser: folds 
Uncalled bet ($2) returned to SantinhoAsso18
SantinhoAsso18 collected $2.50 from pot
*** SUMMARY ***
Total pot $2.50 | Rake $0 
Seat 1: reiyser (big blind) folded before Flop
Seat 2: GuigaMan folded before Flop (didn't bet)
Seat 3: Joker007r folded before Flop (didn't bet)
Seat 4: avstero folded before Flop (didn't bet)
Seat 5: SantinhoAsso18 (button) collected ($2.50)
Seat 6: z00mba (small blind) folded before Flop



PokerStars Hand #254477588803:  Hold'em No Limit ($0.50/$1.00 USD) - 2025/01/20 0:19:36 WET [2025/01/20 19:19:36 ET]
Table 'Althaea IV' 6-max Seat #6 is the button
Seat 1: reiyser ($244.09 in chips) 
Seat 2: GuigaMan ($103.88 in chips) 
Seat 3: Joker007r ($100 in chips) 
Seat 4: avstero ($137.12 in chips) 
Seat 5: SantinhoAsso18 ($80.62 in chips) 
Seat 6: z00mba ($111.69 in chips) 
reiyser: posts small blind $0.50
GuigaMan: posts big blind $1
*** HOLE CARDS ***
Joker007r: folds 
avstero: folds 
SantinhoAsso18: folds 
z00mba: folds 
reiyser: folds 
Uncalled bet ($0.50) returned to GuigaMan
GuigaMan collected $1 from pot
*** SUMMARY ***
Total pot $1 | Rake $0 
Seat 1: reiyser (small blind) folded before Flop
Seat 2: GuigaMan (big blind) collected ($1)
Seat 3: Joker007r folded before Flop (didn't bet)
Seat 4: avstero folded before Flop (didn't bet)
Seat 5: SantinhoAsso18 folded before Flop (didn't bet)
Seat 6: z00mba (button) folded before Flop (didn't bet)



PokerStars Hand #254477591318:  Hold'em No Limit ($0.50/$1.00 USD) - 2025/01/20 0:19:49 WET [2025/01/20 19:19:49 ET]
Table 'Althaea IV' 6-max Seat #1 is the button
Seat 1: reiyser ($243.59 in chips) 
Seat 2: GuigaMan ($104.38 in chips) 
Seat 3: Joker007r ($100 in chips) 
Seat 4: avstero ($137.12 in chips) 
Seat 5: SantinhoAsso18 ($80.62 in chips) 
Seat 6: z00mba ($111.69 in chips) 
GuigaMan: posts small blind $0.50
Joker007r: posts big blind $1
*** HOLE CARDS ***
avstero: folds 
SantinhoAsso18: raises $2 to $3
z00mba: folds 
reiyser: folds 
GuigaMan: folds 
Joker007r: calls $2
*** FLOP *** [Ad 2s 3d]
Joker007r: checks 
SantinhoAsso18: bets $3
Joker007r: raises $8.89 to $11.89
SantinhoAsso18: calls $8.89
*** TURN *** [Ad 2s 3d] [Js]
Joker007r: bets $19.18
SantinhoAsso18: calls $19.18
*** RIVER *** [Ad 2s 3d Js] [7d]
Joker007r: bets $65.93 and is all-in
SantinhoAsso18: calls $46.55 and is all-in
Uncalled bet ($19.38) returned to Joker007r
*** SHOW DOWN ***
Joker007r: shows [5d 4d] (a flush, Ace high)
SantinhoAsso18: shows [6d Jd] (a flush, Ace high - Jack higher)
SantinhoAsso18 collected $159.24 from pot
*** SUMMARY ***
Total pot $161.74 | Rake $2.50 
Board [Ad 2s 3d Js 7d]
Seat 1: reiyser (button) folded before Flop (didn't bet)
Seat 2: GuigaMan (small blind) folded before Flop
Seat 3: Joker007r (big blind) showed [5d 4d] and lost with a flush, Ace high
Seat 4: avstero folded before Flop (didn't bet)
Seat 5: SantinhoAsso18 showed [6d Jd] and won ($159.24) with a flush, Ace high
Seat 6: z00mba folded before Flop (didn't bet)



PokerStars Hand #254477601629:  Hold'em No Limit ($0.50/$1.00 USD) - 2025/01/20 0:20:40 WET [2025/01/20 19:20:40 ET]
Table 'Althaea IV' 6-max Seat #2 is the button
Seat 1: reiyser ($243.59 in chips) 
Seat 2: GuigaMan ($103.88 in chips) 
Seat 3: Joker007r ($100 in chips) 
Seat 4: avstero ($137.12 in chips) 
Seat 5: SantinhoAsso18 ($159.24 in chips) 
Seat 6: z00mba ($111.69 in chips) 
Joker007r: posts small blind $0.50
avstero: posts big blind $1
*** HOLE CARDS ***
SantinhoAsso18: calls $1
z00mba: calls $1
reiyser: folds 
GuigaMan: folds 
Joker007r: folds 
avstero: checks 
*** FLOP *** [Kd 4d Kh]
avstero: checks 
SantinhoAsso18: bets $1.66
z00mba: raises $3.34 to $5
avstero: folds 
SantinhoAsso18: calls $3.34
*** TURN *** [Kd 4d Kh] [5h]
SantinhoAsso18: checks 
z00mba: bets $10
SantinhoAsso18: calls $10
*** RIVER *** [Kd 4d Kh 5h] [5c]
SantinhoAsso18: checks 
z00mba: checks 
*** SHOW DOWN ***
SantinhoAsso18: shows [3d 7d] (two pair, Kings and Fives)
z00mba: shows [4s 4c] (a full house, Fours full of Kings)
z00mba collected $31.82 from pot
*** SUMMARY ***
Total pot $33.50 | Rake $1.68 
Board [Kd 4d Kh 5h 5c]
Seat 1: reiyser folded before Flop (didn't bet)
Seat 2: GuigaMan (button) folded before Flop (didn't bet)
Seat 3: Joker007r (small blind) folded before Flop
Seat 4: avstero (big blind) folded on the Flop
Seat 5: SantinhoAsso18 showed [3d 7d] and lost with two pair, Kings and Fives
Seat 6: z00mba showed [4s 4c] and won ($31.82) with a full house, Fours full of Kings



PokerStars Hand #254477610676:  Hold'em No Limit ($0.50/$1.00 USD) - 2025/01/20 0:21:24 WET [2025/01/20 19:21:24 ET]
Table 'Althaea IV' 6-max Seat #3 is the button
Seat 1: reiyser ($243.59 in chips) 
Seat 2: GuigaMan ($103.88 in chips) 
Seat 3: Joker007r ($100 in chips) 
Seat 4: avstero ($136.12 in chips) 
Seat 5: SantinhoAsso18 ($143.24 in chips) 
Seat 6: z00mba ($127.51 in chips) 
avstero: posts small blind $0.50
SantinhoAsso18: posts big blind $1
*** HOLE CARDS ***
z00mba: folds 
reiyser: raises $1.23 to $2.23
GuigaMan: folds 
Joker007r: folds 
avstero: folds 
SantinhoAsso18: calls $1.23
*** FLOP *** [Ks Qh Kh]
SantinhoAsso18: bets $2.36
reiyser: calls $2.36
*** TURN *** [Ks Qh Kh] [8s]
SantinhoAsso18: bets $4.60
reiyser: calls $4.60
*** RIVER *** [Ks Qh Kh 8s] [Qs]
SantinhoAsso18: checks 
reiyser: checks 
*** SHOW DOWN ***
SantinhoAsso18: shows [6h 2s] (two pair, Kings and Queens)
reiyser: shows [Ah 9h] (two pair, Kings and Queens - Ace kicker)
reiyser collected $17.94 from pot
*** SUMMARY ***
Total pot $18.88 | Rake $0.94 
Board [Ks Qh Kh 8s Qs]
Seat 1: reiyser showed [Ah 9h] and won ($17.94) with two pair, Kings and Queens
Seat 2: GuigaMan folded before Flop (didn't bet)
Seat 3: Joker007r (button) folded before Flop (didn't bet)
Seat 4: avstero (small blind) folded before Flop
Seat 5: SantinhoAsso18 (big blind) showed [6h 2s] and lost with two pair, Kings and Queens
Seat 6: z00mba folded before Flop (didn't bet)



PokerStars Hand #254477623513:  Hold'em No Limit ($0.50/$1.00 USD) - 2025/01/20 0:22:28 WET [2025/01/20 19:22:28 ET]
Table 'Althaea IV' 6-max Seat #4 is the button
Seat 1: reiyser ($252.34 in chips) 
Seat 2: GuigaMan ($103.88 in chips) 
Seat 3: Joker007r ($100 in chips) 
Seat 4: avstero ($135.62 in chips) 
Seat 5: SantinhoAsso18 ($134.05 in chips) 
Seat 6: z00mba ($127.51 in chips) 
SantinhoAsso18: posts small blind $0.50
z00mba: posts big blind $1
*** HOLE CARDS ***
reiyser: folds 
GuigaMan: folds 
Joker007r: folds 
avstero: raises $1.20 to $2.20
SantinhoAsso18: calls $1.70
z00mba: raises $12.30 to $14.50
avstero: raises $121.12 to $135.62 and is all-in
SantinhoAsso18: folds 
z00mba: folds 
Uncalled bet ($121.12) returned to avstero
avstero collected $31.20 from pot
avstero: doesn't show hand 
*** SUMMARY ***
Total pot $31.20 | Rake $0 
Seat 1: reiyser folded before Flop (didn't bet)
Seat 2: GuigaMan folded before Flop (didn't bet)
Seat 3: Joker007r folded before Flop (didn't bet)
Seat 4: avstero (button) collected ($31.20)
Seat 5: SantinhoAsso18 (small blind) folded before Flop
Seat 6: z00mba (big blind) folded before Flop



PokerStars Hand #254477633584:  Hold'em No Limit ($0.50/$1.00 USD) - 2025/01/20 0:23:17 WET [2025/01/20 19:23:17 ET]
Table 'Althaea IV' 6-max Seat #5 is the button
Seat 1: reiyser ($252.34 in chips) 
Seat 2: GuigaMan ($103.88 in chips) 
Seat 3: Joker007r ($100 in chips) 
Seat 4: avstero ($152.32 in chips) 
Seat 5: SantinhoAsso18 ($131.85 in chips) 
Seat 6: z00mba ($113.01 in chips) 
z00mba: posts small blind $0.50
reiyser: posts big blind $1
*** HOLE CARDS ***
GuigaMan: folds 
Joker007r: raises $2 to $3
avstero: folds 
SantinhoAsso18: folds 
z00mba: folds 
reiyser: folds 
Uncalled bet ($2) returned to Joker007r
Joker007r collected $2.50 from pot
Joker007r: doesn't show hand 
*** SUMMARY ***
Total pot $2.50 | Rake $0 
Seat 1: reiyser (big blind) folded before Flop
Seat 2: GuigaMan folded before Flop (didn't bet)
Seat 3: Joker007r collected ($2.50)
Seat 4: avstero folded before Flop (didn't bet)
Seat 5: SantinhoAsso18 (button) folded before Flop (didn't bet)
Seat 6: z00mba (small blind) folded before Flop



PokerStars Hand #254477636111:  Hold'em No Limit ($0.50/$1.00 USD) - 2025/01/20 0:23:30 WET [2025/01/20 19:23:30 ET]
Table 'Althaea IV' 6-max Seat #6 is the button
Seat 1: reiyser ($251.34 in chips) 
Seat 2: GuigaMan ($103.88 in chips) 
Seat 3: Joker007r ($101.50 in chips) 
Seat 4: avstero ($152.32 in chips) 
Seat 5: SantinhoAsso18 ($131.85 in chips) 
Seat 6: z00mba ($112.51 in chips) 
reiyser: posts small blind $0.50
GuigaMan: posts big blind $1
*** HOLE CARDS ***
Joker007r: raises $2 to $3
avstero: folds 
SantinhoAsso18: folds 
z00mba: folds 
reiyser: folds 
GuigaMan: folds 
Uncalled bet ($2) returned to Joker007r
Joker007r collected $2.50 from pot
Joker007r: doesn't show hand 
*** SUMMARY ***
Total pot $2.50 | Rake $0 
Seat 1: reiyser (small blind) folded before Flop
Seat 2: GuigaMan (big blind) folded before Flop
Seat 3: Joker007r collected ($2.50)
Seat 4: avstero folded before Flop (didn't bet)
Seat 5: SantinhoAsso18 folded before Flop (didn't bet)
Seat 6: z00mba (button) folded before Flop (didn't bet)



PokerStars Hand #254477640119:  Hold'em No Limit ($0.50/$1.00 USD) - 2025/01/20 0:23:50 WET [2025/01/20 19:23:50 ET]
Table 'Althaea IV' 6-max Seat #1 is the button
Seat 1: reiyser ($250.84 in chips) 
Seat 2: GuigaMan ($102.88 in chips) 
Seat 3: Joker007r ($103 in chips) 
Seat 4: avstero ($152.32 in chips) 
Seat 5: SantinhoAsso18 ($131.85 in chips) 
Seat 6: z00mba ($112.51 in chips) 
GuigaMan: posts small blind $0.50
Joker007r: posts big blind $1
*** HOLE CARDS ***
avstero: raises $1.20 to $2.20
SantinhoAsso18: calls $2.20
z00mba: folds 
reiyser: folds 
GuigaMan: folds 
Joker007r: calls $1.20
*** FLOP *** [Qc Qh 5h]
Joker007r: checks 
avstero: checks 
SantinhoAsso18: checks 
*** TURN *** [Qc Qh 5h] [6h]
Joker007r: checks 
avstero: bets $3.20
SantinhoAsso18: calls $3.20
Joker007r: folds 
*** RIVER *** [Qc Qh 5h 6h] [7h]
avstero: bets $15.90
SantinhoAsso18: calls $15.90
*** SHOW DOWN ***
avstero: shows [Ah Ad] (a flush, Ace high)
SantinhoAsso18: mucks hand 
avstero collected $43.04 from pot
*** SUMMARY ***
Total pot $45.30 | Rake $2.26 
Board [Qc Qh 5h 6h 7h]
Seat 1: reiyser (button) folded before Flop (didn't bet)
Seat 2: GuigaMan (small blind) folded before Flop
Seat 3: Joker007r (big blind) folded on the Turn
Seat 4: avstero showed [Ah Ad] and won ($43.04) with a flush, Ace high
Seat 5: SantinhoAsso18 mucked
Seat 6: z00mba folded before Flop (didn't bet)



PokerStars Hand #254477656487:  Hold'em No Limit ($0.50/$1.00 USD) - 2025/01/20 0:25:12 WET [2025/01/20 19:25:12 ET]
Table 'Althaea IV' 6-max Seat #2 is the button
Seat 4: avstero ($174.06 in chips) is sitting out
Seat 1: reiyser ($250.84 in chips) 
Seat 2: GuigaMan ($102.38 in chips) 
Seat 3: Joker007r ($100.80 in chips) 
Seat 5: SantinhoAsso18 ($110.55 in chips) 
Seat 6: z00mba ($112.51 in chips) 
Joker007r: posts small blind $0.50
avstero: is sitting out 
SantinhoAsso18: posts big blind $1
*** HOLE CARDS ***
z00mba: folds 
reiyser: folds 
GuigaMan: folds 
Joker007r: folds 
Uncalled bet ($0.50) returned to SantinhoAsso18
avstero leaves the table
SantinhoAsso18 collected $1 from pot
*** SUMMARY ***
Total pot $1 | Rake $0 
Seat 4: avstero
Seat 1: reiyser folded before Flop (didn't bet)
Seat 2: GuigaMan (button) folded before Flop (didn't bet)
Seat 3: Joker007r (small blind) folded before Flop
Seat 5: SantinhoAsso18 (big blind) collected ($1)
Seat 6: z00mba folded before Flop (didn't bet)



PokerStars Hand #254477659815:  Hold'em No Limit ($0.50/$1.00 USD) - 2025/01/20 0:25:29 WET [2025/01/20 19:25:29 ET]
Table 'Althaea IV' 6-max Seat #3 is the button
Seat 1: reiyser ($250.84 in chips) 
Seat 2: GuigaMan ($102.38 in chips) 
Seat 3: Joker007r ($100.30 in chips) 
Seat 5: SantinhoAsso18 ($111.05 in chips) 
Seat 6: z00mba ($112.51 in chips) 
SantinhoAsso18: posts small blind $0.50
z00mba: posts big blind $1
*** HOLE CARDS ***
reiyser: folds 
GuigaMan: raises $1.10 to $2.10
Joker007r: folds 
SantinhoAsso18: calls $1.60
z00mba: folds 
*** FLOP *** [9h Kd As]
Aleqseuka joins the table at seat #4 
SantinhoAsso18: bets $2.47
GuigaMan: calls $2.47
*** TURN *** [9h Kd As] [Th]
SantinhoAsso18: checks 
GuigaMan: checks 
*** RIVER *** [9h Kd As Th] [Td]
SantinhoAsso18: checks 
GuigaMan: checks 
*** SHOW DOWN ***
SantinhoAsso18: shows [5c 2d] (a pair of Tens)
GuigaMan: shows [Ks Qc] (two pair, Kings and Tens)
GuigaMan collected $9.63 from pot
*** SUMMARY ***
Total pot $10.14 | Rake $0.51 
Board [9h Kd As Th Td]
Seat 1: reiyser folded before Flop (didn't bet)
Seat 2: GuigaMan showed [Ks Qc] and won ($9.63) with two pair, Kings and Tens
Seat 3: Joker007r (button) folded before Flop (didn't bet)
Seat 5: SantinhoAsso18 (small blind) showed [5c 2d] and lost with a pair of Tens
Seat 6: z00mba (big blind) folded before Flop



PokerStars Hand #254477669420:  Hold'em No Limit ($0.50/$1.00 USD) - 2025/01/20 0:26:17 WET [2025/01/20 19:26:17 ET]
Table 'Althaea IV' 6-max Seat #5 is the button
Seat 4: Aleqseuka ($100 in chips) is sitting out
Seat 1: reiyser ($250.84 in chips) 
Seat 2: GuigaMan ($107.44 in chips) 
Seat 3: Joker007r ($100.30 in chips) 
Seat 5: SantinhoAsso18 ($106.48 in chips) 
Seat 6: z00mba ($111.51 in chips) 
z00mba: posts small blind $0.50
reiyser: posts big blind $1
Aleqseuka: sits out 
*** HOLE CARDS ***
GuigaMan: raises $1.10 to $2.10
Joker007r: folds 
SantinhoAsso18: folds 
z00mba: folds 
reiyser: calls $1.10
*** FLOP *** [3s 2d 5c]
reiyser: checks 
GuigaMan: checks 
*** TURN *** [3s 2d 5c] [5d]
reiyser: bets $2.32
GuigaMan: folds 
Uncalled bet ($2.32) returned to reiyser
reiyser collected $4.46 from pot
reiyser: doesn't show hand 
*** SUMMARY ***
Total pot $4.70 | Rake $0.24 
Board [3s 2d 5c 5d]
Seat 4: Aleqseuka
Seat 1: reiyser (big blind) collected ($4.46)
Seat 2: GuigaMan folded on the Turn
Seat 3: Joker007r folded before Flop (didn't bet)
Seat 5: SantinhoAsso18 (button) folded before Flop (didn't bet)
Seat 6: z00mba (small blind) folded before Flop



PokerStars Hand #254477674526:  Hold'em No Limit ($0.50/$1.00 USD) - 2025/01/20 0:26:43 WET [2025/01/20 19:26:43 ET]
Table 'Althaea IV' 6-max Seat #6 is the button
Seat 4: Aleqseuka ($100 in chips) is sitting out
Seat 1: reiyser ($253.20 in chips) 
Seat 2: GuigaMan ($105.34 in chips) 
Seat 3: Joker007r ($100.30 in chips) 
Seat 5: SantinhoAsso18 ($106.48 in chips) 
Seat 6: z00mba ($111.01 in chips) 
reiyser: posts small blind $0.50
GuigaMan: posts big blind $1
Aleqseuka: sits out 
*** HOLE CARDS ***
Joker007r: folds 
SantinhoAsso18: calls $1
z00mba: folds 
reiyser: folds 
GuigaMan: checks 
*** FLOP *** [2d Ks Qs]
GuigaMan: checks 
SantinhoAsso18: bets $1.19
GuigaMan: folds 
Uncalled bet ($1.19) returned to SantinhoAsso18
SantinhoAsso18 collected $2.38 from pot
*** SUMMARY ***
Total pot $2.50 | Rake $0.12 
Board [2d Ks Qs]
Seat 4: Aleqseuka
Seat 1: reiyser (small blind) folded before Flop
Seat 2: GuigaMan (big blind) folded on the Flop
Seat 3: Joker007r folded before Flop (didn't bet)
Seat 5: SantinhoAsso18 collected ($2.38)
Seat 6: z00mba (button) folded before Flop (didn't bet)



PokerStars Hand #254477682413:  Hold'em No Limit ($0.50/$1.00 USD) - 2025/01/20 0:27:23 WET [2025/01/20 19:27:23 ET]
Table 'Althaea IV' 6-max Seat #1 is the button
Seat 4: Aleqseuka ($100 in chips) is sitting out
Seat 1: reiyser ($252.70 in chips) 
Seat 2: GuigaMan ($104.34 in chips) 
Seat 3: Joker007r ($100.30 in chips) 
Seat 5: SantinhoAsso18 ($107.86 in chips) 
Seat 6: z00mba ($111.01 in chips) 
GuigaMan: posts small blind $0.50
Joker007r: posts big blind $1
Aleqseuka: sits out 
*** HOLE CARDS ***
SantinhoAsso18: folds 
z00mba: folds 
reiyser: folds 
GuigaMan: folds 
Uncalled bet ($0.50) returned to Joker007r
Joker007r collected $1 from pot
Joker007r: doesn't show hand 
*** SUMMARY ***
Total pot $1 | Rake $0 
Seat 4: Aleqseuka
Seat 1: reiyser (button) folded before Flop (didn't bet)
Seat 2: GuigaMan (small blind) folded before Flop
Seat 3: Joker007r (big blind) collected ($1)
Seat 5: SantinhoAsso18 folded before Flop (didn't bet)
Seat 6: z00mba folded before Flop (didn't bet)



PokerStars Hand #254477685454:  Hold'em No Limit ($0.50/$1.00 USD) - 2025/01/20 0:27:38 WET [2025/01/20 19:27:38 ET]
Table 'Althaea IV' 6-max Seat #2 is the button
Seat 1: reiyser ($252.70 in chips) 
Seat 2: GuigaMan ($103.84 in chips) 
Seat 3: Joker007r ($100.80 in chips) 
Seat 4: Aleqseuka ($100 in chips) 
Seat 5: SantinhoAsso18 ($107.86 in chips) 
Seat 6: z00mba ($111.01 in chips) 
Joker007r: posts small blind $0.50
Aleqseuka: posts big blind $1
*** HOLE CARDS ***
SantinhoAsso18: calls $1
z00mba: folds 
reiyser: raises $3 to $4
GuigaMan: folds 
Joker007r: folds 
Aleqseuka: folds 
SantinhoAsso18: calls $3
*** FLOP *** [4s Qs 4d]
SantinhoAsso18: checks 
reiyser: bets $2.62
SantinhoAsso18: calls $2.62
*** TURN *** [4s Qs 4d] [Qd]
SantinhoAsso18: bets $7
reiyser: calls $7
*** RIVER *** [4s Qs 4d Qd] [Qc]
SantinhoAsso18: checks 
reiyser: bets $20.75
SantinhoAsso18: folds 
Uncalled bet ($20.75) returned to reiyser
reiyser collected $27.30 from pot
reiyser: doesn't show hand 
*** SUMMARY ***
Total pot $28.74 | Rake $1.44 
Board [4s Qs 4d Qd Qc]
Seat 1: reiyser collected ($27.30)
Seat 2: GuigaMan (button) folded before Flop (didn't bet)
Seat 3: Joker007r (small blind) folded before Flop
Seat 4: Aleqseuka (big blind) folded before Flop
Seat 5: SantinhoAsso18 folded on the River
Seat 6: z00mba folded before Flop (didn't bet)



PokerStars Hand #254477698523:  Hold'em No Limit ($0.50/$1.00 USD) - 2025/01/20 0:28:43 WET [2025/01/20 19:28:43 ET]
Table 'Althaea IV' 6-max Seat #3 is the button
Seat 1: reiyser ($266.38 in chips) 
Seat 2: GuigaMan ($103.84 in chips) 
Seat 3: Joker007r ($100.30 in chips) 
Seat 4: Aleqseuka ($100 in chips) 
Seat 5: SantinhoAsso18 ($94.24 in chips) 
Seat 6: z00mba ($111.01 in chips) 
Aleqseuka: posts small blind $0.50
SantinhoAsso18: posts big blind $1
*** HOLE CARDS ***
z00mba: folds 
reiyser: folds 
GuigaMan: folds 
Joker007r: raises $1.50 to $2.50
Aleqseuka: raises $9.50 to $12
SantinhoAsso18: raises $82.24 to $94.24 and is all-in
Joker007r: folds 
Aleqseuka: folds 
Uncalled bet ($82.24) returned to SantinhoAsso18
SantinhoAsso18 collected $26.50 from pot
*** SUMMARY ***
Total pot $26.50 | Rake $0 
Seat 1: reiyser folded before Flop (didn't bet)
Seat 2: GuigaMan folded before Flop (didn't bet)
Seat 3: Joker007r (button) folded before Flop
Seat 4: Aleqseuka (small blind) folded before Flop
Seat 5: SantinhoAsso18 (big blind) collected ($26.50)
Seat 6: z00mba folded before Flop (didn't bet)



PokerStars Hand #254477703705:  Hold'em No Limit ($0.50/$1.00 USD) - 2025/01/20 0:29:10 WET [2025/01/20 19:29:10 ET]
Table 'Althaea IV' 6-max Seat #4 is the button
Seat 1: reiyser ($266.38 in chips) 
Seat 2: GuigaMan ($103.84 in chips) 
Seat 3: Joker007r ($100 in chips) 
Seat 4: Aleqseuka ($100 in chips) 
Seat 5: SantinhoAsso18 ($108.74 in chips) 
Seat 6: z00mba ($111.01 in chips) 
SantinhoAsso18: posts small blind $0.50
z00mba: posts big blind $1
*** HOLE CARDS ***
reiyser: folds 
GuigaMan: folds 
Joker007r: raises $2 to $3
Aleqseuka: folds 
SantinhoAsso18: folds 
z00mba: folds 
Uncalled bet ($2) returned to Joker007r
Joker007r collected $2.50 from pot
Joker007r: doesn't show hand 
*** SUMMARY ***
Total pot $2.50 | Rake $0 
Seat 1: reiyser folded before Flop (didn't bet)
Seat 2: GuigaMan folded before Flop (didn't bet)
Seat 3: Joker007r collected ($2.50)
Seat 4: Aleqseuka (button) folded before Flop (didn't bet)
Seat 5: SantinhoAsso18 (small blind) folded before Flop
Seat 6: z00mba (big blind) folded before Flop



PokerStars Hand #254477706765:  Hold'em No Limit ($0.50/$1.00 USD) - 2025/01/20 0:29:25 WET [2025/01/20 19:29:25 ET]
Table 'Althaea IV' 6-max Seat #5 is the button
Seat 1: reiyser ($266.38 in chips) 
Seat 2: GuigaMan ($103.84 in chips) 
Seat 3: Joker007r ($101.50 in chips) 
Seat 4: Aleqseuka ($100 in chips) 
Seat 5: SantinhoAsso18 ($108.24 in chips) 
Seat 6: z00mba ($110.01 in chips) 
z00mba: posts small blind $0.50
reiyser: posts big blind $1
*** HOLE CARDS ***
GuigaMan: folds 
Joker007r: raises $2 to $3
Aleqseuka: folds 
SantinhoAsso18: folds 
z00mba: folds 
reiyser: folds 
Uncalled bet ($2) returned to Joker007r
Joker007r collected $2.50 from pot
Joker007r: doesn't show hand 
*** SUMMARY ***
Total pot $2.50 | Rake $0 
Seat 1: reiyser (big blind) folded before Flop
Seat 2: GuigaMan folded before Flop (didn't bet)
Seat 3: Joker007r collected ($2.50)
Seat 4: Aleqseuka folded before Flop (didn't bet)
Seat 5: SantinhoAsso18 (button) folded before Flop (didn't bet)
Seat 6: z00mba (small blind) folded before Flop



PokerStars Hand #254477712041:  Hold'em No Limit ($0.50/$1.00 USD) - 2025/01/20 0:29:52 WET [2025/01/20 19:29:52 ET]
Table 'Althaea IV' 6-max Seat #6 is the button
Seat 1: reiyser ($265.38 in chips) 
Seat 2: GuigaMan ($103.84 in chips) 
Seat 3: Joker007r ($103 in chips) 
Seat 4: Aleqseuka ($100 in chips) 
Seat 5: SantinhoAsso18 ($108.24 in chips) 
Seat 6: z00mba ($109.51 in chips) 
reiyser: posts small blind $0.50
GuigaMan: posts big blind $1
*** HOLE CARDS ***
Joker007r: raises $2 to $3
Aleqseuka: raises $6 to $9
SantinhoAsso18: folds 
z00mba: folds 
reiyser: folds 
GuigaMan: folds 
Joker007r: calls $6
*** FLOP *** [As Qh 7d]
Joker007r: checks 
Aleqseuka: checks 
*** TURN *** [As Qh 7d] [Th]
Joker007r: bets $29.26
Aleqseuka: calls $29.26
*** RIVER *** [As Qh 7d Th] [4d]
Joker007r: checks 
Aleqseuka: bets $61.74 and is all-in
Joker007r: folds 
Uncalled bet ($61.74) returned to Aleqseuka
Aleqseuka collected $75.52 from pot
Aleqseuka: doesn't show hand 
*** SUMMARY ***
Total pot $78.02 | Rake $2.50 
Board [As Qh 7d Th 4d]
Seat 1: reiyser (small blind) folded before Flop
Seat 2: GuigaMan (big blind) folded before Flop
Seat 3: Joker007r folded on the River
Seat 4: Aleqseuka collected ($75.52)
Seat 5: SantinhoAsso18 folded before Flop (didn't bet)
Seat 6: z00mba (button) folded before Flop (didn't bet)



PokerStars Hand #254477730251:  Hold'em No Limit ($0.50/$1.00 USD) - 2025/01/20 0:31:24 WET [2025/01/20 19:31:24 ET]
Table 'Althaea IV' 6-max Seat #1 is the button
Seat 1: reiyser ($264.88 in chips) 
Seat 2: GuigaMan ($102.84 in chips) 
Seat 3: Joker007r ($100 in chips) 
Seat 4: Aleqseuka ($137.26 in chips) 
Seat 5: SantinhoAsso18 ($108.24 in chips) 
Seat 6: z00mba ($109.51 in chips) 
GuigaMan: posts small blind $0.50
Joker007r: posts big blind $1
*** HOLE CARDS ***
Aleqseuka: folds 
SantinhoAsso18: calls $1
z00mba: folds 
reiyser: folds 
GuigaMan: folds 
Joker007r: checks 
*** FLOP *** [Jh 2h Ts]
Joker007r: bets $1.59
SantinhoAsso18: calls $1.59
*** TURN *** [Jh 2h Ts] [9s]
Joker007r: checks 
SantinhoAsso18: bets $2.70
Joker007r: calls $2.70
*** RIVER *** [Jh 2h Ts 9s] [3d]
Joker007r: checks 
SantinhoAsso18: checks 
*** SHOW DOWN ***
Joker007r: shows [9c 2c] (two pair, Nines and Deuces)
SantinhoAsso18: mucks hand 
Joker007r collected $10.53 from pot
*** SUMMARY ***
Total pot $11.08 | Rake $0.55 
Board [Jh 2h Ts 9s 3d]
Seat 1: reiyser (button) folded before Flop (didn't bet)
Seat 2: GuigaMan (small blind) folded before Flop
Seat 3: Joker007r (big blind) showed [9c 2c] and won ($10.53) with two pair, Nines and Deuces
Seat 4: Aleqseuka folded before Flop (didn't bet)
Seat 5: SantinhoAsso18 mucked
Seat 6: z00mba folded before Flop (didn't bet)



PokerStars Hand #254477739859:  Hold'em No Limit ($0.50/$1.00 USD) - 2025/01/20 0:32:13 WET [2025/01/20 19:32:13 ET]
Table 'Althaea IV' 6-max Seat #2 is the button
Seat 1: reiyser ($264.88 in chips) 
Seat 2: GuigaMan ($102.34 in chips) 
Seat 3: Joker007r ($105.24 in chips) 
Seat 4: Aleqseuka ($137.26 in chips) 
Seat 5: SantinhoAsso18 ($102.95 in chips) 
Seat 6: z00mba ($109.51 in chips) 
Joker007r: posts small blind $0.50
Aleqseuka: posts big blind $1
*** HOLE CARDS ***
SantinhoAsso18: raises $2.50 to $3.50
z00mba: folds 
reiyser: folds 
GuigaMan: folds 
Joker007r: folds 
Aleqseuka: folds 
Uncalled bet ($2.50) returned to SantinhoAsso18
SantinhoAsso18 collected $2.50 from pot
*** SUMMARY ***
Total pot $2.50 | Rake $0 
Seat 1: reiyser folded before Flop (didn't bet)
Seat 2: GuigaMan (button) folded before Flop (didn't bet)
Seat 3: Joker007r (small blind) folded before Flop
Seat 4: Aleqseuka (big blind) folded before Flop
Seat 5: SantinhoAsso18 collected ($2.50)
Seat 6: z00mba folded before Flop (didn't bet)



PokerStars Hand #254477744051:  Hold'em No Limit ($0.50/$1.00 USD) - 2025/01/20 0:32:34 WET [2025/01/20 19:32:34 ET]
Table 'Althaea IV' 6-max Seat #3 is the button
Seat 1: reiyser ($264.88 in chips) 
Seat 2: GuigaMan ($102.34 in chips) 
Seat 3: Joker007r ($104.74 in chips) 
Seat 4: Aleqseuka ($136.26 in chips) 
Seat 5: SantinhoAsso18 ($104.45 in chips) 
Seat 6: z00mba ($109.51 in chips) 
Aleqseuka: posts small blind $0.50
SantinhoAsso18: posts big blind $1
*** HOLE CARDS ***
z00mba: folds 
reiyser: folds 
GuigaMan: folds 
Joker007r: raises $1.50 to $2.50
Aleqseuka: raises $9.50 to $12
SantinhoAsso18: raises $92.45 to $104.45 and is all-in
Joker007r: folds 
Aleqseuka: folds 
Uncalled bet ($92.45) returned to SantinhoAsso18
SantinhoAsso18 collected $26.50 from pot
*** SUMMARY ***
Total pot $26.50 | Rake $0 
Seat 1: reiyser folded before Flop (didn't bet)
Seat 2: GuigaMan folded before Flop (didn't bet)
Seat 3: Joker007r (button) folded before Flop
Seat 4: Aleqseuka (small blind) folded before Flop
Seat 5: SantinhoAsso18 (big blind) collected ($26.50)
Seat 6: z00mba folded before Flop (didn't bet)



PokerStars Hand #254477750111:  Hold'em No Limit ($0.50/$1.00 USD) - 2025/01/20 0:33:05 WET [2025/01/20 19:33:05 ET]
Table 'Althaea IV' 6-max Seat #4 is the button
Seat 1: reiyser ($264.88 in chips) 
Seat 2: GuigaMan ($102.34 in chips) 
Seat 3: Joker007r ($102.24 in chips) 
Seat 4: Aleqseuka ($124.26 in chips) 
Seat 5: SantinhoAsso18 ($118.95 in chips) 
Seat 6: z00mba ($109.51 in chips) 
SantinhoAsso18: posts small blind $0.50
z00mba: posts big blind $1
*** HOLE CARDS ***
reiyser: folds 
GuigaMan: folds 
Joker007r: folds 
Aleqseuka: folds 
SantinhoAsso18: calls $0.50
z00mba: checks 
*** FLOP *** [7s Ad 2s]
SantinhoAsso18: checks 
z00mba: checks 
*** TURN *** [7s Ad 2s] [4d]
SantinhoAsso18: checks 
z00mba: checks 
*** RIVER *** [7s Ad 2s 4d] [8c]
SantinhoAsso18: checks 
z00mba: checks 
*** SHOW DOWN ***
SantinhoAsso18: shows [Kh Qs] (high card Ace)
z00mba: mucks hand 
SantinhoAsso18 collected $1.90 from pot
*** SUMMARY ***
Total pot $2 | Rake $0.10 
Board [7s Ad 2s 4d 8c]
Seat 1: reiyser folded before Flop (didn't bet)
Seat 2: GuigaMan folded before Flop (didn't bet)
Seat 3: Joker007r folded before Flop (didn't bet)
Seat 4: Aleqseuka (button) folded before Flop (didn't bet)
Seat 5: SantinhoAsso18 (small blind) showed [Kh Qs] and won ($1.90) with high card Ace
Seat 6: z00mba (big blind) mucked



PokerStars Hand #254477756356:  Hold'em No Limit ($0.50/$1.00 USD) - 2025/01/20 0:33:38 WET [2025/01/20 19:33:38 ET]
Table 'Althaea IV' 6-max Seat #5 is the button
Seat 1: reiyser ($264.88 in chips) 
Seat 2: GuigaMan ($102.34 in chips) 
Seat 3: Joker007r ($102.24 in chips) 
Seat 4: Aleqseuka ($124.26 in chips) 
Seat 5: SantinhoAsso18 ($119.85 in chips) 
Seat 6: z00mba ($108.51 in chips) 
z00mba: posts small blind $0.50
reiyser: posts big blind $1
*** HOLE CARDS ***
GuigaMan: folds 
Joker007r: folds 
Aleqseuka: folds 
SantinhoAsso18: calls $1
z00mba: folds 
reiyser: checks 
*** FLOP *** [Ah 8c 5c]
reiyser: checks 
SantinhoAsso18: checks 
*** TURN *** [Ah 8c 5c] [Kd]
reiyser: checks 
SantinhoAsso18: bets $1.19
reiyser: folds 
Uncalled bet ($1.19) returned to SantinhoAsso18
SantinhoAsso18 collected $2.38 from pot
*** SUMMARY ***
Total pot $2.50 | Rake $0.12 
Board [Ah 8c 5c Kd]
Seat 1: reiyser (big blind) folded on the Turn
Seat 2: GuigaMan folded before Flop (didn't bet)
Seat 3: Joker007r folded before Flop (didn't bet)
Seat 4: Aleqseuka folded before Flop (didn't bet)
Seat 5: SantinhoAsso18 (button) collected ($2.38)
Seat 6: z00mba (small blind) folded before Flop



PokerStars Hand #254477761576:  Hold'em No Limit ($0.50/$1.00 USD) - 2025/01/20 0:34:04 WET [2025/01/20 19:34:04 ET]
Table 'Althaea IV' 6-max Seat #6 is the button
Seat 1: reiyser ($263.88 in chips) 
Seat 2: GuigaMan ($102.34 in chips) 
Seat 3: Joker007r ($102.24 in chips) 
Seat 4: Aleqseuka ($124.26 in chips) 
Seat 5: SantinhoAsso18 ($121.23 in chips) 
Seat 6: z00mba ($108.01 in chips) 
reiyser: posts small blind $0.50
GuigaMan: posts big blind $1
*** HOLE CARDS ***
Joker007r: folds 
Aleqseuka: raises $1.35 to $2.35
SantinhoAsso18: folds 
z00mba: folds 
reiyser: folds 
GuigaMan: folds 
Uncalled bet ($1.35) returned to Aleqseuka
Aleqseuka collected $2.50 from pot
Aleqseuka: doesn't show hand 
*** SUMMARY ***
Total pot $2.50 | Rake $0 
Seat 1: reiyser (small blind) folded before Flop
Seat 2: GuigaMan (big blind) folded before Flop
Seat 3: Joker007r folded before Flop (didn't bet)
Seat 4: Aleqseuka collected ($2.50)
Seat 5: SantinhoAsso18 folded before Flop (didn't bet)
Seat 6: z00mba (button) folded before Flop (didn't bet)



PokerStars Hand #254477764279:  Hold'em No Limit ($0.50/$1.00 USD) - 2025/01/20 0:34:18 WET [2025/01/20 19:34:18 ET]
Table 'Althaea IV' 6-max Seat #1 is the button
Seat 1: reiyser ($263.38 in chips) 
Seat 2: GuigaMan ($101.34 in chips) 
Seat 3: Joker007r ($102.24 in chips) 
Seat 4: Aleqseuka ($125.76 in chips) 
Seat 5: SantinhoAsso18 ($121.23 in chips) 
Seat 6: z00mba ($108.01 in chips) 
GuigaMan: posts small blind $0.50
Joker007r: posts big blind $1
*** HOLE CARDS ***
Aleqseuka: folds 
SantinhoAsso18: folds 
z00mba: raises $1.50 to $2.50
reiyser: folds 
GuigaMan: raises $8.50 to $11
Joker007r: folds 
z00mba: calls $8.50
*** FLOP *** [Td Qh Jh]
GuigaMan: bets $6.56
z00mba: calls $6.56
*** TURN *** [Td Qh Jh] [7h]
GuigaMan: bets $10.29
z00mba: folds 
Uncalled bet ($10.29) returned to GuigaMan
GuigaMan collected $34.31 from pot
*** SUMMARY ***
Total pot $36.12 | Rake $1.81 
Board [Td Qh Jh 7h]
Seat 1: reiyser (button) folded before Flop (didn't bet)
Seat 2: GuigaMan (small blind) collected ($34.31)
Seat 3: Joker007r (big blind) folded before Flop
Seat 4: Aleqseuka folded before Flop (didn't bet)
Seat 5: SantinhoAsso18 folded before Flop (didn't bet)
Seat 6: z00mba folded on the Turn



PokerStars Hand #254477772337:  Hold'em No Limit ($0.50/$1.00 USD) - 2025/01/20 0:35:00 WET [2025/01/20 19:35:00 ET]
Table 'Althaea IV' 6-max Seat #2 is the button
Seat 1: reiyser ($263.38 in chips) 
Seat 2: GuigaMan ($118.09 in chips) 
Seat 3: Joker007r ($101.24 in chips) 
Seat 4: Aleqseuka ($125.76 in chips) 
Seat 5: SantinhoAsso18 ($121.23 in chips) 
Seat 6: z00mba ($100 in chips) 
Joker007r: posts small blind $0.50
Aleqseuka: posts big blind $1
*** HOLE CARDS ***
SantinhoAsso18: calls $1
z00mba: folds 
reiyser: folds 
GuigaMan: raises $3 to $4
Joker007r: raises $11 to $15
Aleqseuka: folds 
SantinhoAsso18: folds 
GuigaMan: folds 
Uncalled bet ($11) returned to Joker007r
Joker007r collected $10 from pot
Joker007r: doesn't show hand 
*** SUMMARY ***
Total pot $10 | Rake $0 
Seat 1: reiyser folded before Flop (didn't bet)
Seat 2: GuigaMan (button) folded before Flop
Seat 3: Joker007r (small blind) collected ($10)
Seat 4: Aleqseuka (big blind) folded before Flop
Seat 5: SantinhoAsso18 folded before Flop
Seat 6: z00mba folded before Flop (didn't bet)



PokerStars Hand #254477779059:  Hold'em No Limit ($0.50/$1.00 USD) - 2025/01/20 0:35:35 WET [2025/01/20 19:35:35 ET]
Table 'Althaea IV' 6-max Seat #3 is the button
Seat 1: reiyser ($263.38 in chips) 
Seat 2: GuigaMan ($114.09 in chips) 
Seat 3: Joker007r ($107.24 in chips) 
Seat 4: Aleqseuka ($124.76 in chips) 
Seat 5: SantinhoAsso18 ($120.23 in chips) 
Seat 6: z00mba ($100 in chips) 
Aleqseuka: posts small blind $0.50
SantinhoAsso18: posts big blind $1
*** HOLE CARDS ***
z00mba: folds 
reiyser: raises $1.23 to $2.23
GuigaMan: folds 
Joker007r: folds 
Aleqseuka: folds 
SantinhoAsso18: calls $1.23
*** FLOP *** [Ks Kd 2d]
SantinhoAsso18: checks 
reiyser: bets $1.37
SantinhoAsso18: calls $1.37
*** TURN *** [Ks Kd 2d] [3c]
SantinhoAsso18: checks 
reiyser: checks 
*** RIVER *** [Ks Kd 2d 3c] [6h]
SantinhoAsso18: checks 
reiyser: checks 
*** SHOW DOWN ***
SantinhoAsso18: shows [Ad 4s] (a pair of Kings)
reiyser: shows [Tc Ac] (a pair of Kings - Ace+Ten kicker)
reiyser collected $7.32 from pot
*** SUMMARY ***
Total pot $7.70 | Rake $0.38 
Board [Ks Kd 2d 3c 6h]
Seat 1: reiyser showed [Tc Ac] and won ($7.32) with a pair of Kings
Seat 2: GuigaMan folded before Flop (didn't bet)
Seat 3: Joker007r (button) folded before Flop (didn't bet)
Seat 4: Aleqseuka (small blind) folded before Flop
Seat 5: SantinhoAsso18 (big blind) showed [Ad 4s] and lost with a pair of Kings
Seat 6: z00mba folded before Flop (didn't bet)



PokerStars Hand #254477788753:  Hold'em No Limit ($0.50/$1.00 USD) - 2025/01/20 0:36:25 WET [2025/01/20 19:36:25 ET]
Table 'Althaea IV' 6-max Seat #4 is the button
Seat 6: z00mba ($100 in chips) is sitting out
Seat 1: reiyser ($267.10 in chips) 
Seat 2: GuigaMan ($114.09 in chips) 
Seat 3: Joker007r ($107.24 in chips) 
Seat 4: Aleqseuka ($124.26 in chips) 
Seat 5: SantinhoAsso18 ($116.63 in chips) 
SantinhoAsso18: posts small blind $0.50
z00mba: is sitting out 
reiyser: posts big blind $1
*** HOLE CARDS ***
GuigaMan: folds 
Joker007r: folds 
Aleqseuka: raises $1.50 to $2.50
SantinhoAsso18: calls $2
reiyser: folds 
*** FLOP *** [2c 4s Qc]
SantinhoAsso18: checks 
Aleqseuka: checks 
*** TURN *** [2c 4s Qc] [8s]
SantinhoAsso18: bets $2.85
Aleqseuka: calls $2.85
*** RIVER *** [2c 4s Qc 8s] [Td]
SantinhoAsso18: checks 
Aleqseuka: checks 
*** SHOW DOWN ***
SantinhoAsso18: shows [Kd 7d] (high card King)
Aleqseuka: shows [8h Ks] (a pair of Eights)
Aleqseuka collected $11.12 from pot
*** SUMMARY ***
Total pot $11.70 | Rake $0.58 
Board [2c 4s Qc 8s Td]
Seat 6: z00mba
Seat 1: reiyser (big blind) folded before Flop
Seat 2: GuigaMan folded before Flop (didn't bet)
Seat 3: Joker007r folded before Flop (didn't bet)
Seat 4: Aleqseuka (button) showed [8h Ks] and won ($11.12) with a pair of Eights
Seat 5: SantinhoAsso18 (small blind) showed [Kd 7d] and lost with high card King



PokerStars Hand #254477795191:  Hold'em No Limit ($0.50/$1.00 USD) - 2025/01/20 0:36:58 WET [2025/01/20 19:36:58 ET]
Table 'Althaea IV' 6-max Seat #5 is the button
Seat 6: z00mba ($100 in chips) is sitting out
Seat 1: reiyser ($266.10 in chips) 
Seat 2: GuigaMan ($114.09 in chips) 
Seat 3: Joker007r ($107.24 in chips) 
Seat 4: Aleqseuka ($130.03 in chips) 
Seat 5: SantinhoAsso18 ($111.28 in chips) 
reiyser: posts small blind $0.50
GuigaMan: posts big blind $1
*** HOLE CARDS ***
Joker007r: folds 
Aleqseuka: raises $1.50 to $2.50
SantinhoAsso18: calls $2.50
reiyser: folds 
GuigaMan: folds 
*** FLOP *** [Qs 7s 4h]
Aleqseuka: checks 
SantinhoAsso18: checks 
*** TURN *** [Qs 7s 4h] [3s]
Aleqseuka: checks 
SantinhoAsso18: checks 
*** RIVER *** [Qs 7s 4h 3s] [3h]
Aleqseuka: checks 
SantinhoAsso18: checks 
*** SHOW DOWN ***
Aleqseuka: shows [Td Jc] (a pair of Threes)
SantinhoAsso18: shows [8s Ah] (a pair of Threes - Ace kicker)
SantinhoAsso18 collected $6.18 from pot
*** SUMMARY ***
Total pot $6.50 | Rake $0.32 
Board [Qs 7s 4h 3s 3h]
Seat 6: z00mba
Seat 1: reiyser (small blind) folded before Flop
Seat 2: GuigaMan (big blind) folded before Flop
Seat 3: Joker007r folded before Flop (didn't bet)
Seat 4: Aleqseuka showed [Td Jc] and lost with a pair of Threes
Seat 5: SantinhoAsso18 (button) showed [8s Ah] and won ($6.18) with a pair of Threes



PokerStars Hand #254477804299:  Hold'em No Limit ($0.50/$1.00 USD) - 2025/01/20 0:37:45 WET [2025/01/20 19:37:45 ET]
Table 'Althaea IV' 6-max Seat #1 is the button
Seat 6: z00mba ($100 in chips) is sitting out
Seat 1: reiyser ($265.60 in chips) 
Seat 2: GuigaMan ($113.09 in chips) 
Seat 3: Joker007r ($107.24 in chips) 
Seat 4: Aleqseuka ($127.53 in chips) 
Seat 5: SantinhoAsso18 ($114.96 in chips) 
GuigaMan: posts small blind $0.50
Joker007r: posts big blind $1
*** HOLE CARDS ***
Aleqseuka: folds 
SantinhoAsso18: calls $1
reiyser: folds 
GuigaMan: folds 
Joker007r: checks 
*** FLOP *** [Jh 5h Jd]
Joker007r: checks 
SantinhoAsso18: bets $2.38
Joker007r: folds 
Uncalled bet ($2.38) returned to SantinhoAsso18
SantinhoAsso18 collected $2.38 from pot
*** SUMMARY ***
Total pot $2.50 | Rake $0.12 
Board [Jh 5h Jd]
Seat 6: z00mba
Seat 1: reiyser (button) folded before Flop (didn't bet)
Seat 2: GuigaMan (small blind) folded before Flop
Seat 3: Joker007r (big blind) folded on the Flop
Seat 4: Aleqseuka folded before Flop (didn't bet)
Seat 5: SantinhoAsso18 collected ($2.38)



PokerStars Hand #254477810807:  Hold'em No Limit ($0.50/$1.00 USD) - 2025/01/20 0:38:20 WET [2025/01/20 19:38:20 ET]
Table 'Althaea IV' 6-max Seat #2 is the button
Seat 6: z00mba ($100 in chips) is sitting out
Seat 1: reiyser ($265.60 in chips) 
Seat 2: GuigaMan ($112.59 in chips) 
Seat 3: Joker007r ($106.24 in chips) 
Seat 4: Aleqseuka ($127.53 in chips) 
Seat 5: SantinhoAsso18 ($116.34 in chips) 
Joker007r: posts small blind $0.50
Aleqseuka: posts big blind $1
*** HOLE CARDS ***
SantinhoAsso18: calls $1
reiyser: raises $3 to $4
GuigaMan: folds 
Joker007r: folds 
Aleqseuka: folds 
SantinhoAsso18: calls $3
*** FLOP *** [6s 2d 3c]
SantinhoAsso18: checks 
reiyser: bets $2.62
SantinhoAsso18: calls $2.62
*** TURN *** [6s 2d 3c] [8d]
SantinhoAsso18: checks 
reiyser: checks 
*** RIVER *** [6s 2d 3c 8d] [4h]
SantinhoAsso18: bets $14
reiyser: folds 
Uncalled bet ($14) returned to SantinhoAsso18
SantinhoAsso18 collected $14 from pot
*** SUMMARY ***
Total pot $14.74 | Rake $0.74 
Board [6s 2d 3c 8d 4h]
Seat 6: z00mba
Seat 1: reiyser folded on the River
Seat 2: GuigaMan (button) folded before Flop (didn't bet)
Seat 3: Joker007r (small blind) folded before Flop
Seat 4: Aleqseuka (big blind) folded before Flop
Seat 5: SantinhoAsso18 collected ($14)



PokerStars Hand #254477820050:  Hold'em No Limit ($0.50/$1.00 USD) - 2025/01/20 0:39:08 WET [2025/01/20 19:39:08 ET]
Table 'Althaea IV' 6-max Seat #3 is the button
Seat 6: z00mba ($100 in chips) is sitting out
Seat 1: reiyser ($258.98 in chips) 
Seat 2: GuigaMan ($112.59 in chips) 
Seat 3: Joker007r ($105.74 in chips) 
Seat 4: Aleqseuka ($126.53 in chips) 
Seat 5: SantinhoAsso18 ($123.72 in chips) 
Aleqseuka: posts small blind $0.50
SantinhoAsso18: posts big blind $1
*** HOLE CARDS ***
reiyser: folds 
GuigaMan: folds 
Joker007r: raises $2 to $3
Aleqseuka: raises $9 to $12
SantinhoAsso18: folds 
Joker007r: folds 
Uncalled bet ($9) returned to Aleqseuka
Aleqseuka collected $7 from pot
Aleqseuka: doesn't show hand 
*** SUMMARY ***
Total pot $7 | Rake $0 
Seat 6: z00mba
Seat 1: reiyser folded before Flop (didn't bet)
Seat 2: GuigaMan folded before Flop (didn't bet)
Seat 3: Joker007r (button) folded before Flop
Seat 4: Aleqseuka (small blind) collected ($7)
Seat 5: SantinhoAsso18 (big blind) folded before Flop



PokerStars Hand #254477824529:  Hold'em No Limit ($0.50/$1.00 USD) - 2025/01/20 0:39:31 WET [2025/01/20 19:39:31 ET]
Table 'Althaea IV' 6-max Seat #4 is the button
Seat 6: z00mba ($100 in chips) is sitting out
Seat 1: reiyser ($258.98 in chips) 
Seat 2: GuigaMan ($112.59 in chips) 
Seat 3: Joker007r ($102.74 in chips) 
Seat 4: Aleqseuka ($130.53 in chips) 
Seat 5: SantinhoAsso18 ($122.72 in chips) 
SantinhoAsso18: posts small blind $0.50
reiyser: posts big blind $1
*** HOLE CARDS ***
GuigaMan: folds 
Joker007r: folds 
Aleqseuka: folds 
SantinhoAsso18: raises $2 to $3
reiyser: folds 
Uncalled bet ($2) returned to SantinhoAsso18
SantinhoAsso18 collected $2 from pot
*** SUMMARY ***
Total pot $2 | Rake $0 
Seat 6: z00mba
Seat 1: reiyser (big blind) folded before Flop
Seat 2: GuigaMan folded before Flop (didn't bet)
Seat 3: Joker007r folded before Flop (didn't bet)
Seat 4: Aleqseuka (button) folded before Flop (didn't bet)
Seat 5: SantinhoAsso18 (small blind) collected ($2)



PokerStars Hand #254477828151:  Hold'em No Limit ($0.50/$1.00 USD) - 2025/01/20 0:39:50 WET [2025/01/20 19:39:50 ET]
Table 'Althaea IV' 6-max Seat #5 is the button
Seat 6: z00mba ($100 in chips) is sitting out
Seat 1: reiyser ($257.98 in chips) 
Seat 2: GuigaMan ($112.59 in chips) 
Seat 3: Joker007r ($102.74 in chips) 
Seat 4: Aleqseuka ($130.53 in chips) 
Seat 5: SantinhoAsso18 ($123.72 in chips) 
reiyser: posts small blind $0.50
GuigaMan: posts big blind $1
*** HOLE CARDS ***
Joker007r: folds 
Aleqseuka: folds 
SantinhoAsso18: calls $1
reiyser: raises $3 to $4
GuigaMan: calls $3
SantinhoAsso18: raises $14 to $18
reiyser: folds 
GuigaMan: folds 
Uncalled bet ($14) returned to SantinhoAsso18
SantinhoAsso18 collected $12 from pot
*** SUMMARY ***
Total pot $12 | Rake $0 
Seat 6: z00mba
Seat 1: reiyser (small blind) folded before Flop
Seat 2: GuigaMan (big blind) folded before Flop
Seat 3: Joker007r folded before Flop (didn't bet)
Seat 4: Aleqseuka folded before Flop (didn't bet)
Seat 5: SantinhoAsso18 (button) collected ($12)



PokerStars Hand #254477835704:  Hold'em No Limit ($0.50/$1.00 USD) - 2025/01/20 0:40:30 WET [2025/01/20 19:40:30 ET]
Table 'Althaea IV' 6-max Seat #1 is the button
Seat 6: z00mba ($100 in chips) is sitting out
Seat 1: reiyser ($253.98 in chips) 
Seat 2: GuigaMan ($108.59 in chips) 
Seat 3: Joker007r ($102.74 in chips) 
Seat 4: Aleqseuka ($130.53 in chips) 
Seat 5: SantinhoAsso18 ($131.72 in chips) 
GuigaMan: posts small blind $0.50
Joker007r: posts big blind $1
z00mba: sits out 
*** HOLE CARDS ***
Aleqseuka: raises $1.35 to $2.35
SantinhoAsso18: raises $6.20 to $8.55
reiyser: folds 
GuigaMan: folds 
Joker007r: folds 
Aleqseuka: raises $13.45 to $22
SantinhoAsso18: calls $13.45
*** FLOP *** [4c 9s Ts]
Aleqseuka: bets $23.77
SantinhoAsso18: raises $85.95 to $109.72 and is all-in
Aleqseuka: calls $84.76 and is all-in
Uncalled bet ($1.19) returned to SantinhoAsso18
*** TURN *** [4c 9s Ts] [Td]
*** RIVER *** [4c 9s Ts Td] [6c]
*** SHOW DOWN ***
Aleqseuka: shows [Kc Kh] (two pair, Kings and Tens)
SantinhoAsso18: shows [Jh Jd] (two pair, Jacks and Tens)
Aleqseuka collected $260.06 from pot
*** SUMMARY ***
Total pot $262.56 | Rake $2.50 
Board [4c 9s Ts Td 6c]
Seat 6: z00mba
Seat 1: reiyser (button) folded before Flop (didn't bet)
Seat 2: GuigaMan (small blind) folded before Flop
Seat 3: Joker007r (big blind) folded before Flop
Seat 4: Aleqseuka showed [Kc Kh] and won ($260.06) with two pair, Kings and Tens
Seat 5: SantinhoAsso18 showed [Jh Jd] and lost with two pair, Jacks and Tens



PokerStars Hand #254477846652:  Hold'em No Limit ($0.50/$1.00 USD) - 2025/01/20 0:41:27 WET [2025/01/20 19:41:27 ET]
Table 'Althaea IV' 6-max Seat #2 is the button
Seat 6: z00mba ($100 in chips) is sitting out
Seat 1: reiyser ($253.98 in chips) 
Seat 2: GuigaMan ($108.09 in chips) 
Seat 3: Joker007r ($101.74 in chips) 
Seat 4: Aleqseuka ($260.06 in chips) 
Seat 5: SantinhoAsso18 ($1.19 in chips) 
Joker007r: posts small blind $0.50
Aleqseuka: posts big blind $1
z00mba: sits out 
*** HOLE CARDS ***
SantinhoAsso18: folds 
reiyser: folds 
GuigaMan: folds 
SantinhoAsso18 leaves the table
MaRKiToScoK joins the table at seat #5 
Joker007r: raises $2 to $3
Aleqseuka: folds 
Uncalled bet ($2) returned to Joker007r
MaRKiToScoK leaves the table
Joker007r collected $2 from pot
Joker007r: doesn't show hand 
*** SUMMARY ***
Total pot $2 | Rake $0 
Seat 6: z00mba
Seat 1: reiyser folded before Flop (didn't bet)
Seat 2: GuigaMan (button) folded before Flop (didn't bet)
Seat 3: Joker007r (small blind) collected ($2)
Seat 4: Aleqseuka (big blind) folded before Flop
Seat 5: SantinhoAsso18 folded before Flop (didn't bet)



PokerStars Hand #254477850126:  Hold'em No Limit ($0.50/$1.00 USD) - 2025/01/20 0:41:46 WET [2025/01/20 19:41:46 ET]
Table 'Althaea IV' 6-max Seat #3 is the button
Seat 6: z00mba ($100 in chips) is sitting out
Seat 1: reiyser ($253.98 in chips) 
Seat 2: GuigaMan ($108.09 in chips) 
Seat 3: Joker007r ($102.74 in chips) 
Seat 4: Aleqseuka ($259.06 in chips) 
Aleqseuka: posts small blind $0.50
z00mba: is sitting out 
reiyser: posts big blind $1
*** HOLE CARDS ***
GuigaMan: folds 
Joker007r: folds 
Aleqseuka: folds 
Uncalled bet ($0.50) returned to reiyser
reiyser collected $1 from pot
reiyser: doesn't show hand 
*** SUMMARY ***
Total pot $1 | Rake $0 
Seat 6: z00mba
Seat 1: reiyser (big blind) collected ($1)
Seat 2: GuigaMan folded before Flop (didn't bet)
Seat 3: Joker007r (button) folded before Flop (didn't bet)
Seat 4: Aleqseuka (small blind) folded before Flop



PokerStars Hand #254477851592:  Hold'em No Limit ($0.50/$1.00 USD) - 2025/01/20 0:41:54 WET [2025/01/20 19:41:54 ET]
Table 'Althaea IV' 6-max Seat #4 is the button
Seat 6: z00mba ($100 in chips) is sitting out
Seat 1: reiyser ($254.48 in chips) 
Seat 2: GuigaMan ($108.09 in chips) 
Seat 3: Joker007r ($102.74 in chips) 
Seat 4: Aleqseuka ($258.56 in chips) 
reiyser: posts small blind $0.50
GuigaMan: posts big blind $1
*** HOLE CARDS ***
Joker007r: folds 
Aleqseuka: raises $1.50 to $2.50
reiyser: raises $9.50 to $12
GuigaMan: raises $12 to $24
Aleqseuka: folds 
reiyser: folds 
Uncalled bet ($12) returned to GuigaMan
GuigaMan collected $26.50 from pot
*** SUMMARY ***
Total pot $26.50 | Rake $0 
Seat 6: z00mba
Seat 1: reiyser (small blind) folded before Flop
Seat 2: GuigaMan (big blind) collected ($26.50)
Seat 3: Joker007r folded before Flop (didn't bet)
Seat 4: Aleqseuka (button) folded before Flop



PokerStars Hand #254477860075:  Hold'em No Limit ($0.50/$1.00 USD) - 2025/01/20 0:42:39 WET [2025/01/20 19:42:39 ET]
Table 'Althaea IV' 6-max Seat #1 is the button
Seat 3: Joker007r ($102.74 in chips) is sitting out
Seat 4: Aleqseuka ($256.06 in chips) is sitting out
Seat 1: reiyser ($242.48 in chips) 
Seat 2: GuigaMan ($122.59 in chips) 
Seat 6: z00mba ($100 in chips) 
GuigaMan: posts small blind $0.50
Joker007r: is sitting out 
Aleqseuka: is sitting out 
z00mba: posts big blind $1
*** HOLE CARDS ***
Joker007r leaves the table
reiyser: raises $1.23 to $2.23
GuigaMan: folds 
z00mba: folds 
Uncalled bet ($1.23) returned to reiyser
reiyser collected $2.50 from pot
reiyser: doesn't show hand 
*** SUMMARY ***
Total pot $2.50 | Rake $0 
Seat 3: Joker007r
Seat 4: Aleqseuka
Seat 1: reiyser (button) collected ($2.50)
Seat 2: GuigaMan (small blind) folded before Flop
Seat 6: z00mba (big blind) folded before Flop



PokerStars Hand #254477862715:  Hold'em No Limit ($0.50/$1.00 USD) - 2025/01/20 0:42:53 WET [2025/01/20 19:42:53 ET]
Table 'Althaea IV' 6-max Seat #2 is the button
Seat 4: Aleqseuka ($256.06 in chips) is sitting out
Seat 1: reiyser ($243.98 in chips) 
Seat 2: GuigaMan ($122.09 in chips) 
Seat 6: z00mba ($100 in chips) 
z00mba: posts small blind $0.50
reiyser: posts big blind $1
*** HOLE CARDS ***
GuigaMan: raises $1.10 to $2.10
z00mba: folds 
reiyser: folds 
Uncalled bet ($1.10) returned to GuigaMan
GuigaMan collected $2.50 from pot
Aleqseuka leaves the table
*** SUMMARY ***
Total pot $2.50 | Rake $0 
Seat 4: Aleqseuka
Seat 1: reiyser (big blind) folded before Flop
Seat 2: GuigaMan (button) collected ($2.50)
Seat 6: z00mba (small blind) folded before Flop



PokerStars Hand #254477865867:  Hold'em No Limit ($0.50/$1.00 USD) - 2025/01/20 0:43:10 WET [2025/01/20 19:43:10 ET]
Table 'Althaea IV' 6-max Seat #6 is the button
Seat 1: reiyser ($242.98 in chips) 
Seat 2: GuigaMan ($123.59 in chips) 
Seat 6: z00mba ($100 in chips) 
reiyser: posts small blind $0.50
GuigaMan: posts big blind $1
*** HOLE CARDS ***
z00mba: raises $1.50 to $2.50
reiyser: folds 
GuigaMan: folds 
Uncalled bet ($1.50) returned to z00mba
z00mba collected $2.50 from pot
z00mba: doesn't show hand 
*** SUMMARY ***
Total pot $2.50 | Rake $0 
Seat 1: reiyser (small blind) folded before Flop
Seat 2: GuigaMan (big blind) folded before Flop
Seat 6: z00mba (button) collected ($2.50)



