PokerStars Hand #254478283724:  Hold'em No Limit ($0.50/$1.00 USD) - 2025/01/20 1:23:39 WET [2025/01/20 20:23:39 ET]
Table 'Calypso III' 6-max Seat #5 is the button
Seat 1: Xenicide ($102.28 in chips) 
Seat 2: jackee38 ($11.80 in chips) 
Seat 3: nastja336 ($104.27 in chips) 
Seat 4: steepfell ($100 in chips) 
Seat 5: Consig|iori ($100 in chips) 
Seat 6: ImaPeppaPig ($100 in chips) 
ImaPeppaPig: posts small blind $0.50
Xenicide: posts big blind $1
*** HOLE CARDS ***
jackee38: calls $1
nastja336: folds 
steepfell: folds 
Consig|iori: folds 
ImaPeppaPig: folds 
Xenicide: checks 
*** FLOP *** [7h 6d Ad]
Xenicide: bets $1.31
jackee38: raises $1.31 to $2.62
Xenicide: raises $98.66 to $101.28 and is all-in
jackee38: calls $8.18 and is all-in
Uncalled bet ($90.48) returned to Xenicide
*** TURN *** [7h 6d Ad] [9h]
*** RIVER *** [7h 6d Ad 9h] [3s]
*** SHOW DOWN ***
Xenicide: shows [9d 2d] (a pair of Nines)
jackee38: shows [6s Ac] (two pair, Aces and Sixes)
jackee38 cashed out the hand for $14.59 | Cash Out Fee $0.30
*** SUMMARY ***
Total pot $24.10 | Rake $1.20 
Board [7h 6d Ad 9h 3s]
Seat 1: Xenicide (big blind) showed [9d 2d] and lost with a pair of Nines
Seat 2: jackee38 showed [6s Ac] and won ($22.90) with two pair, Aces and Sixes (pot not awarded as player cashed out)
Seat 3: nastja336 folded before Flop (didn't bet)
Seat 4: steepfell folded before Flop (didn't bet)
Seat 5: Consig|iori (button) folded before Flop (didn't bet)
Seat 6: ImaPeppaPig (small blind) folded before Flop



PokerStars Hand #254478292722:  Hold'em No Limit ($0.50/$1.00 USD) - 2025/01/20 1:24:32 WET [2025/01/20 20:24:32 ET]
Table 'Calypso III' 6-max Seat #6 is the button
Seat 1: Xenicide ($100 in chips) 
Seat 2: jackee38 ($14.59 in chips) 
Seat 3: nastja336 ($104.27 in chips) 
Seat 4: steepfell ($100 in chips) 
Seat 5: Consig|iori ($100 in chips) 
Seat 6: ImaPeppaPig ($100 in chips) 
Xenicide: posts small blind $0.50
jackee38: posts big blind $1
*** HOLE CARDS ***
nastja336: folds 
steepfell: folds 
Consig|iori: folds 
ImaPeppaPig: raises $1.50 to $2.50
Xenicide: folds 
jackee38: calls $1.50
*** FLOP *** [Qd 7s 6d]
jackee38: bets $3
ImaPeppaPig: raises $6 to $9
jackee38: calls $6
*** TURN *** [Qd 7s 6d] [Ks]
jackee38: checks 
ImaPeppaPig: bets $3
jackee38: calls $3
*** RIVER *** [Qd 7s 6d Ks] [2s]
jackee38: checks 
ImaPeppaPig: checks 
*** SHOW DOWN ***
jackee38: shows [Ts Qc] (a pair of Queens)
ImaPeppaPig: mucks hand 
jackee38 collected $28.02 from pot
*** SUMMARY ***
Total pot $29.50 | Rake $1.48 
Board [Qd 7s 6d Ks 2s]
Seat 1: Xenicide (small blind) folded before Flop
Seat 2: jackee38 (big blind) showed [Ts Qc] and won ($28.02) with a pair of Queens
Seat 3: nastja336 folded before Flop (didn't bet)
Seat 4: steepfell folded before Flop (didn't bet)
Seat 5: Consig|iori folded before Flop (didn't bet)
Seat 6: ImaPeppaPig (button) mucked



PokerStars Hand #254478302268:  Hold'em No Limit ($0.50/$1.00 USD) - 2025/01/20 1:25:28 WET [2025/01/20 20:25:28 ET]
Table 'Calypso III' 6-max Seat #1 is the button
Seat 1: Xenicide ($100 in chips) 
Seat 2: jackee38 ($28.11 in chips) 
Seat 3: nastja336 ($104.27 in chips) 
Seat 4: steepfell ($100 in chips) 
Seat 5: Consig|iori ($100 in chips) 
Seat 6: ImaPeppaPig ($100 in chips) 
jackee38: posts small blind $0.50
nastja336: posts big blind $1
*** HOLE CARDS ***
steepfell: raises $1.50 to $2.50
Consig|iori: folds 
ImaPeppaPig: folds 
Xenicide: folds 
jackee38: calls $2
nastja336: calls $1.50
*** FLOP *** [6d Th 3d]
jackee38: checks 
nastja336: checks 
steepfell: checks 
*** TURN *** [6d Th 3d] [2h]
jackee38: checks 
nastja336: bets $3.56
steepfell: calls $3.56
jackee38: folds 
*** RIVER *** [6d Th 3d 2h] [Qs]
nastja336: bets $10.20
steepfell: folds 
Uncalled bet ($10.20) returned to nastja336
nastja336 collected $13.89 from pot
nastja336: doesn't show hand 
*** SUMMARY ***
Total pot $14.62 | Rake $0.73 
Board [6d Th 3d 2h Qs]
Seat 1: Xenicide (button) folded before Flop (didn't bet)
Seat 2: jackee38 (small blind) folded on the Turn
Seat 3: nastja336 (big blind) collected ($13.89)
Seat 4: steepfell folded on the River
Seat 5: Consig|iori folded before Flop (didn't bet)
Seat 6: ImaPeppaPig folded before Flop (didn't bet)



PokerStars Hand #254478315209:  Hold'em No Limit ($0.50/$1.00 USD) - 2025/01/20 1:26:43 WET [2025/01/20 20:26:43 ET]
Table 'Calypso III' 6-max Seat #2 is the button
Seat 1: Xenicide ($100 in chips) 
Seat 2: jackee38 ($25.61 in chips) 
Seat 3: nastja336 ($112.10 in chips) 
Seat 4: steepfell ($100 in chips) 
Seat 5: Consig|iori ($100 in chips) 
Seat 6: ImaPeppaPig ($100 in chips) 
nastja336: posts small blind $0.50
steepfell: posts big blind $1
*** HOLE CARDS ***
Consig|iori: folds 
ImaPeppaPig: folds 
Xenicide: folds 
jackee38: calls $1
nastja336: raises $3 to $4
steepfell: folds 
jackee38: calls $3
*** FLOP *** [9c Jh 9d]
nastja336: bets $4.28
jackee38: folds 
Uncalled bet ($4.28) returned to nastja336
nastja336 collected $8.55 from pot
nastja336: doesn't show hand 
*** SUMMARY ***
Total pot $9 | Rake $0.45 
Board [9c Jh 9d]
Seat 1: Xenicide folded before Flop (didn't bet)
Seat 2: jackee38 (button) folded on the Flop
Seat 3: nastja336 (small blind) collected ($8.55)
Seat 4: steepfell (big blind) folded before Flop
Seat 5: Consig|iori folded before Flop (didn't bet)
Seat 6: ImaPeppaPig folded before Flop (didn't bet)



PokerStars Hand #254478319667:  Hold'em No Limit ($0.50/$1.00 USD) - 2025/01/20 1:27:09 WET [2025/01/20 20:27:09 ET]
Table 'Calypso III' 6-max Seat #3 is the button
Seat 5: Consig|iori ($100 in chips) is sitting out
Seat 1: Xenicide ($100 in chips) 
Seat 2: jackee38 ($21.61 in chips) 
Seat 3: nastja336 ($116.65 in chips) 
Seat 4: steepfell ($100 in chips) 
Seat 6: ImaPeppaPig ($100 in chips) 
steepfell: posts small blind $0.50
Consig|iori: is sitting out 
ImaPeppaPig: posts big blind $1
*** HOLE CARDS ***
Consig|iori leaves the table
Xenicide: raises $1 to $2
jackee38: folds 
BumHuntKing joins the table at seat #5 
nastja336: folds 
steepfell: folds 
ImaPeppaPig: folds 
Uncalled bet ($1) returned to Xenicide
Xenicide collected $2.50 from pot
*** SUMMARY ***
Total pot $2.50 | Rake $0 
Seat 5: Consig|iori
Seat 1: Xenicide collected ($2.50)
Seat 2: jackee38 folded before Flop (didn't bet)
Seat 3: nastja336 (button) folded before Flop (didn't bet)
Seat 4: steepfell (small blind) folded before Flop
Seat 6: ImaPeppaPig (big blind) folded before Flop



PokerStars Hand #254478324437:  Hold'em No Limit ($0.50/$1.00 USD) - 2025/01/20 1:27:36 WET [2025/01/20 20:27:36 ET]
Table 'Calypso III' 6-max Seat #4 is the button
Seat 5: BumHuntKing ($100 in chips) is sitting out
Seat 1: Xenicide ($101.50 in chips) 
Seat 2: jackee38 ($21.61 in chips) 
Seat 3: nastja336 ($116.65 in chips) 
Seat 4: steepfell ($100 in chips) 
Seat 6: ImaPeppaPig ($100 in chips) 
ImaPeppaPig: posts small blind $0.50
Xenicide: posts big blind $1
*** HOLE CARDS ***
jackee38: folds 
nastja336: folds 
steepfell: raises $1.50 to $2.50
ImaPeppaPig: folds 
Xenicide: folds 
Uncalled bet ($1.50) returned to steepfell
steepfell collected $2.50 from pot
steepfell: doesn't show hand 
*** SUMMARY ***
Total pot $2.50 | Rake $0 
Seat 5: BumHuntKing
Seat 1: Xenicide (big blind) folded before Flop
Seat 2: jackee38 folded before Flop (didn't bet)
Seat 3: nastja336 folded before Flop (didn't bet)
Seat 4: steepfell (button) collected ($2.50)
Seat 6: ImaPeppaPig (small blind) folded before Flop



PokerStars Hand #254478327663:  Hold'em No Limit ($0.50/$1.00 USD) - 2025/01/20 1:27:55 WET [2025/01/20 20:27:55 ET]
Table 'Calypso III' 6-max Seat #6 is the button
Seat 5: BumHuntKing ($100 in chips) is sitting out
Seat 1: Xenicide ($100.50 in chips) 
Seat 2: jackee38 ($21.61 in chips) 
Seat 3: nastja336 ($116.65 in chips) 
Seat 4: steepfell ($101.50 in chips) 
Seat 6: ImaPeppaPig ($100 in chips) 
Xenicide: posts small blind $0.50
jackee38: posts big blind $1
BumHuntKing: sits out 
*** HOLE CARDS ***
nastja336: folds 
steepfell: raises $1.50 to $2.50
ImaPeppaPig: folds 
Xenicide: raises $7 to $9.50
jackee38: calls $8.50
steepfell: raises $92 to $101.50 and is all-in
Xenicide: folds 
jackee38: calls $12.11 and is all-in
Uncalled bet ($79.89) returned to steepfell
*** FLOP *** [9d 3c Ac]
*** TURN *** [9d 3c Ac] [4c]
*** RIVER *** [9d 3c Ac 4c] [2s]
*** SHOW DOWN ***
jackee38: shows [Jc Kh] (high card Ace)
steepfell: shows [Kc As] (a pair of Aces)
steepfell collected $50.22 from pot
jackee38 cashed out the hand for $12.52 | Cash Out Fee $0.26
*** SUMMARY ***
Total pot $52.72 | Rake $2.50 
Board [9d 3c Ac 4c 2s]
Seat 5: BumHuntKing
Seat 1: Xenicide (small blind) folded before Flop
Seat 2: jackee38 (big blind) showed [Jc Kh] and lost with high card Ace (cashed out).
Seat 3: nastja336 folded before Flop (didn't bet)
Seat 4: steepfell showed [Kc As] and won ($50.22) with a pair of Aces
Seat 6: ImaPeppaPig (button) folded before Flop (didn't bet)



PokerStars Hand #254478339602:  Hold'em No Limit ($0.50/$1.00 USD) - 2025/01/20 1:29:03 WET [2025/01/20 20:29:03 ET]
Table 'Calypso III' 6-max Seat #1 is the button
Seat 5: BumHuntKing ($100 in chips) is sitting out
Seat 1: Xenicide ($100 in chips) 
Seat 2: jackee38 ($12.52 in chips) 
Seat 3: nastja336 ($116.65 in chips) 
Seat 4: steepfell ($130.11 in chips) 
Seat 6: ImaPeppaPig ($100 in chips) 
jackee38: posts small blind $0.50
nastja336: posts big blind $1
BumHuntKing: sits out 
*** HOLE CARDS ***
steepfell: folds 
ImaPeppaPig: raises $1.50 to $2.50
Xenicide: folds 
jackee38: raises $1.50 to $4
nastja336: folds 
ImaPeppaPig: calls $1.50
*** FLOP *** [Js 8s Qd]
jackee38: bets $8.52 and is all-in
ImaPeppaPig: calls $8.52
*** TURN *** [Js 8s Qd] [Ks]
*** RIVER *** [Js 8s Qd Ks] [5d]
*** SHOW DOWN ***
jackee38: shows [Tc Ah] (a straight, Ten to Ace)
ImaPeppaPig: shows [5c Qc] (two pair, Queens and Fives)
jackee38 cashed out the hand for $10.07 | Cash Out Fee $0.21
*** SUMMARY ***
Total pot $26.04 | Rake $1.30 
Board [Js 8s Qd Ks 5d]
Seat 5: BumHuntKing
Seat 1: Xenicide (button) folded before Flop (didn't bet)
Seat 2: jackee38 (small blind) showed [Tc Ah] and won ($24.74) with a straight, Ten to Ace (pot not awarded as player cashed out)
Seat 3: nastja336 (big blind) folded before Flop
Seat 4: steepfell folded before Flop (didn't bet)
Seat 6: ImaPeppaPig showed [5c Qc] and lost with two pair, Queens and Fives



PokerStars Hand #254478346958:  Hold'em No Limit ($0.50/$1.00 USD) - 2025/01/20 1:29:45 WET [2025/01/20 20:29:45 ET]
Table 'Calypso III' 6-max Seat #2 is the button
Seat 5: BumHuntKing ($100 in chips) is sitting out
Seat 1: Xenicide ($100 in chips) 
Seat 2: jackee38 ($10.07 in chips) 
Seat 3: nastja336 ($115.65 in chips) 
Seat 4: steepfell ($130.11 in chips) 
Seat 6: ImaPeppaPig ($100 in chips) 
nastja336: posts small blind $0.50
steepfell: posts big blind $1
BumHuntKing: sits out 
*** HOLE CARDS ***
ImaPeppaPig: folds 
Xenicide: folds 
jackee38: folds 
nastja336: folds 
Uncalled bet ($0.50) returned to steepfell
steepfell collected $1 from pot
steepfell: doesn't show hand 
*** SUMMARY ***
Total pot $1 | Rake $0 
Seat 5: BumHuntKing
Seat 1: Xenicide folded before Flop (didn't bet)
Seat 2: jackee38 (button) folded before Flop (didn't bet)
Seat 3: nastja336 (small blind) folded before Flop
Seat 4: steepfell (big blind) collected ($1)
Seat 6: ImaPeppaPig folded before Flop (didn't bet)



PokerStars Hand #254478349829:  Hold'em No Limit ($0.50/$1.00 USD) - 2025/01/20 1:30:02 WET [2025/01/20 20:30:02 ET]
Table 'Calypso III' 6-max Seat #3 is the button
Seat 1: Xenicide ($100 in chips) 
Seat 2: jackee38 ($10.07 in chips) 
Seat 3: nastja336 ($115.15 in chips) 
Seat 4: steepfell ($130.61 in chips) 
Seat 5: BumHuntKing ($100 in chips) 
Seat 6: ImaPeppaPig ($100 in chips) 
steepfell: posts small blind $0.50
BumHuntKing: posts big blind $1
*** HOLE CARDS ***
ImaPeppaPig: folds 
Xenicide: folds 
jackee38: raises $1 to $2
nastja336: folds 
steepfell: folds 
BumHuntKing: folds 
Uncalled bet ($1) returned to jackee38
jackee38 collected $2.50 from pot
*** SUMMARY ***
Total pot $2.50 | Rake $0 
Seat 1: Xenicide folded before Flop (didn't bet)
Seat 2: jackee38 collected ($2.50)
Seat 3: nastja336 (button) folded before Flop (didn't bet)
Seat 4: steepfell (small blind) folded before Flop
Seat 5: BumHuntKing (big blind) folded before Flop
Seat 6: ImaPeppaPig folded before Flop (didn't bet)



PokerStars Hand #254478352190:  Hold'em No Limit ($0.50/$1.00 USD) - 2025/01/20 1:30:15 WET [2025/01/20 20:30:15 ET]
Table 'Calypso III' 6-max Seat #4 is the button
Seat 1: Xenicide ($100 in chips) 
Seat 2: jackee38 ($11.57 in chips) 
Seat 3: nastja336 ($115.15 in chips) 
Seat 4: steepfell ($130.11 in chips) 
Seat 5: BumHuntKing ($100 in chips) 
Seat 6: ImaPeppaPig ($100 in chips) 
BumHuntKing: posts small blind $0.50
ImaPeppaPig: posts big blind $1
*** HOLE CARDS ***
Xenicide: raises $1 to $2
jackee38: folds 
nastja336: folds 
steepfell: raises $6 to $8
BumHuntKing: folds 
ImaPeppaPig: folds 
Xenicide: raises $12 to $20
steepfell: raises $110.11 to $130.11 and is all-in
Xenicide: folds 
Uncalled bet ($110.11) returned to steepfell
steepfell collected $41.50 from pot
steepfell: doesn't show hand 
*** SUMMARY ***
Total pot $41.50 | Rake $0 
Seat 1: Xenicide folded before Flop
Seat 2: jackee38 folded before Flop (didn't bet)
Seat 3: nastja336 folded before Flop (didn't bet)
Seat 4: steepfell (button) collected ($41.50)
Seat 5: BumHuntKing (small blind) folded before Flop
Seat 6: ImaPeppaPig (big blind) folded before Flop



PokerStars Hand #254478363006:  Hold'em No Limit ($0.50/$1.00 USD) - 2025/01/20 1:31:17 WET [2025/01/20 20:31:17 ET]
Table 'Calypso III' 6-max Seat #5 is the button
Seat 1: Xenicide ($100 in chips) 
Seat 2: jackee38 ($11.57 in chips) 
Seat 3: nastja336 ($115.15 in chips) 
Seat 4: steepfell ($151.61 in chips) 
Seat 5: BumHuntKing ($100 in chips) 
Seat 6: ImaPeppaPig ($100 in chips) 
ImaPeppaPig: posts small blind $0.50
Xenicide: posts big blind $1
*** HOLE CARDS ***
jackee38: folds 
nastja336: folds 
steepfell: folds 
BumHuntKing: raises $1.50 to $2.50
ImaPeppaPig: folds 
Xenicide: folds 
Uncalled bet ($1.50) returned to BumHuntKing
BumHuntKing collected $2.50 from pot
BumHuntKing: doesn't show hand 
*** SUMMARY ***
Total pot $2.50 | Rake $0 
Seat 1: Xenicide (big blind) folded before Flop
Seat 2: jackee38 folded before Flop (didn't bet)
Seat 3: nastja336 folded before Flop (didn't bet)
Seat 4: steepfell folded before Flop (didn't bet)
Seat 5: BumHuntKing (button) collected ($2.50)
Seat 6: ImaPeppaPig (small blind) folded before Flop



PokerStars Hand #254478367325:  Hold'em No Limit ($0.50/$1.00 USD) - 2025/01/20 1:31:42 WET [2025/01/20 20:31:42 ET]
Table 'Calypso III' 6-max Seat #6 is the button
Seat 1: Xenicide ($100 in chips) 
Seat 2: jackee38 ($11.57 in chips) 
Seat 3: nastja336 ($115.15 in chips) 
Seat 4: steepfell ($151.61 in chips) 
Seat 5: BumHuntKing ($101.50 in chips) 
Seat 6: ImaPeppaPig ($100 in chips) 
Xenicide: posts small blind $0.50
jackee38: posts big blind $1
*** HOLE CARDS ***
nastja336: raises $1.50 to $2.50
steepfell: folds 
BumHuntKing: folds 
ImaPeppaPig: raises $5.50 to $8
Xenicide: folds 
jackee38: raises $3.57 to $11.57 and is all-in
nastja336: folds 
ImaPeppaPig: calls $3.57
*** FLOP *** [3c 9s 4c]
*** TURN *** [3c 9s 4c] [7h]
*** RIVER *** [3c 9s 4c 7h] [3s]
*** SHOW DOWN ***
jackee38: shows [Ac Qs] (a pair of Threes)
ImaPeppaPig: shows [Qc Kc] (a pair of Threes - lower kicker)
jackee38 collected $24.83 from pot
*** SUMMARY ***
Total pot $26.14 | Rake $1.31 
Board [3c 9s 4c 7h 3s]
Seat 1: Xenicide (small blind) folded before Flop
Seat 2: jackee38 (big blind) showed [Ac Qs] and won ($24.83) with a pair of Threes
Seat 3: nastja336 folded before Flop
Seat 4: steepfell folded before Flop (didn't bet)
Seat 5: BumHuntKing folded before Flop (didn't bet)
Seat 6: ImaPeppaPig (button) showed [Qc Kc] and lost with a pair of Threes



PokerStars Hand #254478372520:  Hold'em No Limit ($0.50/$1.00 USD) - 2025/01/20 1:32:13 WET [2025/01/20 20:32:13 ET]
Table 'Calypso III' 6-max Seat #1 is the button
Seat 1: Xenicide ($100 in chips) 
Seat 2: jackee38 ($24.83 in chips) 
Seat 3: nastja336 ($112.65 in chips) 
Seat 4: steepfell ($151.61 in chips) 
Seat 5: BumHuntKing ($101.50 in chips) 
Seat 6: ImaPeppaPig ($100 in chips) 
jackee38: posts small blind $0.50
nastja336: posts big blind $1
*** HOLE CARDS ***
steepfell: raises $1.50 to $2.50
BumHuntKing: folds 
ImaPeppaPig: folds 
Xenicide: folds 
jackee38: folds 
nastja336: folds 
Uncalled bet ($1.50) returned to steepfell
steepfell collected $2.50 from pot
steepfell: doesn't show hand 
*** SUMMARY ***
Total pot $2.50 | Rake $0 
Seat 1: Xenicide (button) folded before Flop (didn't bet)
Seat 2: jackee38 (small blind) folded before Flop
Seat 3: nastja336 (big blind) folded before Flop
Seat 4: steepfell collected ($2.50)
Seat 5: BumHuntKing folded before Flop (didn't bet)
Seat 6: ImaPeppaPig folded before Flop (didn't bet)



PokerStars Hand #254478376954:  Hold'em No Limit ($0.50/$1.00 USD) - 2025/01/20 1:32:39 WET [2025/01/20 20:32:39 ET]
Table 'Calypso III' 6-max Seat #2 is the button
Seat 1: Xenicide ($100 in chips) 
Seat 2: jackee38 ($24.33 in chips) 
Seat 3: nastja336 ($111.65 in chips) 
Seat 4: steepfell ($153.11 in chips) 
Seat 5: BumHuntKing ($101.50 in chips) 
Seat 6: ImaPeppaPig ($100 in chips) 
nastja336: posts small blind $0.50
steepfell: posts big blind $1
*** HOLE CARDS ***
BumHuntKing: folds 
ImaPeppaPig: folds 
Xenicide: raises $1 to $2
jackee38: folds 
nastja336: folds 
steepfell: calls $1
*** FLOP *** [2c 2d 7d]
steepfell: checks 
Xenicide: bets $1.07
steepfell: folds 
Uncalled bet ($1.07) returned to Xenicide
Xenicide collected $4.28 from pot
*** SUMMARY ***
Total pot $4.50 | Rake $0.22 
Board [2c 2d 7d]
Seat 1: Xenicide collected ($4.28)
Seat 2: jackee38 (button) folded before Flop (didn't bet)
Seat 3: nastja336 (small blind) folded before Flop
Seat 4: steepfell (big blind) folded on the Flop
Seat 5: BumHuntKing folded before Flop (didn't bet)
Seat 6: ImaPeppaPig folded before Flop (didn't bet)



PokerStars Hand #254478382626:  Hold'em No Limit ($0.50/$1.00 USD) - 2025/01/20 1:33:12 WET [2025/01/20 20:33:12 ET]
Table 'Calypso III' 6-max Seat #3 is the button
Seat 1: Xenicide ($102.28 in chips) 
Seat 2: jackee38 ($24.33 in chips) 
Seat 3: nastja336 ($111.15 in chips) 
Seat 4: steepfell ($151.11 in chips) 
Seat 5: BumHuntKing ($101.50 in chips) 
Seat 6: ImaPeppaPig ($100 in chips) 
steepfell: posts small blind $0.50
BumHuntKing: posts big blind $1
*** HOLE CARDS ***
ImaPeppaPig: folds 
Xenicide: folds 
jackee38: raises $1 to $2
nastja336: folds 
steepfell: folds 
BumHuntKing: folds 
Uncalled bet ($1) returned to jackee38
BumHuntKing leaves the table
jackee38 collected $2.50 from pot
Joker007r joins the table at seat #5 
*** SUMMARY ***
Total pot $2.50 | Rake $0 
Seat 1: Xenicide folded before Flop (didn't bet)
Seat 2: jackee38 collected ($2.50)
Seat 3: nastja336 (button) folded before Flop (didn't bet)
Seat 4: steepfell (small blind) folded before Flop
Seat 5: BumHuntKing (big blind) folded before Flop
Seat 6: ImaPeppaPig folded before Flop (didn't bet)



PokerStars Hand #254478388736:  Hold'em No Limit ($0.50/$1.00 USD) - 2025/01/20 1:33:47 WET [2025/01/20 20:33:47 ET]
Table 'Calypso III' 6-max Seat #4 is the button
Seat 5: Joker007r ($100 in chips) is sitting out
Seat 1: Xenicide ($102.28 in chips) 
Seat 2: jackee38 ($25.83 in chips) 
Seat 3: nastja336 ($111.15 in chips) 
Seat 4: steepfell ($150.61 in chips) 
Seat 6: ImaPeppaPig ($100 in chips) 
ImaPeppaPig: posts small blind $0.50
Xenicide: posts big blind $1
*** HOLE CARDS ***
jackee38: calls $1
nastja336: raises $3 to $4
steepfell: folds 
ImaPeppaPig: folds 
Xenicide: raises $8.50 to $12.50
jackee38: folds 
nastja336: folds 
Uncalled bet ($8.50) returned to Xenicide
Xenicide collected $9.50 from pot
*** SUMMARY ***
Total pot $9.50 | Rake $0 
Seat 5: Joker007r
Seat 1: Xenicide (big blind) collected ($9.50)
Seat 2: jackee38 folded before Flop
Seat 3: nastja336 folded before Flop
Seat 4: steepfell (button) folded before Flop (didn't bet)
Seat 6: ImaPeppaPig (small blind) folded before Flop



PokerStars Hand #254478395422:  Hold'em No Limit ($0.50/$1.00 USD) - 2025/01/20 1:34:25 WET [2025/01/20 20:34:25 ET]
Table 'Calypso III' 6-max Seat #6 is the button
Seat 5: Joker007r ($100 in chips) is sitting out
Seat 1: Xenicide ($107.78 in chips) 
Seat 2: jackee38 ($24.83 in chips) 
Seat 3: nastja336 ($107.15 in chips) 
Seat 4: steepfell ($150.61 in chips) 
Seat 6: ImaPeppaPig ($100 in chips) 
Xenicide: posts small blind $0.50
jackee38: posts big blind $1
Joker007r: sits out 
*** HOLE CARDS ***
nastja336: raises $1.50 to $2.50
steepfell: folds 
ImaPeppaPig: folds 
Xenicide: folds 
jackee38: calls $1.50
*** FLOP *** [4d Ks 8s]
jackee38: checks 
nastja336: checks 
*** TURN *** [4d Ks 8s] [2c]
jackee38: checks 
nastja336: checks 
*** RIVER *** [4d Ks 8s 2c] [3s]
jackee38: checks 
nastja336: bets $1.72
jackee38: folds 
Uncalled bet ($1.72) returned to nastja336
nastja336 collected $5.22 from pot
nastja336: doesn't show hand 
*** SUMMARY ***
Total pot $5.50 | Rake $0.28 
Board [4d Ks 8s 2c 3s]
Seat 5: Joker007r
Seat 1: Xenicide (small blind) folded before Flop
Seat 2: jackee38 (big blind) folded on the River
Seat 3: nastja336 collected ($5.22)
Seat 4: steepfell folded before Flop (didn't bet)
Seat 6: ImaPeppaPig (button) folded before Flop (didn't bet)



PokerStars Hand #254478401296:  Hold'em No Limit ($0.50/$1.00 USD) - 2025/01/20 1:34:59 WET [2025/01/20 20:34:59 ET]
Table 'Calypso III' 6-max Seat #1 is the button
Seat 5: Joker007r ($100 in chips) is sitting out
Seat 1: Xenicide ($107.28 in chips) 
Seat 2: jackee38 ($22.33 in chips) 
Seat 3: nastja336 ($109.87 in chips) 
Seat 4: steepfell ($150.61 in chips) 
Seat 6: ImaPeppaPig ($100 in chips) 
jackee38: posts small blind $0.50
nastja336: posts big blind $1
Joker007r: sits out 
*** HOLE CARDS ***
steepfell: raises $1.50 to $2.50
ImaPeppaPig: folds 
Xenicide: folds 
jackee38: folds 
nastja336: folds 
Uncalled bet ($1.50) returned to steepfell
steepfell collected $2.50 from pot
steepfell: doesn't show hand 
*** SUMMARY ***
Total pot $2.50 | Rake $0 
Seat 5: Joker007r
Seat 1: Xenicide (button) folded before Flop (didn't bet)
Seat 2: jackee38 (small blind) folded before Flop
Seat 3: nastja336 (big blind) folded before Flop
Seat 4: steepfell collected ($2.50)
Seat 6: ImaPeppaPig folded before Flop (didn't bet)



PokerStars Hand #254478404054:  Hold'em No Limit ($0.50/$1.00 USD) - 2025/01/20 1:35:16 WET [2025/01/20 20:35:16 ET]
Table 'Calypso III' 6-max Seat #2 is the button
Seat 5: Joker007r ($100 in chips) is sitting out
Seat 1: Xenicide ($107.28 in chips) 
Seat 2: jackee38 ($21.83 in chips) 
Seat 3: nastja336 ($108.87 in chips) 
Seat 4: steepfell ($152.11 in chips) 
Seat 6: ImaPeppaPig ($100 in chips) 
nastja336: posts small blind $0.50
steepfell: posts big blind $1
Joker007r: sits out 
*** HOLE CARDS ***
ImaPeppaPig: raises $1.50 to $2.50
Xenicide: raises $4.50 to $7
jackee38: folds 
nastja336: folds 
steepfell: folds 
ImaPeppaPig: folds 
Uncalled bet ($4.50) returned to Xenicide
Xenicide collected $6.50 from pot
Xenicide: doesn't show hand 
*** SUMMARY ***
Total pot $6.50 | Rake $0 
Seat 5: Joker007r
Seat 1: Xenicide collected ($6.50)
Seat 2: jackee38 (button) folded before Flop (didn't bet)
Seat 3: nastja336 (small blind) folded before Flop
Seat 4: steepfell (big blind) folded before Flop
Seat 6: ImaPeppaPig folded before Flop



PokerStars Hand #254478411101:  Hold'em No Limit ($0.50/$1.00 USD) - 2025/01/20 1:35:57 WET [2025/01/20 20:35:57 ET]
Table 'Calypso III' 6-max Seat #3 is the button
Seat 1: Xenicide ($111.28 in chips) 
Seat 2: jackee38 ($21.83 in chips) 
Seat 3: nastja336 ($108.37 in chips) 
Seat 4: steepfell ($151.11 in chips) 
Seat 5: Joker007r ($100 in chips) 
Seat 6: ImaPeppaPig ($100 in chips) 
steepfell: posts small blind $0.50
Joker007r: posts big blind $1
*** HOLE CARDS ***
ImaPeppaPig: folds 
Xenicide: folds 
jackee38: raises $1 to $2
nastja336: folds 
steepfell: folds 
Joker007r: folds 
Uncalled bet ($1) returned to jackee38
jackee38 collected $2.50 from pot
*** SUMMARY ***
Total pot $2.50 | Rake $0 
Seat 1: Xenicide folded before Flop (didn't bet)
Seat 2: jackee38 collected ($2.50)
Seat 3: nastja336 (button) folded before Flop (didn't bet)
Seat 4: steepfell (small blind) folded before Flop
Seat 5: Joker007r (big blind) folded before Flop
Seat 6: ImaPeppaPig folded before Flop (didn't bet)



PokerStars Hand #254478413825:  Hold'em No Limit ($0.50/$1.00 USD) - 2025/01/20 1:36:12 WET [2025/01/20 20:36:12 ET]
Table 'Calypso III' 6-max Seat #4 is the button
Seat 1: Xenicide ($111.28 in chips) 
Seat 2: jackee38 ($23.33 in chips) 
Seat 3: nastja336 ($108.37 in chips) 
Seat 4: steepfell ($150.61 in chips) 
Seat 5: Joker007r ($100 in chips) 
Seat 6: ImaPeppaPig ($100 in chips) 
Joker007r: posts small blind $0.50
ImaPeppaPig: posts big blind $1
*** HOLE CARDS ***
Xenicide: raises $1 to $2
jackee38: calls $2
nastja336: folds 
steepfell: folds 
Joker007r: folds 
ImaPeppaPig: raises $10 to $12
Xenicide: folds 
jackee38: folds 
Uncalled bet ($10) returned to ImaPeppaPig
ImaPeppaPig collected $6.50 from pot
*** SUMMARY ***
Total pot $6.50 | Rake $0 
Seat 1: Xenicide folded before Flop
Seat 2: jackee38 folded before Flop
Seat 3: nastja336 folded before Flop (didn't bet)
Seat 4: steepfell (button) folded before Flop (didn't bet)
Seat 5: Joker007r (small blind) folded before Flop
Seat 6: ImaPeppaPig (big blind) collected ($6.50)



PokerStars Hand #254478421836:  Hold'em No Limit ($0.50/$1.00 USD) - 2025/01/20 1:36:59 WET [2025/01/20 20:36:59 ET]
Table 'Calypso III' 6-max Seat #5 is the button
Seat 6: ImaPeppaPig ($104.50 in chips) is sitting out
Seat 1: Xenicide ($109.28 in chips) 
Seat 2: jackee38 ($21.33 in chips) 
Seat 3: nastja336 ($108.37 in chips) 
Seat 4: steepfell ($150.61 in chips) 
Seat 5: Joker007r ($100 in chips) 
ImaPeppaPig has timed out
ImaPeppaPig: is sitting out 
Xenicide: posts small blind $0.50
jackee38: posts big blind $1
*** HOLE CARDS ***
ImaPeppaPig is disconnected 
nastja336: raises $1.50 to $2.50
steepfell: folds 
Joker007r: folds 
Xenicide: folds 
jackee38: calls $1.50
*** FLOP *** [Jd 6c 5d]
jackee38: checks 
nastja336: bets $4.80
jackee38: calls $4.80
*** TURN *** [Jd 6c 5d] [Qc]
jackee38: checks 
nastja336: bets $19.07
jackee38: folds 
Uncalled bet ($19.07) returned to nastja336
nastja336 collected $14.34 from pot
nastja336: doesn't show hand 
*** SUMMARY ***
Total pot $15.10 | Rake $0.76 
Board [Jd 6c 5d Qc]
Seat 6: ImaPeppaPig
Seat 1: Xenicide (small blind) folded before Flop
Seat 2: jackee38 (big blind) folded on the Turn
Seat 3: nastja336 collected ($14.34)
Seat 4: steepfell folded before Flop (didn't bet)
Seat 5: Joker007r (button) folded before Flop (didn't bet)



PokerStars Hand #254478431908:  Hold'em No Limit ($0.50/$1.00 USD) - 2025/01/20 1:37:58 WET [2025/01/20 20:37:58 ET]
Table 'Calypso III' 6-max Seat #1 is the button
Seat 6: ImaPeppaPig ($104.50 in chips) is sitting out
Seat 1: Xenicide ($108.78 in chips) 
Seat 2: jackee38 ($14.03 in chips) 
Seat 3: nastja336 ($115.41 in chips) 
Seat 4: steepfell ($150.61 in chips) 
Seat 5: Joker007r ($100 in chips) 
jackee38: posts small blind $0.50
nastja336: posts big blind $1
ImaPeppaPig: sits out 
*** HOLE CARDS ***
steepfell: raises $1.50 to $2.50
Joker007r: folds 
Xenicide: folds 
jackee38: folds 
nastja336: folds 
Uncalled bet ($1.50) returned to steepfell
steepfell collected $2.50 from pot
steepfell: doesn't show hand 
*** SUMMARY ***
Total pot $2.50 | Rake $0 
Seat 6: ImaPeppaPig
Seat 1: Xenicide (button) folded before Flop (didn't bet)
Seat 2: jackee38 (small blind) folded before Flop
Seat 3: nastja336 (big blind) folded before Flop
Seat 4: steepfell collected ($2.50)
Seat 5: Joker007r folded before Flop (didn't bet)



PokerStars Hand #254478433738:  Hold'em No Limit ($0.50/$1.00 USD) - 2025/01/20 1:38:09 WET [2025/01/20 20:38:09 ET]
Table 'Calypso III' 6-max Seat #2 is the button
Seat 6: ImaPeppaPig ($104.50 in chips) is sitting out
Seat 1: Xenicide ($108.78 in chips) 
Seat 2: jackee38 ($13.53 in chips) 
Seat 3: nastja336 ($114.41 in chips) 
Seat 4: steepfell ($152.11 in chips) 
Seat 5: Joker007r ($100 in chips) 
nastja336: posts small blind $0.50
steepfell: posts big blind $1
ImaPeppaPig: sits out 
*** HOLE CARDS ***
Joker007r: raises $1 to $2
Xenicide: folds 
jackee38: calls $2
nastja336: folds 
steepfell: calls $1
*** FLOP *** [3d 6s 2d]
steepfell: checks 
Joker007r: checks 
jackee38: bets $1
steepfell: raises $4 to $5
Joker007r: folds 
jackee38: raises $4 to $9
steepfell: raises $18 to $27
jackee38: calls $2.53 and is all-in
Uncalled bet ($15.47) returned to steepfell
*** TURN *** [3d 6s 2d] [8s]
*** RIVER *** [3d 6s 2d 8s] [9h]
*** SHOW DOWN ***
steepfell: shows [Kc 6c] (a pair of Sixes)
jackee38: shows [5s 4d] (a straight, Deuce to Six)
jackee38 collected $28.08 from pot
*** SUMMARY ***
Total pot $29.56 | Rake $1.48 
Board [3d 6s 2d 8s 9h]
Seat 6: ImaPeppaPig
Seat 1: Xenicide folded before Flop (didn't bet)
Seat 2: jackee38 (button) showed [5s 4d] and won ($28.08) with a straight, Deuce to Six
Seat 3: nastja336 (small blind) folded before Flop
Seat 4: steepfell (big blind) showed [Kc 6c] and lost with a pair of Sixes
Seat 5: Joker007r folded on the Flop



PokerStars Hand #254478441763:  Hold'em No Limit ($0.50/$1.00 USD) - 2025/01/20 1:38:56 WET [2025/01/20 20:38:56 ET]
Table 'Calypso III' 6-max Seat #3 is the button
Seat 6: ImaPeppaPig ($104.50 in chips) is sitting out
Seat 1: Xenicide ($108.78 in chips) 
Seat 2: jackee38 ($28.08 in chips) 
Seat 3: nastja336 ($113.91 in chips) 
Seat 4: steepfell ($138.58 in chips) 
Seat 5: Joker007r ($100 in chips) 
steepfell: posts small blind $0.50
Joker007r: posts big blind $1
ImaPeppaPig: sits out 
*** HOLE CARDS ***
Xenicide: folds 
jackee38: calls $1
nastja336: folds 
steepfell: raises $3 to $4
Joker007r: folds 
jackee38: calls $3
*** FLOP *** [Td Ks Qs]
steepfell: bets $2.82
jackee38: calls $2.82
*** TURN *** [Td Ks Qs] [6h]
steepfell: checks 
jackee38: bets $6
steepfell: folds 
Uncalled bet ($6) returned to jackee38
jackee38 collected $13.91 from pot
*** SUMMARY ***
Total pot $14.64 | Rake $0.73 
Board [Td Ks Qs 6h]
Seat 6: ImaPeppaPig
Seat 1: Xenicide folded before Flop (didn't bet)
Seat 2: jackee38 collected ($13.91)
Seat 3: nastja336 (button) folded before Flop (didn't bet)
Seat 4: steepfell (small blind) folded on the Turn
Seat 5: Joker007r (big blind) folded before Flop



PokerStars Hand #254478450419:  Hold'em No Limit ($0.50/$1.00 USD) - 2025/01/20 1:39:46 WET [2025/01/20 20:39:46 ET]
Table 'Calypso III' 6-max Seat #4 is the button
Seat 1: Xenicide ($108.78 in chips) 
Seat 2: jackee38 ($35.17 in chips) 
Seat 3: nastja336 ($113.91 in chips) 
Seat 4: steepfell ($131.76 in chips) 
Seat 5: Joker007r ($100 in chips) 
Seat 6: ImaPeppaPig ($104.50 in chips) 
Joker007r: posts small blind $0.50
ImaPeppaPig: posts big blind $1
*** HOLE CARDS ***
Xenicide: folds 
jackee38: folds 
nastja336: raises $1.50 to $2.50
steepfell: folds 
Joker007r: raises $8.50 to $11
ImaPeppaPig: folds 
nastja336: folds 
Uncalled bet ($8.50) returned to Joker007r
Joker007r collected $6 from pot
Joker007r: doesn't show hand 
*** SUMMARY ***
Total pot $6 | Rake $0 
Seat 1: Xenicide folded before Flop (didn't bet)
Seat 2: jackee38 folded before Flop (didn't bet)
Seat 3: nastja336 folded before Flop
Seat 4: steepfell (button) folded before Flop (didn't bet)
Seat 5: Joker007r (small blind) collected ($6)
Seat 6: ImaPeppaPig (big blind) folded before Flop



PokerStars Hand #254478454525:  Hold'em No Limit ($0.50/$1.00 USD) - 2025/01/20 1:40:10 WET [2025/01/20 20:40:10 ET]
Table 'Calypso III' 6-max Seat #5 is the button
Seat 1: Xenicide ($108.78 in chips) 
Seat 2: jackee38 ($35.17 in chips) 
Seat 3: nastja336 ($111.41 in chips) 
Seat 4: steepfell ($131.76 in chips) 
Seat 5: Joker007r ($103.50 in chips) 
Seat 6: ImaPeppaPig ($103.50 in chips) 
ImaPeppaPig: posts small blind $0.50
Xenicide: posts big blind $1
*** HOLE CARDS ***
jackee38: calls $1
nastja336: folds 
steepfell: folds 
Joker007r: folds 
ImaPeppaPig: calls $0.50
Xenicide: checks 
*** FLOP *** [3s Ks 2c]
ImaPeppaPig: checks 
Xenicide: checks 
jackee38: checks 
*** TURN *** [3s Ks 2c] [8h]
ImaPeppaPig: checks 
Xenicide: bets $2.14
jackee38: folds 
ImaPeppaPig: raises $12.86 to $15
Xenicide: folds [Kh]
Uncalled bet ($12.86) returned to ImaPeppaPig
ImaPeppaPig collected $6.92 from pot
ImaPeppaPig: doesn't show hand 
*** SUMMARY ***
Total pot $7.28 | Rake $0.36 
Board [3s Ks 2c 8h]
Seat 1: Xenicide (big blind) folded on the Turn
Seat 2: jackee38 folded on the Turn
Seat 3: nastja336 folded before Flop (didn't bet)
Seat 4: steepfell folded before Flop (didn't bet)
Seat 5: Joker007r (button) folded before Flop (didn't bet)
Seat 6: ImaPeppaPig (small blind) collected ($6.92)



PokerStars Hand #254478466554:  Hold'em No Limit ($0.50/$1.00 USD) - 2025/01/20 1:41:20 WET [2025/01/20 20:41:20 ET]
Table 'Calypso III' 6-max Seat #6 is the button
Seat 1: Xenicide ($105.64 in chips) 
Seat 2: jackee38 ($34.17 in chips) 
Seat 3: nastja336 ($111.41 in chips) 
Seat 4: steepfell ($131.76 in chips) 
Seat 5: Joker007r ($103.50 in chips) 
Seat 6: ImaPeppaPig ($107.28 in chips) 
Xenicide: posts small blind $0.50
jackee38: posts big blind $1
*** HOLE CARDS ***
nastja336: folds 
steepfell: folds 
Joker007r: folds 
ImaPeppaPig: folds 
Xenicide: raises $2.50 to $3.50
jackee38: calls $2.50
*** FLOP *** [Qh Ts Kd]
Xenicide: checks 
jackee38: bets $1
Xenicide: raises $4.76 to $5.76
jackee38: calls $4.76
*** TURN *** [Qh Ts Kd] [6d]
Xenicide: bets $6.16
jackee38: calls $6.16
*** RIVER *** [Qh Ts Kd 6d] [9s]
Xenicide: bets $90.22 and is all-in
jackee38: folds 
Uncalled bet ($90.22) returned to Xenicide
Xenicide collected $29.30 from pot
Xenicide: doesn't show hand 
*** SUMMARY ***
Total pot $30.84 | Rake $1.54 
Board [Qh Ts Kd 6d 9s]
Seat 1: Xenicide (small blind) collected ($29.30)
Seat 2: jackee38 (big blind) folded on the River
Seat 3: nastja336 folded before Flop (didn't bet)
Seat 4: steepfell folded before Flop (didn't bet)
Seat 5: Joker007r folded before Flop (didn't bet)
Seat 6: ImaPeppaPig (button) folded before Flop (didn't bet)



PokerStars Hand #254478476225:  Hold'em No Limit ($0.50/$1.00 USD) - 2025/01/20 1:42:18 WET [2025/01/20 20:42:18 ET]
Table 'Calypso III' 6-max Seat #1 is the button
Seat 1: Xenicide ($119.52 in chips) 
Seat 2: jackee38 ($18.75 in chips) 
Seat 3: nastja336 ($111.41 in chips) 
Seat 4: steepfell ($131.76 in chips) 
Seat 5: Joker007r ($103.50 in chips) 
Seat 6: ImaPeppaPig ($107.28 in chips) 
jackee38: posts small blind $0.50
nastja336: posts big blind $1
*** HOLE CARDS ***
steepfell: folds 
Joker007r: folds 
ImaPeppaPig: folds 
Xenicide: raises $1.25 to $2.25
jackee38: raises $16.50 to $18.75 and is all-in
nastja336: folds 
Xenicide: calls $16.50
*** FLOP *** [Kh 4c 9h]
*** TURN *** [Kh 4c 9h] [9c]
*** RIVER *** [Kh 4c 9h 9c] [6h]
*** SHOW DOWN ***
jackee38: shows [8d Td] (a pair of Nines)
Xenicide: shows [Th Tc] (two pair, Tens and Nines)
Joker007r leaves the table
Xenicide collected $36.58 from pot
*** SUMMARY ***
Total pot $38.50 | Rake $1.92 
Board [Kh 4c 9h 9c 6h]
Seat 1: Xenicide (button) showed [Th Tc] and won ($36.58) with two pair, Tens and Nines
Seat 2: jackee38 (small blind) showed [8d Td] and lost with a pair of Nines
Seat 3: nastja336 (big blind) folded before Flop
Seat 4: steepfell folded before Flop (didn't bet)
Seat 5: Joker007r folded before Flop (didn't bet)
Seat 6: ImaPeppaPig folded before Flop (didn't bet)



