PokerStars Hand #254472453914:  Hold'em No Limit ($0.50/$1.00 USD) - 2025/01/20 19:45:35 WET [2025/01/20 14:45:35 ET]
Table 'Dawn IV' 6-max Seat #6 is the button
Seat 3: Weewillis101 ($100 in chips) is sitting out
Seat 5: z00mba ($100 in chips) is sitting out
Seat 1: YeeesMan ($102 in chips) 
Seat 2: henri789 ($100 in chips) 
Seat 4: Keck Rene ($9.50 in chips) 
Seat 6: MAO_DZEDYN_S ($100 in chips) 
YeeesMan: posts small blind $0.50
henri789: posts big blind $1
Weewillis101: sits out 
z00mba: sits out 
*** HOLE CARDS ***
Keck Rene: folds 
MAO_DZEDYN_S: raises $1.50 to $2.50
YeeesMan: folds 
henri789: folds 
Uncalled bet ($1.50) returned to MAO_DZEDYN_S
MAO_DZEDYN_S collected $2.50 from pot
MAO_DZEDYN_S: doesn't show hand 
*** SUMMARY ***
Total pot $2.50 | Rake $0 
Seat 3: Weewillis101
Seat 5: z00mba
Seat 1: YeeesMan (small blind) folded before Flop
Seat 2: henri789 (big blind) folded before Flop
Seat 4: Keck Rene folded before Flop (didn't bet)
Seat 6: MAO_DZEDYN_S (button) collected ($2.50)



PokerStars Hand #254472464355:  Hold'em No Limit ($0.50/$1.00 USD) - 2025/01/20 19:46:10 WET [2025/01/20 14:46:10 ET]
Table 'Dawn IV' 6-max Seat #1 is the button
Seat 5: z00mba ($100 in chips) is sitting out
Seat 1: YeeesMan ($101.50 in chips) 
Seat 2: henri789 ($100 in chips) 
Seat 3: Weewillis101 ($100 in chips) 
Seat 4: Keck Rene ($9.50 in chips) 
Seat 6: MAO_DZEDYN_S ($101.50 in chips) 
henri789: posts small blind $0.50
Weewillis101: posts big blind $1
z00mba: sits out 
*** HOLE CARDS ***
Keck Rene: calls $1
MAO_DZEDYN_S: raises $2.25 to $3.25
YeeesMan: folds 
henri789: folds 
Weewillis101: folds 
Keck Rene: calls $2.25
*** FLOP *** [Th Ks 8d]
Keck Rene: checks 
MAO_DZEDYN_S: bets $76.50
Keck Rene: calls $6.25 and is all-in
Uncalled bet ($70.25) returned to MAO_DZEDYN_S
*** TURN *** [Th Ks 8d] [Jh]
*** RIVER *** [Th Ks 8d Jh] [Kc]
*** SHOW DOWN ***
Keck Rene: shows [Qd Jc] (two pair, Kings and Jacks)
MAO_DZEDYN_S: shows [8c 8h] (a full house, Eights full of Kings)
MAO_DZEDYN_S collected $19.48 from pot
*** SUMMARY ***
Total pot $20.50 | Rake $1.02 
Board [Th Ks 8d Jh Kc]
Seat 5: z00mba
Seat 1: YeeesMan (button) folded before Flop (didn't bet)
Seat 2: henri789 (small blind) folded before Flop
Seat 3: Weewillis101 (big blind) folded before Flop
Seat 4: Keck Rene showed [Qd Jc] and lost with two pair, Kings and Jacks
Seat 6: MAO_DZEDYN_S showed [8c 8h] and won ($19.48) with a full house, Eights full of Kings



PokerStars Hand #254472481176:  Hold'em No Limit ($0.50/$1.00 USD) - 2025/01/20 19:47:05 WET [2025/01/20 14:47:05 ET]
Table 'Dawn IV' 6-max Seat #2 is the button
Seat 4: Keck Rene ($0 in chips) is sitting out
Seat 6: MAO_DZEDYN_S ($111.48 in chips) is sitting out
Seat 1: YeeesMan ($101.50 in chips) 
Seat 2: henri789 ($100 in chips) 
Seat 3: Weewillis101 ($99 in chips) 
Seat 5: z00mba ($100 in chips) 
Weewillis101: posts small blind $0.50
z00mba: posts big blind $1
*** HOLE CARDS ***
MAO_DZEDYN_S leaves the table
straight77777 joins the table at seat #6 
straight77777 is disconnected 
YeeesMan: folds 
henri789: folds 
Weewillis101: raises $2 to $3
z00mba: folds 
Uncalled bet ($2) returned to Weewillis101
Weewillis101 collected $2 from pot
*** SUMMARY ***
Total pot $2 | Rake $0 
Seat 4: Keck Rene
Seat 6: MAO_DZEDYN_S
Seat 1: YeeesMan folded before Flop (didn't bet)
Seat 2: henri789 (button) folded before Flop (didn't bet)
Seat 3: Weewillis101 (small blind) collected ($2)
Seat 5: z00mba (big blind) folded before Flop



PokerStars Hand #254472488753:  Hold'em No Limit ($0.50/$1.00 USD) - 2025/01/20 19:47:30 WET [2025/01/20 14:47:30 ET]
Table 'Dawn IV' 6-max Seat #3 is the button
Seat 4: Keck Rene ($0 in chips) is sitting out
Seat 1: YeeesMan ($101.50 in chips) 
Seat 2: henri789 ($100 in chips) 
Seat 3: Weewillis101 ($100 in chips) 
Seat 5: z00mba ($100 in chips) 
Seat 6: straight77777 ($10 in chips) 
z00mba: posts small blind $0.50
straight77777: posts big blind $1
*** HOLE CARDS ***
YeeesMan: folds 
henri789: folds 
Weewillis101: calls $1
z00mba: folds 
straight77777: checks 
*** FLOP *** [Kc Ad Ks]
straight77777: checks 
Weewillis101: bets $1.19
straight77777: calls $1.19
*** TURN *** [Kc Ad Ks] [8d]
straight77777: checks 
Weewillis101: bets $2.32
straight77777: calls $2.32
*** RIVER *** [Kc Ad Ks 8d] [3s]
straight77777: checks 
Weewillis101: checks 
*** SHOW DOWN ***
straight77777: shows [6d As] (two pair, Aces and Kings)
Weewillis101: mucks hand 
straight77777 collected $9.04 from pot
*** SUMMARY ***
Total pot $9.52 | Rake $0.48 
Board [Kc Ad Ks 8d 3s]
Seat 4: Keck Rene
Seat 1: YeeesMan folded before Flop (didn't bet)
Seat 2: henri789 folded before Flop (didn't bet)
Seat 3: Weewillis101 (button) mucked
Seat 5: z00mba (small blind) folded before Flop
Seat 6: straight77777 (big blind) showed [6d As] and won ($9.04) with two pair, Aces and Kings



PokerStars Hand #254472508024:  Hold'em No Limit ($0.50/$1.00 USD) - 2025/01/20 19:48:33 WET [2025/01/20 14:48:33 ET]
Table 'Dawn IV' 6-max Seat #5 is the button
Seat 4: Keck Rene ($0 in chips) is sitting out
Seat 1: YeeesMan ($101.50 in chips) 
Seat 2: henri789 ($100 in chips) 
Seat 3: Weewillis101 ($95.49 in chips) 
Seat 5: z00mba ($100 in chips) 
Seat 6: straight77777 ($14.53 in chips) 
straight77777: posts small blind $0.50
YeeesMan: posts big blind $1
*** HOLE CARDS ***
henri789: folds 
Weewillis101: raises $2 to $3
z00mba: folds 
straight77777: folds 
YeeesMan: folds 
Uncalled bet ($2) returned to Weewillis101
Weewillis101 collected $2.50 from pot
*** SUMMARY ***
Total pot $2.50 | Rake $0 
Seat 4: Keck Rene
Seat 1: YeeesMan (big blind) folded before Flop
Seat 2: henri789 folded before Flop (didn't bet)
Seat 3: Weewillis101 collected ($2.50)
Seat 5: z00mba (button) folded before Flop (didn't bet)
Seat 6: straight77777 (small blind) folded before Flop



PokerStars Hand #254472515952:  Hold'em No Limit ($0.50/$1.00 USD) - 2025/01/20 19:48:59 WET [2025/01/20 14:48:59 ET]
Table 'Dawn IV' 6-max Seat #6 is the button
Seat 4: Keck Rene ($0 in chips) is sitting out
Seat 1: YeeesMan ($100.50 in chips) 
Seat 2: henri789 ($100 in chips) 
Seat 3: Weewillis101 ($96.99 in chips) 
Seat 5: z00mba ($100 in chips) 
Seat 6: straight77777 ($14.03 in chips) 
YeeesMan: posts small blind $0.50
henri789: posts big blind $1
*** HOLE CARDS ***
Weewillis101: folds 
z00mba: folds 
straight77777: folds 
YeeesMan: folds 
Uncalled bet ($0.50) returned to henri789
henri789 collected $1 from pot
henri789: doesn't show hand 
*** SUMMARY ***
Total pot $1 | Rake $0 
Seat 4: Keck Rene
Seat 1: YeeesMan (small blind) folded before Flop
Seat 2: henri789 (big blind) collected ($1)
Seat 3: Weewillis101 folded before Flop (didn't bet)
Seat 5: z00mba folded before Flop (didn't bet)
Seat 6: straight77777 (button) folded before Flop (didn't bet)



PokerStars Hand #254472523758:  Hold'em No Limit ($0.50/$1.00 USD) - 2025/01/20 19:49:24 WET [2025/01/20 14:49:24 ET]
Table 'Dawn IV' 6-max Seat #1 is the button
Seat 4: Keck Rene ($0 in chips) is sitting out
Seat 1: YeeesMan ($100 in chips) 
Seat 2: henri789 ($100.50 in chips) 
Seat 3: Weewillis101 ($96.99 in chips) 
Seat 5: z00mba ($100 in chips) 
Seat 6: straight77777 ($14.03 in chips) 
henri789: posts small blind $0.50
Weewillis101: posts big blind $1
*** HOLE CARDS ***
z00mba: raises $1.50 to $2.50
straight77777: folds 
YeeesMan: folds 
henri789: folds 
Weewillis101: folds 
Uncalled bet ($1.50) returned to z00mba
z00mba collected $2.50 from pot
z00mba: doesn't show hand 
*** SUMMARY ***
Total pot $2.50 | Rake $0 
Seat 4: Keck Rene
Seat 1: YeeesMan (button) folded before Flop (didn't bet)
Seat 2: henri789 (small blind) folded before Flop
Seat 3: Weewillis101 (big blind) folded before Flop
Seat 5: z00mba collected ($2.50)
Seat 6: straight77777 folded before Flop (didn't bet)



PokerStars Hand #254472532204:  Hold'em No Limit ($0.50/$1.00 USD) - 2025/01/20 19:49:51 WET [2025/01/20 14:49:51 ET]
Table 'Dawn IV' 6-max Seat #2 is the button
Seat 4: Keck Rene ($0 in chips) is sitting out
Seat 1: YeeesMan ($100 in chips) 
Seat 2: henri789 ($100 in chips) 
Seat 3: Weewillis101 ($95.99 in chips) 
Seat 5: z00mba ($101.50 in chips) 
Seat 6: straight77777 ($14.03 in chips) 
Weewillis101: posts small blind $0.50
z00mba: posts big blind $1
*** HOLE CARDS ***
straight77777: calls $1
YeeesMan: folds 
henri789: folds 
Weewillis101: calls $0.50
z00mba: raises $100.50 to $101.50 and is all-in
straight77777: folds 
Weewillis101: folds 
Uncalled bet ($100.50) returned to z00mba
z00mba collected $3 from pot
z00mba: doesn't show hand 
*** SUMMARY ***
Total pot $3 | Rake $0 
Seat 4: Keck Rene
Seat 1: YeeesMan folded before Flop (didn't bet)
Seat 2: henri789 (button) folded before Flop (didn't bet)
Seat 3: Weewillis101 (small blind) folded before Flop
Seat 5: z00mba (big blind) collected ($3)
Seat 6: straight77777 folded before Flop



PokerStars Hand #254472544801:  Hold'em No Limit ($0.50/$1.00 USD) - 2025/01/20 19:50:32 WET [2025/01/20 14:50:32 ET]
Table 'Dawn IV' 6-max Seat #3 is the button
Seat 4: Keck Rene ($0 in chips) is sitting out
Seat 1: YeeesMan ($100 in chips) 
Seat 2: henri789 ($100 in chips) 
Seat 3: Weewillis101 ($94.99 in chips) 
Seat 5: z00mba ($103.50 in chips) 
Seat 6: straight77777 ($13.03 in chips) 
z00mba: posts small blind $0.50
straight77777: posts big blind $1
*** HOLE CARDS ***
YeeesMan: folds 
henri789: folds 
Weewillis101: raises $1 to $2
z00mba: folds 
straight77777: folds 
Uncalled bet ($1) returned to Weewillis101
Weewillis101 collected $2.50 from pot
*** SUMMARY ***
Total pot $2.50 | Rake $0 
Seat 4: Keck Rene
Seat 1: YeeesMan folded before Flop (didn't bet)
Seat 2: henri789 folded before Flop (didn't bet)
Seat 3: Weewillis101 (button) collected ($2.50)
Seat 5: z00mba (small blind) folded before Flop
Seat 6: straight77777 (big blind) folded before Flop



PokerStars Hand #254472552583:  Hold'em No Limit ($0.50/$1.00 USD) - 2025/01/20 19:50:57 WET [2025/01/20 14:50:57 ET]
Table 'Dawn IV' 6-max Seat #5 is the button
Seat 4: Keck Rene ($0 in chips) is sitting out
Seat 1: YeeesMan ($100 in chips) 
Seat 2: henri789 ($100 in chips) 
Seat 3: Weewillis101 ($96.49 in chips) 
Seat 5: z00mba ($103 in chips) 
Seat 6: straight77777 ($12.03 in chips) 
straight77777: posts small blind $0.50
YeeesMan: posts big blind $1
*** HOLE CARDS ***
henri789: folds 
Weewillis101: raises $2 to $3
z00mba: folds 
straight77777: folds 
YeeesMan: calls $2
*** FLOP *** [Ks 6d 2c]
YeeesMan: checks 
Weewillis101: bets $3.09
YeeesMan: folds 
Uncalled bet ($3.09) returned to Weewillis101
Weewillis101 collected $6.18 from pot
*** SUMMARY ***
Total pot $6.50 | Rake $0.32 
Board [Ks 6d 2c]
Seat 4: Keck Rene
Seat 1: YeeesMan (big blind) folded on the Flop
Seat 2: henri789 folded before Flop (didn't bet)
Seat 3: Weewillis101 collected ($6.18)
Seat 5: z00mba (button) folded before Flop (didn't bet)
Seat 6: straight77777 (small blind) folded before Flop



PokerStars Hand #254472568864:  Hold'em No Limit ($0.50/$1.00 USD) - 2025/01/20 19:51:50 WET [2025/01/20 14:51:50 ET]
Table 'Dawn IV' 6-max Seat #6 is the button
Seat 4: Keck Rene ($0 in chips) is sitting out
Seat 1: YeeesMan ($100 in chips) 
Seat 2: henri789 ($100 in chips) 
Seat 3: Weewillis101 ($99.67 in chips) 
Seat 5: z00mba ($103 in chips) 
Seat 6: straight77777 ($11.53 in chips) 
YeeesMan: posts small blind $0.50
henri789: posts big blind $1
*** HOLE CARDS ***
Weewillis101: calls $1
z00mba: raises $2.50 to $3.50
straight77777: folds 
YeeesMan: folds 
henri789: folds 
Weewillis101: calls $2.50
*** FLOP *** [2s Ad Tc]
Weewillis101: checks 
z00mba: checks 
*** TURN *** [2s Ad Tc] [4c]
Weewillis101: bets $3
z00mba: raises $6 to $9
Weewillis101: folds 
Uncalled bet ($6) returned to z00mba
z00mba collected $13.78 from pot
z00mba: doesn't show hand 
*** SUMMARY ***
Total pot $14.50 | Rake $0.72 
Board [2s Ad Tc 4c]
Seat 4: Keck Rene
Seat 1: YeeesMan (small blind) folded before Flop
Seat 2: henri789 (big blind) folded before Flop
Seat 3: Weewillis101 folded on the Turn
Seat 5: z00mba collected ($13.78)
Seat 6: straight77777 (button) folded before Flop (didn't bet)



PokerStars Hand #254472586166:  Hold'em No Limit ($0.50/$1.00 USD) - 2025/01/20 19:52:46 WET [2025/01/20 14:52:46 ET]
Table 'Dawn IV' 6-max Seat #1 is the button
Seat 4: Keck Rene ($0 in chips) is sitting out
Seat 1: YeeesMan ($100 in chips) 
Seat 2: henri789 ($100 in chips) 
Seat 3: Weewillis101 ($93.17 in chips) 
Seat 5: z00mba ($110.28 in chips) 
Seat 6: straight77777 ($11.53 in chips) 
henri789: posts small blind $0.50
Weewillis101: posts big blind $1
*** HOLE CARDS ***
z00mba: folds 
straight77777: folds 
YeeesMan: raises $1.50 to $2.50
henri789: folds 
Weewillis101: calls $1.50
*** FLOP *** [6h 3d Js]
Weewillis101: checks 
YeeesMan: checks 
*** TURN *** [6h 3d Js] [Tc]
Weewillis101: bets $2.61
YeeesMan: raises $8.22 to $10.83
Weewillis101: folds 
Uncalled bet ($8.22) returned to YeeesMan
YeeesMan collected $10.18 from pot
YeeesMan: doesn't show hand 
*** SUMMARY ***
Total pot $10.72 | Rake $0.54 
Board [6h 3d Js Tc]
Seat 4: Keck Rene
Seat 1: YeeesMan (button) collected ($10.18)
Seat 2: henri789 (small blind) folded before Flop
Seat 3: Weewillis101 (big blind) folded on the Turn
Seat 5: z00mba folded before Flop (didn't bet)
Seat 6: straight77777 folded before Flop (didn't bet)



PokerStars Hand #254472603899:  Hold'em No Limit ($0.50/$1.00 USD) - 2025/01/20 19:53:43 WET [2025/01/20 14:53:43 ET]
Table 'Dawn IV' 6-max Seat #2 is the button
Seat 4: Keck Rene ($0 in chips) is sitting out
Seat 1: YeeesMan ($105.07 in chips) 
Seat 2: henri789 ($100 in chips) 
Seat 3: Weewillis101 ($88.06 in chips) 
Seat 5: z00mba ($110.28 in chips) 
Seat 6: straight77777 ($11.53 in chips) 
Weewillis101: posts small blind $0.50
z00mba: posts big blind $1
*** HOLE CARDS ***
straight77777: folds 
YeeesMan: folds 
Keck Rene is disconnected 
henri789: raises $1.50 to $2.50
Weewillis101: calls $2
z00mba: calls $1.50
*** FLOP *** [5c Ah 9s]
Weewillis101: checks 
z00mba: checks 
henri789: bets $2.35
Weewillis101: calls $2.35
z00mba: calls $2.35
*** TURN *** [5c Ah 9s] [Jh]
Weewillis101: checks 
z00mba: checks 
henri789: bets $13.82
Weewillis101: calls $13.82
z00mba: folds 
*** RIVER *** [5c Ah 9s Jh] [7d]
Weewillis101: bets $16
henri789: calls $16
*** SHOW DOWN ***
Weewillis101: shows [9c 9d] (three of a kind, Nines)
henri789: mucks hand 
Weewillis101 collected $71.69 from pot
*** SUMMARY ***
Total pot $74.19 | Rake $2.50 
Board [5c Ah 9s Jh 7d]
Seat 4: Keck Rene
Seat 1: YeeesMan folded before Flop (didn't bet)
Seat 2: henri789 (button) mucked
Seat 3: Weewillis101 (small blind) showed [9c 9d] and won ($71.69) with three of a kind, Nines
Seat 5: z00mba (big blind) folded on the Turn
Seat 6: straight77777 folded before Flop (didn't bet)



PokerStars Hand #254472636617:  Hold'em No Limit ($0.50/$1.00 USD) - 2025/01/20 19:55:40 WET [2025/01/20 14:55:40 ET]
Table 'Dawn IV' 6-max Seat #3 is the button
Seat 4: Keck Rene ($0 in chips) is sitting out
Seat 1: YeeesMan ($105.07 in chips) 
Seat 2: henri789 ($100 in chips) 
Seat 3: Weewillis101 ($125.08 in chips) 
Seat 5: z00mba ($105.43 in chips) 
Seat 6: straight77777 ($11.53 in chips) 
z00mba: posts small blind $0.50
straight77777: posts big blind $1
*** HOLE CARDS ***
YeeesMan: raises $1.50 to $2.50
henri789: folds 
Weewillis101: folds 
z00mba: raises $9 to $11.50
straight77777: folds 
YeeesMan: folds 
Uncalled bet ($9) returned to z00mba
z00mba collected $6 from pot
z00mba: doesn't show hand 
*** SUMMARY ***
Total pot $6 | Rake $0 
Seat 4: Keck Rene
Seat 1: YeeesMan folded before Flop
Seat 2: henri789 folded before Flop (didn't bet)
Seat 3: Weewillis101 (button) folded before Flop (didn't bet)
Seat 5: z00mba (small blind) collected ($6)
Seat 6: straight77777 (big blind) folded before Flop



PokerStars Hand #254472649046:  Hold'em No Limit ($0.50/$1.00 USD) - 2025/01/20 19:56:36 WET [2025/01/20 14:56:36 ET]
Table 'Dawn IV' 6-max Seat #5 is the button
Seat 4: Keck Rene ($0 in chips) is sitting out
Seat 1: YeeesMan ($102.57 in chips) 
Seat 2: henri789 ($100 in chips) 
Seat 3: Weewillis101 ($125.08 in chips) 
Seat 5: z00mba ($108.93 in chips) 
Seat 6: straight77777 ($10.53 in chips) 
straight77777: posts small blind $0.50
YeeesMan: posts big blind $1
*** HOLE CARDS ***
henri789: folds 
Weewillis101: folds 
z00mba: folds 
straight77777: calls $0.50
YeeesMan: raises $10 to $11
straight77777: folds 
Uncalled bet ($10) returned to YeeesMan
YeeesMan collected $2 from pot
YeeesMan: doesn't show hand 
*** SUMMARY ***
Total pot $2 | Rake $0 
Seat 4: Keck Rene
Seat 1: YeeesMan (big blind) collected ($2)
Seat 2: henri789 folded before Flop (didn't bet)
Seat 3: Weewillis101 folded before Flop (didn't bet)
Seat 5: z00mba (button) folded before Flop (didn't bet)
Seat 6: straight77777 (small blind) folded before Flop



PokerStars Hand #254472659103:  Hold'em No Limit ($0.50/$1.00 USD) - 2025/01/20 19:57:22 WET [2025/01/20 14:57:22 ET]
Table 'Dawn IV' 6-max Seat #6 is the button
Seat 4: Keck Rene ($0 in chips) is sitting out
Seat 1: YeeesMan ($103.57 in chips) 
Seat 2: henri789 ($100 in chips) 
Seat 3: Weewillis101 ($125.08 in chips) 
Seat 5: z00mba ($108.93 in chips) 
Seat 6: straight77777 ($9.53 in chips) 
YeeesMan: posts small blind $0.50
henri789: posts big blind $1
*** HOLE CARDS ***
Weewillis101: folds 
z00mba: folds 
straight77777: folds 
YeeesMan: folds 
Uncalled bet ($0.50) returned to henri789
henri789 collected $1 from pot
henri789: doesn't show hand 
*** SUMMARY ***
Total pot $1 | Rake $0 
Seat 4: Keck Rene
Seat 1: YeeesMan (small blind) folded before Flop
Seat 2: henri789 (big blind) collected ($1)
Seat 3: Weewillis101 folded before Flop (didn't bet)
Seat 5: z00mba folded before Flop (didn't bet)
Seat 6: straight77777 (button) folded before Flop (didn't bet)



PokerStars Hand #254472662350:  Hold'em No Limit ($0.50/$1.00 USD) - 2025/01/20 19:57:37 WET [2025/01/20 14:57:37 ET]
Table 'Dawn IV' 6-max Seat #1 is the button
Seat 4: Keck Rene ($0 in chips) is sitting out
Seat 1: YeeesMan ($103.07 in chips) 
Seat 2: henri789 ($100.50 in chips) 
Seat 3: Weewillis101 ($125.08 in chips) 
Seat 5: z00mba ($108.93 in chips) 
Seat 6: straight77777 ($9.53 in chips) 
henri789: posts small blind $0.50
Weewillis101: posts big blind $1
*** HOLE CARDS ***
z00mba: folds 
straight77777: calls $1
YeeesMan: folds 
henri789: folds 
Weewillis101: raises $3 to $4
straight77777: folds 
Uncalled bet ($3) returned to Weewillis101
Weewillis101 collected $2.50 from pot
*** SUMMARY ***
Total pot $2.50 | Rake $0 
Seat 4: Keck Rene
Seat 1: YeeesMan (button) folded before Flop (didn't bet)
Seat 2: henri789 (small blind) folded before Flop
Seat 3: Weewillis101 (big blind) collected ($2.50)
Seat 5: z00mba folded before Flop (didn't bet)
Seat 6: straight77777 folded before Flop



PokerStars Hand #254472668202:  Hold'em No Limit ($0.50/$1.00 USD) - 2025/01/20 19:58:03 WET [2025/01/20 14:58:03 ET]
Table 'Dawn IV' 6-max Seat #2 is the button
Seat 4: Keck Rene ($0 in chips) is sitting out
Seat 1: YeeesMan ($103.07 in chips) 
Seat 2: henri789 ($100 in chips) 
Seat 3: Weewillis101 ($126.58 in chips) 
Seat 5: z00mba ($108.93 in chips) 
Seat 6: straight77777 ($8.53 in chips) 
Weewillis101: posts small blind $0.50
z00mba: posts big blind $1
*** HOLE CARDS ***
straight77777: folds 
YeeesMan: folds 
henri789: raises $1.50 to $2.50
Weewillis101: calls $2
z00mba: folds 
*** FLOP *** [4h Kh 3c]
Weewillis101: checks 
henri789: bets $1.88
Weewillis101: folds 
Uncalled bet ($1.88) returned to henri789
henri789 collected $5.70 from pot
Keck Rene leaves the table
henri789: doesn't show hand 
*** SUMMARY ***
Total pot $6 | Rake $0.30 
Board [4h Kh 3c]
Seat 4: Keck Rene
Seat 1: YeeesMan folded before Flop (didn't bet)
Seat 2: henri789 (button) collected ($5.70)
Seat 3: Weewillis101 (small blind) folded on the Flop
Seat 5: z00mba (big blind) folded before Flop
Seat 6: straight77777 folded before Flop (didn't bet)



PokerStars Hand #254472676462:  Hold'em No Limit ($0.50/$1.00 USD) - 2025/01/20 19:58:40 WET [2025/01/20 14:58:40 ET]
Table 'Dawn IV' 6-max Seat #3 is the button
Seat 1: YeeesMan ($103.07 in chips) 
Seat 2: henri789 ($103.20 in chips) 
Seat 3: Weewillis101 ($124.08 in chips) 
Seat 5: z00mba ($107.93 in chips) 
Seat 6: straight77777 ($8.53 in chips) 
z00mba: posts small blind $0.50
straight77777: posts big blind $1
*** HOLE CARDS ***
BGS013 joins the table at seat #4 
YeeesMan has timed out
YeeesMan: folds 
henri789: folds 
Weewillis101: raises $2 to $3
z00mba: folds 
straight77777: raises $5.53 to $8.53 and is all-in
Weewillis101: calls $5.53
*** FLOP *** [Ad 7h 2h]
*** TURN *** [Ad 7h 2h] [Ah]
*** RIVER *** [Ad 7h 2h Ah] [6h]
*** SHOW DOWN ***
straight77777: shows [Jh Jc] (a flush, Ace high)
Weewillis101: shows [Ts Qc] (a pair of Aces)
straight77777 collected $16.68 from pot
*** SUMMARY ***
Total pot $17.56 | Rake $0.88 
Board [Ad 7h 2h Ah 6h]
Seat 1: YeeesMan folded before Flop (didn't bet)
Seat 2: henri789 folded before Flop (didn't bet)
Seat 3: Weewillis101 (button) showed [Ts Qc] and lost with a pair of Aces
Seat 5: z00mba (small blind) folded before Flop
Seat 6: straight77777 (big blind) showed [Jh Jc] and won ($16.68) with a flush, Ace high



PokerStars Hand #254472689004:  Hold'em No Limit ($0.50/$1.00 USD) - 2025/01/20 19:59:37 WET [2025/01/20 14:59:37 ET]
Table 'Dawn IV' 6-max Seat #5 is the button
Seat 4: BGS013 ($100 in chips) is sitting out
Seat 1: YeeesMan ($103.07 in chips) 
Seat 2: henri789 ($103.20 in chips) 
Seat 3: Weewillis101 ($115.55 in chips) 
Seat 5: z00mba ($107.43 in chips) 
Seat 6: straight77777 ($16.68 in chips) 
straight77777: posts small blind $0.50
YeeesMan: posts big blind $1
BGS013: sits out 
*** HOLE CARDS ***
henri789: folds 
Weewillis101: folds 
z00mba: folds 
straight77777: calls $0.50
YeeesMan: checks 
*** FLOP *** [3h Ks 5d]
straight77777: checks 
YeeesMan: bets $1
straight77777: folds 
Uncalled bet ($1) returned to YeeesMan
YeeesMan collected $1.90 from pot
YeeesMan: doesn't show hand 
*** SUMMARY ***
Total pot $2 | Rake $0.10 
Board [3h Ks 5d]
Seat 4: BGS013
Seat 1: YeeesMan (big blind) collected ($1.90)
Seat 2: henri789 folded before Flop (didn't bet)
Seat 3: Weewillis101 folded before Flop (didn't bet)
Seat 5: z00mba (button) folded before Flop (didn't bet)
Seat 6: straight77777 (small blind) folded on the Flop



PokerStars Hand #254472702738:  Hold'em No Limit ($0.50/$1.00 USD) - 2025/01/20 20:00:34 WET [2025/01/20 15:00:34 ET]
Table 'Dawn IV' 6-max Seat #6 is the button
Seat 4: BGS013 ($100 in chips) is sitting out
Seat 1: YeeesMan ($103.97 in chips) 
Seat 2: henri789 ($103.20 in chips) 
Seat 3: Weewillis101 ($115.55 in chips) 
Seat 5: z00mba ($107.43 in chips) 
Seat 6: straight77777 ($15.68 in chips) 
YeeesMan: posts small blind $0.50
henri789: posts big blind $1
BGS013: sits out 
*** HOLE CARDS ***
Weewillis101: folds 
z00mba: folds 
straight77777: folds 
YeeesMan: folds 
Uncalled bet ($0.50) returned to henri789
henri789 collected $1 from pot
henri789: doesn't show hand 
*** SUMMARY ***
Total pot $1 | Rake $0 
Seat 4: BGS013
Seat 1: YeeesMan (small blind) folded before Flop
Seat 2: henri789 (big blind) collected ($1)
Seat 3: Weewillis101 folded before Flop (didn't bet)
Seat 5: z00mba folded before Flop (didn't bet)
Seat 6: straight77777 (button) folded before Flop (didn't bet)



PokerStars Hand #254472710323:  Hold'em No Limit ($0.50/$1.00 USD) - 2025/01/20 20:01:04 WET [2025/01/20 15:01:04 ET]
Table 'Dawn IV' 6-max Seat #1 is the button
Seat 4: BGS013 ($100 in chips) is sitting out
Seat 1: YeeesMan ($103.47 in chips) 
Seat 2: henri789 ($103.70 in chips) 
Seat 3: Weewillis101 ($115.55 in chips) 
Seat 5: z00mba ($107.43 in chips) 
Seat 6: straight77777 ($15.68 in chips) 
henri789: posts small blind $0.50
Weewillis101: posts big blind $1
BGS013: sits out 
*** HOLE CARDS ***
z00mba: folds 
straight77777: raises $2 to $3
YeeesMan: folds 
henri789: folds 
Weewillis101: calls $2
*** FLOP *** [2d Qc Td]
Weewillis101: checks 
straight77777: bets $3
Weewillis101: folds 
Uncalled bet ($3) returned to straight77777
straight77777 collected $6.18 from pot
*** SUMMARY ***
Total pot $6.50 | Rake $0.32 
Board [2d Qc Td]
Seat 4: BGS013
Seat 1: YeeesMan (button) folded before Flop (didn't bet)
Seat 2: henri789 (small blind) folded before Flop
Seat 3: Weewillis101 (big blind) folded on the Flop
Seat 5: z00mba folded before Flop (didn't bet)
Seat 6: straight77777 collected ($6.18)



PokerStars Hand #254472723607:  Hold'em No Limit ($0.50/$1.00 USD) - 2025/01/20 20:01:50 WET [2025/01/20 15:01:50 ET]
Table 'Dawn IV' 6-max Seat #2 is the button
Seat 1: YeeesMan ($103.47 in chips) 
Seat 2: henri789 ($103.20 in chips) 
Seat 3: Weewillis101 ($112.55 in chips) 
Seat 4: BGS013 ($100 in chips) 
Seat 5: z00mba ($107.43 in chips) 
Seat 6: straight77777 ($18.86 in chips) 
Weewillis101: posts small blind $0.50
BGS013: posts big blind $1
*** HOLE CARDS ***
z00mba: raises $1.50 to $2.50
straight77777: folds 
YeeesMan: folds 
henri789: folds 
Weewillis101: folds 
BGS013: folds 
Uncalled bet ($1.50) returned to z00mba
z00mba collected $2.50 from pot
z00mba: doesn't show hand 
*** SUMMARY ***
Total pot $2.50 | Rake $0 
Seat 1: YeeesMan folded before Flop (didn't bet)
Seat 2: henri789 (button) folded before Flop (didn't bet)
Seat 3: Weewillis101 (small blind) folded before Flop
Seat 4: BGS013 (big blind) folded before Flop
Seat 5: z00mba collected ($2.50)
Seat 6: straight77777 folded before Flop (didn't bet)



PokerStars Hand #254472730664:  Hold'em No Limit ($0.50/$1.00 USD) - 2025/01/20 20:02:13 WET [2025/01/20 15:02:13 ET]
Table 'Dawn IV' 6-max Seat #3 is the button
Seat 1: YeeesMan ($103.47 in chips) 
Seat 2: henri789 ($103.20 in chips) 
Seat 3: Weewillis101 ($112.05 in chips) 
Seat 4: BGS013 ($100 in chips) 
Seat 5: z00mba ($108.93 in chips) 
Seat 6: straight77777 ($18.86 in chips) 
BGS013: posts small blind $0.50
z00mba: posts big blind $1
*** HOLE CARDS ***
straight77777: folds 
YeeesMan: folds 
YeeesMan leaves the table
henri789: raises $1.50 to $2.50
franco232315 joins the table at seat #1 
Weewillis101: folds 
BGS013: folds 
z00mba: folds 
Uncalled bet ($1.50) returned to henri789
henri789 collected $2.50 from pot
henri789: doesn't show hand 
*** SUMMARY ***
Total pot $2.50 | Rake $0 
Seat 1: YeeesMan folded before Flop (didn't bet)
Seat 2: henri789 collected ($2.50)
Seat 3: Weewillis101 (button) folded before Flop (didn't bet)
Seat 4: BGS013 (small blind) folded before Flop
Seat 5: z00mba (big blind) folded before Flop
Seat 6: straight77777 folded before Flop (didn't bet)



PokerStars Hand #254472740207:  Hold'em No Limit ($0.50/$1.00 USD) - 2025/01/20 20:02:43 WET [2025/01/20 15:02:43 ET]
Table 'Dawn IV' 6-max Seat #4 is the button
Seat 1: franco232315 ($100 in chips) is sitting out
Seat 2: henri789 ($104.70 in chips) 
Seat 3: Weewillis101 ($112.05 in chips) 
Seat 4: BGS013 ($100 in chips) 
Seat 5: z00mba ($107.93 in chips) 
Seat 6: straight77777 ($18.86 in chips) 
z00mba: posts small blind $0.50
straight77777: posts big blind $1
franco232315: sits out 
*** HOLE CARDS ***
henri789: folds 
Weewillis101: folds 
BGS013: folds 
z00mba: folds 
Uncalled bet ($0.50) returned to straight77777
straight77777 collected $1 from pot
*** SUMMARY ***
Total pot $1 | Rake $0 
Seat 1: franco232315
Seat 2: henri789 folded before Flop (didn't bet)
Seat 3: Weewillis101 folded before Flop (didn't bet)
Seat 4: BGS013 (button) folded before Flop (didn't bet)
Seat 5: z00mba (small blind) folded before Flop
Seat 6: straight77777 (big blind) collected ($1)



PokerStars Hand #254472743371:  Hold'em No Limit ($0.50/$1.00 USD) - 2025/01/20 20:02:53 WET [2025/01/20 15:02:53 ET]
Table 'Dawn IV' 6-max Seat #5 is the button
Seat 1: franco232315 ($100 in chips) 
Seat 2: henri789 ($104.70 in chips) 
Seat 3: Weewillis101 ($112.05 in chips) 
Seat 4: BGS013 ($100 in chips) 
Seat 5: z00mba ($107.43 in chips) 
Seat 6: straight77777 ($19.36 in chips) 
straight77777: posts small blind $0.50
franco232315: posts big blind $1
*** HOLE CARDS ***
henri789: raises $1.50 to $2.50
Weewillis101: folds 
BGS013: folds 
z00mba: folds 
straight77777: folds 
franco232315: folds 
Uncalled bet ($1.50) returned to henri789
henri789 collected $2.50 from pot
henri789: doesn't show hand 
*** SUMMARY ***
Total pot $2.50 | Rake $0 
Seat 1: franco232315 (big blind) folded before Flop
Seat 2: henri789 collected ($2.50)
Seat 3: Weewillis101 folded before Flop (didn't bet)
Seat 4: BGS013 folded before Flop (didn't bet)
Seat 5: z00mba (button) folded before Flop (didn't bet)
Seat 6: straight77777 (small blind) folded before Flop



PokerStars Hand #254472754478:  Hold'em No Limit ($0.50/$1.00 USD) - 2025/01/20 20:03:28 WET [2025/01/20 15:03:28 ET]
Table 'Dawn IV' 6-max Seat #6 is the button
Seat 1: franco232315 ($100 in chips) 
Seat 2: henri789 ($106.20 in chips) 
Seat 3: Weewillis101 ($112.05 in chips) 
Seat 4: BGS013 ($100 in chips) 
Seat 5: z00mba ($107.43 in chips) 
Seat 6: straight77777 ($18.86 in chips) 
franco232315: posts small blind $0.50
henri789: posts big blind $1
*** HOLE CARDS ***
Weewillis101: folds 
BGS013: folds 
z00mba: folds 
straight77777: calls $1
franco232315: calls $0.50
henri789: raises $19 to $20
straight77777: folds 
franco232315: folds 
Uncalled bet ($19) returned to henri789
henri789 collected $3 from pot
henri789: doesn't show hand 
*** SUMMARY ***
Total pot $3 | Rake $0 
Seat 1: franco232315 (small blind) folded before Flop
Seat 2: henri789 (big blind) collected ($3)
Seat 3: Weewillis101 folded before Flop (didn't bet)
Seat 4: BGS013 folded before Flop (didn't bet)
Seat 5: z00mba folded before Flop (didn't bet)
Seat 6: straight77777 (button) folded before Flop



PokerStars Hand #254472769942:  Hold'em No Limit ($0.50/$1.00 USD) - 2025/01/20 20:04:16 WET [2025/01/20 15:04:16 ET]
Table 'Dawn IV' 6-max Seat #1 is the button
Seat 1: franco232315 ($100 in chips) 
Seat 2: henri789 ($108.20 in chips) 
Seat 3: Weewillis101 ($112.05 in chips) 
Seat 4: BGS013 ($100 in chips) 
Seat 5: z00mba ($107.43 in chips) 
Seat 6: straight77777 ($17.86 in chips) 
henri789: posts small blind $0.50
Weewillis101: posts big blind $1
*** HOLE CARDS ***
BGS013: folds 
z00mba: folds 
straight77777: folds 
franco232315: raises $1.50 to $2.50
henri789: folds 
Weewillis101: calls $1.50
*** FLOP *** [5d 3s 9d]
Weewillis101: checks 
franco232315: bets $1.72
Weewillis101: calls $1.72
*** TURN *** [5d 3s 9d] [Tc]
Weewillis101: checks 
franco232315: bets $12.74
Weewillis101: calls $12.74
*** RIVER *** [5d 3s 9d Tc] [Ac]
Weewillis101: checks 
franco232315: bets $83.04 and is all-in
Weewillis101: folds 
Uncalled bet ($83.04) returned to franco232315
franco232315 collected $32.70 from pot
franco232315: doesn't show hand 
*** SUMMARY ***
Total pot $34.42 | Rake $1.72 
Board [5d 3s 9d Tc Ac]
Seat 1: franco232315 (button) collected ($32.70)
Seat 2: henri789 (small blind) folded before Flop
Seat 3: Weewillis101 (big blind) folded on the River
Seat 4: BGS013 folded before Flop (didn't bet)
Seat 5: z00mba folded before Flop (didn't bet)
Seat 6: straight77777 folded before Flop (didn't bet)



PokerStars Hand #254472797636:  Hold'em No Limit ($0.50/$1.00 USD) - 2025/01/20 20:05:40 WET [2025/01/20 15:05:40 ET]
Table 'Dawn IV' 6-max Seat #2 is the button
Seat 1: franco232315 ($115.74 in chips) 
Seat 2: henri789 ($107.70 in chips) 
Seat 3: Weewillis101 ($95.09 in chips) 
Seat 4: BGS013 ($100 in chips) 
Seat 5: z00mba ($107.43 in chips) 
Seat 6: straight77777 ($17.86 in chips) 
Weewillis101: posts small blind $0.50
BGS013: posts big blind $1
*** HOLE CARDS ***
z00mba: folds 
straight77777: folds 
franco232315: folds 
henri789: folds 
Weewillis101: folds 
Uncalled bet ($0.50) returned to BGS013
BGS013 collected $1 from pot
BGS013: doesn't show hand 
*** SUMMARY ***
Total pot $1 | Rake $0 
Seat 1: franco232315 folded before Flop (didn't bet)
Seat 2: henri789 (button) folded before Flop (didn't bet)
Seat 3: Weewillis101 (small blind) folded before Flop
Seat 4: BGS013 (big blind) collected ($1)
Seat 5: z00mba folded before Flop (didn't bet)
Seat 6: straight77777 folded before Flop (didn't bet)



PokerStars Hand #254472802693:  Hold'em No Limit ($0.50/$1.00 USD) - 2025/01/20 20:05:55 WET [2025/01/20 15:05:55 ET]
Table 'Dawn IV' 6-max Seat #3 is the button
Seat 1: franco232315 ($115.74 in chips) 
Seat 2: henri789 ($107.70 in chips) 
Seat 3: Weewillis101 ($94.59 in chips) 
Seat 4: BGS013 ($100.50 in chips) 
Seat 5: z00mba ($107.43 in chips) 
Seat 6: straight77777 ($17.86 in chips) 
BGS013: posts small blind $0.50
z00mba: posts big blind $1
*** HOLE CARDS ***
straight77777: calls $1
franco232315: folds 
henri789: folds 
Weewillis101: folds 
BGS013: folds 
z00mba: checks 
*** FLOP *** [2h Tc Qd]
z00mba: checks 
straight77777: bets $2
z00mba: calls $2
*** TURN *** [2h Tc Qd] [5d]
z00mba: checks 
straight77777: bets $4
z00mba: raises $20.70 to $24.70
straight77777: folds 
Uncalled bet ($20.70) returned to z00mba
z00mba collected $13.78 from pot
z00mba: doesn't show hand 
*** SUMMARY ***
Total pot $14.50 | Rake $0.72 
Board [2h Tc Qd 5d]
Seat 1: franco232315 folded before Flop (didn't bet)
Seat 2: henri789 folded before Flop (didn't bet)
Seat 3: Weewillis101 (button) folded before Flop (didn't bet)
Seat 4: BGS013 (small blind) folded before Flop
Seat 5: z00mba (big blind) collected ($13.78)
Seat 6: straight77777 folded on the Turn



PokerStars Hand #254472814830:  Hold'em No Limit ($0.50/$1.00 USD) - 2025/01/20 20:06:32 WET [2025/01/20 15:06:32 ET]
Table 'Dawn IV' 6-max Seat #4 is the button
Seat 1: franco232315 ($115.74 in chips) 
Seat 2: henri789 ($107.70 in chips) 
Seat 3: Weewillis101 ($94.59 in chips) 
Seat 4: BGS013 ($100 in chips) 
Seat 5: z00mba ($114.21 in chips) 
Seat 6: straight77777 ($10.86 in chips) 
z00mba: posts small blind $0.50
straight77777: posts big blind $1
*** HOLE CARDS ***
franco232315: folds 
henri789: folds 
Weewillis101: raises $2 to $3
BGS013: folds 
z00mba: folds 
straight77777: folds 
Uncalled bet ($2) returned to Weewillis101
Weewillis101 collected $2.50 from pot
*** SUMMARY ***
Total pot $2.50 | Rake $0 
Seat 1: franco232315 folded before Flop (didn't bet)
Seat 2: henri789 folded before Flop (didn't bet)
Seat 3: Weewillis101 collected ($2.50)
Seat 4: BGS013 (button) folded before Flop (didn't bet)
Seat 5: z00mba (small blind) folded before Flop
Seat 6: straight77777 (big blind) folded before Flop



PokerStars Hand #254472823794:  Hold'em No Limit ($0.50/$1.00 USD) - 2025/01/20 20:06:59 WET [2025/01/20 15:06:59 ET]
Table 'Dawn IV' 6-max Seat #5 is the button
Seat 1: franco232315 ($115.74 in chips) 
Seat 2: henri789 ($107.70 in chips) 
Seat 3: Weewillis101 ($96.09 in chips) 
Seat 4: BGS013 ($100 in chips) 
Seat 5: z00mba ($113.71 in chips) 
Seat 6: straight77777 ($9.86 in chips) 
straight77777: posts small blind $0.50
franco232315: posts big blind $1
*** HOLE CARDS ***
henri789: folds 
Weewillis101: raises $2 to $3
BGS013: folds 
z00mba: folds 
straight77777 is disconnected 
straight77777 has timed out while disconnected
straight77777: folds 
franco232315: calls $2
*** FLOP *** [8h 6d Qd]
franco232315: checks 
Weewillis101: checks 
*** TURN *** [8h 6d Qd] [Qh]
franco232315: checks 
Weewillis101: bets $3.09
franco232315: folds 
Uncalled bet ($3.09) returned to Weewillis101
Weewillis101 collected $6.18 from pot
*** SUMMARY ***
Total pot $6.50 | Rake $0.32 
Board [8h 6d Qd Qh]
Seat 1: franco232315 (big blind) folded on the Turn
Seat 2: henri789 folded before Flop (didn't bet)
Seat 3: Weewillis101 collected ($6.18)
Seat 4: BGS013 folded before Flop (didn't bet)
Seat 5: z00mba (button) folded before Flop (didn't bet)
Seat 6: straight77777 (small blind) folded before Flop



PokerStars Hand #254472853424:  Hold'em No Limit ($0.50/$1.00 USD) - 2025/01/20 20:08:29 WET [2025/01/20 15:08:29 ET]
Table 'Dawn IV' 6-max Seat #6 is the button
Seat 1: franco232315 ($112.74 in chips) 
Seat 2: henri789 ($107.70 in chips) 
Seat 3: Weewillis101 ($99.27 in chips) 
Seat 4: BGS013 ($100 in chips) 
Seat 5: z00mba ($113.71 in chips) 
Seat 6: straight77777 ($9.36 in chips) 
franco232315: posts small blind $0.50
henri789: posts big blind $1
*** HOLE CARDS ***
Weewillis101: folds 
BGS013: folds 
z00mba: folds 
straight77777: folds 
franco232315: raises $2 to $3
henri789: calls $2
*** FLOP *** [Ts Kd 7c]
franco232315: bets $1.88
henri789: folds 
Uncalled bet ($1.88) returned to franco232315
franco232315 collected $5.70 from pot
franco232315: doesn't show hand 
*** SUMMARY ***
Total pot $6 | Rake $0.30 
Board [Ts Kd 7c]
Seat 1: franco232315 (small blind) collected ($5.70)
Seat 2: henri789 (big blind) folded on the Flop
Seat 3: Weewillis101 folded before Flop (didn't bet)
Seat 4: BGS013 folded before Flop (didn't bet)
Seat 5: z00mba folded before Flop (didn't bet)
Seat 6: straight77777 (button) folded before Flop (didn't bet)



PokerStars Hand #254472871181:  Hold'em No Limit ($0.50/$1.00 USD) - 2025/01/20 20:09:23 WET [2025/01/20 15:09:23 ET]
Table 'Dawn IV' 6-max Seat #1 is the button
Seat 1: franco232315 ($115.44 in chips) 
Seat 2: henri789 ($104.70 in chips) 
Seat 3: Weewillis101 ($99.27 in chips) 
Seat 4: BGS013 ($100 in chips) 
Seat 5: z00mba ($113.71 in chips) 
Seat 6: straight77777 ($9.36 in chips) 
henri789: posts small blind $0.50
Weewillis101: posts big blind $1
*** HOLE CARDS ***
BGS013: folds 
z00mba: folds 
straight77777: calls $1
franco232315: folds 
henri789: folds 
Weewillis101: checks 
*** FLOP *** [8c 5d Ks]
Weewillis101: checks 
straight77777: checks 
*** TURN *** [8c 5d Ks] [Ad]
Weewillis101: checks 
straight77777: checks 
*** RIVER *** [8c 5d Ks Ad] [8s]
Weewillis101: bets $1
straight77777: folds 
Uncalled bet ($1) returned to Weewillis101
Weewillis101 collected $2.38 from pot
*** SUMMARY ***
Total pot $2.50 | Rake $0.12 
Board [8c 5d Ks Ad 8s]
Seat 1: franco232315 (button) folded before Flop (didn't bet)
Seat 2: henri789 (small blind) folded before Flop
Seat 3: Weewillis101 (big blind) collected ($2.38)
Seat 4: BGS013 folded before Flop (didn't bet)
Seat 5: z00mba folded before Flop (didn't bet)
Seat 6: straight77777 folded on the River



PokerStars Hand #254472904761:  Hold'em No Limit ($0.50/$1.00 USD) - 2025/01/20 20:11:05 WET [2025/01/20 15:11:05 ET]
Table 'Dawn IV' 6-max Seat #3 is the button
Seat 1: franco232315 ($115.44 in chips) 
Seat 2: henri789 ($104.20 in chips) 
Seat 3: Weewillis101 ($100.15 in chips) 
Seat 4: BGS013 ($100 in chips) 
Seat 5: z00mba ($115.21 in chips) 
Seat 6: straight77777 ($8.36 in chips) 
BGS013: posts small blind $0.50
z00mba: posts big blind $1
*** HOLE CARDS ***
straight77777: raises $2.50 to $3.50
franco232315: folds 
henri789: folds 
Weewillis101: raises $4.50 to $8
BGS013: folds 
z00mba: folds 
straight77777: raises $0.36 to $8.36 and is all-in
Weewillis101: calls $0.36
*** FLOP *** [9s 2s 7s]
*** TURN *** [9s 2s 7s] [9h]
*** RIVER *** [9s 2s 7s 9h] [5c]
*** SHOW DOWN ***
straight77777: shows [6s 6c] (two pair, Nines and Sixes)
Weewillis101: shows [Kh Kd] (two pair, Kings and Nines)
Weewillis101 collected $17.31 from pot
*** SUMMARY ***
Total pot $18.22 | Rake $0.91 
Board [9s 2s 7s 9h 5c]
Seat 1: franco232315 folded before Flop (didn't bet)
Seat 2: henri789 folded before Flop (didn't bet)
Seat 3: Weewillis101 (button) showed [Kh Kd] and won ($17.31) with two pair, Kings and Nines
Seat 4: BGS013 (small blind) folded before Flop
Seat 5: z00mba (big blind) folded before Flop
Seat 6: straight77777 showed [6s 6c] and lost with two pair, Nines and Sixes



PokerStars Hand #254472917372:  Hold'em No Limit ($0.50/$1.00 USD) - 2025/01/20 20:11:44 WET [2025/01/20 15:11:44 ET]
Table 'Dawn IV' 6-max Seat #4 is the button
Seat 6: straight77777 ($0 in chips) is sitting out
Seat 1: franco232315 ($115.44 in chips) 
Seat 2: henri789 ($104.20 in chips) 
Seat 3: Weewillis101 ($109.10 in chips) 
Seat 4: BGS013 ($100 in chips) 
Seat 5: z00mba ($114.21 in chips) 
z00mba: posts small blind $0.50
franco232315: posts big blind $1
*** HOLE CARDS ***
henri789: raises $1.50 to $2.50
Weewillis101: calls $2.50
BGS013: raises $7.50 to $10
z00mba: folds 
franco232315: folds 
henri789: folds 
Weewillis101: calls $7.50
*** FLOP *** [8d 7s 5s]
Weewillis101: checks 
BGS013: bets $5.93
Weewillis101: calls $5.93
*** TURN *** [8d 7s 5s] [2c]
Weewillis101: checks 
BGS013: checks 
*** RIVER *** [8d 7s 5s 2c] [Tc]
Weewillis101: bets $17.04
BGS013: calls $17.04
*** SHOW DOWN ***
Weewillis101: shows [6s 6c] (a pair of Sixes)
BGS013: mucks hand 
Weewillis101 collected $67.44 from pot
*** SUMMARY ***
Total pot $69.94 | Rake $2.50 
Board [8d 7s 5s 2c Tc]
Seat 6: straight77777
Seat 1: franco232315 (big blind) folded before Flop
Seat 2: henri789 folded before Flop
Seat 3: Weewillis101 showed [6s 6c] and won ($67.44) with a pair of Sixes
Seat 4: BGS013 (button) mucked
Seat 5: z00mba (small blind) folded before Flop



PokerStars Hand #254472933976:  Hold'em No Limit ($0.50/$1.00 USD) - 2025/01/20 20:12:34 WET [2025/01/20 15:12:34 ET]
Table 'Dawn IV' 6-max Seat #5 is the button
Seat 6: straight77777 ($12 in chips) is sitting out
Seat 1: franco232315 ($114.44 in chips) 
Seat 2: henri789 ($101.70 in chips) 
Seat 3: Weewillis101 ($143.57 in chips) 
Seat 4: BGS013 ($100 in chips) 
Seat 5: z00mba ($113.71 in chips) 
franco232315: posts small blind $0.50
henri789: posts big blind $1
*** HOLE CARDS ***
Weewillis101: raises $2 to $3
BGS013: folds 
z00mba: folds 
franco232315: folds 
henri789: calls $2
*** FLOP *** [6d 4d 7s]
henri789: checks 
Weewillis101: bets $3.09
henri789: folds 
Uncalled bet ($3.09) returned to Weewillis101
Weewillis101 collected $6.18 from pot
*** SUMMARY ***
Total pot $6.50 | Rake $0.32 
Board [6d 4d 7s]
Seat 6: straight77777
Seat 1: franco232315 (small blind) folded before Flop
Seat 2: henri789 (big blind) folded on the Flop
Seat 3: Weewillis101 collected ($6.18)
Seat 4: BGS013 folded before Flop (didn't bet)
Seat 5: z00mba (button) folded before Flop (didn't bet)



PokerStars Hand #254472944354:  Hold'em No Limit ($0.50/$1.00 USD) - 2025/01/20 20:13:05 WET [2025/01/20 15:13:05 ET]
Table 'Dawn IV' 6-max Seat #1 is the button
Seat 1: franco232315 ($113.94 in chips) 
Seat 2: henri789 ($100 in chips) 
Seat 3: Weewillis101 ($146.75 in chips) 
Seat 4: BGS013 ($100 in chips) 
Seat 5: z00mba ($113.71 in chips) 
Seat 6: straight77777 ($12 in chips) 
henri789: posts small blind $0.50
Weewillis101: posts big blind $1
straight77777: posts small & big blinds $1.50
*** HOLE CARDS ***
BGS013: folds 
z00mba: folds 
straight77777: checks 
franco232315: folds 
henri789: folds 
Weewillis101: checks 
*** FLOP *** [6c 4s 8d]
Weewillis101: bets $1.43
straight77777 is disconnected 
straight77777 is connected 
straight77777: folds 
Uncalled bet ($1.43) returned to Weewillis101
Weewillis101 collected $2.85 from pot
*** SUMMARY ***
Total pot $3 | Rake $0.15 
Board [6c 4s 8d]
Seat 1: franco232315 (button) folded before Flop (didn't bet)
Seat 2: henri789 (small blind) folded before Flop
Seat 3: Weewillis101 (big blind) collected ($2.85)
Seat 4: BGS013 folded before Flop (didn't bet)
Seat 5: z00mba folded before Flop (didn't bet)
Seat 6: straight77777 folded on the Flop (didn't bet)



PokerStars Hand #254472966582:  Hold'em No Limit ($0.50/$1.00 USD) - 2025/01/20 20:14:13 WET [2025/01/20 15:14:13 ET]
Table 'Dawn IV' 6-max Seat #2 is the button
Seat 1: franco232315 ($113.94 in chips) 
Seat 2: henri789 ($100 in chips) 
Seat 3: Weewillis101 ($148.60 in chips) 
Seat 4: BGS013 ($100 in chips) 
Seat 5: z00mba ($113.71 in chips) 
Seat 6: straight77777 ($10.50 in chips) 
Weewillis101: posts small blind $0.50
BGS013: posts big blind $1
*** HOLE CARDS ***
z00mba: folds 
straight77777: raises $1 to $2
franco232315: calls $2
henri789: folds 
Weewillis101: folds 
BGS013: folds 
*** FLOP *** [5h 9s Ks]
straight77777 is disconnected 
straight77777 is connected 
straight77777 has timed out
straight77777: checks 
franco232315: checks 
*** TURN *** [5h 9s Ks] [Kc]
straight77777: bets $2.61
franco232315: folds 
Uncalled bet ($2.61) returned to straight77777
straight77777 collected $5.22 from pot
*** SUMMARY ***
Total pot $5.50 | Rake $0.28 
Board [5h 9s Ks Kc]
Seat 1: franco232315 folded on the Turn
Seat 2: henri789 (button) folded before Flop (didn't bet)
Seat 3: Weewillis101 (small blind) folded before Flop
Seat 4: BGS013 (big blind) folded before Flop
Seat 5: z00mba folded before Flop (didn't bet)
Seat 6: straight77777 collected ($5.22)



PokerStars Hand #254472997762:  Hold'em No Limit ($0.50/$1.00 USD) - 2025/01/20 20:15:47 WET [2025/01/20 15:15:47 ET]
Table 'Dawn IV' 6-max Seat #3 is the button
Seat 1: franco232315 ($111.94 in chips) 
Seat 2: henri789 ($100 in chips) 
Seat 3: Weewillis101 ($148.10 in chips) 
Seat 4: BGS013 ($100 in chips) 
Seat 5: z00mba ($113.71 in chips) 
Seat 6: straight77777 ($13.72 in chips) 
BGS013: posts small blind $0.50
z00mba: posts big blind $1
*** HOLE CARDS ***
straight77777 has timed out
straight77777: folds 
franco232315: folds 
henri789: folds 
Weewillis101: raises $2 to $3
straight77777 is disconnected 
BGS013: raises $8 to $11
z00mba: folds 
Weewillis101: folds 
Uncalled bet ($8) returned to BGS013
BGS013 collected $7 from pot
BGS013: doesn't show hand 
*** SUMMARY ***
Total pot $7 | Rake $0 
Seat 1: franco232315 folded before Flop (didn't bet)
Seat 2: henri789 folded before Flop (didn't bet)
Seat 3: Weewillis101 (button) folded before Flop
Seat 4: BGS013 (small blind) collected ($7)
Seat 5: z00mba (big blind) folded before Flop
Seat 6: straight77777 folded before Flop (didn't bet)



PokerStars Hand #254473010811:  Hold'em No Limit ($0.50/$1.00 USD) - 2025/01/20 20:16:26 WET [2025/01/20 15:16:26 ET]
Table 'Dawn IV' 6-max Seat #4 is the button
Seat 6: straight77777 ($13.72 in chips) is sitting out
Seat 1: franco232315 ($111.94 in chips) 
Seat 2: henri789 ($100 in chips) 
Seat 3: Weewillis101 ($145.10 in chips) 
Seat 4: BGS013 ($104 in chips) 
Seat 5: z00mba ($112.71 in chips) 
z00mba: posts small blind $0.50
franco232315: posts big blind $1
*** HOLE CARDS ***
henri789: raises $1.50 to $2.50
Weewillis101: folds 
BGS013: folds 
z00mba: folds 
franco232315: folds 
Uncalled bet ($1.50) returned to henri789
henri789 collected $2.50 from pot
henri789: doesn't show hand 
*** SUMMARY ***
Total pot $2.50 | Rake $0 
Seat 6: straight77777
Seat 1: franco232315 (big blind) folded before Flop
Seat 2: henri789 collected ($2.50)
Seat 3: Weewillis101 folded before Flop (didn't bet)
Seat 4: BGS013 (button) folded before Flop (didn't bet)
Seat 5: z00mba (small blind) folded before Flop



PokerStars Hand #254473015154:  Hold'em No Limit ($0.50/$1.00 USD) - 2025/01/20 20:16:40 WET [2025/01/20 15:16:40 ET]
Table 'Dawn IV' 6-max Seat #5 is the button
Seat 6: straight77777 ($13.72 in chips) is sitting out
Seat 1: franco232315 ($110.94 in chips) 
Seat 2: henri789 ($101.50 in chips) 
Seat 3: Weewillis101 ($145.10 in chips) 
Seat 4: BGS013 ($104 in chips) 
Seat 5: z00mba ($112.21 in chips) 
franco232315: posts small blind $0.50
henri789: posts big blind $1
*** HOLE CARDS ***
Weewillis101: raises $2 to $3
BGS013: folds 
z00mba: folds 
franco232315: folds 
henri789: folds 
Uncalled bet ($2) returned to Weewillis101
Weewillis101 collected $2.50 from pot
*** SUMMARY ***
Total pot $2.50 | Rake $0 
Seat 6: straight77777
Seat 1: franco232315 (small blind) folded before Flop
Seat 2: henri789 (big blind) folded before Flop
Seat 3: Weewillis101 collected ($2.50)
Seat 4: BGS013 folded before Flop (didn't bet)
Seat 5: z00mba (button) folded before Flop (didn't bet)



PokerStars Hand #254473019476:  Hold'em No Limit ($0.50/$1.00 USD) - 2025/01/20 20:16:52 WET [2025/01/20 15:16:52 ET]
Table 'Dawn IV' 6-max Seat #1 is the button
Seat 6: straight77777 ($13.72 in chips) is sitting out
Seat 1: franco232315 ($110.44 in chips) 
Seat 2: henri789 ($100.50 in chips) 
Seat 3: Weewillis101 ($146.60 in chips) 
Seat 4: BGS013 ($104 in chips) 
Seat 5: z00mba ($112.21 in chips) 
henri789: posts small blind $0.50
Weewillis101: posts big blind $1
*** HOLE CARDS ***
BGS013: folds 
z00mba: raises $1.50 to $2.50
franco232315: folds 
henri789: folds 
Weewillis101: folds 
Uncalled bet ($1.50) returned to z00mba
z00mba collected $2.50 from pot
z00mba: doesn't show hand 
*** SUMMARY ***
Total pot $2.50 | Rake $0 
Seat 6: straight77777
Seat 1: franco232315 (button) folded before Flop (didn't bet)
Seat 2: henri789 (small blind) folded before Flop
Seat 3: Weewillis101 (big blind) folded before Flop
Seat 4: BGS013 folded before Flop (didn't bet)
Seat 5: z00mba collected ($2.50)



PokerStars Hand #254473027563:  Hold'em No Limit ($0.50/$1.00 USD) - 2025/01/20 20:17:17 WET [2025/01/20 15:17:17 ET]
Table 'Dawn IV' 6-max Seat #2 is the button
Seat 6: straight77777 ($13.72 in chips) is sitting out
Seat 1: franco232315 ($110.44 in chips) 
Seat 2: henri789 ($100 in chips) 
Seat 3: Weewillis101 ($145.60 in chips) 
Seat 4: BGS013 ($104 in chips) 
Seat 5: z00mba ($113.71 in chips) 
Weewillis101: posts small blind $0.50
BGS013: posts big blind $1
*** HOLE CARDS ***
z00mba: folds 
franco232315: raises $1.50 to $2.50
henri789: folds 
Weewillis101: calls $2
BGS013: folds 
*** FLOP *** [Js 9c 3d]
Weewillis101: checks 
franco232315: bets $8.55
Weewillis101: raises $10.55 to $19.10
franco232315: calls $10.55
*** TURN *** [Js 9c 3d] [Th]
Weewillis101: checks 
franco232315: checks 
*** RIVER *** [Js 9c 3d Th] [Qd]
Weewillis101: bets $21
franco232315: folds 
Uncalled bet ($21) returned to Weewillis101
Weewillis101 collected $41.99 from pot
*** SUMMARY ***
Total pot $44.20 | Rake $2.21 
Board [Js 9c 3d Th Qd]
Seat 6: straight77777
Seat 1: franco232315 folded on the River
Seat 2: henri789 (button) folded before Flop (didn't bet)
Seat 3: Weewillis101 (small blind) collected ($41.99)
Seat 4: BGS013 (big blind) folded before Flop
Seat 5: z00mba folded before Flop (didn't bet)



PokerStars Hand #254473051165:  Hold'em No Limit ($0.50/$1.00 USD) - 2025/01/20 20:18:28 WET [2025/01/20 15:18:28 ET]
Table 'Dawn IV' 6-max Seat #3 is the button
Seat 6: straight77777 ($13.72 in chips) is sitting out
Seat 1: franco232315 ($100 in chips) 
Seat 2: henri789 ($100 in chips) 
Seat 3: Weewillis101 ($165.99 in chips) 
Seat 4: BGS013 ($103 in chips) 
Seat 5: z00mba ($113.71 in chips) 
BGS013: posts small blind $0.50
z00mba: posts big blind $1
*** HOLE CARDS ***
franco232315: folds 
henri789: folds 
Weewillis101: folds 
BGS013: raises $2 to $3
z00mba: calls $2
*** FLOP *** [8c Ah 5h]
BGS013: checks 
z00mba: checks 
*** TURN *** [8c Ah 5h] [3h]
BGS013: bets $3.14
z00mba: folds 
Uncalled bet ($3.14) returned to BGS013
BGS013 collected $5.70 from pot
BGS013: doesn't show hand 
*** SUMMARY ***
Total pot $6 | Rake $0.30 
Board [8c Ah 5h 3h]
Seat 6: straight77777
Seat 1: franco232315 folded before Flop (didn't bet)
Seat 2: henri789 folded before Flop (didn't bet)
Seat 3: Weewillis101 (button) folded before Flop (didn't bet)
Seat 4: BGS013 (small blind) collected ($5.70)
Seat 5: z00mba (big blind) folded on the Turn



PokerStars Hand #254473063551:  Hold'em No Limit ($0.50/$1.00 USD) - 2025/01/20 20:19:06 WET [2025/01/20 15:19:06 ET]
Table 'Dawn IV' 6-max Seat #4 is the button
Seat 6: straight77777 ($13.72 in chips) is sitting out
Seat 1: franco232315 ($100 in chips) 
Seat 2: henri789 ($100 in chips) 
Seat 3: Weewillis101 ($165.99 in chips) 
Seat 4: BGS013 ($105.70 in chips) 
Seat 5: z00mba ($110.71 in chips) 
z00mba: posts small blind $0.50
franco232315: posts big blind $1
*** HOLE CARDS ***
henri789: folds 
Weewillis101: folds 
BGS013: folds 
z00mba: folds 
Uncalled bet ($0.50) returned to franco232315
franco232315 collected $1 from pot
franco232315: doesn't show hand 
*** SUMMARY ***
Total pot $1 | Rake $0 
Seat 6: straight77777
Seat 1: franco232315 (big blind) collected ($1)
Seat 2: henri789 folded before Flop (didn't bet)
Seat 3: Weewillis101 folded before Flop (didn't bet)
Seat 4: BGS013 (button) folded before Flop (didn't bet)
Seat 5: z00mba (small blind) folded before Flop



PokerStars Hand #254473071215:  Hold'em No Limit ($0.50/$1.00 USD) - 2025/01/20 20:19:29 WET [2025/01/20 15:19:29 ET]
Table 'Dawn IV' 6-max Seat #5 is the button
Seat 6: straight77777 ($13.72 in chips) is sitting out
Seat 1: franco232315 ($100.50 in chips) 
Seat 2: henri789 ($100 in chips) 
Seat 3: Weewillis101 ($165.99 in chips) 
Seat 4: BGS013 ($105.70 in chips) 
Seat 5: z00mba ($110.21 in chips) 
franco232315: posts small blind $0.50
henri789: posts big blind $1
*** HOLE CARDS ***
Weewillis101: raises $2 to $3
BGS013: folds 
z00mba: folds 
franco232315: folds 
henri789: folds 
Uncalled bet ($2) returned to Weewillis101
Weewillis101 collected $2.50 from pot
*** SUMMARY ***
Total pot $2.50 | Rake $0 
Seat 6: straight77777
Seat 1: franco232315 (small blind) folded before Flop
Seat 2: henri789 (big blind) folded before Flop
Seat 3: Weewillis101 collected ($2.50)
Seat 4: BGS013 folded before Flop (didn't bet)
Seat 5: z00mba (button) folded before Flop (didn't bet)



PokerStars Hand #254473077045:  Hold'em No Limit ($0.50/$1.00 USD) - 2025/01/20 20:19:46 WET [2025/01/20 15:19:46 ET]
Table 'Dawn IV' 6-max Seat #1 is the button
Seat 6: straight77777 ($13.72 in chips) is sitting out
Seat 1: franco232315 ($100 in chips) 
Seat 2: henri789 ($100 in chips) 
Seat 3: Weewillis101 ($167.49 in chips) 
Seat 4: BGS013 ($105.70 in chips) 
Seat 5: z00mba ($110.21 in chips) 
henri789: posts small blind $0.50
Weewillis101: posts big blind $1
*** HOLE CARDS ***
BGS013: folds 
z00mba: folds 
franco232315: folds 
henri789: folds 
Uncalled bet ($0.50) returned to Weewillis101
Weewillis101 collected $1 from pot
*** SUMMARY ***
Total pot $1 | Rake $0 
Seat 6: straight77777
Seat 1: franco232315 (button) folded before Flop (didn't bet)
Seat 2: henri789 (small blind) folded before Flop
Seat 3: Weewillis101 (big blind) collected ($1)
Seat 4: BGS013 folded before Flop (didn't bet)
Seat 5: z00mba folded before Flop (didn't bet)



PokerStars Hand #254473081234:  Hold'em No Limit ($0.50/$1.00 USD) - 2025/01/20 20:19:59 WET [2025/01/20 15:19:59 ET]
Table 'Dawn IV' 6-max Seat #2 is the button
Seat 6: straight77777 ($13.72 in chips) is sitting out
Seat 1: franco232315 ($100 in chips) 
Seat 2: henri789 ($100 in chips) 
Seat 3: Weewillis101 ($167.99 in chips) 
Seat 4: BGS013 ($105.70 in chips) 
Seat 5: z00mba ($110.21 in chips) 
Weewillis101: posts small blind $0.50
BGS013: posts big blind $1
*** HOLE CARDS ***
z00mba: raises $1.50 to $2.50
franco232315: folds 
henri789: folds 
Weewillis101: calls $2
BGS013: folds 
*** FLOP *** [5s Ad 6c]
Weewillis101: checks 
z00mba: checks 
*** TURN *** [5s Ad 6c] [6h]
Weewillis101: checks 
z00mba: checks 
*** RIVER *** [5s Ad 6c 6h] [Jd]
Weewillis101: bets $2.85
z00mba: calls $2.85
*** SHOW DOWN ***
Weewillis101: shows [Tc Ac] (two pair, Aces and Sixes)
z00mba: shows [Ah 4h] (two pair, Aces and Sixes)
Weewillis101 collected $5.56 from pot
z00mba collected $5.56 from pot
*** SUMMARY ***
Total pot $11.70 | Rake $0.58 
Board [5s Ad 6c 6h Jd]
Seat 6: straight77777
Seat 1: franco232315 folded before Flop (didn't bet)
Seat 2: henri789 (button) folded before Flop (didn't bet)
Seat 3: Weewillis101 (small blind) showed [Tc Ac] and won ($5.56) with two pair, Aces and Sixes
Seat 4: BGS013 (big blind) folded before Flop
Seat 5: z00mba showed [Ah 4h] and won ($5.56) with two pair, Aces and Sixes



PokerStars Hand #254473097218:  Hold'em No Limit ($0.50/$1.00 USD) - 2025/01/20 20:20:47 WET [2025/01/20 15:20:47 ET]
Table 'Dawn IV' 6-max Seat #3 is the button
Seat 6: straight77777 ($13.72 in chips) is sitting out
Seat 1: franco232315 ($100 in chips) 
Seat 2: henri789 ($100 in chips) 
Seat 3: Weewillis101 ($168.20 in chips) 
Seat 4: BGS013 ($104.70 in chips) 
Seat 5: z00mba ($110.42 in chips) 
BGS013: posts small blind $0.50
z00mba: posts big blind $1
straight77777: sits out 
*** HOLE CARDS ***
franco232315: folds 
henri789: folds 
Weewillis101: calls $1
BGS013: folds 
z00mba: checks 
*** FLOP *** [As 7d 6s]
z00mba: checks 
Weewillis101: bets $2.19
z00mba: calls $2.19
*** TURN *** [As 7d 6s] [2s]
z00mba: checks 
Weewillis101: checks 
*** RIVER *** [As 7d 6s 2s] [Ac]
z00mba: checks 
Weewillis101: checks 
*** SHOW DOWN ***
z00mba: shows [9h 6d] (two pair, Aces and Sixes)
Weewillis101: shows [8c 7h] (two pair, Aces and Sevens)
Weewillis101 collected $6.54 from pot
*** SUMMARY ***
Total pot $6.88 | Rake $0.34 
Board [As 7d 6s 2s Ac]
Seat 6: straight77777
Seat 1: franco232315 folded before Flop (didn't bet)
Seat 2: henri789 folded before Flop (didn't bet)
Seat 3: Weewillis101 (button) showed [8c 7h] and won ($6.54) with two pair, Aces and Sevens
Seat 4: BGS013 (small blind) folded before Flop
Seat 5: z00mba (big blind) showed [9h 6d] and lost with two pair, Aces and Sixes



PokerStars Hand #254473116061:  Hold'em No Limit ($0.50/$1.00 USD) - 2025/01/20 20:21:44 WET [2025/01/20 15:21:44 ET]
Table 'Dawn IV' 6-max Seat #4 is the button
Seat 1: franco232315 ($100 in chips) 
Seat 2: henri789 ($100 in chips) 
Seat 3: Weewillis101 ($171.55 in chips) 
Seat 4: BGS013 ($104.20 in chips) 
Seat 5: z00mba ($107.23 in chips) 
Seat 6: straight77777 ($13.72 in chips) 
z00mba: posts small blind $0.50
straight77777: posts big blind $1
*** HOLE CARDS ***
franco232315: raises $1.20 to $2.20
henri789: folds 
Weewillis101: folds 
BGS013: folds 
z00mba: folds 
straight77777: calls $1.20
*** FLOP *** [Qh 2s 7d]
straight77777: checks 
franco232315: bets $1.54
straight77777: folds 
Uncalled bet ($1.54) returned to franco232315
franco232315 collected $4.66 from pot
franco232315: doesn't show hand 
*** SUMMARY ***
Total pot $4.90 | Rake $0.24 
Board [Qh 2s 7d]
Seat 1: franco232315 collected ($4.66)
Seat 2: henri789 folded before Flop (didn't bet)
Seat 3: Weewillis101 folded before Flop (didn't bet)
Seat 4: BGS013 (button) folded before Flop (didn't bet)
Seat 5: z00mba (small blind) folded before Flop
Seat 6: straight77777 (big blind) folded on the Flop



PokerStars Hand #254473130506:  Hold'em No Limit ($0.50/$1.00 USD) - 2025/01/20 20:22:28 WET [2025/01/20 15:22:28 ET]
Table 'Dawn IV' 6-max Seat #5 is the button
Seat 1: franco232315 ($102.46 in chips) 
Seat 2: henri789 ($100 in chips) 
Seat 3: Weewillis101 ($171.55 in chips) 
Seat 4: BGS013 ($104.20 in chips) 
Seat 5: z00mba ($106.73 in chips) 
Seat 6: straight77777 ($11.52 in chips) 
straight77777: posts small blind $0.50
franco232315: posts big blind $1
*** HOLE CARDS ***
henri789: folds 
Weewillis101: raises $2 to $3
BGS013: folds 
z00mba: folds 
straight77777: raises $8.52 to $11.52 and is all-in
franco232315: raises $15.48 to $27
Weewillis101: folds 
Uncalled bet ($15.48) returned to franco232315
*** FLOP *** [7d 2d Ks]
*** TURN *** [7d 2d Ks] [Th]
*** RIVER *** [7d 2d Ks Th] [9s]
*** SHOW DOWN ***
straight77777: shows [Ac Kc] (a pair of Kings)
franco232315: shows [Qd Qc] (a pair of Queens)
straight77777 collected $24.74 from pot
*** SUMMARY ***
Total pot $26.04 | Rake $1.30 
Board [7d 2d Ks Th 9s]
Seat 1: franco232315 (big blind) showed [Qd Qc] and lost with a pair of Queens
Seat 2: henri789 folded before Flop (didn't bet)
Seat 3: Weewillis101 folded before Flop
Seat 4: BGS013 folded before Flop (didn't bet)
Seat 5: z00mba (button) folded before Flop (didn't bet)
Seat 6: straight77777 (small blind) showed [Ac Kc] and won ($24.74) with a pair of Kings



PokerStars Hand #254473146762:  Hold'em No Limit ($0.50/$1.00 USD) - 2025/01/20 20:23:17 WET [2025/01/20 15:23:17 ET]
Table 'Dawn IV' 6-max Seat #6 is the button
Seat 1: franco232315 ($100 in chips) 
Seat 2: henri789 ($100 in chips) 
Seat 3: Weewillis101 ($168.55 in chips) 
Seat 4: BGS013 ($104.20 in chips) 
Seat 5: z00mba ($106.73 in chips) 
Seat 6: straight77777 ($24.74 in chips) 
franco232315: posts small blind $0.50
henri789: posts big blind $1
*** HOLE CARDS ***
Weewillis101: raises $2 to $3
BGS013: folds 
z00mba: folds 
straight77777: folds 
franco232315: folds 
henri789: folds 
Uncalled bet ($2) returned to Weewillis101
Weewillis101 collected $2.50 from pot
*** SUMMARY ***
Total pot $2.50 | Rake $0 
Seat 1: franco232315 (small blind) folded before Flop
Seat 2: henri789 (big blind) folded before Flop
Seat 3: Weewillis101 collected ($2.50)
Seat 4: BGS013 folded before Flop (didn't bet)
Seat 5: z00mba folded before Flop (didn't bet)
Seat 6: straight77777 (button) folded before Flop (didn't bet)



PokerStars Hand #254473155292:  Hold'em No Limit ($0.50/$1.00 USD) - 2025/01/20 20:23:43 WET [2025/01/20 15:23:43 ET]
Table 'Dawn IV' 6-max Seat #1 is the button
Seat 1: franco232315 ($100 in chips) 
Seat 2: henri789 ($100 in chips) 
Seat 3: Weewillis101 ($170.05 in chips) 
Seat 4: BGS013 ($104.20 in chips) 
Seat 5: z00mba ($106.73 in chips) 
Seat 6: straight77777 ($24.74 in chips) 
henri789: posts small blind $0.50
Weewillis101: posts big blind $1
*** HOLE CARDS ***
BGS013: folds 
z00mba: folds 
straight77777: folds 
franco232315: raises $1.50 to $2.50
henri789: folds 
Weewillis101: folds 
Uncalled bet ($1.50) returned to franco232315
franco232315 collected $2.50 from pot
franco232315: doesn't show hand 
*** SUMMARY ***
Total pot $2.50 | Rake $0 
Seat 1: franco232315 (button) collected ($2.50)
Seat 2: henri789 (small blind) folded before Flop
Seat 3: Weewillis101 (big blind) folded before Flop
Seat 4: BGS013 folded before Flop (didn't bet)
Seat 5: z00mba folded before Flop (didn't bet)
Seat 6: straight77777 folded before Flop (didn't bet)



PokerStars Hand #254473161556:  Hold'em No Limit ($0.50/$1.00 USD) - 2025/01/20 20:24:02 WET [2025/01/20 15:24:02 ET]
Table 'Dawn IV' 6-max Seat #2 is the button
Seat 1: franco232315 ($101.50 in chips) 
Seat 2: henri789 ($100 in chips) 
Seat 3: Weewillis101 ($169.05 in chips) 
Seat 4: BGS013 ($104.20 in chips) 
Seat 5: z00mba ($106.73 in chips) 
Seat 6: straight77777 ($24.74 in chips) 
Weewillis101: posts small blind $0.50
BGS013: posts big blind $1
*** HOLE CARDS ***
z00mba: folds 
straight77777: calls $1
franco232315: folds 
henri789: folds 
Weewillis101: calls $0.50
BGS013: checks 
*** FLOP *** [6d 8d 7d]
Weewillis101: bets $2.85
BGS013: folds 
straight77777: folds 
Uncalled bet ($2.85) returned to Weewillis101
Weewillis101 collected $2.85 from pot
*** SUMMARY ***
Total pot $3 | Rake $0.15 
Board [6d 8d 7d]
Seat 1: franco232315 folded before Flop (didn't bet)
Seat 2: henri789 (button) folded before Flop (didn't bet)
Seat 3: Weewillis101 (small blind) collected ($2.85)
Seat 4: BGS013 (big blind) folded on the Flop
Seat 5: z00mba folded before Flop (didn't bet)
Seat 6: straight77777 folded on the Flop



PokerStars Hand #254473174317:  Hold'em No Limit ($0.50/$1.00 USD) - 2025/01/20 20:24:40 WET [2025/01/20 15:24:40 ET]
Table 'Dawn IV' 6-max Seat #3 is the button
Seat 1: franco232315 ($101.50 in chips) 
Seat 2: henri789 ($100 in chips) 
Seat 3: Weewillis101 ($170.90 in chips) 
Seat 4: BGS013 ($103.20 in chips) 
Seat 5: z00mba ($106.73 in chips) 
Seat 6: straight77777 ($23.74 in chips) 
BGS013: posts small blind $0.50
z00mba: posts big blind $1
*** HOLE CARDS ***
straight77777: folds 
franco232315: folds 
henri789: raises $1.50 to $2.50
Weewillis101: folds 
BGS013: folds 
z00mba: folds 
Uncalled bet ($1.50) returned to henri789
henri789 collected $2.50 from pot
henri789: doesn't show hand 
*** SUMMARY ***
Total pot $2.50 | Rake $0 
Seat 1: franco232315 folded before Flop (didn't bet)
Seat 2: henri789 collected ($2.50)
Seat 3: Weewillis101 (button) folded before Flop (didn't bet)
Seat 4: BGS013 (small blind) folded before Flop
Seat 5: z00mba (big blind) folded before Flop
Seat 6: straight77777 folded before Flop (didn't bet)



PokerStars Hand #254473180867:  Hold'em No Limit ($0.50/$1.00 USD) - 2025/01/20 20:25:00 WET [2025/01/20 15:25:00 ET]
Table 'Dawn IV' 6-max Seat #4 is the button
Seat 1: franco232315 ($101.50 in chips) 
Seat 2: henri789 ($101.50 in chips) 
Seat 3: Weewillis101 ($170.90 in chips) 
Seat 4: BGS013 ($102.70 in chips) 
Seat 5: z00mba ($105.73 in chips) 
Seat 6: straight77777 ($23.74 in chips) 
z00mba: posts small blind $0.50
straight77777: posts big blind $1
*** HOLE CARDS ***
franco232315: folds 
henri789: folds 
Weewillis101: raises $2 to $3
BGS013: raises $5 to $8
z00mba: folds 
straight77777: folds 
Weewillis101: calls $5
*** FLOP *** [7d Ac 3h]
Weewillis101: checks 
BGS013: bets $4.32
Weewillis101: calls $4.32
*** TURN *** [7d Ac 3h] [7s]
Weewillis101: checks 
BGS013: checks 
*** RIVER *** [7d Ac 3h 7s] [Ts]
Weewillis101: bets $12.42
BGS013: calls $12.42
*** SHOW DOWN ***
Weewillis101: shows [5h 5d] (two pair, Sevens and Fives)
BGS013: shows [9c 9d] (two pair, Nines and Sevens)
BGS013 collected $48.48 from pot
*** SUMMARY ***
Total pot $50.98 | Rake $2.50 
Board [7d Ac 3h 7s Ts]
Seat 1: franco232315 folded before Flop (didn't bet)
Seat 2: henri789 folded before Flop (didn't bet)
Seat 3: Weewillis101 showed [5h 5d] and lost with two pair, Sevens and Fives
Seat 4: BGS013 (button) showed [9c 9d] and won ($48.48) with two pair, Nines and Sevens
Seat 5: z00mba (small blind) folded before Flop
Seat 6: straight77777 (big blind) folded before Flop



PokerStars Hand #254473199883:  Hold'em No Limit ($0.50/$1.00 USD) - 2025/01/20 20:25:58 WET [2025/01/20 15:25:58 ET]
Table 'Dawn IV' 6-max Seat #5 is the button
Seat 1: franco232315 ($101.50 in chips) 
Seat 2: henri789 ($101.50 in chips) 
Seat 3: Weewillis101 ($146.16 in chips) 
Seat 4: BGS013 ($126.44 in chips) 
Seat 5: z00mba ($105.23 in chips) 
Seat 6: straight77777 ($22.74 in chips) 
straight77777: posts small blind $0.50
franco232315: posts big blind $1
*** HOLE CARDS ***
henri789: folds 
Weewillis101: raises $2 to $3
BGS013: folds 
z00mba: folds 
straight77777: calls $2.50
franco232315: calls $2
*** FLOP *** [Tc As 7c]
straight77777: checks 
franco232315: checks 
Weewillis101: bets $4.28
straight77777: calls $4.28
franco232315: calls $4.28
*** TURN *** [Tc As 7c] [9c]
straight77777: checks 
franco232315: checks 
Weewillis101: checks 
*** RIVER *** [Tc As 7c 9c] [Qs]
straight77777: bets $15.46 and is all-in
franco232315: folds 
Weewillis101: folds 
Uncalled bet ($15.46) returned to straight77777
straight77777 collected $20.75 from pot
*** SUMMARY ***
Total pot $21.84 | Rake $1.09 
Board [Tc As 7c 9c Qs]
Seat 1: franco232315 (big blind) folded on the River
Seat 2: henri789 folded before Flop (didn't bet)
Seat 3: Weewillis101 folded on the River
Seat 4: BGS013 folded before Flop (didn't bet)
Seat 5: z00mba (button) folded before Flop (didn't bet)
Seat 6: straight77777 (small blind) collected ($20.75)



PokerStars Hand #254473221690:  Hold'em No Limit ($0.50/$1.00 USD) - 2025/01/20 20:27:04 WET [2025/01/20 15:27:04 ET]
Table 'Dawn IV' 6-max Seat #6 is the button
Seat 1: franco232315 ($100 in chips) 
Seat 2: henri789 ($101.50 in chips) 
Seat 3: Weewillis101 ($138.88 in chips) 
Seat 4: BGS013 ($126.44 in chips) 
Seat 5: z00mba ($105.23 in chips) 
Seat 6: straight77777 ($36.21 in chips) 
franco232315: posts small blind $0.50
henri789: posts big blind $1
*** HOLE CARDS ***
Weewillis101: folds 
Weewillis101 leaves the table
BGS013: folds 
z00mba: raises $1.50 to $2.50
straight77777: calls $2.50
franco232315: folds 
henri789: folds 
*** FLOP *** [3c 9d 3h]
z00mba: checks 
straight77777: checks 
*** TURN *** [3c 9d 3h] [5h]
z00mba: checks 
straight77777: bets $3.09
z00mba: folds 
Uncalled bet ($3.09) returned to straight77777
straight77777 collected $6.18 from pot
*** SUMMARY ***
Total pot $6.50 | Rake $0.32 
Board [3c 9d 3h 5h]
Seat 1: franco232315 (small blind) folded before Flop
Seat 2: henri789 (big blind) folded before Flop
Seat 3: Weewillis101 folded before Flop (didn't bet)
Seat 4: BGS013 folded before Flop (didn't bet)
Seat 5: z00mba folded on the Turn
Seat 6: straight77777 (button) collected ($6.18)



PokerStars Hand #254473235548:  Hold'em No Limit ($0.50/$1.00 USD) - 2025/01/20 20:27:46 WET [2025/01/20 15:27:46 ET]
Table 'Dawn IV' 6-max Seat #1 is the button
Seat 1: franco232315 ($100 in chips) 
Seat 2: henri789 ($100.50 in chips) 
Seat 4: BGS013 ($126.44 in chips) 
Seat 5: z00mba ($102.73 in chips) 
Seat 6: straight77777 ($39.89 in chips) 
henri789: posts small blind $0.50
BGS013: posts big blind $1
*** HOLE CARDS ***
z00mba: folds 
straight77777: calls $1
franco232315: folds 
ptolejmus joins the table at seat #3 
henri789: folds 
BGS013: checks 
*** FLOP *** [Ac Jd 3d]
BGS013: checks 
straight77777: bets $2.38
BGS013: folds 
Uncalled bet ($2.38) returned to straight77777
straight77777 collected $2.38 from pot
*** SUMMARY ***
Total pot $2.50 | Rake $0.12 
Board [Ac Jd 3d]
Seat 1: franco232315 (button) folded before Flop (didn't bet)
Seat 2: henri789 (small blind) folded before Flop
Seat 4: BGS013 (big blind) folded on the Flop
Seat 5: z00mba folded before Flop (didn't bet)
Seat 6: straight77777 collected ($2.38)



PokerStars Hand #254473526142:  Hold'em No Limit ($0.50/$1.00 USD) - 2025/01/20 20:42:31 WET [2025/01/20 15:42:31 ET]
Table 'Dawn IV' 6-max Seat #2 is the button
Seat 1: avstero ($100 in chips) 
Seat 2: Tieschum ($40 in chips) 
Seat 3: ptolejmus ($18.93 in chips) 
Seat 4: BGS013 ($125.22 in chips) 
Seat 5: camilinho UC ($38.67 in chips) 
Seat 6: tintin641 ($100.40 in chips) 
ptolejmus: posts small blind $0.50
BGS013: posts big blind $1
*** HOLE CARDS ***
camilinho UC: raises $1 to $2
tintin641: folds 
avstero: folds 
Tieschum: calls $2
ptolejmus: folds 
BGS013: folds 
*** FLOP *** [7d 2s 6s]
camilinho UC: checks 
Tieschum: checks 
*** TURN *** [7d 2s 6s] [5s]
camilinho UC: checks 
Tieschum: bets $4.18
camilinho UC: calls $4.18
*** RIVER *** [7d 2s 6s 5s] [Ks]
camilinho UC: checks 
Tieschum: checks 
*** SHOW DOWN ***
camilinho UC: shows [8c Kc] (a pair of Kings)
Tieschum: shows [8s 9c] (a flush, King high)
Tieschum collected $13.17 from pot
*** SUMMARY ***
Total pot $13.86 | Rake $0.69 
Board [7d 2s 6s 5s Ks]
Seat 1: avstero folded before Flop (didn't bet)
Seat 2: Tieschum (button) showed [8s 9c] and won ($13.17) with a flush, King high
Seat 3: ptolejmus (small blind) folded before Flop
Seat 4: BGS013 (big blind) folded before Flop
Seat 5: camilinho UC showed [8c Kc] and lost with a pair of Kings
Seat 6: tintin641 folded before Flop (didn't bet)



PokerStars Hand #254473539451:  Hold'em No Limit ($0.50/$1.00 USD) - 2025/01/20 20:43:12 WET [2025/01/20 15:43:12 ET]
Table 'Dawn IV' 6-max Seat #3 is the button
Seat 1: avstero ($100 in chips) 
Seat 2: Tieschum ($46.99 in chips) 
Seat 3: ptolejmus ($18.43 in chips) 
Seat 4: BGS013 ($124.22 in chips) 
Seat 5: camilinho UC ($32.49 in chips) 
Seat 6: tintin641 ($100.40 in chips) 
BGS013: posts small blind $0.50
camilinho UC: posts big blind $1
*** HOLE CARDS ***
tintin641: folds 
avstero: raises $1.20 to $2.20
Tieschum: calls $2.20
ptolejmus: folds 
BGS013: folds 
camilinho UC: calls $1.20
*** FLOP *** [Qs 8h Th]
camilinho UC: checks 
avstero: checks 
Tieschum: bets $3.50
camilinho UC: folds 
avstero: calls $3.50
*** TURN *** [Qs 8h Th] [9c]
avstero: checks 
Tieschum: bets $8.50
avstero: raises $85.80 to $94.30 and is all-in
Tieschum: calls $32.79 and is all-in
Uncalled bet ($53.01) returned to avstero
*** RIVER *** [Qs 8h Th 9c] [Js]
*** SHOW DOWN ***
avstero: shows [Jc Kd] (a straight, Nine to King)
Tieschum: shows [Qh Jd] (a straight, Eight to Queen)
avstero collected $94.18 from pot
*** SUMMARY ***
Total pot $96.68 | Rake $2.50 
Board [Qs 8h Th 9c Js]
Seat 1: avstero showed [Jc Kd] and won ($94.18) with a straight, Nine to King
Seat 2: Tieschum showed [Qh Jd] and lost with a straight, Eight to Queen
Seat 3: ptolejmus (button) folded before Flop (didn't bet)
Seat 4: BGS013 (small blind) folded before Flop
Seat 5: camilinho UC (big blind) folded on the Flop
Seat 6: tintin641 folded before Flop (didn't bet)



PokerStars Hand #254473566316:  Hold'em No Limit ($0.50/$1.00 USD) - 2025/01/20 20:44:34 WET [2025/01/20 15:44:34 ET]
Table 'Dawn IV' 6-max Seat #4 is the button
Seat 1: avstero ($147.19 in chips) 
Seat 2: Tieschum ($40 in chips) 
Seat 3: ptolejmus ($18.43 in chips) 
Seat 4: BGS013 ($123.72 in chips) 
Seat 5: camilinho UC ($30.29 in chips) 
Seat 6: tintin641 ($100.40 in chips) 
camilinho UC: posts small blind $0.50
tintin641: posts big blind $1
*** HOLE CARDS ***
avstero: folds 
Tieschum: raises $1.50 to $2.50
ptolejmus: raises $15.93 to $18.43 and is all-in
BGS013: folds 
camilinho UC: folds 
tintin641: folds 
Tieschum: calls $15.93
*** FLOP *** [Kd 6s Ah]
*** TURN *** [Kd 6s Ah] [As]
*** RIVER *** [Kd 6s Ah As] [Js]
*** SHOW DOWN ***
Tieschum: shows [7h 7d] (two pair, Aces and Sevens)
ptolejmus: shows [Jc Tc] (two pair, Aces and Jacks)
ptolejmus collected $36.44 from pot
*** SUMMARY ***
Total pot $38.36 | Rake $1.92 
Board [Kd 6s Ah As Js]
Seat 1: avstero folded before Flop (didn't bet)
Seat 2: Tieschum showed [7h 7d] and lost with two pair, Aces and Sevens
Seat 3: ptolejmus showed [Jc Tc] and won ($36.44) with two pair, Aces and Jacks
Seat 4: BGS013 (button) folded before Flop (didn't bet)
Seat 5: camilinho UC (small blind) folded before Flop
Seat 6: tintin641 (big blind) folded before Flop



PokerStars Hand #254473578423:  Hold'em No Limit ($0.50/$1.00 USD) - 2025/01/20 20:45:10 WET [2025/01/20 15:45:10 ET]
Table 'Dawn IV' 6-max Seat #5 is the button
Seat 1: avstero ($147.19 in chips) 
Seat 2: Tieschum ($23.81 in chips) 
Seat 3: ptolejmus ($36.44 in chips) 
Seat 4: BGS013 ($123.72 in chips) 
Seat 5: camilinho UC ($29.79 in chips) 
Seat 6: tintin641 ($100 in chips) 
tintin641: posts small blind $0.50
avstero: posts big blind $1
*** HOLE CARDS ***
Tieschum: raises $1.50 to $2.50
ptolejmus: raises $2.50 to $5
BGS013: folds 
camilinho UC: folds 
tintin641: folds 
avstero: folds 
Tieschum: calls $2.50
*** FLOP *** [9d Ah As]
Tieschum: checks 
ptolejmus: bets $2.95
Tieschum: calls $2.95
*** TURN *** [9d Ah As] [4d]
Tieschum: checks 
ptolejmus: checks 
*** RIVER *** [9d Ah As 4d] [7s]
Tieschum: bets $15.86 and is all-in
ptolejmus: folds 
Uncalled bet ($15.86) returned to Tieschum
Tieschum collected $16.53 from pot
Tieschum: doesn't show hand 
*** SUMMARY ***
Total pot $17.40 | Rake $0.87 
Board [9d Ah As 4d 7s]
Seat 1: avstero (big blind) folded before Flop
Seat 2: Tieschum collected ($16.53)
Seat 3: ptolejmus folded on the River
Seat 4: BGS013 folded before Flop (didn't bet)
Seat 5: camilinho UC (button) folded before Flop (didn't bet)
Seat 6: tintin641 (small blind) folded before Flop



PokerStars Hand #254473605105:  Hold'em No Limit ($0.50/$1.00 USD) - 2025/01/20 20:46:32 WET [2025/01/20 15:46:32 ET]
Table 'Dawn IV' 6-max Seat #6 is the button
Seat 1: avstero ($146.19 in chips) 
Seat 2: Tieschum ($32.39 in chips) 
Seat 3: ptolejmus ($28.49 in chips) 
Seat 4: BGS013 ($123.72 in chips) 
Seat 5: camilinho UC ($29.79 in chips) 
Seat 6: tintin641 ($100 in chips) 
avstero: posts small blind $0.50
Tieschum: posts big blind $1
*** HOLE CARDS ***
ptolejmus: folds 
BGS013: folds 
camilinho UC: folds 
tintin641: folds 
avstero: folds 
Uncalled bet ($0.50) returned to Tieschum
Tieschum collected $1 from pot
Tieschum: doesn't show hand 
*** SUMMARY ***
Total pot $1 | Rake $0 
Seat 1: avstero (small blind) folded before Flop
Seat 2: Tieschum (big blind) collected ($1)
Seat 3: ptolejmus folded before Flop (didn't bet)
Seat 4: BGS013 folded before Flop (didn't bet)
Seat 5: camilinho UC folded before Flop (didn't bet)
Seat 6: tintin641 (button) folded before Flop (didn't bet)



PokerStars Hand #254473609360:  Hold'em No Limit ($0.50/$1.00 USD) - 2025/01/20 20:46:46 WET [2025/01/20 15:46:46 ET]
Table 'Dawn IV' 6-max Seat #1 is the button
Seat 3: ptolejmus ($28.49 in chips) is sitting out
Seat 1: avstero ($145.69 in chips) 
Seat 2: Tieschum ($32.89 in chips) 
Seat 4: BGS013 ($123.72 in chips) 
Seat 5: camilinho UC ($29.79 in chips) 
Seat 6: tintin641 ($100 in chips) 
Tieschum: posts small blind $0.50
ptolejmus: is sitting out 
BGS013: posts big blind $1
*** HOLE CARDS ***
camilinho UC: raises $1 to $2
ptolejmus leaves the table
tintin641: folds 
avstero: folds 
Tieschum: calls $1.50
BGS013: folds 
*** FLOP *** [6s 8s 5c]
Tieschum: checks 
camilinho UC: checks 
*** TURN *** [6s 8s 5c] [Ad]
Tieschum: checks 
camilinho UC: bets $2.38
Tieschum: folds 
Uncalled bet ($2.38) returned to camilinho UC
camilinho UC collected $4.75 from pot
*** SUMMARY ***
Total pot $5 | Rake $0.25 
Board [6s 8s 5c Ad]
Seat 3: ptolejmus
Seat 1: avstero (button) folded before Flop (didn't bet)
Seat 2: Tieschum (small blind) folded on the Turn
Seat 4: BGS013 (big blind) folded before Flop
Seat 5: camilinho UC collected ($4.75)
Seat 6: tintin641 folded before Flop (didn't bet)



PokerStars Hand #254473620439:  Hold'em No Limit ($0.50/$1.00 USD) - 2025/01/20 20:47:20 WET [2025/01/20 15:47:20 ET]
Table 'Dawn IV' 6-max Seat #2 is the button
Seat 1: avstero ($145.69 in chips) 
Seat 2: Tieschum ($30.89 in chips) 
Seat 4: BGS013 ($122.72 in chips) 
Seat 5: camilinho UC ($32.54 in chips) 
Seat 6: tintin641 ($100 in chips) 
BGS013: posts small blind $0.50
camilinho UC: posts big blind $1
*** HOLE CARDS ***
tintin641: folds 
avstero: folds 
Tieschum: folds 
BGS013: folds 
Uncalled bet ($0.50) returned to camilinho UC
camilinho UC collected $1 from pot
*** SUMMARY ***
Total pot $1 | Rake $0 
Seat 1: avstero folded before Flop (didn't bet)
Seat 2: Tieschum (button) folded before Flop (didn't bet)
Seat 4: BGS013 (small blind) folded before Flop
Seat 5: camilinho UC (big blind) collected ($1)
Seat 6: tintin641 folded before Flop (didn't bet)



PokerStars Hand #254473624065:  Hold'em No Limit ($0.50/$1.00 USD) - 2025/01/20 20:47:31 WET [2025/01/20 15:47:31 ET]
Table 'Dawn IV' 6-max Seat #4 is the button
Seat 1: avstero ($145.69 in chips) 
Seat 2: Tieschum ($30.89 in chips) 
Seat 4: BGS013 ($122.22 in chips) 
Seat 5: camilinho UC ($33.04 in chips) 
Seat 6: tintin641 ($100 in chips) 
camilinho UC: posts small blind $0.50
tintin641: posts big blind $1
*** HOLE CARDS ***
avstero: folds 
Tieschum: raises $1.50 to $2.50
BGS013: folds 
camilinho UC: raises $4.50 to $7
tintin641: folds 
Tieschum: folds 
Uncalled bet ($4.50) returned to camilinho UC
camilinho UC collected $6 from pot
*** SUMMARY ***
Total pot $6 | Rake $0 
Seat 1: avstero folded before Flop (didn't bet)
Seat 2: Tieschum folded before Flop
Seat 4: BGS013 (button) folded before Flop (didn't bet)
Seat 5: camilinho UC (small blind) collected ($6)
Seat 6: tintin641 (big blind) folded before Flop



PokerStars Hand #254473629592:  Hold'em No Limit ($0.50/$1.00 USD) - 2025/01/20 20:47:48 WET [2025/01/20 15:47:48 ET]
Table 'Dawn IV' 6-max Seat #5 is the button
Seat 1: avstero ($145.69 in chips) 
Seat 2: Tieschum ($28.39 in chips) 
Seat 4: BGS013 ($122.22 in chips) 
Seat 5: camilinho UC ($36.54 in chips) 
Seat 6: tintin641 ($100 in chips) 
tintin641: posts small blind $0.50
avstero: posts big blind $1
*** HOLE CARDS ***
Tieschum: raises $1.50 to $2.50
BGS013: folds 
camilinho UC: folds 
tintin641: folds 
avstero: raises $143.19 to $145.69 and is all-in
Tieschum: folds 
Uncalled bet ($143.19) returned to avstero
avstero collected $5.50 from pot
avstero: doesn't show hand 
*** SUMMARY ***
Total pot $5.50 | Rake $0 
Seat 1: avstero (big blind) collected ($5.50)
Seat 2: Tieschum folded before Flop
Seat 4: BGS013 folded before Flop (didn't bet)
Seat 5: camilinho UC (button) folded before Flop (didn't bet)
Seat 6: tintin641 (small blind) folded before Flop



PokerStars Hand #254473638610:  Hold'em No Limit ($0.50/$1.00 USD) - 2025/01/20 20:48:16 WET [2025/01/20 15:48:16 ET]
Table 'Dawn IV' 6-max Seat #6 is the button
Seat 1: avstero ($148.69 in chips) 
Seat 2: Tieschum ($25.89 in chips) 
Seat 4: BGS013 ($122.22 in chips) 
Seat 5: camilinho UC ($36.54 in chips) 
Seat 6: tintin641 ($100 in chips) 
avstero: posts small blind $0.50
Tieschum: posts big blind $1
*** HOLE CARDS ***
BGS013: folds 
JUANS2 joins the table at seat #3 
camilinho UC: folds 
tintin641: folds 
avstero: folds 
Uncalled bet ($0.50) returned to Tieschum
Tieschum collected $1 from pot
Tieschum: doesn't show hand 
*** SUMMARY ***
Total pot $1 | Rake $0 
Seat 1: avstero (small blind) folded before Flop
Seat 2: Tieschum (big blind) collected ($1)
Seat 4: BGS013 folded before Flop (didn't bet)
Seat 5: camilinho UC folded before Flop (didn't bet)
Seat 6: tintin641 (button) folded before Flop (didn't bet)



PokerStars Hand #254473643416:  Hold'em No Limit ($0.50/$1.00 USD) - 2025/01/20 20:48:31 WET [2025/01/20 15:48:31 ET]
Table 'Dawn IV' 6-max Seat #1 is the button
Seat 1: avstero ($148.19 in chips) 
Seat 2: Tieschum ($26.39 in chips) 
Seat 3: JUANS2 ($100 in chips) 
Seat 4: BGS013 ($122.22 in chips) 
Seat 5: camilinho UC ($36.54 in chips) 
Seat 6: tintin641 ($100 in chips) 
Tieschum: posts small blind $0.50
JUANS2: posts big blind $1
*** HOLE CARDS ***
BGS013: folds 
camilinho UC: folds 
tintin641: raises $1.50 to $2.50
avstero: folds 
Tieschum: raises $23.89 to $26.39 and is all-in
JUANS2: folds 
tintin641: folds 
Uncalled bet ($23.89) returned to Tieschum
Tieschum collected $6 from pot
Tieschum: doesn't show hand 
*** SUMMARY ***
Total pot $6 | Rake $0 
Seat 1: avstero (button) folded before Flop (didn't bet)
Seat 2: Tieschum (small blind) collected ($6)
Seat 3: JUANS2 (big blind) folded before Flop
Seat 4: BGS013 folded before Flop (didn't bet)
Seat 5: camilinho UC folded before Flop (didn't bet)
Seat 6: tintin641 folded before Flop



PokerStars Hand #254473651973:  Hold'em No Limit ($0.50/$1.00 USD) - 2025/01/20 20:48:57 WET [2025/01/20 15:48:57 ET]
Table 'Dawn IV' 6-max Seat #2 is the button
Seat 1: avstero ($148.19 in chips) 
Seat 2: Tieschum ($29.89 in chips) 
Seat 3: JUANS2 ($100 in chips) 
Seat 4: BGS013 ($122.22 in chips) 
Seat 5: camilinho UC ($36.54 in chips) 
Seat 6: tintin641 ($100 in chips) 
JUANS2: posts small blind $0.50
BGS013: posts big blind $1
*** HOLE CARDS ***
camilinho UC: raises $1 to $2
tintin641: folds 
avstero: folds 
Tieschum: calls $2
JUANS2: folds 
BGS013: folds 
*** FLOP *** [7d 2h Kh]
camilinho UC: checks 
Tieschum: bets $1.83
camilinho UC: folds 
Uncalled bet ($1.83) returned to Tieschum
Tieschum collected $5.22 from pot
Tieschum: doesn't show hand 
*** SUMMARY ***
Total pot $5.50 | Rake $0.28 
Board [7d 2h Kh]
Seat 1: avstero folded before Flop (didn't bet)
Seat 2: Tieschum (button) collected ($5.22)
Seat 3: JUANS2 (small blind) folded before Flop
Seat 4: BGS013 (big blind) folded before Flop
Seat 5: camilinho UC folded on the Flop
Seat 6: tintin641 folded before Flop (didn't bet)



PokerStars Hand #254473660658:  Hold'em No Limit ($0.50/$1.00 USD) - 2025/01/20 20:49:24 WET [2025/01/20 15:49:24 ET]
Table 'Dawn IV' 6-max Seat #3 is the button
Seat 1: avstero ($148.19 in chips) 
Seat 2: Tieschum ($33.11 in chips) 
Seat 3: JUANS2 ($100 in chips) 
Seat 4: BGS013 ($121.22 in chips) 
Seat 5: camilinho UC ($34.54 in chips) 
Seat 6: tintin641 ($100 in chips) 
BGS013: posts small blind $0.50
camilinho UC: posts big blind $1
*** HOLE CARDS ***
tintin641: raises $1.50 to $2.50
avstero: folds 
Tieschum: folds 
JUANS2: folds 
BGS013: folds 
camilinho UC: calls $1.50
*** FLOP *** [4h Qs 3d]
camilinho UC: checks 
tintin641: bets $1.72
camilinho UC: calls $1.72
*** TURN *** [4h Qs 3d] [3s]
camilinho UC: checks 
tintin641: checks 
*** RIVER *** [4h Qs 3d 3s] [9s]
camilinho UC: checks 
tintin641: checks 
*** SHOW DOWN ***
camilinho UC: shows [4c 6c] (two pair, Fours and Threes)
tintin641: shows [8c 8s] (two pair, Eights and Threes)
tintin641 collected $8.49 from pot
*** SUMMARY ***
Total pot $8.94 | Rake $0.45 
Board [4h Qs 3d 3s 9s]
Seat 1: avstero folded before Flop (didn't bet)
Seat 2: Tieschum folded before Flop (didn't bet)
Seat 3: JUANS2 (button) folded before Flop (didn't bet)
Seat 4: BGS013 (small blind) folded before Flop
Seat 5: camilinho UC (big blind) showed [4c 6c] and lost with two pair, Fours and Threes
Seat 6: tintin641 showed [8c 8s] and won ($8.49) with two pair, Eights and Threes



PokerStars Hand #254473681402:  Hold'em No Limit ($0.50/$1.00 USD) - 2025/01/20 20:50:27 WET [2025/01/20 15:50:27 ET]
Table 'Dawn IV' 6-max Seat #4 is the button
Seat 1: avstero ($148.19 in chips) 
Seat 2: Tieschum ($33.11 in chips) 
Seat 3: JUANS2 ($100 in chips) 
Seat 4: BGS013 ($120.72 in chips) 
Seat 5: camilinho UC ($30.32 in chips) 
Seat 6: tintin641 ($104.27 in chips) 
camilinho UC: posts small blind $0.50
tintin641: posts big blind $1
*** HOLE CARDS ***
avstero: folds 
Tieschum: raises $1.50 to $2.50
JUANS2: folds 
BGS013: folds 
camilinho UC: folds 
tintin641: folds 
Uncalled bet ($1.50) returned to Tieschum
Tieschum collected $2.50 from pot
Tieschum: doesn't show hand 
*** SUMMARY ***
Total pot $2.50 | Rake $0 
Seat 1: avstero folded before Flop (didn't bet)
Seat 2: Tieschum collected ($2.50)
Seat 3: JUANS2 folded before Flop (didn't bet)
Seat 4: BGS013 (button) folded before Flop (didn't bet)
Seat 5: camilinho UC (small blind) folded before Flop
Seat 6: tintin641 (big blind) folded before Flop



PokerStars Hand #254473687755:  Hold'em No Limit ($0.50/$1.00 USD) - 2025/01/20 20:50:47 WET [2025/01/20 15:50:47 ET]
Table 'Dawn IV' 6-max Seat #5 is the button
Seat 1: avstero ($148.19 in chips) 
Seat 2: Tieschum ($34.61 in chips) 
Seat 3: JUANS2 ($100 in chips) 
Seat 4: BGS013 ($120.72 in chips) 
Seat 5: camilinho UC ($29.82 in chips) 
Seat 6: tintin641 ($103.27 in chips) 
tintin641: posts small blind $0.50
avstero: posts big blind $1
*** HOLE CARDS ***
Tieschum: folds 
JUANS2: raises $1.20 to $2.20
BGS013: folds 
camilinho UC: folds 
tintin641: folds 
avstero: folds 
Uncalled bet ($1.20) returned to JUANS2
JUANS2 collected $2.50 from pot
JUANS2: doesn't show hand 
*** SUMMARY ***
Total pot $2.50 | Rake $0 
Seat 1: avstero (big blind) folded before Flop
Seat 2: Tieschum folded before Flop (didn't bet)
Seat 3: JUANS2 collected ($2.50)
Seat 4: BGS013 folded before Flop (didn't bet)
Seat 5: camilinho UC (button) folded before Flop (didn't bet)
Seat 6: tintin641 (small blind) folded before Flop



PokerStars Hand #254473693720:  Hold'em No Limit ($0.50/$1.00 USD) - 2025/01/20 20:51:05 WET [2025/01/20 15:51:05 ET]
Table 'Dawn IV' 6-max Seat #6 is the button
Seat 1: avstero ($147.19 in chips) 
Seat 2: Tieschum ($34.61 in chips) 
Seat 3: JUANS2 ($101.50 in chips) 
Seat 4: BGS013 ($120.72 in chips) 
Seat 5: camilinho UC ($29.82 in chips) 
Seat 6: tintin641 ($102.77 in chips) 
avstero: posts small blind $0.50
Tieschum: posts big blind $1
*** HOLE CARDS ***
JUANS2: folds 
BGS013 has timed out
BGS013: folds 
camilinho UC: raises $1 to $2
tintin641: folds 
avstero: folds 
Tieschum: calls $1
*** FLOP *** [9d 7d 9c]
Tieschum: checks 
camilinho UC: checks 
*** TURN *** [9d 7d 9c] [7h]
Tieschum: bets $3.42
camilinho UC: folds 
Uncalled bet ($3.42) returned to Tieschum
Tieschum collected $4.28 from pot
Tieschum: doesn't show hand 
*** SUMMARY ***
Total pot $4.50 | Rake $0.22 
Board [9d 7d 9c 7h]
Seat 1: avstero (small blind) folded before Flop
Seat 2: Tieschum (big blind) collected ($4.28)
Seat 3: JUANS2 folded before Flop (didn't bet)
Seat 4: BGS013 folded before Flop (didn't bet)
Seat 5: camilinho UC folded on the Turn
Seat 6: tintin641 (button) folded before Flop (didn't bet)



PokerStars Hand #254473708821:  Hold'em No Limit ($0.50/$1.00 USD) - 2025/01/20 20:51:52 WET [2025/01/20 15:51:52 ET]
Table 'Dawn IV' 6-max Seat #1 is the button
Seat 1: avstero ($146.69 in chips) 
Seat 2: Tieschum ($40 in chips) 
Seat 3: JUANS2 ($101.50 in chips) 
Seat 4: BGS013 ($120.72 in chips) 
Seat 5: camilinho UC ($27.82 in chips) 
Seat 6: tintin641 ($102.77 in chips) 
Tieschum: posts small blind $0.50
JUANS2: posts big blind $1
*** HOLE CARDS ***
BGS013: folds 
camilinho UC: folds 
tintin641: raises $1.50 to $2.50
avstero: folds 
Tieschum: calls $2
JUANS2: folds 
*** FLOP *** [Td Js 7c]
Tieschum: checks 
tintin641: checks 
*** TURN *** [Td Js 7c] [Ts]
Tieschum: bets $4.56
tintin641: folds 
Uncalled bet ($4.56) returned to Tieschum
Tieschum collected $5.70 from pot
Tieschum: doesn't show hand 
*** SUMMARY ***
Total pot $6 | Rake $0.30 
Board [Td Js 7c Ts]
Seat 1: avstero (button) folded before Flop (didn't bet)
Seat 2: Tieschum (small blind) collected ($5.70)
Seat 3: JUANS2 (big blind) folded before Flop
Seat 4: BGS013 folded before Flop (didn't bet)
Seat 5: camilinho UC folded before Flop (didn't bet)
Seat 6: tintin641 folded on the Turn



PokerStars Hand #254473725484:  Hold'em No Limit ($0.50/$1.00 USD) - 2025/01/20 20:52:43 WET [2025/01/20 15:52:43 ET]
Table 'Dawn IV' 6-max Seat #2 is the button
Seat 1: avstero ($146.69 in chips) 
Seat 2: Tieschum ($43.20 in chips) 
Seat 3: JUANS2 ($100.50 in chips) 
Seat 4: BGS013 ($120.72 in chips) 
Seat 5: camilinho UC ($27.82 in chips) 
Seat 6: tintin641 ($100.27 in chips) 
JUANS2: posts small blind $0.50
BGS013: posts big blind $1
*** HOLE CARDS ***
camilinho UC: folds 
tintin641: folds 
avstero: folds 
Tieschum: raises $1.50 to $2.50
JUANS2: folds 
BGS013: folds 
Uncalled bet ($1.50) returned to Tieschum
Tieschum collected $2.50 from pot
Tieschum: doesn't show hand 
*** SUMMARY ***
Total pot $2.50 | Rake $0 
Seat 1: avstero folded before Flop (didn't bet)
Seat 2: Tieschum (button) collected ($2.50)
Seat 3: JUANS2 (small blind) folded before Flop
Seat 4: BGS013 (big blind) folded before Flop
Seat 5: camilinho UC folded before Flop (didn't bet)
Seat 6: tintin641 folded before Flop (didn't bet)



PokerStars Hand #254473732305:  Hold'em No Limit ($0.50/$1.00 USD) - 2025/01/20 20:53:04 WET [2025/01/20 15:53:04 ET]
Table 'Dawn IV' 6-max Seat #3 is the button
Seat 1: avstero ($146.69 in chips) 
Seat 2: Tieschum ($44.70 in chips) 
Seat 3: JUANS2 ($100 in chips) 
Seat 4: BGS013 ($119.72 in chips) 
Seat 5: camilinho UC ($27.82 in chips) 
Seat 6: tintin641 ($100.27 in chips) 
BGS013: posts small blind $0.50
camilinho UC: posts big blind $1
*** HOLE CARDS ***
tintin641: folds 
avstero: folds 
Tieschum: raises $1.50 to $2.50
JUANS2: folds 
BGS013: folds 
camilinho UC: raises $5.50 to $8
Tieschum: folds 
Uncalled bet ($5.50) returned to camilinho UC
camilinho UC collected $5.50 from pot
*** SUMMARY ***
Total pot $5.50 | Rake $0 
Seat 1: avstero folded before Flop (didn't bet)
Seat 2: Tieschum folded before Flop
Seat 3: JUANS2 (button) folded before Flop (didn't bet)
Seat 4: BGS013 (small blind) folded before Flop
Seat 5: camilinho UC (big blind) collected ($5.50)
Seat 6: tintin641 folded before Flop (didn't bet)



PokerStars Hand #254473739886:  Hold'em No Limit ($0.50/$1.00 USD) - 2025/01/20 20:53:28 WET [2025/01/20 15:53:28 ET]
Table 'Dawn IV' 6-max Seat #4 is the button
Seat 1: avstero ($146.69 in chips) 
Seat 2: Tieschum ($42.20 in chips) 
Seat 3: JUANS2 ($100 in chips) 
Seat 4: BGS013 ($119.22 in chips) 
Seat 5: camilinho UC ($30.82 in chips) 
Seat 6: tintin641 ($100.27 in chips) 
camilinho UC: posts small blind $0.50
tintin641: posts big blind $1
*** HOLE CARDS ***
avstero: folds 
Tieschum: raises $1.50 to $2.50
JUANS2: folds 
BGS013: folds 
camilinho UC: folds 
tintin641: folds 
Uncalled bet ($1.50) returned to Tieschum
Tieschum collected $2.50 from pot
Tieschum: doesn't show hand 
*** SUMMARY ***
Total pot $2.50 | Rake $0 
Seat 1: avstero folded before Flop (didn't bet)
Seat 2: Tieschum collected ($2.50)
Seat 3: JUANS2 folded before Flop (didn't bet)
Seat 4: BGS013 (button) folded before Flop (didn't bet)
Seat 5: camilinho UC (small blind) folded before Flop
Seat 6: tintin641 (big blind) folded before Flop



PokerStars Hand #254473745003:  Hold'em No Limit ($0.50/$1.00 USD) - 2025/01/20 20:53:44 WET [2025/01/20 15:53:44 ET]
Table 'Dawn IV' 6-max Seat #5 is the button
Seat 1: avstero ($146.69 in chips) 
Seat 2: Tieschum ($43.70 in chips) 
Seat 3: JUANS2 ($100 in chips) 
Seat 4: BGS013 ($119.22 in chips) 
Seat 5: camilinho UC ($30.32 in chips) 
Seat 6: tintin641 ($100 in chips) 
tintin641: posts small blind $0.50
avstero: posts big blind $1
*** HOLE CARDS ***
Tieschum: raises $1.50 to $2.50
JUANS2: folds 
BGS013: folds 
camilinho UC: folds 
tintin641: folds 
avstero: folds 
Uncalled bet ($1.50) returned to Tieschum
Tieschum collected $2.50 from pot
Tieschum: doesn't show hand 
*** SUMMARY ***
Total pot $2.50 | Rake $0 
Seat 1: avstero (big blind) folded before Flop
Seat 2: Tieschum collected ($2.50)
Seat 3: JUANS2 folded before Flop (didn't bet)
Seat 4: BGS013 folded before Flop (didn't bet)
Seat 5: camilinho UC (button) folded before Flop (didn't bet)
Seat 6: tintin641 (small blind) folded before Flop



PokerStars Hand #254473749285:  Hold'em No Limit ($0.50/$1.00 USD) - 2025/01/20 20:53:57 WET [2025/01/20 15:53:57 ET]
Table 'Dawn IV' 6-max Seat #6 is the button
Seat 1: avstero ($145.69 in chips) 
Seat 2: Tieschum ($45.20 in chips) 
Seat 3: JUANS2 ($100 in chips) 
Seat 4: BGS013 ($119.22 in chips) 
Seat 5: camilinho UC ($30.32 in chips) 
Seat 6: tintin641 ($100 in chips) 
avstero: posts small blind $0.50
Tieschum: posts big blind $1
*** HOLE CARDS ***
JUANS2: folds 
BGS013: raises $1 to $2
camilinho UC: folds 
tintin641: folds 
avstero: folds 
Tieschum: calls $1
*** FLOP *** [9s Ac Td]
Tieschum: checks 
BGS013: bets $1.11
Tieschum: calls $1.11
*** TURN *** [9s Ac Td] [2d]
Tieschum: checks 
BGS013: checks 
*** RIVER *** [9s Ac Td 2d] [Qd]
Tieschum: bets $2.23
BGS013: calls $2.23
*** SHOW DOWN ***
Tieschum: shows [8h Ah] (a pair of Aces)
BGS013: mucks hand 
Tieschum collected $10.62 from pot
*** SUMMARY ***
Total pot $11.18 | Rake $0.56 
Board [9s Ac Td 2d Qd]
Seat 1: avstero (small blind) folded before Flop
Seat 2: Tieschum (big blind) showed [8h Ah] and won ($10.62) with a pair of Aces
Seat 3: JUANS2 folded before Flop (didn't bet)
Seat 4: BGS013 mucked
Seat 5: camilinho UC folded before Flop (didn't bet)
Seat 6: tintin641 (button) folded before Flop (didn't bet)



PokerStars Hand #254473767062:  Hold'em No Limit ($0.50/$1.00 USD) - 2025/01/20 20:54:53 WET [2025/01/20 15:54:53 ET]
Table 'Dawn IV' 6-max Seat #1 is the button
Seat 1: avstero ($145.19 in chips) 
Seat 2: Tieschum ($50.48 in chips) 
Seat 3: JUANS2 ($100 in chips) 
Seat 4: BGS013 ($113.88 in chips) 
Seat 5: camilinho UC ($30.32 in chips) 
Seat 6: tintin641 ($100 in chips) 
Tieschum: posts small blind $0.50
JUANS2: posts big blind $1
*** HOLE CARDS ***
BGS013: folds 
camilinho UC: raises $1 to $2
tintin641: folds 
avstero: folds 
Tieschum: calls $1.50
JUANS2: folds 
*** FLOP *** [Js Td Ah]
Tieschum: checks 
camilinho UC: bets $2.38
Tieschum: calls $2.38
*** TURN *** [Js Td Ah] [3d]
Tieschum: checks 
camilinho UC: bets $6
Tieschum: folds 
Uncalled bet ($6) returned to camilinho UC
camilinho UC collected $9.27 from pot
*** SUMMARY ***
Total pot $9.76 | Rake $0.49 
Board [Js Td Ah 3d]
Seat 1: avstero (button) folded before Flop (didn't bet)
Seat 2: Tieschum (small blind) folded on the Turn
Seat 3: JUANS2 (big blind) folded before Flop
Seat 4: BGS013 folded before Flop (didn't bet)
Seat 5: camilinho UC collected ($9.27)
Seat 6: tintin641 folded before Flop (didn't bet)



PokerStars Hand #254473777779:  Hold'em No Limit ($0.50/$1.00 USD) - 2025/01/20 20:55:37 WET [2025/01/20 15:55:37 ET]
Table 'Dawn IV' 6-max Seat #2 is the button
Seat 1: avstero ($145.19 in chips) 
Seat 2: Tieschum ($46.10 in chips) 
Seat 3: JUANS2 ($100 in chips) 
Seat 4: BGS013 ($113.88 in chips) 
Seat 5: camilinho UC ($35.21 in chips) 
Seat 6: tintin641 ($100 in chips) 
JUANS2: posts small blind $0.50
BGS013: posts big blind $1
*** HOLE CARDS ***
camilinho UC: folds 
tintin641: folds 
avstero: folds 
Tieschum: folds 
JUANS2: folds 
Uncalled bet ($0.50) returned to BGS013
BGS013 collected $1 from pot
BGS013: doesn't show hand 
*** SUMMARY ***
Total pot $1 | Rake $0 
Seat 1: avstero folded before Flop (didn't bet)
Seat 2: Tieschum (button) folded before Flop (didn't bet)
Seat 3: JUANS2 (small blind) folded before Flop
Seat 4: BGS013 (big blind) collected ($1)
Seat 5: camilinho UC folded before Flop (didn't bet)
Seat 6: tintin641 folded before Flop (didn't bet)



PokerStars Hand #254473784626:  Hold'em No Limit ($0.50/$1.00 USD) - 2025/01/20 20:56:08 WET [2025/01/20 15:56:08 ET]
Table 'Dawn IV' 6-max Seat #3 is the button
Seat 1: avstero ($145.19 in chips) 
Seat 2: Tieschum ($46.10 in chips) 
Seat 3: JUANS2 ($100 in chips) 
Seat 4: BGS013 ($114.38 in chips) 
Seat 5: camilinho UC ($35.21 in chips) 
Seat 6: tintin641 ($100 in chips) 
BGS013: posts small blind $0.50
camilinho UC: posts big blind $1
*** HOLE CARDS ***
tintin641: folds 
avstero: folds 
Tieschum: raises $1.50 to $2.50
JUANS2: folds 
BGS013: folds 
camilinho UC: folds 
Uncalled bet ($1.50) returned to Tieschum
Tieschum collected $2.50 from pot
Tieschum: doesn't show hand 
*** SUMMARY ***
Total pot $2.50 | Rake $0 
Seat 1: avstero folded before Flop (didn't bet)
Seat 2: Tieschum collected ($2.50)
Seat 3: JUANS2 (button) folded before Flop (didn't bet)
Seat 4: BGS013 (small blind) folded before Flop
Seat 5: camilinho UC (big blind) folded before Flop
Seat 6: tintin641 folded before Flop (didn't bet)



PokerStars Hand #254473789802:  Hold'em No Limit ($0.50/$1.00 USD) - 2025/01/20 20:56:31 WET [2025/01/20 15:56:31 ET]
Table 'Dawn IV' 6-max Seat #4 is the button
Seat 1: avstero ($145.19 in chips) 
Seat 2: Tieschum ($47.60 in chips) 
Seat 3: JUANS2 ($100 in chips) 
Seat 4: BGS013 ($113.88 in chips) 
Seat 5: camilinho UC ($34.21 in chips) 
Seat 6: tintin641 ($100 in chips) 
camilinho UC: posts small blind $0.50
tintin641: posts big blind $1
*** HOLE CARDS ***
avstero: folds 
Tieschum: folds 
JUANS2: folds 
BGS013: folds 
camilinho UC: raises $1 to $2
tintin641: folds 
Uncalled bet ($1) returned to camilinho UC
camilinho UC collected $2 from pot
*** SUMMARY ***
Total pot $2 | Rake $0 
Seat 1: avstero folded before Flop (didn't bet)
Seat 2: Tieschum folded before Flop (didn't bet)
Seat 3: JUANS2 folded before Flop (didn't bet)
Seat 4: BGS013 (button) folded before Flop (didn't bet)
Seat 5: camilinho UC (small blind) collected ($2)
Seat 6: tintin641 (big blind) folded before Flop



PokerStars Hand #254473795981:  Hold'em No Limit ($0.50/$1.00 USD) - 2025/01/20 20:56:58 WET [2025/01/20 15:56:58 ET]
Table 'Dawn IV' 6-max Seat #5 is the button
Seat 1: avstero ($145.19 in chips) 
Seat 2: Tieschum ($47.60 in chips) 
Seat 3: JUANS2 ($100 in chips) 
Seat 4: BGS013 ($113.88 in chips) 
Seat 5: camilinho UC ($35.21 in chips) 
Seat 6: tintin641 ($100 in chips) 
tintin641: posts small blind $0.50
avstero: posts big blind $1
*** HOLE CARDS ***
Tieschum: raises $1.50 to $2.50
JUANS2: folds 
BGS013: folds 
camilinho UC: folds 
tintin641: folds 
avstero: folds 
Uncalled bet ($1.50) returned to Tieschum
Tieschum collected $2.50 from pot
Tieschum: doesn't show hand 
*** SUMMARY ***
Total pot $2.50 | Rake $0 
Seat 1: avstero (big blind) folded before Flop
Seat 2: Tieschum collected ($2.50)
Seat 3: JUANS2 folded before Flop (didn't bet)
Seat 4: BGS013 folded before Flop (didn't bet)
Seat 5: camilinho UC (button) folded before Flop (didn't bet)
Seat 6: tintin641 (small blind) folded before Flop



PokerStars Hand #254473801792:  Hold'em No Limit ($0.50/$1.00 USD) - 2025/01/20 20:57:24 WET [2025/01/20 15:57:24 ET]
Table 'Dawn IV' 6-max Seat #6 is the button
Seat 1: avstero ($144.19 in chips) 
Seat 2: Tieschum ($49.10 in chips) 
Seat 3: JUANS2 ($100 in chips) 
Seat 4: BGS013 ($113.88 in chips) 
Seat 5: camilinho UC ($35.21 in chips) 
Seat 6: tintin641 ($100 in chips) 
avstero: posts small blind $0.50
Tieschum: posts big blind $1
*** HOLE CARDS ***
JUANS2: folds 
BGS013: folds 
camilinho UC: raises $1 to $2
tintin641: folds 
avstero: folds 
Tieschum: calls $1
*** FLOP *** [Qs As Qc]
Tieschum: checks 
camilinho UC: bets $1.80
Tieschum: folds 
Uncalled bet ($1.80) returned to camilinho UC
camilinho UC collected $4.28 from pot
*** SUMMARY ***
Total pot $4.50 | Rake $0.22 
Board [Qs As Qc]
Seat 1: avstero (small blind) folded before Flop
Seat 2: Tieschum (big blind) folded on the Flop
Seat 3: JUANS2 folded before Flop (didn't bet)
Seat 4: BGS013 folded before Flop (didn't bet)
Seat 5: camilinho UC collected ($4.28)
Seat 6: tintin641 (button) folded before Flop (didn't bet)



PokerStars Hand #254473806795:  Hold'em No Limit ($0.50/$1.00 USD) - 2025/01/20 20:57:46 WET [2025/01/20 15:57:46 ET]
Table 'Dawn IV' 6-max Seat #1 is the button
Seat 1: avstero ($143.69 in chips) 
Seat 2: Tieschum ($47.10 in chips) 
Seat 3: JUANS2 ($100 in chips) 
Seat 4: BGS013 ($113.88 in chips) 
Seat 5: camilinho UC ($37.49 in chips) 
Seat 6: tintin641 ($100 in chips) 
Tieschum: posts small blind $0.50
JUANS2: posts big blind $1
*** HOLE CARDS ***
BGS013: folds 
camilinho UC: folds 
tintin641: folds 
avstero: raises $1.20 to $2.20
Tieschum: folds 
JUANS2: calls $1.20
*** FLOP *** [2c 9d 6s]
JUANS2: checks 
avstero: bets $3.12
JUANS2: calls $3.12
*** TURN *** [2c 9d 6s] [8d]
JUANS2: checks 
avstero: checks 
*** RIVER *** [2c 9d 6s 8d] [7s]
JUANS2: checks 
avstero: checks 
*** SHOW DOWN ***
JUANS2: shows [4c 6c] (a pair of Sixes)
avstero: mucks hand 
JUANS2 collected $10.58 from pot
*** SUMMARY ***
Total pot $11.14 | Rake $0.56 
Board [2c 9d 6s 8d 7s]
Seat 1: avstero (button) mucked
Seat 2: Tieschum (small blind) folded before Flop
Seat 3: JUANS2 (big blind) showed [4c 6c] and won ($10.58) with a pair of Sixes
Seat 4: BGS013 folded before Flop (didn't bet)
Seat 5: camilinho UC folded before Flop (didn't bet)
Seat 6: tintin641 folded before Flop (didn't bet)



PokerStars Hand #254473823527:  Hold'em No Limit ($0.50/$1.00 USD) - 2025/01/20 20:59:01 WET [2025/01/20 15:59:01 ET]
Table 'Dawn IV' 6-max Seat #2 is the button
Seat 1: avstero ($138.37 in chips) 
Seat 2: Tieschum ($46.60 in chips) 
Seat 3: JUANS2 ($105.26 in chips) 
Seat 4: BGS013 ($113.88 in chips) 
Seat 5: camilinho UC ($37.49 in chips) 
Seat 6: tintin641 ($100 in chips) 
JUANS2: posts small blind $0.50
BGS013: posts big blind $1
*** HOLE CARDS ***
camilinho UC: folds 
tintin641: raises $1.50 to $2.50
avstero: folds 
Tieschum: folds 
JUANS2: folds 
BGS013: raises $9 to $11.50
tintin641: folds 
Uncalled bet ($9) returned to BGS013
BGS013 collected $5.50 from pot
BGS013: doesn't show hand 
*** SUMMARY ***
Total pot $5.50 | Rake $0 
Seat 1: avstero folded before Flop (didn't bet)
Seat 2: Tieschum (button) folded before Flop (didn't bet)
Seat 3: JUANS2 (small blind) folded before Flop
Seat 4: BGS013 (big blind) collected ($5.50)
Seat 5: camilinho UC folded before Flop (didn't bet)
Seat 6: tintin641 folded before Flop



PokerStars Hand #254473830178:  Hold'em No Limit ($0.50/$1.00 USD) - 2025/01/20 20:59:30 WET [2025/01/20 15:59:30 ET]
Table 'Dawn IV' 6-max Seat #3 is the button
Seat 1: avstero ($138.37 in chips) 
Seat 2: Tieschum ($46.60 in chips) 
Seat 3: JUANS2 ($104.76 in chips) 
Seat 4: BGS013 ($116.88 in chips) 
Seat 5: camilinho UC ($37.49 in chips) 
Seat 6: tintin641 ($100 in chips) 
BGS013: posts small blind $0.50
camilinho UC: posts big blind $1
*** HOLE CARDS ***
tintin641: folds 
avstero: folds 
Tieschum: raises $1.50 to $2.50
JUANS2: folds 
BGS013: raises $7.50 to $10
camilinho UC: folds 
Tieschum: folds 
Uncalled bet ($7.50) returned to BGS013
BGS013 collected $6 from pot
BGS013: doesn't show hand 
*** SUMMARY ***
Total pot $6 | Rake $0 
Seat 1: avstero folded before Flop (didn't bet)
Seat 2: Tieschum folded before Flop
Seat 3: JUANS2 (button) folded before Flop (didn't bet)
Seat 4: BGS013 (small blind) collected ($6)
Seat 5: camilinho UC (big blind) folded before Flop
Seat 6: tintin641 folded before Flop (didn't bet)



PokerStars Hand #254473834724:  Hold'em No Limit ($0.50/$1.00 USD) - 2025/01/20 20:59:49 WET [2025/01/20 15:59:49 ET]
Table 'Dawn IV' 6-max Seat #4 is the button
Seat 1: avstero ($138.37 in chips) 
Seat 2: Tieschum ($44.10 in chips) 
Seat 3: JUANS2 ($104.76 in chips) 
Seat 4: BGS013 ($120.38 in chips) 
Seat 5: camilinho UC ($36.49 in chips) 
Seat 6: tintin641 ($100 in chips) 
camilinho UC: posts small blind $0.50
tintin641: posts big blind $1
*** HOLE CARDS ***
avstero: folds 
Tieschum: folds 
JUANS2: raises $1.50 to $2.50
BGS013: folds 
camilinho UC: calls $2
tintin641: folds 
*** FLOP *** [3s Qh Qc]
camilinho UC: checks 
JUANS2: checks 
*** TURN *** [3s Qh Qc] [7d]
camilinho UC: checks 
JUANS2: bets $1.88
camilinho UC: calls $1.88
*** RIVER *** [3s Qh Qc 7d] [2d]
camilinho UC: checks 
JUANS2: checks 
*** SHOW DOWN ***
camilinho UC: shows [7h 6h] (two pair, Queens and Sevens)
JUANS2: mucks hand 
camilinho UC collected $9.27 from pot
*** SUMMARY ***
Total pot $9.76 | Rake $0.49 
Board [3s Qh Qc 7d 2d]
Seat 1: avstero folded before Flop (didn't bet)
Seat 2: Tieschum folded before Flop (didn't bet)
Seat 3: JUANS2 mucked
Seat 4: BGS013 (button) folded before Flop (didn't bet)
Seat 5: camilinho UC (small blind) showed [7h 6h] and won ($9.27) with two pair, Queens and Sevens
Seat 6: tintin641 (big blind) folded before Flop



PokerStars Hand #254473844288:  Hold'em No Limit ($0.50/$1.00 USD) - 2025/01/20 21:00:30 WET [2025/01/20 16:00:30 ET]
Table 'Dawn IV' 6-max Seat #5 is the button
Seat 1: avstero ($138.37 in chips) 
Seat 2: Tieschum ($44.10 in chips) 
Seat 3: JUANS2 ($100.38 in chips) 
Seat 4: BGS013 ($120.38 in chips) 
Seat 5: camilinho UC ($41.38 in chips) 
Seat 6: tintin641 ($100 in chips) 
tintin641: posts small blind $0.50
avstero: posts big blind $1
*** HOLE CARDS ***
Tieschum: raises $1.50 to $2.50
JUANS2: folds 
BGS013: folds 
camilinho UC: folds 
tintin641: raises $5.50 to $8
avstero: folds 
Tieschum: calls $5.50
*** FLOP *** [7s 4d 2d]
tintin641: bets $8.08
Tieschum: folds 
Uncalled bet ($8.08) returned to tintin641
tintin641 collected $16.15 from pot
tintin641: doesn't show hand 
*** SUMMARY ***
Total pot $17 | Rake $0.85 
Board [7s 4d 2d]
Seat 1: avstero (big blind) folded before Flop
Seat 2: Tieschum folded on the Flop
Seat 3: JUANS2 folded before Flop (didn't bet)
Seat 4: BGS013 folded before Flop (didn't bet)
Seat 5: camilinho UC (button) folded before Flop (didn't bet)
Seat 6: tintin641 (small blind) collected ($16.15)



PokerStars Hand #254473854809:  Hold'em No Limit ($0.50/$1.00 USD) - 2025/01/20 21:01:10 WET [2025/01/20 16:01:10 ET]
Table 'Dawn IV' 6-max Seat #6 is the button
Seat 1: avstero ($137.37 in chips) 
Seat 2: Tieschum ($40 in chips) 
Seat 3: JUANS2 ($100.38 in chips) 
Seat 4: BGS013 ($120.38 in chips) 
Seat 5: camilinho UC ($41.38 in chips) 
Seat 6: tintin641 ($108.15 in chips) 
avstero: posts small blind $0.50
Tieschum: posts big blind $1
*** HOLE CARDS ***
JUANS2: folds 
BGS013: raises $1 to $2
camilinho UC: folds 
tintin641: folds 
avstero: folds 
Tieschum: calls $1
*** FLOP *** [9d 2h 3h]
Tieschum: checks 
BGS013: checks 
*** TURN *** [9d 2h 3h] [7d]
Tieschum: bets $3.42
BGS013: folds 
Uncalled bet ($3.42) returned to Tieschum
Tieschum collected $4.28 from pot
Tieschum: doesn't show hand 
*** SUMMARY ***
Total pot $4.50 | Rake $0.22 
Board [9d 2h 3h 7d]
Seat 1: avstero (small blind) folded before Flop
Seat 2: Tieschum (big blind) collected ($4.28)
Seat 3: JUANS2 folded before Flop (didn't bet)
Seat 4: BGS013 folded on the Turn
Seat 5: camilinho UC folded before Flop (didn't bet)
Seat 6: tintin641 (button) folded before Flop (didn't bet)



PokerStars Hand #254473871876:  Hold'em No Limit ($0.50/$1.00 USD) - 2025/01/20 21:02:06 WET [2025/01/20 16:02:06 ET]
Table 'Dawn IV' 6-max Seat #1 is the button
Seat 1: avstero ($136.87 in chips) 
Seat 2: Tieschum ($42.28 in chips) 
Seat 3: JUANS2 ($100.38 in chips) 
Seat 4: BGS013 ($118.38 in chips) 
Seat 5: camilinho UC ($41.38 in chips) 
Seat 6: tintin641 ($108.15 in chips) 
Tieschum: posts small blind $0.50
JUANS2: posts big blind $1
*** HOLE CARDS ***
BGS013: folds 
camilinho UC: raises $1.50 to $2.50
tintin641: folds 
avstero: folds 
Tieschum: calls $2
JUANS2: folds 
*** FLOP *** [9c 3s Qc]
Tieschum: checks 
camilinho UC: bets $3.85
Tieschum: folds 
Uncalled bet ($3.85) returned to camilinho UC
camilinho UC collected $5.70 from pot
*** SUMMARY ***
Total pot $6 | Rake $0.30 
Board [9c 3s Qc]
Seat 1: avstero (button) folded before Flop (didn't bet)
Seat 2: Tieschum (small blind) folded on the Flop
Seat 3: JUANS2 (big blind) folded before Flop
Seat 4: BGS013 folded before Flop (didn't bet)
Seat 5: camilinho UC collected ($5.70)
Seat 6: tintin641 folded before Flop (didn't bet)



PokerStars Hand #254473881803:  Hold'em No Limit ($0.50/$1.00 USD) - 2025/01/20 21:02:38 WET [2025/01/20 16:02:38 ET]
Table 'Dawn IV' 6-max Seat #2 is the button
Seat 1: avstero ($136.87 in chips) 
Seat 2: Tieschum ($40 in chips) 
Seat 3: JUANS2 ($100 in chips) 
Seat 4: BGS013 ($118.38 in chips) 
Seat 5: camilinho UC ($44.58 in chips) 
Seat 6: tintin641 ($108.15 in chips) 
JUANS2: posts small blind $0.50
BGS013: posts big blind $1
*** HOLE CARDS ***
camilinho UC: folds 
tintin641: folds 
avstero: folds 
Tieschum: raises $1.50 to $2.50
JUANS2: folds 
BGS013: folds 
Uncalled bet ($1.50) returned to Tieschum
Tieschum collected $2.50 from pot
Tieschum: doesn't show hand 
*** SUMMARY ***
Total pot $2.50 | Rake $0 
Seat 1: avstero folded before Flop (didn't bet)
Seat 2: Tieschum (button) collected ($2.50)
Seat 3: JUANS2 (small blind) folded before Flop
Seat 4: BGS013 (big blind) folded before Flop
Seat 5: camilinho UC folded before Flop (didn't bet)
Seat 6: tintin641 folded before Flop (didn't bet)



PokerStars Hand #254473890200:  Hold'em No Limit ($0.50/$1.00 USD) - 2025/01/20 21:03:05 WET [2025/01/20 16:03:05 ET]
Table 'Dawn IV' 6-max Seat #3 is the button
Seat 1: avstero ($136.87 in chips) 
Seat 2: Tieschum ($41.50 in chips) 
Seat 3: JUANS2 ($100 in chips) 
Seat 4: BGS013 ($117.38 in chips) 
Seat 5: camilinho UC ($44.58 in chips) 
Seat 6: tintin641 ($108.15 in chips) 
BGS013: posts small blind $0.50
camilinho UC: posts big blind $1
*** HOLE CARDS ***
tintin641: raises $1.50 to $2.50
avstero: folds 
Tieschum: folds 
JUANS2: folds 
BGS013: folds 
camilinho UC: calls $1.50
*** FLOP *** [Ad Ah 6d]
camilinho UC: checks 
tintin641: bets $1.72
camilinho UC: calls $1.72
*** TURN *** [Ad Ah 6d] [7c]
camilinho UC: checks 
tintin641: checks 
*** RIVER *** [Ad Ah 6d 7c] [5h]
camilinho UC: checks 
tintin641: checks 
*** SHOW DOWN ***
camilinho UC: shows [5s 6c] (two pair, Aces and Sixes)
tintin641: mucks hand 
camilinho UC collected $8.49 from pot
*** SUMMARY ***
Total pot $8.94 | Rake $0.45 
Board [Ad Ah 6d 7c 5h]
Seat 1: avstero folded before Flop (didn't bet)
Seat 2: Tieschum folded before Flop (didn't bet)
Seat 3: JUANS2 (button) folded before Flop (didn't bet)
Seat 4: BGS013 (small blind) folded before Flop
Seat 5: camilinho UC (big blind) showed [5s 6c] and won ($8.49) with two pair, Aces and Sixes
Seat 6: tintin641 mucked



PokerStars Hand #254473913320:  Hold'em No Limit ($0.50/$1.00 USD) - 2025/01/20 21:04:17 WET [2025/01/20 16:04:17 ET]
Table 'Dawn IV' 6-max Seat #4 is the button
Seat 1: avstero ($136.87 in chips) 
Seat 2: Tieschum ($41.50 in chips) 
Seat 3: JUANS2 ($100 in chips) 
Seat 4: BGS013 ($116.88 in chips) 
Seat 5: camilinho UC ($48.85 in chips) 
Seat 6: tintin641 ($103.93 in chips) 
camilinho UC: posts small blind $0.50
tintin641: posts big blind $1
*** HOLE CARDS ***
avstero: raises $1.20 to $2.20
Tieschum: calls $2.20
JUANS2: folds 
BGS013: raises $6.80 to $9
camilinho UC: folds 
tintin641: folds 
avstero: folds 
Tieschum: folds 
Uncalled bet ($6.80) returned to BGS013
BGS013 collected $8.10 from pot
BGS013: doesn't show hand 
*** SUMMARY ***
Total pot $8.10 | Rake $0 
Seat 1: avstero folded before Flop
Seat 2: Tieschum folded before Flop
Seat 3: JUANS2 folded before Flop (didn't bet)
Seat 4: BGS013 (button) collected ($8.10)
Seat 5: camilinho UC (small blind) folded before Flop
Seat 6: tintin641 (big blind) folded before Flop



PokerStars Hand #254473924856:  Hold'em No Limit ($0.50/$1.00 USD) - 2025/01/20 21:04:52 WET [2025/01/20 16:04:52 ET]
Table 'Dawn IV' 6-max Seat #5 is the button
Seat 1: avstero ($134.67 in chips) 
Seat 2: Tieschum ($40 in chips) 
Seat 3: JUANS2 ($100 in chips) 
Seat 4: BGS013 ($122.78 in chips) 
Seat 5: camilinho UC ($48.35 in chips) 
Seat 6: tintin641 ($102.93 in chips) 
tintin641: posts small blind $0.50
avstero: posts big blind $1
*** HOLE CARDS ***
Tieschum: raises $1.50 to $2.50
JUANS2: folds 
BGS013: folds 
camilinho UC: folds 
tintin641: folds 
avstero: raises $7.50 to $10
Tieschum: folds 
Uncalled bet ($7.50) returned to avstero
avstero collected $5.50 from pot
avstero: doesn't show hand 
*** SUMMARY ***
Total pot $5.50 | Rake $0 
Seat 1: avstero (big blind) collected ($5.50)
Seat 2: Tieschum folded before Flop
Seat 3: JUANS2 folded before Flop (didn't bet)
Seat 4: BGS013 folded before Flop (didn't bet)
Seat 5: camilinho UC (button) folded before Flop (didn't bet)
Seat 6: tintin641 (small blind) folded before Flop



PokerStars Hand #254473932575:  Hold'em No Limit ($0.50/$1.00 USD) - 2025/01/20 21:05:16 WET [2025/01/20 16:05:16 ET]
Table 'Dawn IV' 6-max Seat #6 is the button
Seat 2: Tieschum ($40 in chips) is sitting out
Seat 3: JUANS2 ($100 in chips) is sitting out
Seat 1: avstero ($137.67 in chips) 
Seat 4: BGS013 ($122.78 in chips) 
Seat 5: camilinho UC ($48.35 in chips) 
Seat 6: tintin641 ($102.43 in chips) 
avstero: posts small blind $0.50
Tieschum: is sitting out 
JUANS2: is sitting out 
BGS013: posts big blind $1
*** HOLE CARDS ***
JUANS2 leaves the table
Tieschum leaves the table
camilinho UC: folds 
tintin641: folds 
avstero: raises $1.80 to $2.80
BoyLoc0 joins the table at seat #2 
BGS013: folds 
Uncalled bet ($1.80) returned to avstero
avstero collected $2 from pot
avstero: doesn't show hand 
*** SUMMARY ***
Total pot $2 | Rake $0 
Seat 2: Tieschum
Seat 3: JUANS2
Seat 1: avstero (small blind) collected ($2)
Seat 4: BGS013 (big blind) folded before Flop
Seat 5: camilinho UC folded before Flop (didn't bet)
Seat 6: tintin641 (button) folded before Flop (didn't bet)



PokerStars Hand #254473937445:  Hold'em No Limit ($0.50/$1.00 USD) - 2025/01/20 21:05:31 WET [2025/01/20 16:05:31 ET]
Table 'Dawn IV' 6-max Seat #1 is the button
Seat 2: BoyLoc0 ($100 in chips) is sitting out
Seat 1: avstero ($138.67 in chips) 
Seat 4: BGS013 ($121.78 in chips) 
Seat 5: camilinho UC ($48.35 in chips) 
Seat 6: tintin641 ($102.43 in chips) 
BGS013: posts small blind $0.50
camilinho UC: posts big blind $1
*** HOLE CARDS ***
tintin641: folds 
avstero: raises $1.20 to $2.20
BGS013: raises $8.80 to $11
camilinho UC: folds 
avstero: folds 
Uncalled bet ($8.80) returned to BGS013
Rdalonso joins the table at seat #3 
BGS013 collected $5.40 from pot
BGS013: doesn't show hand 
*** SUMMARY ***
Total pot $5.40 | Rake $0 
Seat 2: BoyLoc0
Seat 1: avstero (button) folded before Flop
Seat 4: BGS013 (small blind) collected ($5.40)
Seat 5: camilinho UC (big blind) folded before Flop
Seat 6: tintin641 folded before Flop (didn't bet)



PokerStars Hand #254473944401:  Hold'em No Limit ($0.50/$1.00 USD) - 2025/01/20 21:05:53 WET [2025/01/20 16:05:53 ET]
Table 'Dawn IV' 6-max Seat #4 is the button
Seat 2: BoyLoc0 ($100 in chips) is sitting out
Seat 3: Rdalonso ($100 in chips) is sitting out
Seat 1: avstero ($136.47 in chips) 
Seat 4: BGS013 ($124.98 in chips) 
Seat 5: camilinho UC ($47.35 in chips) 
Seat 6: tintin641 ($102.43 in chips) 
camilinho UC: posts small blind $0.50
tintin641: posts big blind $1
BoyLoc0: sits out 
Rdalonso: sits out 
*** HOLE CARDS ***
avstero: folds 
BGS013: folds 
camilinho UC: raises $1 to $2
tintin641: calls $1
*** FLOP *** [Jd 6c 7c]
camilinho UC: checks 
tintin641: checks 
*** TURN *** [Jd 6c 7c] [8h]
camilinho UC: bets $2.90
tintin641: calls $2.90
*** RIVER *** [Jd 6c 7c 8h] [6d]
camilinho UC: checks 
tintin641: checks 
*** SHOW DOWN ***
camilinho UC: shows [Tc 3c] (a pair of Sixes)
tintin641: shows [Ts Ac] (a pair of Sixes - Ace kicker)
tintin641 collected $9.31 from pot
*** SUMMARY ***
Total pot $9.80 | Rake $0.49 
Board [Jd 6c 7c 8h 6d]
Seat 2: BoyLoc0
Seat 3: Rdalonso
Seat 1: avstero folded before Flop (didn't bet)
Seat 4: BGS013 (button) folded before Flop (didn't bet)
Seat 5: camilinho UC (small blind) showed [Tc 3c] and lost with a pair of Sixes
Seat 6: tintin641 (big blind) showed [Ts Ac] and won ($9.31) with a pair of Sixes



PokerStars Hand #254473962455:  Hold'em No Limit ($0.50/$1.00 USD) - 2025/01/20 21:06:48 WET [2025/01/20 16:06:48 ET]
Table 'Dawn IV' 6-max Seat #5 is the button
Seat 2: BoyLoc0 ($100 in chips) is sitting out
Seat 3: Rdalonso ($100 in chips) is sitting out
Seat 1: avstero ($136.47 in chips) 
Seat 4: BGS013 ($124.98 in chips) 
Seat 5: camilinho UC ($42.45 in chips) 
Seat 6: tintin641 ($106.84 in chips) 
tintin641: posts small blind $0.50
avstero: posts big blind $1
BoyLoc0: sits out 
Rdalonso: sits out 
*** HOLE CARDS ***
BGS013: raises $1.50 to $2.50
camilinho UC: folds 
tintin641: folds 
avstero: folds 
Uncalled bet ($1.50) returned to BGS013
BGS013 collected $2.50 from pot
BGS013: doesn't show hand 
*** SUMMARY ***
Total pot $2.50 | Rake $0 
Seat 2: BoyLoc0
Seat 3: Rdalonso
Seat 1: avstero (big blind) folded before Flop
Seat 4: BGS013 collected ($2.50)
Seat 5: camilinho UC (button) folded before Flop (didn't bet)
Seat 6: tintin641 (small blind) folded before Flop



PokerStars Hand #254473967707:  Hold'em No Limit ($0.50/$1.00 USD) - 2025/01/20 21:07:04 WET [2025/01/20 16:07:04 ET]
Table 'Dawn IV' 6-max Seat #6 is the button
Seat 3: Rdalonso ($100 in chips) is sitting out
Seat 1: avstero ($135.47 in chips) 
Seat 2: BoyLoc0 ($100 in chips) 
Seat 4: BGS013 ($126.48 in chips) 
Seat 5: camilinho UC ($42.45 in chips) 
Seat 6: tintin641 ($106.34 in chips) 
avstero: posts small blind $0.50
BoyLoc0: posts big blind $1
Rdalonso: sits out 
*** HOLE CARDS ***
BGS013: folds 
camilinho UC: raises $1.50 to $2.50
tintin641: folds 
avstero: folds 
BoyLoc0: folds 
Uncalled bet ($1.50) returned to camilinho UC
camilinho UC collected $2.50 from pot
*** SUMMARY ***
Total pot $2.50 | Rake $0 
Seat 3: Rdalonso
Seat 1: avstero (small blind) folded before Flop
Seat 2: BoyLoc0 (big blind) folded before Flop
Seat 4: BGS013 folded before Flop (didn't bet)
Seat 5: camilinho UC collected ($2.50)
Seat 6: tintin641 (button) folded before Flop (didn't bet)



PokerStars Hand #254473972372:  Hold'em No Limit ($0.50/$1.00 USD) - 2025/01/20 21:07:18 WET [2025/01/20 16:07:18 ET]
Table 'Dawn IV' 6-max Seat #1 is the button
Seat 1: avstero ($134.97 in chips) 
Seat 2: BoyLoc0 ($100 in chips) 
Seat 3: Rdalonso ($100 in chips) 
Seat 4: BGS013 ($126.48 in chips) 
Seat 5: camilinho UC ($43.95 in chips) 
Seat 6: tintin641 ($106.34 in chips) 
BoyLoc0: posts small blind $0.50
Rdalonso: posts big blind $1
*** HOLE CARDS ***
BGS013: folds 
camilinho UC: folds 
tintin641: raises $1.50 to $2.50
avstero: folds 
BoyLoc0: folds 
Rdalonso: folds 
Uncalled bet ($1.50) returned to tintin641
tintin641 collected $2.50 from pot
tintin641: doesn't show hand 
*** SUMMARY ***
Total pot $2.50 | Rake $0 
Seat 1: avstero (button) folded before Flop (didn't bet)
Seat 2: BoyLoc0 (small blind) folded before Flop
Seat 3: Rdalonso (big blind) folded before Flop
Seat 4: BGS013 folded before Flop (didn't bet)
Seat 5: camilinho UC folded before Flop (didn't bet)
Seat 6: tintin641 collected ($2.50)



PokerStars Hand #254473977451:  Hold'em No Limit ($0.50/$1.00 USD) - 2025/01/20 21:07:34 WET [2025/01/20 16:07:34 ET]
Table 'Dawn IV' 6-max Seat #2 is the button
Seat 1: avstero ($134.97 in chips) 
Seat 2: BoyLoc0 ($100 in chips) 
Seat 3: Rdalonso ($100 in chips) 
Seat 4: BGS013 ($126.48 in chips) 
Seat 5: camilinho UC ($43.95 in chips) 
Seat 6: tintin641 ($107.84 in chips) 
Rdalonso: posts small blind $0.50
BGS013: posts big blind $1
*** HOLE CARDS ***
camilinho UC: folds 
tintin641: folds 
avstero: folds 
BoyLoc0: folds 
Rdalonso: raises $2 to $3
BGS013: folds 
Uncalled bet ($2) returned to Rdalonso
Rdalonso collected $2 from pot
Rdalonso: doesn't show hand 
*** SUMMARY ***
Total pot $2 | Rake $0 
Seat 1: avstero folded before Flop (didn't bet)
Seat 2: BoyLoc0 (button) folded before Flop (didn't bet)
Seat 3: Rdalonso (small blind) collected ($2)
Seat 4: BGS013 (big blind) folded before Flop
Seat 5: camilinho UC folded before Flop (didn't bet)
Seat 6: tintin641 folded before Flop (didn't bet)



PokerStars Hand #254473983995:  Hold'em No Limit ($0.50/$1.00 USD) - 2025/01/20 21:07:54 WET [2025/01/20 16:07:54 ET]
Table 'Dawn IV' 6-max Seat #3 is the button
Seat 1: avstero ($134.97 in chips) 
Seat 2: BoyLoc0 ($100 in chips) 
Seat 3: Rdalonso ($101 in chips) 
Seat 4: BGS013 ($125.48 in chips) 
Seat 5: camilinho UC ($43.95 in chips) 
Seat 6: tintin641 ($107.84 in chips) 
BGS013: posts small blind $0.50
camilinho UC: posts big blind $1
*** HOLE CARDS ***
tintin641: folds 
avstero: folds 
BoyLoc0: folds 
Rdalonso: folds 
BGS013: raises $2 to $3
camilinho UC: raises $7 to $10
BGS013: folds 
Uncalled bet ($7) returned to camilinho UC
camilinho UC collected $6 from pot
*** SUMMARY ***
Total pot $6 | Rake $0 
Seat 1: avstero folded before Flop (didn't bet)
Seat 2: BoyLoc0 folded before Flop (didn't bet)
Seat 3: Rdalonso (button) folded before Flop (didn't bet)
Seat 4: BGS013 (small blind) folded before Flop
Seat 5: camilinho UC (big blind) collected ($6)
Seat 6: tintin641 folded before Flop (didn't bet)



PokerStars Hand #254473990504:  Hold'em No Limit ($0.50/$1.00 USD) - 2025/01/20 21:08:14 WET [2025/01/20 16:08:14 ET]
Table 'Dawn IV' 6-max Seat #4 is the button
Seat 1: avstero ($134.97 in chips) 
Seat 2: BoyLoc0 ($100 in chips) 
Seat 3: Rdalonso ($101 in chips) 
Seat 4: BGS013 ($122.48 in chips) 
Seat 5: camilinho UC ($46.95 in chips) 
Seat 6: tintin641 ($107.84 in chips) 
camilinho UC: posts small blind $0.50
tintin641: posts big blind $1
*** HOLE CARDS ***
avstero: folds 
BoyLoc0: folds 
Rdalonso: folds 
BGS013: raises $1.50 to $2.50
camilinho UC: calls $2
tintin641: folds 
*** FLOP *** [Qc Jh 2d]
camilinho UC: checks 
BGS013: bets $1.48
camilinho UC: calls $1.48
*** TURN *** [Qc Jh 2d] [9s]
camilinho UC: bets $5.26
BGS013: folds 
Uncalled bet ($5.26) returned to camilinho UC
camilinho UC collected $8.51 from pot
*** SUMMARY ***
Total pot $8.96 | Rake $0.45 
Board [Qc Jh 2d 9s]
Seat 1: avstero folded before Flop (didn't bet)
Seat 2: BoyLoc0 folded before Flop (didn't bet)
Seat 3: Rdalonso folded before Flop (didn't bet)
Seat 4: BGS013 (button) folded on the Turn
Seat 5: camilinho UC (small blind) collected ($8.51)
Seat 6: tintin641 (big blind) folded before Flop



PokerStars Hand #254474003280:  Hold'em No Limit ($0.50/$1.00 USD) - 2025/01/20 21:08:53 WET [2025/01/20 16:08:53 ET]
Table 'Dawn IV' 6-max Seat #5 is the button
Seat 1: avstero ($134.97 in chips) 
Seat 2: BoyLoc0 ($100 in chips) 
Seat 3: Rdalonso ($101 in chips) 
Seat 4: BGS013 ($118.50 in chips) 
Seat 5: camilinho UC ($51.48 in chips) 
Seat 6: tintin641 ($106.84 in chips) 
tintin641: posts small blind $0.50
avstero: posts big blind $1
*** HOLE CARDS ***
BoyLoc0: folds 
Rdalonso: folds 
BGS013: raises $1.50 to $2.50
camilinho UC: calls $2.50
tintin641: raises $11 to $13.50
avstero: folds 
BGS013: raises $12.50 to $26
camilinho UC: folds 
tintin641: folds 
Uncalled bet ($12.50) returned to BGS013
BGS013 collected $30.50 from pot
BGS013: doesn't show hand 
*** SUMMARY ***
Total pot $30.50 | Rake $0 
Seat 1: avstero (big blind) folded before Flop
Seat 2: BoyLoc0 folded before Flop (didn't bet)
Seat 3: Rdalonso folded before Flop (didn't bet)
Seat 4: BGS013 collected ($30.50)
Seat 5: camilinho UC (button) folded before Flop
Seat 6: tintin641 (small blind) folded before Flop



PokerStars Hand #254474017756:  Hold'em No Limit ($0.50/$1.00 USD) - 2025/01/20 21:09:38 WET [2025/01/20 16:09:38 ET]
Table 'Dawn IV' 6-max Seat #6 is the button
Seat 1: avstero ($133.97 in chips) 
Seat 2: BoyLoc0 ($100 in chips) 
Seat 3: Rdalonso ($101 in chips) 
Seat 4: BGS013 ($135.50 in chips) 
Seat 5: camilinho UC ($48.98 in chips) 
Seat 6: tintin641 ($100 in chips) 
avstero: posts small blind $0.50
BoyLoc0: posts big blind $1
*** HOLE CARDS ***
Rdalonso: folds 
BGS013: folds 
camilinho UC: folds 
tintin641: folds 
avstero: raises $1.80 to $2.80
BoyLoc0: folds 
Uncalled bet ($1.80) returned to avstero
avstero collected $2 from pot
avstero: doesn't show hand 
*** SUMMARY ***
Total pot $2 | Rake $0 
Seat 1: avstero (small blind) collected ($2)
Seat 2: BoyLoc0 (big blind) folded before Flop
Seat 3: Rdalonso folded before Flop (didn't bet)
Seat 4: BGS013 folded before Flop (didn't bet)
Seat 5: camilinho UC folded before Flop (didn't bet)
Seat 6: tintin641 (button) folded before Flop (didn't bet)



PokerStars Hand #254474023716:  Hold'em No Limit ($0.50/$1.00 USD) - 2025/01/20 21:09:56 WET [2025/01/20 16:09:56 ET]
Table 'Dawn IV' 6-max Seat #1 is the button
Seat 1: avstero ($134.97 in chips) 
Seat 2: BoyLoc0 ($100 in chips) 
Seat 3: Rdalonso ($101 in chips) 
Seat 4: BGS013 ($135.50 in chips) 
Seat 5: camilinho UC ($48.98 in chips) 
Seat 6: tintin641 ($100 in chips) 
BoyLoc0: posts small blind $0.50
Rdalonso: posts big blind $1
*** HOLE CARDS ***
BGS013: raises $1 to $2
camilinho UC: folds 
tintin641: folds 
avstero: folds 
BoyLoc0: folds 
Rdalonso: folds 
Uncalled bet ($1) returned to BGS013
BGS013 collected $2.50 from pot
BGS013: doesn't show hand 
*** SUMMARY ***
Total pot $2.50 | Rake $0 
Seat 1: avstero (button) folded before Flop (didn't bet)
Seat 2: BoyLoc0 (small blind) folded before Flop
Seat 3: Rdalonso (big blind) folded before Flop
Seat 4: BGS013 collected ($2.50)
Seat 5: camilinho UC folded before Flop (didn't bet)
Seat 6: tintin641 folded before Flop (didn't bet)



PokerStars Hand #254474031171:  Hold'em No Limit ($0.50/$1.00 USD) - 2025/01/20 21:10:19 WET [2025/01/20 16:10:19 ET]
Table 'Dawn IV' 6-max Seat #2 is the button
Seat 1: avstero ($134.97 in chips) 
Seat 2: BoyLoc0 ($100 in chips) 
Seat 3: Rdalonso ($100 in chips) 
Seat 4: BGS013 ($137 in chips) 
Seat 5: camilinho UC ($48.98 in chips) 
Seat 6: tintin641 ($100 in chips) 
Rdalonso: posts small blind $0.50
BGS013: posts big blind $1
*** HOLE CARDS ***
camilinho UC: folds 
tintin641: raises $1.50 to $2.50
avstero: raises $5.40 to $7.90
BoyLoc0: folds 
Rdalonso: folds 
BGS013: folds 
tintin641: folds 
Uncalled bet ($5.40) returned to avstero
avstero collected $6.50 from pot
avstero: doesn't show hand 
*** SUMMARY ***
Total pot $6.50 | Rake $0 
Seat 1: avstero collected ($6.50)
Seat 2: BoyLoc0 (button) folded before Flop (didn't bet)
Seat 3: Rdalonso (small blind) folded before Flop
Seat 4: BGS013 (big blind) folded before Flop
Seat 5: camilinho UC folded before Flop (didn't bet)
Seat 6: tintin641 folded before Flop



PokerStars Hand #254474044029:  Hold'em No Limit ($0.50/$1.00 USD) - 2025/01/20 21:10:58 WET [2025/01/20 16:10:58 ET]
Table 'Dawn IV' 6-max Seat #3 is the button
Seat 1: avstero ($138.97 in chips) 
Seat 2: BoyLoc0 ($100 in chips) 
Seat 3: Rdalonso ($100 in chips) 
Seat 4: BGS013 ($136 in chips) 
Seat 5: camilinho UC ($48.98 in chips) 
Seat 6: tintin641 ($100 in chips) 
BGS013: posts small blind $0.50
camilinho UC: posts big blind $1
*** HOLE CARDS ***
tintin641: folds 
avstero: folds 
BoyLoc0: raises $1.50 to $2.50
Rdalonso: folds 
BGS013: raises $8.50 to $11
camilinho UC: folds 
BoyLoc0: folds 
Uncalled bet ($8.50) returned to BGS013
BGS013 collected $6 from pot
BGS013: doesn't show hand 
*** SUMMARY ***
Total pot $6 | Rake $0 
Seat 1: avstero folded before Flop (didn't bet)
Seat 2: BoyLoc0 folded before Flop
Seat 3: Rdalonso (button) folded before Flop (didn't bet)
Seat 4: BGS013 (small blind) collected ($6)
Seat 5: camilinho UC (big blind) folded before Flop
Seat 6: tintin641 folded before Flop (didn't bet)



PokerStars Hand #254474051631:  Hold'em No Limit ($0.50/$1.00 USD) - 2025/01/20 21:11:21 WET [2025/01/20 16:11:21 ET]
Table 'Dawn IV' 6-max Seat #4 is the button
Seat 1: avstero ($138.97 in chips) 
Seat 2: BoyLoc0 ($100 in chips) 
Seat 3: Rdalonso ($100 in chips) 
Seat 4: BGS013 ($139.50 in chips) 
Seat 5: camilinho UC ($47.98 in chips) 
Seat 6: tintin641 ($100 in chips) 
camilinho UC: posts small blind $0.50
tintin641: posts big blind $1
*** HOLE CARDS ***
avstero: raises $1.20 to $2.20
BoyLoc0: folds 
Rdalonso: folds 
BGS013: folds 
camilinho UC: folds 
tintin641: folds 
Uncalled bet ($1.20) returned to avstero
avstero collected $2.50 from pot
avstero: doesn't show hand 
*** SUMMARY ***
Total pot $2.50 | Rake $0 
Seat 1: avstero collected ($2.50)
Seat 2: BoyLoc0 folded before Flop (didn't bet)
Seat 3: Rdalonso folded before Flop (didn't bet)
Seat 4: BGS013 (button) folded before Flop (didn't bet)
Seat 5: camilinho UC (small blind) folded before Flop
Seat 6: tintin641 (big blind) folded before Flop



PokerStars Hand #254474059420:  Hold'em No Limit ($0.50/$1.00 USD) - 2025/01/20 21:11:44 WET [2025/01/20 16:11:44 ET]
Table 'Dawn IV' 6-max Seat #5 is the button
Seat 1: avstero ($140.47 in chips) 
Seat 2: BoyLoc0 ($100 in chips) 
Seat 3: Rdalonso ($100 in chips) 
Seat 4: BGS013 ($139.50 in chips) 
Seat 5: camilinho UC ($47.48 in chips) 
Seat 6: tintin641 ($100 in chips) 
tintin641: posts small blind $0.50
avstero: posts big blind $1
*** HOLE CARDS ***
BoyLoc0: raises $1.50 to $2.50
Rdalonso: folds 
BGS013: folds 
camilinho UC: folds 
tintin641: folds 
avstero: folds 
Uncalled bet ($1.50) returned to BoyLoc0
BoyLoc0 collected $2.50 from pot
BoyLoc0: doesn't show hand 
*** SUMMARY ***
Total pot $2.50 | Rake $0 
Seat 1: avstero (big blind) folded before Flop
Seat 2: BoyLoc0 collected ($2.50)
Seat 3: Rdalonso folded before Flop (didn't bet)
Seat 4: BGS013 folded before Flop (didn't bet)
Seat 5: camilinho UC (button) folded before Flop (didn't bet)
Seat 6: tintin641 (small blind) folded before Flop



PokerStars Hand #254474064702:  Hold'em No Limit ($0.50/$1.00 USD) - 2025/01/20 21:12:00 WET [2025/01/20 16:12:00 ET]
Table 'Dawn IV' 6-max Seat #6 is the button
Seat 1: avstero ($139.47 in chips) 
Seat 2: BoyLoc0 ($101.50 in chips) 
Seat 3: Rdalonso ($100 in chips) 
Seat 4: BGS013 ($139.50 in chips) 
Seat 5: camilinho UC ($47.48 in chips) 
Seat 6: tintin641 ($100 in chips) 
avstero: posts small blind $0.50
BoyLoc0: posts big blind $1
*** HOLE CARDS ***
Rdalonso: folds 
BGS013: raises $1 to $2
camilinho UC: raises $6.50 to $8.50
tintin641: folds 
avstero: folds 
BoyLoc0: folds 
BGS013: folds 
Uncalled bet ($6.50) returned to camilinho UC
camilinho UC collected $5.50 from pot
*** SUMMARY ***
Total pot $5.50 | Rake $0 
Seat 1: avstero (small blind) folded before Flop
Seat 2: BoyLoc0 (big blind) folded before Flop
Seat 3: Rdalonso folded before Flop (didn't bet)
Seat 4: BGS013 folded before Flop
Seat 5: camilinho UC collected ($5.50)
Seat 6: tintin641 (button) folded before Flop (didn't bet)



PokerStars Hand #254474074625:  Hold'em No Limit ($0.50/$1.00 USD) - 2025/01/20 21:12:30 WET [2025/01/20 16:12:30 ET]
Table 'Dawn IV' 6-max Seat #1 is the button
Seat 1: avstero ($138.97 in chips) 
Seat 2: BoyLoc0 ($100.50 in chips) 
Seat 3: Rdalonso ($100 in chips) 
Seat 4: BGS013 ($137.50 in chips) 
Seat 5: camilinho UC ($50.98 in chips) 
Seat 6: tintin641 ($100 in chips) 
BoyLoc0: posts small blind $0.50
Rdalonso: posts big blind $1
*** HOLE CARDS ***
BGS013: folds 
BGS013 leaves the table
camilinho UC: folds 
tintin641: folds 
avstero: raises $1.20 to $2.20
BoyLoc0: raises $7.80 to $10
Rdalonso: folds 
avstero: folds 
Uncalled bet ($7.80) returned to BoyLoc0
BoyLoc0 collected $5.40 from pot
BoyLoc0: doesn't show hand 
*** SUMMARY ***
Total pot $5.40 | Rake $0 
Seat 1: avstero (button) folded before Flop
Seat 2: BoyLoc0 (small blind) collected ($5.40)
Seat 3: Rdalonso (big blind) folded before Flop
Seat 4: BGS013 folded before Flop (didn't bet)
Seat 5: camilinho UC folded before Flop (didn't bet)
Seat 6: tintin641 folded before Flop (didn't bet)



PokerStars Hand #254474084314:  Hold'em No Limit ($0.50/$1.00 USD) - 2025/01/20 21:12:59 WET [2025/01/20 16:12:59 ET]
Table 'Dawn IV' 6-max Seat #2 is the button
Seat 1: avstero ($136.77 in chips) 
Seat 2: BoyLoc0 ($103.70 in chips) 
Seat 3: Rdalonso ($100 in chips) 
Seat 5: camilinho UC ($50.98 in chips) 
Seat 6: tintin641 ($100 in chips) 
Rdalonso: posts small blind $0.50
camilinho UC: posts big blind $1
*** HOLE CARDS ***
tintin641: folds 
avstero: folds 
BoyLoc0: raises $1.50 to $2.50
Rdalonso: folds 
camilinho UC: folds 
Uncalled bet ($1.50) returned to BoyLoc0
BoyLoc0 collected $2.50 from pot
BoyLoc0: doesn't show hand 
*** SUMMARY ***
Total pot $2.50 | Rake $0 
Seat 1: avstero folded before Flop (didn't bet)
Seat 2: BoyLoc0 (button) collected ($2.50)
Seat 3: Rdalonso (small blind) folded before Flop
Seat 5: camilinho UC (big blind) folded before Flop
Seat 6: tintin641 folded before Flop (didn't bet)



PokerStars Hand #254474093518:  Hold'em No Limit ($0.50/$1.00 USD) - 2025/01/20 21:13:27 WET [2025/01/20 16:13:27 ET]
Table 'Dawn IV' 6-max Seat #3 is the button
Seat 1: avstero ($136.77 in chips) 
Seat 2: BoyLoc0 ($105.20 in chips) 
Seat 3: Rdalonso ($100 in chips) 
Seat 5: camilinho UC ($49.98 in chips) 
Seat 6: tintin641 ($100 in chips) 
camilinho UC: posts small blind $0.50
tintin641: posts big blind $1
*** HOLE CARDS ***
avstero: folds 
BoyLoc0: folds 
Rdalonso: folds 
camilinho UC: raises $1 to $2
tintin641: raises $4 to $6
camilinho UC: calls $4
*** FLOP *** [7h 8c Js]
camilinho UC: checks 
tintin641: checks 
*** TURN *** [7h 8c Js] [Ac]
camilinho UC: checks 
tintin641: bets $8.55
camilinho UC: folds 
Uncalled bet ($8.55) returned to tintin641
tintin641 collected $11.40 from pot
tintin641: doesn't show hand 
*** SUMMARY ***
Total pot $12 | Rake $0.60 
Board [7h 8c Js Ac]
Seat 1: avstero folded before Flop (didn't bet)
Seat 2: BoyLoc0 folded before Flop (didn't bet)
Seat 3: Rdalonso (button) folded before Flop (didn't bet)
Seat 5: camilinho UC (small blind) folded on the Turn
Seat 6: tintin641 (big blind) collected ($11.40)



PokerStars Hand #254474112504:  Hold'em No Limit ($0.50/$1.00 USD) - 2025/01/20 21:14:24 WET [2025/01/20 16:14:24 ET]
Table 'Dawn IV' 6-max Seat #5 is the button
Seat 1: avstero ($136.77 in chips) 
Seat 2: BoyLoc0 ($105.20 in chips) 
Seat 3: Rdalonso ($100 in chips) 
Seat 5: camilinho UC ($43.98 in chips) 
Seat 6: tintin641 ($105.40 in chips) 
tintin641: posts small blind $0.50
avstero: posts big blind $1
*** HOLE CARDS ***
BoyLoc0: folds 
Rdalonso: raises $1.50 to $2.50
irishmanROSSCO joins the table at seat #4 
irishmanROSSCO is disconnected 
camilinho UC: folds 
tintin641: folds 
avstero: folds 
Uncalled bet ($1.50) returned to Rdalonso
Rdalonso collected $2.50 from pot
Rdalonso: doesn't show hand 
*** SUMMARY ***
Total pot $2.50 | Rake $0 
Seat 1: avstero (big blind) folded before Flop
Seat 2: BoyLoc0 folded before Flop (didn't bet)
Seat 3: Rdalonso collected ($2.50)
Seat 5: camilinho UC (button) folded before Flop (didn't bet)
Seat 6: tintin641 (small blind) folded before Flop



PokerStars Hand #254474118319:  Hold'em No Limit ($0.50/$1.00 USD) - 2025/01/20 21:14:42 WET [2025/01/20 16:14:42 ET]
Table 'Dawn IV' 6-max Seat #6 is the button
Seat 1: avstero ($135.77 in chips) 
Seat 2: BoyLoc0 ($105.20 in chips) 
Seat 3: Rdalonso ($101.50 in chips) 
Seat 4: irishmanROSSCO ($55.10 in chips) 
Seat 5: camilinho UC ($43.98 in chips) 
Seat 6: tintin641 ($104.90 in chips) 
avstero: posts small blind $0.50
BoyLoc0: posts big blind $1
irishmanROSSCO: posts big blind $1
*** HOLE CARDS ***
Rdalonso: folds 
irishmanROSSCO: checks 
camilinho UC: raises $3 to $4
tintin641: folds 
avstero: folds 
BoyLoc0: calls $3
irishmanROSSCO: calls $3
*** FLOP *** [Js Ad 2s]
BoyLoc0: checks 
irishmanROSSCO: bets $11.88
camilinho UC: folds 
BoyLoc0: folds 
Uncalled bet ($11.88) returned to irishmanROSSCO
irishmanROSSCO collected $11.88 from pot
*** SUMMARY ***
Total pot $12.50 | Rake $0.62 
Board [Js Ad 2s]
Seat 1: avstero (small blind) folded before Flop
Seat 2: BoyLoc0 (big blind) folded on the Flop
Seat 3: Rdalonso folded before Flop (didn't bet)
Seat 4: irishmanROSSCO collected ($11.88)
Seat 5: camilinho UC folded on the Flop
Seat 6: tintin641 (button) folded before Flop (didn't bet)



PokerStars Hand #254474130663:  Hold'em No Limit ($0.50/$1.00 USD) - 2025/01/20 21:15:18 WET [2025/01/20 16:15:18 ET]
Table 'Dawn IV' 6-max Seat #1 is the button
Seat 1: avstero ($135.27 in chips) 
Seat 2: BoyLoc0 ($101.20 in chips) 
Seat 3: Rdalonso ($101.50 in chips) 
Seat 4: irishmanROSSCO ($62.98 in chips) 
Seat 5: camilinho UC ($39.98 in chips) 
Seat 6: tintin641 ($104.90 in chips) 
BoyLoc0: posts small blind $0.50
Rdalonso: posts big blind $1
*** HOLE CARDS ***
irishmanROSSCO: folds 
camilinho UC: folds 
tintin641: folds 
avstero: folds 
BoyLoc0: folds 
Uncalled bet ($0.50) returned to Rdalonso
Rdalonso collected $1 from pot
Rdalonso: doesn't show hand 
*** SUMMARY ***
Total pot $1 | Rake $0 
Seat 1: avstero (button) folded before Flop (didn't bet)
Seat 2: BoyLoc0 (small blind) folded before Flop
Seat 3: Rdalonso (big blind) collected ($1)
Seat 4: irishmanROSSCO folded before Flop (didn't bet)
Seat 5: camilinho UC folded before Flop (didn't bet)
Seat 6: tintin641 folded before Flop (didn't bet)



PokerStars Hand #254474135024:  Hold'em No Limit ($0.50/$1.00 USD) - 2025/01/20 21:15:31 WET [2025/01/20 16:15:31 ET]
Table 'Dawn IV' 6-max Seat #2 is the button
Seat 1: avstero ($135.27 in chips) 
Seat 2: BoyLoc0 ($100.70 in chips) 
Seat 3: Rdalonso ($102 in chips) 
Seat 4: irishmanROSSCO ($62.98 in chips) 
Seat 5: camilinho UC ($39.98 in chips) 
Seat 6: tintin641 ($104.90 in chips) 
Rdalonso: posts small blind $0.50
irishmanROSSCO: posts big blind $1
*** HOLE CARDS ***
camilinho UC: folds 
tintin641: folds 
avstero: folds 
BoyLoc0: raises $1.50 to $2.50
Rdalonso: folds 
irishmanROSSCO: calls $1.50
*** FLOP *** [8s Jh 9d]
irishmanROSSCO: checks 
BoyLoc0: bets $1.72
irishmanROSSCO: folds 
Uncalled bet ($1.72) returned to BoyLoc0
BoyLoc0 collected $5.22 from pot
BoyLoc0: doesn't show hand 
*** SUMMARY ***
Total pot $5.50 | Rake $0.28 
Board [8s Jh 9d]
Seat 1: avstero folded before Flop (didn't bet)
Seat 2: BoyLoc0 (button) collected ($5.22)
Seat 3: Rdalonso (small blind) folded before Flop
Seat 4: irishmanROSSCO (big blind) folded on the Flop
Seat 5: camilinho UC folded before Flop (didn't bet)
Seat 6: tintin641 folded before Flop (didn't bet)



PokerStars Hand #254474146433:  Hold'em No Limit ($0.50/$1.00 USD) - 2025/01/20 21:16:06 WET [2025/01/20 16:16:06 ET]
Table 'Dawn IV' 6-max Seat #3 is the button
Seat 1: avstero ($135.27 in chips) 
Seat 2: BoyLoc0 ($103.42 in chips) 
Seat 3: Rdalonso ($101.50 in chips) 
Seat 4: irishmanROSSCO ($60.48 in chips) 
Seat 5: camilinho UC ($39.98 in chips) 
Seat 6: tintin641 ($104.90 in chips) 
irishmanROSSCO: posts small blind $0.50
camilinho UC: posts big blind $1
*** HOLE CARDS ***
tintin641: folds 
avstero: folds 
BoyLoc0: folds 
Rdalonso: raises $1.50 to $2.50
irishmanROSSCO: calls $2
camilinho UC: calls $1.50
*** FLOP *** [4c Jh 5h]
irishmanROSSCO: checks 
camilinho UC: checks 
Rdalonso: bets $3.56
irishmanROSSCO: calls $3.56
camilinho UC: calls $3.56
*** TURN *** [4c Jh 5h] [7c]
irishmanROSSCO: checks 
camilinho UC: checks 
Rdalonso: checks 
*** RIVER *** [4c Jh 5h 7c] [7h]
irishmanROSSCO: bets $8.64
camilinho UC: folds 
Rdalonso: calls $8.64
*** SHOW DOWN ***
irishmanROSSCO: shows [4d 3h] (two pair, Sevens and Fours)
Rdalonso: shows [Qd Qs] (two pair, Queens and Sevens)
Rdalonso collected $33.69 from pot
*** SUMMARY ***
Total pot $35.46 | Rake $1.77 
Board [4c Jh 5h 7c 7h]
Seat 1: avstero folded before Flop (didn't bet)
Seat 2: BoyLoc0 folded before Flop (didn't bet)
Seat 3: Rdalonso (button) showed [Qd Qs] and won ($33.69) with two pair, Queens and Sevens
Seat 4: irishmanROSSCO (small blind) showed [4d 3h] and lost with two pair, Sevens and Fours
Seat 5: camilinho UC (big blind) folded on the River
Seat 6: tintin641 folded before Flop (didn't bet)



PokerStars Hand #254474174822:  Hold'em No Limit ($0.50/$1.00 USD) - 2025/01/20 21:17:32 WET [2025/01/20 16:17:32 ET]
Table 'Dawn IV' 6-max Seat #4 is the button
Seat 1: avstero ($135.27 in chips) 
Seat 2: BoyLoc0 ($103.42 in chips) 
Seat 3: Rdalonso ($120.49 in chips) 
Seat 4: irishmanROSSCO ($45.78 in chips) 
Seat 5: camilinho UC ($33.92 in chips) 
Seat 6: tintin641 ($104.90 in chips) 
camilinho UC: posts small blind $0.50
tintin641: posts big blind $1
*** HOLE CARDS ***
avstero: folds 
BoyLoc0: folds 
Rdalonso: raises $1.50 to $2.50
irishmanROSSCO: calls $2.50
camilinho UC: folds 
tintin641: folds 
*** FLOP *** [4d 6c As]
Rdalonso: checks 
irishmanROSSCO: bets $6.18
Rdalonso: calls $6.18
*** TURN *** [4d 6c As] [3h]
Rdalonso: checks 
irishmanROSSCO: bets $17.92
Rdalonso: calls $17.92
*** RIVER *** [4d 6c As 3h] [Kh]
Rdalonso: checks 
irishmanROSSCO: checks 
*** SHOW DOWN ***
Rdalonso: shows [Jd Jh] (a pair of Jacks)
irishmanROSSCO: shows [Tc Ad] (a pair of Aces)
irishmanROSSCO collected $52.20 from pot
*** SUMMARY ***
Total pot $54.70 | Rake $2.50 
Board [4d 6c As 3h Kh]
Seat 1: avstero folded before Flop (didn't bet)
Seat 2: BoyLoc0 folded before Flop (didn't bet)
Seat 3: Rdalonso showed [Jd Jh] and lost with a pair of Jacks
Seat 4: irishmanROSSCO (button) showed [Tc Ad] and won ($52.20) with a pair of Aces
Seat 5: camilinho UC (small blind) folded before Flop
Seat 6: tintin641 (big blind) folded before Flop



PokerStars Hand #254474195843:  Hold'em No Limit ($0.50/$1.00 USD) - 2025/01/20 21:18:35 WET [2025/01/20 16:18:35 ET]
Table 'Dawn IV' 6-max Seat #5 is the button
Seat 1: avstero ($135.27 in chips) 
Seat 2: BoyLoc0 ($103.42 in chips) 
Seat 3: Rdalonso ($100 in chips) 
Seat 4: irishmanROSSCO ($71.38 in chips) 
Seat 5: camilinho UC ($33.42 in chips) 
Seat 6: tintin641 ($103.90 in chips) 
tintin641: posts small blind $0.50
avstero: posts big blind $1
*** HOLE CARDS ***
BoyLoc0: raises $1.50 to $2.50
Rdalonso: folds 
irishmanROSSCO: folds 
irishmanROSSCO leaves the table
camilinho UC: folds 
tintin641: folds 
avstero: folds 
Uncalled bet ($1.50) returned to BoyLoc0
BoyLoc0 collected $2.50 from pot
BoyLoc0: doesn't show hand 
*** SUMMARY ***
Total pot $2.50 | Rake $0 
Seat 1: avstero (big blind) folded before Flop
Seat 2: BoyLoc0 collected ($2.50)
Seat 3: Rdalonso folded before Flop (didn't bet)
Seat 4: irishmanROSSCO folded before Flop (didn't bet)
Seat 5: camilinho UC (button) folded before Flop (didn't bet)
Seat 6: tintin641 (small blind) folded before Flop



PokerStars Hand #254474207922:  Hold'em No Limit ($0.50/$1.00 USD) - 2025/01/20 21:19:11 WET [2025/01/20 16:19:11 ET]
Table 'Dawn IV' 6-max Seat #6 is the button
Seat 1: avstero ($134.27 in chips) 
Seat 2: BoyLoc0 ($104.92 in chips) 
Seat 3: Rdalonso ($100 in chips) 
Seat 5: camilinho UC ($33.42 in chips) 
Seat 6: tintin641 ($103.40 in chips) 
avstero: posts small blind $0.50
BoyLoc0: posts big blind $1
*** HOLE CARDS ***
Rdalonso: folds 
camilinho UC: folds 
tintin641: folds 
avstero: raises $1.80 to $2.80
BoyLoc0: calls $1.80
*** FLOP *** [Jc Js Kh]
avstero: bets $1.50
BoyLoc0: folds 
Uncalled bet ($1.50) returned to avstero
avstero collected $5.32 from pot
avstero: doesn't show hand 
*** SUMMARY ***
Total pot $5.60 | Rake $0.28 
Board [Jc Js Kh]
Seat 1: avstero (small blind) collected ($5.32)
Seat 2: BoyLoc0 (big blind) folded on the Flop
Seat 3: Rdalonso folded before Flop (didn't bet)
Seat 5: camilinho UC folded before Flop (didn't bet)
Seat 6: tintin641 (button) folded before Flop (didn't bet)



PokerStars Hand #254474218170:  Hold'em No Limit ($0.50/$1.00 USD) - 2025/01/20 21:19:42 WET [2025/01/20 16:19:42 ET]
Table 'Dawn IV' 6-max Seat #1 is the button
Seat 1: avstero ($136.79 in chips) 
Seat 2: BoyLoc0 ($102.12 in chips) 
Seat 3: Rdalonso ($100 in chips) 
Seat 5: camilinho UC ($33.42 in chips) 
Seat 6: tintin641 ($103.40 in chips) 
BoyLoc0: posts small blind $0.50
Rdalonso: posts big blind $1
*** HOLE CARDS ***
camilinho UC: folds 
tintin641: folds 
avstero: folds 
BoyLoc0: folds 
Uncalled bet ($0.50) returned to Rdalonso
pinodc1 joins the table at seat #4 
pinodc1 is disconnected 
Rdalonso collected $1 from pot
Rdalonso: doesn't show hand 
*** SUMMARY ***
Total pot $1 | Rake $0 
Seat 1: avstero (button) folded before Flop (didn't bet)
Seat 2: BoyLoc0 (small blind) folded before Flop
Seat 3: Rdalonso (big blind) collected ($1)
Seat 5: camilinho UC folded before Flop (didn't bet)
Seat 6: tintin641 folded before Flop (didn't bet)



PokerStars Hand #254474222807:  Hold'em No Limit ($0.50/$1.00 USD) - 2025/01/20 21:19:56 WET [2025/01/20 16:19:56 ET]
Table 'Dawn IV' 6-max Seat #2 is the button
Seat 1: avstero ($136.79 in chips) 
Seat 2: BoyLoc0 ($101.62 in chips) 
Seat 3: Rdalonso ($100.50 in chips) 
Seat 4: pinodc1 ($100 in chips) 
Seat 5: camilinho UC ($33.42 in chips) 
Seat 6: tintin641 ($103.40 in chips) 
Rdalonso: posts small blind $0.50
pinodc1: posts big blind $1
*** HOLE CARDS ***
camilinho UC: raises $1.50 to $2.50
tintin641: folds 
avstero: folds 
BoyLoc0: folds 
Rdalonso: folds 
pinodc1: folds 
Uncalled bet ($1.50) returned to camilinho UC
camilinho UC collected $2.50 from pot
*** SUMMARY ***
Total pot $2.50 | Rake $0 
Seat 1: avstero folded before Flop (didn't bet)
Seat 2: BoyLoc0 (button) folded before Flop (didn't bet)
Seat 3: Rdalonso (small blind) folded before Flop
Seat 4: pinodc1 (big blind) folded before Flop
Seat 5: camilinho UC collected ($2.50)
Seat 6: tintin641 folded before Flop (didn't bet)



PokerStars Hand #254474228496:  Hold'em No Limit ($0.50/$1.00 USD) - 2025/01/20 21:20:13 WET [2025/01/20 16:20:13 ET]
Table 'Dawn IV' 6-max Seat #3 is the button
Seat 1: avstero ($136.79 in chips) 
Seat 2: BoyLoc0 ($101.62 in chips) 
Seat 3: Rdalonso ($100 in chips) 
Seat 4: pinodc1 ($99 in chips) 
Seat 5: camilinho UC ($34.92 in chips) 
Seat 6: tintin641 ($103.40 in chips) 
pinodc1: posts small blind $0.50
camilinho UC: posts big blind $1
*** HOLE CARDS ***
tintin641: folds 
avstero: raises $1.20 to $2.20
BoyLoc0: folds 
Rdalonso: folds 
pinodc1: folds 
camilinho UC: calls $1.20
*** FLOP *** [Jh 7h 2c]
camilinho UC: checks 
avstero: bets $2
camilinho UC: calls $2
*** TURN *** [Jh 7h 2c] [6h]
camilinho UC: bets $5
avstero: calls $5
*** RIVER *** [Jh 7h 2c 6h] [Jd]
camilinho UC: bets $10.98
avstero: raises $116.61 to $127.59 and is all-in
camilinho UC: calls $14.74 and is all-in
Uncalled bet ($101.87) returned to avstero
*** SHOW DOWN ***
avstero: shows [8h Ah] (a flush, Ace high)
camilinho UC: shows [8s 8c] (two pair, Jacks and Eights)
avstero collected $67.84 from pot
*** SUMMARY ***
Total pot $70.34 | Rake $2.50 
Board [Jh 7h 2c 6h Jd]
Seat 1: avstero showed [8h Ah] and won ($67.84) with a flush, Ace high
Seat 2: BoyLoc0 folded before Flop (didn't bet)
Seat 3: Rdalonso (button) folded before Flop (didn't bet)
Seat 4: pinodc1 (small blind) folded before Flop
Seat 5: camilinho UC (big blind) showed [8s 8c] and lost with two pair, Jacks and Eights
Seat 6: tintin641 folded before Flop (didn't bet)



PokerStars Hand #254474258788:  Hold'em No Limit ($0.50/$1.00 USD) - 2025/01/20 21:21:43 WET [2025/01/20 16:21:43 ET]
Table 'Dawn IV' 6-max Seat #4 is the button
Seat 5: camilinho UC ($0 in chips) is sitting out
Seat 1: avstero ($169.71 in chips) 
Seat 2: BoyLoc0 ($101.62 in chips) 
Seat 3: Rdalonso ($100 in chips) 
Seat 4: pinodc1 ($98.50 in chips) 
Seat 6: tintin641 ($103.40 in chips) 
tintin641: posts small blind $0.50
avstero: posts big blind $1
*** HOLE CARDS ***
BoyLoc0: folds 
Rdalonso: folds 
camilinho UC leaves the table
pinodc1: raises $2 to $3
tintin641: folds 
avstero: raises $10 to $13
pinodc1: folds 
Uncalled bet ($10) returned to avstero
avstero collected $6.50 from pot
avstero: doesn't show hand 
*** SUMMARY ***
Total pot $6.50 | Rake $0 
Seat 5: camilinho UC
Seat 1: avstero (big blind) collected ($6.50)
Seat 2: BoyLoc0 folded before Flop (didn't bet)
Seat 3: Rdalonso folded before Flop (didn't bet)
Seat 4: pinodc1 (button) folded before Flop
Seat 6: tintin641 (small blind) folded before Flop



PokerStars Hand #254474270902:  Hold'em No Limit ($0.50/$1.00 USD) - 2025/01/20 21:22:19 WET [2025/01/20 16:22:19 ET]
Table 'Dawn IV' 6-max Seat #6 is the button
Seat 2: BoyLoc0 ($101.62 in chips) is sitting out
Seat 3: Rdalonso ($100 in chips) is sitting out
Seat 1: avstero ($173.21 in chips) 
Seat 4: pinodc1 ($95.50 in chips) 
Seat 6: tintin641 ($102.90 in chips) 
avstero: posts small blind $0.50
BoyLoc0: is sitting out 
Rdalonso: is sitting out 
pinodc1: posts big blind $1
*** HOLE CARDS ***
tintin641: raises $1.50 to $2.50
Rdalonso leaves the table
BoyLoc0 leaves the table
avstero: raises $9.50 to $12
pinodc1: raises $26.50 to $38.50
tintin641: folds 
avstero: folds 
Uncalled bet ($26.50) returned to pinodc1
tintin641 leaves the table
pinodc1 collected $26.50 from pot
*** SUMMARY ***
Total pot $26.50 | Rake $0 
Seat 2: BoyLoc0
Seat 3: Rdalonso
Seat 1: avstero (small blind) folded before Flop
Seat 4: pinodc1 (big blind) collected ($26.50)
Seat 6: tintin641 (button) folded before Flop



