PokerStars Hand #254473408473:  Hold'em No Limit ($0.50/$1.00 USD) - 2025/01/20 20:36:32 WET [2025/01/20 15:36:32 ET]
Table 'Mundleria II' 6-max Seat #2 is the button
Seat 1: gudrozd ($101.22 in chips) 
Seat 2: Manifestorr ($100 in chips) 
Seat 3: mariofcd ($104 in chips) 
Seat 4: neild72 ($82 in chips) 
Seat 5: Gfoer ($132.70 in chips) 
Seat 6: CichiChanMarian ($100 in chips) 
mariofcd: posts small blind $0.50
neild72: posts big blind $1
*** HOLE CARDS ***
Gfoer: folds 
CichiChanMarian: folds 
gudrozd: folds 
Manifestorr: folds 
mariofcd: folds 
Uncalled bet ($0.50) returned to neild72
neild72 collected $1 from pot
*** SUMMARY ***
Total pot $1 | Rake $0 
Seat 1: gudrozd folded before Flop (didn't bet)
Seat 2: Manifestorr (button) folded before Flop (didn't bet)
Seat 3: mariofcd (small blind) folded before Flop
Seat 4: neild72 (big blind) collected ($1)
Seat 5: Gfoer folded before Flop (didn't bet)
Seat 6: CichiChanMarian folded before Flop (didn't bet)



PokerStars Hand #254473413035:  Hold'em No Limit ($0.50/$1.00 USD) - 2025/01/20 20:36:46 WET [2025/01/20 15:36:46 ET]
Table 'Mundleria II' 6-max Seat #3 is the button
Seat 1: gudrozd ($101.22 in chips) 
Seat 2: Manifestorr ($100 in chips) 
Seat 3: mariofcd ($103.50 in chips) 
Seat 4: neild72 ($82.50 in chips) 
Seat 5: Gfoer ($132.70 in chips) 
Seat 6: CichiChanMarian ($100 in chips) 
neild72: posts small blind $0.50
Gfoer: posts big blind $1
*** HOLE CARDS ***
CichiChanMarian: folds 
gudrozd: folds 
Manifestorr: raises $1.20 to $2.20
mariofcd: calls $2.20
neild72: calls $1.70
Gfoer: folds 
*** FLOP *** [2c 9c 3s]
neild72: checks 
Manifestorr: bets $3.61
mariofcd: raises $7.22 to $10.83
neild72: folds 
Manifestorr: folds 
Uncalled bet ($7.22) returned to mariofcd
mariofcd collected $14.08 from pot
mariofcd: doesn't show hand 
*** SUMMARY ***
Total pot $14.82 | Rake $0.74 
Board [2c 9c 3s]
Seat 1: gudrozd folded before Flop (didn't bet)
Seat 2: Manifestorr folded on the Flop
Seat 3: mariofcd (button) collected ($14.08)
Seat 4: neild72 (small blind) folded on the Flop
Seat 5: Gfoer (big blind) folded before Flop
Seat 6: CichiChanMarian folded before Flop (didn't bet)



PokerStars Hand #254473427119:  Hold'em No Limit ($0.50/$1.00 USD) - 2025/01/20 20:37:29 WET [2025/01/20 15:37:29 ET]
Table 'Mundleria II' 6-max Seat #4 is the button
Seat 1: gudrozd ($101.22 in chips) 
Seat 2: Manifestorr ($100 in chips) 
Seat 3: mariofcd ($111.77 in chips) 
Seat 4: neild72 ($80.30 in chips) 
Seat 5: Gfoer ($131.70 in chips) 
Seat 6: CichiChanMarian ($100 in chips) 
Gfoer: posts small blind $0.50
CichiChanMarian: posts big blind $1
*** HOLE CARDS ***
gudrozd: folds 
Manifestorr: folds 
mariofcd: folds 
neild72: folds 
Gfoer: raises $1.50 to $2.50
CichiChanMarian: calls $1.50
*** FLOP *** [Tc Kd 2s]
Gfoer: bets $1.58
CichiChanMarian: calls $1.58
*** TURN *** [Tc Kd 2s] [Jh]
Gfoer: bets $5.81
CichiChanMarian: folds 
Uncalled bet ($5.81) returned to Gfoer
Gfoer collected $7.75 from pot
Gfoer: doesn't show hand 
*** SUMMARY ***
Total pot $8.16 | Rake $0.41 
Board [Tc Kd 2s Jh]
Seat 1: gudrozd folded before Flop (didn't bet)
Seat 2: Manifestorr folded before Flop (didn't bet)
Seat 3: mariofcd folded before Flop (didn't bet)
Seat 4: neild72 (button) folded before Flop (didn't bet)
Seat 5: Gfoer (small blind) collected ($7.75)
Seat 6: CichiChanMarian (big blind) folded on the Turn



PokerStars Hand #254473442118:  Hold'em No Limit ($0.50/$1.00 USD) - 2025/01/20 20:38:15 WET [2025/01/20 15:38:15 ET]
Table 'Mundleria II' 6-max Seat #5 is the button
Seat 1: gudrozd ($101.22 in chips) 
Seat 2: Manifestorr ($100 in chips) 
Seat 3: mariofcd ($111.77 in chips) 
Seat 4: neild72 ($80.30 in chips) 
Seat 5: Gfoer ($135.37 in chips) 
Seat 6: CichiChanMarian ($100 in chips) 
CichiChanMarian: posts small blind $0.50
gudrozd: posts big blind $1
*** HOLE CARDS ***
Manifestorr: folds 
mariofcd: folds 
neild72: raises $2 to $3
Gfoer: folds 
CichiChanMarian: folds 
gudrozd: calls $2
*** FLOP *** [Qh 9h 6d]
gudrozd: checks 
neild72: bets $4
gudrozd: calls $4
*** TURN *** [Qh 9h 6d] [Ts]
gudrozd: checks 
neild72: bets $10.89
gudrozd: raises $17.78 to $28.67
neild72: folds 
Uncalled bet ($17.78) returned to gudrozd
gudrozd collected $34.47 from pot
gudrozd: doesn't show hand 
*** SUMMARY ***
Total pot $36.28 | Rake $1.81 
Board [Qh 9h 6d Ts]
Seat 1: gudrozd (big blind) collected ($34.47)
Seat 2: Manifestorr folded before Flop (didn't bet)
Seat 3: mariofcd folded before Flop (didn't bet)
Seat 4: neild72 folded on the Turn
Seat 5: Gfoer (button) folded before Flop (didn't bet)
Seat 6: CichiChanMarian (small blind) folded before Flop



PokerStars Hand #254473464601:  Hold'em No Limit ($0.50/$1.00 USD) - 2025/01/20 20:39:24 WET [2025/01/20 15:39:24 ET]
Table 'Mundleria II' 6-max Seat #6 is the button
Seat 1: gudrozd ($117.80 in chips) 
Seat 2: Manifestorr ($100 in chips) 
Seat 3: mariofcd ($111.77 in chips) 
Seat 4: neild72 ($62.41 in chips) 
Seat 5: Gfoer ($135.37 in chips) 
Seat 6: CichiChanMarian ($100 in chips) 
gudrozd: posts small blind $0.50
Manifestorr: posts big blind $1
*** HOLE CARDS ***
mariofcd: folds 
neild72: folds 
Gfoer: folds 
CichiChanMarian: folds 
gudrozd: folds 
Uncalled bet ($0.50) returned to Manifestorr
Manifestorr collected $1 from pot
*** SUMMARY ***
Total pot $1 | Rake $0 
Seat 1: gudrozd (small blind) folded before Flop
Seat 2: Manifestorr (big blind) collected ($1)
Seat 3: mariofcd folded before Flop (didn't bet)
Seat 4: neild72 folded before Flop (didn't bet)
Seat 5: Gfoer folded before Flop (didn't bet)
Seat 6: CichiChanMarian (button) folded before Flop (didn't bet)



PokerStars Hand #254473469583:  Hold'em No Limit ($0.50/$1.00 USD) - 2025/01/20 20:39:39 WET [2025/01/20 15:39:39 ET]
Table 'Mundleria II' 6-max Seat #1 is the button
Seat 1: gudrozd ($117.30 in chips) 
Seat 2: Manifestorr ($100.50 in chips) 
Seat 3: mariofcd ($111.77 in chips) 
Seat 4: neild72 ($64.67 in chips) 
Seat 5: Gfoer ($135.37 in chips) 
Seat 6: CichiChanMarian ($100 in chips) 
Manifestorr: posts small blind $0.50
mariofcd: posts big blind $1
*** HOLE CARDS ***
neild72: calls $1
Gfoer: folds 
CichiChanMarian: folds 
gudrozd: folds 
Manifestorr: folds 
mariofcd: checks 
*** FLOP *** [8s 9s 6c]
mariofcd: checks 
neild72: checks 
*** TURN *** [8s 9s 6c] [7s]
mariofcd: bets $1.78
neild72: calls $1.78
*** RIVER *** [8s 9s 6c 7s] [7h]
mariofcd: bets $4.32
neild72: folds 
Uncalled bet ($4.32) returned to mariofcd
mariofcd collected $5.76 from pot
mariofcd: doesn't show hand 
*** SUMMARY ***
Total pot $6.06 | Rake $0.30 
Board [8s 9s 6c 7s 7h]
Seat 1: gudrozd (button) folded before Flop (didn't bet)
Seat 2: Manifestorr (small blind) folded before Flop
Seat 3: mariofcd (big blind) collected ($5.76)
Seat 4: neild72 folded on the River
Seat 5: Gfoer folded before Flop (didn't bet)
Seat 6: CichiChanMarian folded before Flop (didn't bet)



PokerStars Hand #254473489577:  Hold'em No Limit ($0.50/$1.00 USD) - 2025/01/20 20:40:40 WET [2025/01/20 15:40:40 ET]
Table 'Mundleria II' 6-max Seat #2 is the button
Seat 1: gudrozd ($117.30 in chips) 
Seat 2: Manifestorr ($100 in chips) 
Seat 3: mariofcd ($114.75 in chips) 
Seat 4: neild72 ($61.89 in chips) 
Seat 5: Gfoer ($135.37 in chips) 
Seat 6: CichiChanMarian ($100 in chips) 
mariofcd: posts small blind $0.50
neild72: posts big blind $1
*** HOLE CARDS ***
Gfoer: folds 
CichiChanMarian: raises $1.50 to $2.50
gudrozd: folds 
Manifestorr: folds 
mariofcd: folds 
neild72: calls $1.50
*** FLOP *** [6d Kd Jd]
neild72: checks 
CichiChanMarian: bets $1.10
neild72: folds 
Uncalled bet ($1.10) returned to CichiChanMarian
CichiChanMarian collected $5.22 from pot
CichiChanMarian: doesn't show hand 
*** SUMMARY ***
Total pot $5.50 | Rake $0.28 
Board [6d Kd Jd]
Seat 1: gudrozd folded before Flop (didn't bet)
Seat 2: Manifestorr (button) folded before Flop (didn't bet)
Seat 3: mariofcd (small blind) folded before Flop
Seat 4: neild72 (big blind) folded on the Flop
Seat 5: Gfoer folded before Flop (didn't bet)
Seat 6: CichiChanMarian collected ($5.22)



PokerStars Hand #254473498566:  Hold'em No Limit ($0.50/$1.00 USD) - 2025/01/20 20:41:08 WET [2025/01/20 15:41:08 ET]
Table 'Mundleria II' 6-max Seat #3 is the button
Seat 1: gudrozd ($117.30 in chips) 
Seat 2: Manifestorr ($100 in chips) 
Seat 3: mariofcd ($114.25 in chips) 
Seat 4: neild72 ($59.39 in chips) 
Seat 5: Gfoer ($135.37 in chips) 
Seat 6: CichiChanMarian ($102.72 in chips) 
neild72: posts small blind $0.50
Gfoer: posts big blind $1
*** HOLE CARDS ***
CichiChanMarian: folds 
gudrozd: folds 
Manifestorr: folds 
mariofcd: raises $1.45 to $2.45
neild72: calls $1.95
Gfoer: folds 
*** FLOP *** [4s 4d Qs]
neild72: checks 
mariofcd: checks 
*** TURN *** [4s 4d Qs] [Qd]
neild72: checks 
mariofcd: checks 
*** RIVER *** [4s 4d Qs Qd] [4c]
neild72: checks 
mariofcd: checks 
*** SHOW DOWN ***
neild72: shows [Kc 8c] (a full house, Fours full of Queens)
mariofcd: shows [Jc 9c] (a full house, Fours full of Queens)
neild72 collected $2.80 from pot
mariofcd collected $2.80 from pot
*** SUMMARY ***
Total pot $5.90 | Rake $0.30 
Board [4s 4d Qs Qd 4c]
Seat 1: gudrozd folded before Flop (didn't bet)
Seat 2: Manifestorr folded before Flop (didn't bet)
Seat 3: mariofcd (button) showed [Jc 9c] and won ($2.80) with a full house, Fours full of Queens
Seat 4: neild72 (small blind) showed [Kc 8c] and won ($2.80) with a full house, Fours full of Queens
Seat 5: Gfoer (big blind) folded before Flop
Seat 6: CichiChanMarian folded before Flop (didn't bet)



PokerStars Hand #254473512570:  Hold'em No Limit ($0.50/$1.00 USD) - 2025/01/20 20:41:50 WET [2025/01/20 15:41:50 ET]
Table 'Mundleria II' 6-max Seat #4 is the button
Seat 1: gudrozd ($117.30 in chips) 
Seat 2: Manifestorr ($100 in chips) 
Seat 3: mariofcd ($114.60 in chips) 
Seat 4: neild72 ($59.74 in chips) 
Seat 5: Gfoer ($134.37 in chips) 
Seat 6: CichiChanMarian ($102.72 in chips) 
Gfoer: posts small blind $0.50
CichiChanMarian: posts big blind $1
*** HOLE CARDS ***
gudrozd: folds 
Manifestorr: folds 
mariofcd: folds 
neild72: folds 
Gfoer: raises $1.50 to $2.50
CichiChanMarian: calls $1.50
*** FLOP *** [Ac 8h 2d]
Gfoer: checks 
CichiChanMarian: checks 
*** TURN *** [Ac 8h 2d] [Jd]
Gfoer: checks 
CichiChanMarian: checks 
*** RIVER *** [Ac 8h 2d Jd] [9c]
Gfoer: checks 
CichiChanMarian: checks 
*** SHOW DOWN ***
Gfoer: shows [Tc 8c] (a pair of Eights)
CichiChanMarian: mucks hand 
Gfoer collected $4.75 from pot
*** SUMMARY ***
Total pot $5 | Rake $0.25 
Board [Ac 8h 2d Jd 9c]
Seat 1: gudrozd folded before Flop (didn't bet)
Seat 2: Manifestorr folded before Flop (didn't bet)
Seat 3: mariofcd folded before Flop (didn't bet)
Seat 4: neild72 (button) folded before Flop (didn't bet)
Seat 5: Gfoer (small blind) showed [Tc 8c] and won ($4.75) with a pair of Eights
Seat 6: CichiChanMarian (big blind) mucked



PokerStars Hand #254473529224:  Hold'em No Limit ($0.50/$1.00 USD) - 2025/01/20 20:42:41 WET [2025/01/20 15:42:41 ET]
Table 'Mundleria II' 6-max Seat #5 is the button
Seat 1: gudrozd ($117.30 in chips) 
Seat 2: Manifestorr ($100 in chips) 
Seat 3: mariofcd ($114.60 in chips) 
Seat 4: neild72 ($59.74 in chips) 
Seat 5: Gfoer ($136.62 in chips) 
Seat 6: CichiChanMarian ($100.22 in chips) 
CichiChanMarian: posts small blind $0.50
gudrozd: posts big blind $1
*** HOLE CARDS ***
Manifestorr: folds 
mariofcd: raises $1.20 to $2.20
neild72: folds 
Gfoer: folds 
CichiChanMarian: folds 
gudrozd: folds 
Uncalled bet ($1.20) returned to mariofcd
mariofcd collected $2.50 from pot
mariofcd: doesn't show hand 
*** SUMMARY ***
Total pot $2.50 | Rake $0 
Seat 1: gudrozd (big blind) folded before Flop
Seat 2: Manifestorr folded before Flop (didn't bet)
Seat 3: mariofcd collected ($2.50)
Seat 4: neild72 folded before Flop (didn't bet)
Seat 5: Gfoer (button) folded before Flop (didn't bet)
Seat 6: CichiChanMarian (small blind) folded before Flop



PokerStars Hand #254473534599:  Hold'em No Limit ($0.50/$1.00 USD) - 2025/01/20 20:42:57 WET [2025/01/20 15:42:57 ET]
Table 'Mundleria II' 6-max Seat #6 is the button
Seat 1: gudrozd ($116.30 in chips) 
Seat 2: Manifestorr ($100 in chips) 
Seat 3: mariofcd ($116.10 in chips) 
Seat 4: neild72 ($59.74 in chips) 
Seat 5: Gfoer ($136.62 in chips) 
Seat 6: CichiChanMarian ($100 in chips) 
gudrozd: posts small blind $0.50
Manifestorr: posts big blind $1
*** HOLE CARDS ***
mariofcd: raises $1.20 to $2.20
neild72: folds 
Gfoer: folds 
CichiChanMarian: folds 
gudrozd: folds 
Manifestorr: calls $1.20
*** FLOP *** [Kh 5d 8d]
Manifestorr: checks 
mariofcd: bets $3.50
Manifestorr: folds 
Uncalled bet ($3.50) returned to mariofcd
mariofcd collected $4.66 from pot
mariofcd: doesn't show hand 
*** SUMMARY ***
Total pot $4.90 | Rake $0.24 
Board [Kh 5d 8d]
Seat 1: gudrozd (small blind) folded before Flop
Seat 2: Manifestorr (big blind) folded on the Flop
Seat 3: mariofcd collected ($4.66)
Seat 4: neild72 folded before Flop (didn't bet)
Seat 5: Gfoer folded before Flop (didn't bet)
Seat 6: CichiChanMarian (button) folded before Flop (didn't bet)



PokerStars Hand #254473544074:  Hold'em No Limit ($0.50/$1.00 USD) - 2025/01/20 20:43:26 WET [2025/01/20 15:43:26 ET]
Table 'Mundleria II' 6-max Seat #1 is the button
Seat 1: gudrozd ($115.80 in chips) 
Seat 2: Manifestorr ($100 in chips) 
Seat 3: mariofcd ($118.56 in chips) 
Seat 4: neild72 ($59.74 in chips) 
Seat 5: Gfoer ($136.62 in chips) 
Seat 6: CichiChanMarian ($100 in chips) 
Manifestorr: posts small blind $0.50
mariofcd: posts big blind $1
*** HOLE CARDS ***
neild72: raises $2 to $3
Gfoer: folds 
CichiChanMarian: folds 
gudrozd: folds 
Manifestorr: folds 
mariofcd: folds 
Uncalled bet ($2) returned to neild72
neild72 collected $2.50 from pot
*** SUMMARY ***
Total pot $2.50 | Rake $0 
Seat 1: gudrozd (button) folded before Flop (didn't bet)
Seat 2: Manifestorr (small blind) folded before Flop
Seat 3: mariofcd (big blind) folded before Flop
Seat 4: neild72 collected ($2.50)
Seat 5: Gfoer folded before Flop (didn't bet)
Seat 6: CichiChanMarian folded before Flop (didn't bet)



PokerStars Hand #254473551574:  Hold'em No Limit ($0.50/$1.00 USD) - 2025/01/20 20:43:49 WET [2025/01/20 15:43:49 ET]
Table 'Mundleria II' 6-max Seat #2 is the button
Seat 1: gudrozd ($115.80 in chips) 
Seat 2: Manifestorr ($100 in chips) 
Seat 3: mariofcd ($117.56 in chips) 
Seat 4: neild72 ($61.24 in chips) 
Seat 5: Gfoer ($136.62 in chips) 
Seat 6: CichiChanMarian ($100 in chips) 
mariofcd: posts small blind $0.50
neild72: posts big blind $1
*** HOLE CARDS ***
Gfoer: raises $1.20 to $2.20
CichiChanMarian: folds 
gudrozd: folds 
Manifestorr: folds 
mariofcd: calls $1.70
neild72: calls $1.20
*** FLOP *** [6d 2h 7c]
mariofcd: checks 
neild72: checks 
Gfoer: checks 
*** TURN *** [6d 2h 7c] [9c]
mariofcd: bets $4.70
neild72: calls $4.70
Gfoer: folds 
*** RIVER *** [6d 2h 7c 9c] [Th]
mariofcd: checks 
neild72: bets $8
mariofcd: folds 
Uncalled bet ($8) returned to neild72
neild72 collected $15.20 from pot
*** SUMMARY ***
Total pot $16 | Rake $0.80 
Board [6d 2h 7c 9c Th]
Seat 1: gudrozd folded before Flop (didn't bet)
Seat 2: Manifestorr (button) folded before Flop (didn't bet)
Seat 3: mariofcd (small blind) folded on the River
Seat 4: neild72 (big blind) collected ($15.20)
Seat 5: Gfoer folded on the Turn
Seat 6: CichiChanMarian folded before Flop (didn't bet)



PokerStars Hand #254473572623:  Hold'em No Limit ($0.50/$1.00 USD) - 2025/01/20 20:44:53 WET [2025/01/20 15:44:53 ET]
Table 'Mundleria II' 6-max Seat #3 is the button
Seat 1: gudrozd ($115.80 in chips) 
Seat 2: Manifestorr ($100 in chips) 
Seat 3: mariofcd ($110.66 in chips) 
Seat 4: neild72 ($69.54 in chips) 
Seat 5: Gfoer ($134.42 in chips) 
Seat 6: CichiChanMarian ($100 in chips) 
neild72: posts small blind $0.50
Gfoer: posts big blind $1
*** HOLE CARDS ***
CichiChanMarian: folds 
gudrozd: raises $1.50 to $2.50
Manifestorr: folds 
mariofcd: raises $5.53 to $8.03
neild72: folds 
Gfoer: folds 
gudrozd: raises $12.97 to $21
mariofcd: raises $89.66 to $110.66 and is all-in
gudrozd: folds 
Uncalled bet ($89.66) returned to mariofcd
mariofcd collected $43.50 from pot
mariofcd: doesn't show hand 
*** SUMMARY ***
Total pot $43.50 | Rake $0 
Seat 1: gudrozd folded before Flop
Seat 2: Manifestorr folded before Flop (didn't bet)
Seat 3: mariofcd (button) collected ($43.50)
Seat 4: neild72 (small blind) folded before Flop
Seat 5: Gfoer (big blind) folded before Flop
Seat 6: CichiChanMarian folded before Flop (didn't bet)



PokerStars Hand #254473593747:  Hold'em No Limit ($0.50/$1.00 USD) - 2025/01/20 20:45:57 WET [2025/01/20 15:45:57 ET]
Table 'Mundleria II' 6-max Seat #4 is the button
Seat 1: gudrozd ($100 in chips) 
Seat 2: Manifestorr ($100 in chips) 
Seat 3: mariofcd ($133.16 in chips) 
Seat 4: neild72 ($69.04 in chips) 
Seat 5: Gfoer ($133.42 in chips) 
Seat 6: CichiChanMarian ($100 in chips) 
Gfoer: posts small blind $0.50
CichiChanMarian: posts big blind $1
*** HOLE CARDS ***
gudrozd: folds 
Manifestorr: folds 
mariofcd: raises $1.25 to $2.25
neild72: calls $2.25
Gfoer: folds 
CichiChanMarian: folds 
*** FLOP *** [Qh 2h Kd]
mariofcd: checks 
neild72: checks 
*** TURN *** [Qh 2h Kd] [4s]
mariofcd: checks 
neild72: checks 
*** RIVER *** [Qh 2h Kd 4s] [Qd]
mariofcd: checks 
neild72: checks 
*** SHOW DOWN ***
mariofcd: shows [5s Ad] (a pair of Queens)
neild72: shows [5c As] (a pair of Queens)
mariofcd collected $2.85 from pot
neild72 collected $2.85 from pot
*** SUMMARY ***
Total pot $6 | Rake $0.30 
Board [Qh 2h Kd 4s Qd]
Seat 1: gudrozd folded before Flop (didn't bet)
Seat 2: Manifestorr folded before Flop (didn't bet)
Seat 3: mariofcd showed [5s Ad] and won ($2.85) with a pair of Queens
Seat 4: neild72 (button) showed [5c As] and won ($2.85) with a pair of Queens
Seat 5: Gfoer (small blind) folded before Flop
Seat 6: CichiChanMarian (big blind) folded before Flop



PokerStars Hand #254473607686:  Hold'em No Limit ($0.50/$1.00 USD) - 2025/01/20 20:46:41 WET [2025/01/20 15:46:41 ET]
Table 'Mundleria II' 6-max Seat #5 is the button
Seat 1: gudrozd ($100 in chips) 
Seat 2: Manifestorr ($100 in chips) 
Seat 3: mariofcd ($133.76 in chips) 
Seat 4: neild72 ($69.64 in chips) 
Seat 5: Gfoer ($132.92 in chips) 
Seat 6: CichiChanMarian ($100 in chips) 
CichiChanMarian: posts small blind $0.50
gudrozd: posts big blind $1
*** HOLE CARDS ***
Manifestorr: folds 
mariofcd: raises $1.20 to $2.20
neild72: calls $2.20
Gfoer: folds 
CichiChanMarian: folds 
gudrozd: calls $1.20
*** FLOP *** [5s 9d Kc]
gudrozd: checks 
mariofcd: checks 
neild72: bets $3
gudrozd: calls $3
mariofcd: folds 
*** TURN *** [5s 9d Kc] [8d]
gudrozd: checks 
neild72: checks 
*** RIVER *** [5s 9d Kc 8d] [Kh]
gudrozd: bets $9.33
neild72: calls $9.33
*** SHOW DOWN ***
gudrozd: shows [Ah 5h] (two pair, Kings and Fives)
neild72: shows [Jd 9s] (two pair, Kings and Nines)
neild72 collected $30.17 from pot
*** SUMMARY ***
Total pot $31.76 | Rake $1.59 
Board [5s 9d Kc 8d Kh]
Seat 1: gudrozd (big blind) showed [Ah 5h] and lost with two pair, Kings and Fives
Seat 2: Manifestorr folded before Flop (didn't bet)
Seat 3: mariofcd folded on the Flop
Seat 4: neild72 showed [Jd 9s] and won ($30.17) with two pair, Kings and Nines
Seat 5: Gfoer (button) folded before Flop (didn't bet)
Seat 6: CichiChanMarian (small blind) folded before Flop



PokerStars Hand #254473630287:  Hold'em No Limit ($0.50/$1.00 USD) - 2025/01/20 20:47:50 WET [2025/01/20 15:47:50 ET]
Table 'Mundleria II' 6-max Seat #6 is the button
Seat 1: gudrozd ($100 in chips) 
Seat 2: Manifestorr ($100 in chips) 
Seat 3: mariofcd ($131.56 in chips) 
Seat 4: neild72 ($85.28 in chips) 
Seat 5: Gfoer ($132.92 in chips) 
Seat 6: CichiChanMarian ($100 in chips) 
gudrozd: posts small blind $0.50
Manifestorr: posts big blind $1
*** HOLE CARDS ***
mariofcd has timed out
mariofcd: folds 
neild72: folds 
Gfoer: raises $1.20 to $2.20
CichiChanMarian: folds 
gudrozd: folds 
Manifestorr: folds 
Uncalled bet ($1.20) returned to Gfoer
Gfoer collected $2.50 from pot
Gfoer: doesn't show hand 
*** SUMMARY ***
Total pot $2.50 | Rake $0 
Seat 1: gudrozd (small blind) folded before Flop
Seat 2: Manifestorr (big blind) folded before Flop
Seat 3: mariofcd folded before Flop (didn't bet)
Seat 4: neild72 folded before Flop (didn't bet)
Seat 5: Gfoer collected ($2.50)
Seat 6: CichiChanMarian (button) folded before Flop (didn't bet)



PokerStars Hand #254473640721:  Hold'em No Limit ($0.50/$1.00 USD) - 2025/01/20 20:48:22 WET [2025/01/20 15:48:22 ET]
Table 'Mundleria II' 6-max Seat #1 is the button
Seat 1: gudrozd ($100 in chips) 
Seat 2: Manifestorr ($100 in chips) 
Seat 3: mariofcd ($131.56 in chips) 
Seat 4: neild72 ($85.28 in chips) 
Seat 5: Gfoer ($134.42 in chips) 
Seat 6: CichiChanMarian ($100 in chips) 
Manifestorr: posts small blind $0.50
mariofcd: posts big blind $1
*** HOLE CARDS ***
neild72: folds 
Gfoer: folds 
CichiChanMarian: folds 
gudrozd: folds 
Manifestorr: raises $2 to $3
mariofcd: folds 
Uncalled bet ($2) returned to Manifestorr
Manifestorr collected $2 from pot
*** SUMMARY ***
Total pot $2 | Rake $0 
Seat 1: gudrozd (button) folded before Flop (didn't bet)
Seat 2: Manifestorr (small blind) collected ($2)
Seat 3: mariofcd (big blind) folded before Flop
Seat 4: neild72 folded before Flop (didn't bet)
Seat 5: Gfoer folded before Flop (didn't bet)
Seat 6: CichiChanMarian folded before Flop (didn't bet)



PokerStars Hand #254473645012:  Hold'em No Limit ($0.50/$1.00 USD) - 2025/01/20 20:48:35 WET [2025/01/20 15:48:35 ET]
Table 'Mundleria II' 6-max Seat #2 is the button
Seat 1: gudrozd ($100 in chips) 
Seat 2: Manifestorr ($101 in chips) 
Seat 3: mariofcd ($130.56 in chips) 
Seat 4: neild72 ($85.28 in chips) 
Seat 5: Gfoer ($134.42 in chips) 
Seat 6: CichiChanMarian ($100 in chips) 
mariofcd: posts small blind $0.50
neild72: posts big blind $1
*** HOLE CARDS ***
Gfoer: folds 
CichiChanMarian: folds 
gudrozd: folds 
Manifestorr: folds 
mariofcd: folds 
Uncalled bet ($0.50) returned to neild72
neild72 collected $1 from pot
neild72: shows [9c 8d] (high card Nine)
*** SUMMARY ***
Total pot $1 | Rake $0 
Seat 1: gudrozd folded before Flop (didn't bet)
Seat 2: Manifestorr (button) folded before Flop (didn't bet)
Seat 3: mariofcd (small blind) folded before Flop
Seat 4: neild72 (big blind) collected ($1)
Seat 5: Gfoer folded before Flop (didn't bet)
Seat 6: CichiChanMarian folded before Flop (didn't bet)



PokerStars Hand #254473650743:  Hold'em No Limit ($0.50/$1.00 USD) - 2025/01/20 20:48:54 WET [2025/01/20 15:48:54 ET]
Table 'Mundleria II' 6-max Seat #3 is the button
Seat 1: gudrozd ($100 in chips) 
Seat 2: Manifestorr ($101 in chips) 
Seat 3: mariofcd ($130.06 in chips) 
Seat 4: neild72 ($85.78 in chips) 
Seat 5: Gfoer ($134.42 in chips) 
Seat 6: CichiChanMarian ($100 in chips) 
neild72: posts small blind $0.50
Gfoer: posts big blind $1
*** HOLE CARDS ***
CichiChanMarian: folds 
gudrozd: folds 
Manifestorr: folds 
mariofcd: folds 
neild72: folds 
Uncalled bet ($0.50) returned to Gfoer
Gfoer collected $1 from pot
Gfoer: doesn't show hand 
*** SUMMARY ***
Total pot $1 | Rake $0 
Seat 1: gudrozd folded before Flop (didn't bet)
Seat 2: Manifestorr folded before Flop (didn't bet)
Seat 3: mariofcd (button) folded before Flop (didn't bet)
Seat 4: neild72 (small blind) folded before Flop
Seat 5: Gfoer (big blind) collected ($1)
Seat 6: CichiChanMarian folded before Flop (didn't bet)



PokerStars Hand #254473655694:  Hold'em No Limit ($0.50/$1.00 USD) - 2025/01/20 20:49:09 WET [2025/01/20 15:49:09 ET]
Table 'Mundleria II' 6-max Seat #4 is the button
Seat 1: gudrozd ($100 in chips) 
Seat 2: Manifestorr ($101 in chips) 
Seat 3: mariofcd ($130.06 in chips) 
Seat 4: neild72 ($85.28 in chips) 
Seat 5: Gfoer ($134.92 in chips) 
Seat 6: CichiChanMarian ($100 in chips) 
Gfoer: posts small blind $0.50
CichiChanMarian: posts big blind $1
*** HOLE CARDS ***
gudrozd: raises $1.50 to $2.50
Manifestorr: folds 
mariofcd: folds 
neild72: calls $2.50
Gfoer: folds 
CichiChanMarian: calls $1.50
*** FLOP *** [4h 6s 9h]
CichiChanMarian: checks 
gudrozd: checks 
neild72: bets $4
CichiChanMarian: folds 
gudrozd: calls $4
*** TURN *** [4h 6s 9h] [Ah]
gudrozd: checks 
neild72: bets $12.60
gudrozd: calls $12.60
*** RIVER *** [4h 6s 9h Ah] [3s]
gudrozd: checks 
neild72: bets $13
gudrozd: calls $13
*** SHOW DOWN ***
neild72: shows [2d Jd] (high card Ace)
gudrozd: shows [Th As] (a pair of Aces)
gudrozd collected $64.70 from pot
*** SUMMARY ***
Total pot $67.20 | Rake $2.50 
Board [4h 6s 9h Ah 3s]
Seat 1: gudrozd showed [Th As] and won ($64.70) with a pair of Aces
Seat 2: Manifestorr folded before Flop (didn't bet)
Seat 3: mariofcd folded before Flop (didn't bet)
Seat 4: neild72 (button) showed [2d Jd] and lost with high card Ace
Seat 5: Gfoer (small blind) folded before Flop
Seat 6: CichiChanMarian (big blind) folded on the Flop



PokerStars Hand #254473688361:  Hold'em No Limit ($0.50/$1.00 USD) - 2025/01/20 20:50:49 WET [2025/01/20 15:50:49 ET]
Table 'Mundleria II' 6-max Seat #5 is the button
Seat 1: gudrozd ($132.60 in chips) 
Seat 2: Manifestorr ($101 in chips) 
Seat 3: mariofcd ($130.06 in chips) 
Seat 4: neild72 ($53.18 in chips) 
Seat 5: Gfoer ($134.42 in chips) 
Seat 6: CichiChanMarian ($100 in chips) 
CichiChanMarian: posts small blind $0.50
gudrozd: posts big blind $1
*** HOLE CARDS ***
Manifestorr: folds 
mariofcd: folds 
neild72: folds 
Gfoer: raises $1 to $2
CichiChanMarian: folds 
gudrozd: folds 
Uncalled bet ($1) returned to Gfoer
Gfoer collected $2.50 from pot
Gfoer: doesn't show hand 
*** SUMMARY ***
Total pot $2.50 | Rake $0 
Seat 1: gudrozd (big blind) folded before Flop
Seat 2: Manifestorr folded before Flop (didn't bet)
Seat 3: mariofcd folded before Flop (didn't bet)
Seat 4: neild72 folded before Flop (didn't bet)
Seat 5: Gfoer (button) collected ($2.50)
Seat 6: CichiChanMarian (small blind) folded before Flop



PokerStars Hand #254473693085:  Hold'em No Limit ($0.50/$1.00 USD) - 2025/01/20 20:51:04 WET [2025/01/20 15:51:04 ET]
Table 'Mundleria II' 6-max Seat #6 is the button
Seat 1: gudrozd ($131.60 in chips) 
Seat 2: Manifestorr ($101 in chips) 
Seat 3: mariofcd ($130.06 in chips) 
Seat 4: neild72 ($53.18 in chips) 
Seat 5: Gfoer ($135.92 in chips) 
Seat 6: CichiChanMarian ($100 in chips) 
gudrozd: posts small blind $0.50
Manifestorr: posts big blind $1
*** HOLE CARDS ***
mariofcd: folds 
neild72: calls $1
Gfoer: folds 
CichiChanMarian: folds 
gudrozd: raises $4 to $5
Manifestorr: folds 
neild72: calls $4
*** FLOP *** [3d 8c 6d]
gudrozd: bets $2.61
neild72: calls $2.61
*** TURN *** [3d 8c 6d] [Ad]
gudrozd: checks 
neild72: checks 
*** RIVER *** [3d 8c 6d Ad] [Kd]
gudrozd: checks 
neild72: bets $5
gudrozd: folds 
Uncalled bet ($5) returned to neild72
neild72 collected $15.41 from pot
*** SUMMARY ***
Total pot $16.22 | Rake $0.81 
Board [3d 8c 6d Ad Kd]
Seat 1: gudrozd (small blind) folded on the River
Seat 2: Manifestorr (big blind) folded before Flop
Seat 3: mariofcd folded before Flop (didn't bet)
Seat 4: neild72 collected ($15.41)
Seat 5: Gfoer folded before Flop (didn't bet)
Seat 6: CichiChanMarian (button) folded before Flop (didn't bet)



PokerStars Hand #254473708938:  Hold'em No Limit ($0.50/$1.00 USD) - 2025/01/20 20:51:52 WET [2025/01/20 15:51:52 ET]
Table 'Mundleria II' 6-max Seat #1 is the button
Seat 1: gudrozd ($123.99 in chips) 
Seat 2: Manifestorr ($100 in chips) 
Seat 3: mariofcd ($130.06 in chips) 
Seat 4: neild72 ($60.98 in chips) 
Seat 5: Gfoer ($135.92 in chips) 
Seat 6: CichiChanMarian ($100 in chips) 
Manifestorr: posts small blind $0.50
mariofcd: posts big blind $1
*** HOLE CARDS ***
neild72: folds 
Gfoer: raises $1.20 to $2.20
CichiChanMarian: folds 
gudrozd: folds 
Manifestorr: folds 
mariofcd: raises $7.60 to $9.80
Gfoer: raises $126.12 to $135.92 and is all-in
mariofcd: folds 
Uncalled bet ($126.12) returned to Gfoer
Gfoer collected $20.10 from pot
Gfoer: doesn't show hand 
*** SUMMARY ***
Total pot $20.10 | Rake $0 
Seat 1: gudrozd (button) folded before Flop (didn't bet)
Seat 2: Manifestorr (small blind) folded before Flop
Seat 3: mariofcd (big blind) folded before Flop
Seat 4: neild72 folded before Flop (didn't bet)
Seat 5: Gfoer collected ($20.10)
Seat 6: CichiChanMarian folded before Flop (didn't bet)



PokerStars Hand #254473721773:  Hold'em No Limit ($0.50/$1.00 USD) - 2025/01/20 20:52:32 WET [2025/01/20 15:52:32 ET]
Table 'Mundleria II' 6-max Seat #2 is the button
Seat 1: gudrozd ($123.99 in chips) 
Seat 2: Manifestorr ($100 in chips) 
Seat 3: mariofcd ($120.26 in chips) 
Seat 4: neild72 ($60.98 in chips) 
Seat 5: Gfoer ($146.22 in chips) 
Seat 6: CichiChanMarian ($100 in chips) 
mariofcd: posts small blind $0.50
neild72: posts big blind $1
*** HOLE CARDS ***
Gfoer: folds 
CichiChanMarian: folds 
gudrozd: folds 
Manifestorr: raises $1.20 to $2.20
mariofcd: folds 
neild72: calls $1.20
*** FLOP *** [Th 8s 5c]
neild72: bets $2.33
Manifestorr: raises $5.67 to $8
neild72: calls $5.67
*** TURN *** [Th 8s 5c] [Js]
neild72: bets $19.86
Manifestorr: folds 
Uncalled bet ($19.86) returned to neild72
neild72 collected $19.86 from pot
*** SUMMARY ***
Total pot $20.90 | Rake $1.04 
Board [Th 8s 5c Js]
Seat 1: gudrozd folded before Flop (didn't bet)
Seat 2: Manifestorr (button) folded on the Turn
Seat 3: mariofcd (small blind) folded before Flop
Seat 4: neild72 (big blind) collected ($19.86)
Seat 5: Gfoer folded before Flop (didn't bet)
Seat 6: CichiChanMarian folded before Flop (didn't bet)



PokerStars Hand #254473735690:  Hold'em No Limit ($0.50/$1.00 USD) - 2025/01/20 20:53:15 WET [2025/01/20 15:53:15 ET]
Table 'Mundleria II' 6-max Seat #3 is the button
Seat 1: gudrozd ($123.99 in chips) 
Seat 2: Manifestorr ($100 in chips) 
Seat 3: mariofcd ($119.76 in chips) 
Seat 4: neild72 ($70.64 in chips) 
Seat 5: Gfoer ($146.22 in chips) 
Seat 6: CichiChanMarian ($100 in chips) 
neild72: posts small blind $0.50
Gfoer: posts big blind $1
*** HOLE CARDS ***
CichiChanMarian: folds 
gudrozd: folds 
Manifestorr: folds 
mariofcd: raises $1.45 to $2.45
neild72: raises $3.45 to $5.90
Gfoer: folds 
mariofcd: folds 
Uncalled bet ($3.45) returned to neild72
neild72 collected $5.90 from pot
*** SUMMARY ***
Total pot $5.90 | Rake $0 
Seat 1: gudrozd folded before Flop (didn't bet)
Seat 2: Manifestorr folded before Flop (didn't bet)
Seat 3: mariofcd (button) folded before Flop
Seat 4: neild72 (small blind) collected ($5.90)
Seat 5: Gfoer (big blind) folded before Flop
Seat 6: CichiChanMarian folded before Flop (didn't bet)



PokerStars Hand #254473742203:  Hold'em No Limit ($0.50/$1.00 USD) - 2025/01/20 20:53:35 WET [2025/01/20 15:53:35 ET]
Table 'Mundleria II' 6-max Seat #4 is the button
Seat 3: mariofcd ($117.31 in chips) is sitting out
Seat 1: gudrozd ($123.99 in chips) 
Seat 2: Manifestorr ($100 in chips) 
Seat 4: neild72 ($74.09 in chips) 
Seat 5: Gfoer ($145.22 in chips) 
Seat 6: CichiChanMarian ($100 in chips) 
Gfoer: posts small blind $0.50
CichiChanMarian: posts big blind $1
*** HOLE CARDS ***
gudrozd: folds 
Manifestorr: folds 
neild72: calls $1
Gfoer: folds 
CichiChanMarian: raises $3 to $4
neild72: calls $3
*** FLOP *** [3c 8s 8d]
CichiChanMarian: checks 
neild72: checks 
*** TURN *** [3c 8s 8d] [As]
CichiChanMarian: checks 
neild72: bets $4.04
CichiChanMarian: calls $4.04
*** RIVER *** [3c 8s 8d As] [6h]
CichiChanMarian: checks 
neild72: bets $10.88
CichiChanMarian: calls $10.88
*** SHOW DOWN ***
neild72: shows [9s 5s] (a pair of Eights)
CichiChanMarian: shows [Ah 7d] (two pair, Aces and Eights)
CichiChanMarian collected $36.42 from pot
*** SUMMARY ***
Total pot $38.34 | Rake $1.92 
Board [3c 8s 8d As 6h]
Seat 3: mariofcd
Seat 1: gudrozd folded before Flop (didn't bet)
Seat 2: Manifestorr folded before Flop (didn't bet)
Seat 4: neild72 (button) showed [9s 5s] and lost with a pair of Eights
Seat 5: Gfoer (small blind) folded before Flop
Seat 6: CichiChanMarian (big blind) showed [Ah 7d] and won ($36.42) with two pair, Aces and Eights



PokerStars Hand #254473765827:  Hold'em No Limit ($0.50/$1.00 USD) - 2025/01/20 20:54:49 WET [2025/01/20 15:54:49 ET]
Table 'Mundleria II' 6-max Seat #5 is the button
Seat 3: mariofcd ($117.31 in chips) is sitting out
Seat 1: gudrozd ($123.99 in chips) 
Seat 2: Manifestorr ($100 in chips) 
Seat 4: neild72 ($55.17 in chips) 
Seat 5: Gfoer ($144.72 in chips) 
Seat 6: CichiChanMarian ($117.50 in chips) 
CichiChanMarian: posts small blind $0.50
gudrozd: posts big blind $1
*** HOLE CARDS ***
Manifestorr: folds 
neild72: folds 
Gfoer: folds 
CichiChanMarian: raises $2 to $3
gudrozd: folds 
Uncalled bet ($2) returned to CichiChanMarian
CichiChanMarian collected $2 from pot
CichiChanMarian: doesn't show hand 
*** SUMMARY ***
Total pot $2 | Rake $0 
Seat 3: mariofcd
Seat 1: gudrozd (big blind) folded before Flop
Seat 2: Manifestorr folded before Flop (didn't bet)
Seat 4: neild72 folded before Flop (didn't bet)
Seat 5: Gfoer (button) folded before Flop (didn't bet)
Seat 6: CichiChanMarian (small blind) collected ($2)



PokerStars Hand #254473769441:  Hold'em No Limit ($0.50/$1.00 USD) - 2025/01/20 20:55:00 WET [2025/01/20 15:55:00 ET]
Table 'Mundleria II' 6-max Seat #6 is the button
Seat 3: mariofcd ($117.31 in chips) is sitting out
Seat 1: gudrozd ($122.99 in chips) 
Seat 2: Manifestorr ($100 in chips) 
Seat 4: neild72 ($55.17 in chips) 
Seat 5: Gfoer ($144.72 in chips) 
Seat 6: CichiChanMarian ($118.50 in chips) 
gudrozd: posts small blind $0.50
Manifestorr: posts big blind $1
*** HOLE CARDS ***
neild72: calls $1
Gfoer: raises $3.50 to $4.50
CichiChanMarian: folds 
gudrozd: folds 
Manifestorr: folds 
neild72: calls $3.50
*** FLOP *** [9c Ac 3d]
neild72: checks 
Gfoer: bets $3.32
neild72: folds 
Uncalled bet ($3.32) returned to Gfoer
Gfoer collected $9.98 from pot
Gfoer: doesn't show hand 
*** SUMMARY ***
Total pot $10.50 | Rake $0.52 
Board [9c Ac 3d]
Seat 3: mariofcd
Seat 1: gudrozd (small blind) folded before Flop
Seat 2: Manifestorr (big blind) folded before Flop
Seat 4: neild72 folded on the Flop
Seat 5: Gfoer collected ($9.98)
Seat 6: CichiChanMarian (button) folded before Flop (didn't bet)



PokerStars Hand #254473776353:  Hold'em No Limit ($0.50/$1.00 USD) - 2025/01/20 20:55:30 WET [2025/01/20 15:55:30 ET]
Table 'Mundleria II' 6-max Seat #1 is the button
Seat 3: mariofcd ($117.31 in chips) is sitting out
Seat 1: gudrozd ($122.49 in chips) 
Seat 2: Manifestorr ($100 in chips) 
Seat 4: neild72 ($50.67 in chips) 
Seat 5: Gfoer ($150.20 in chips) 
Seat 6: CichiChanMarian ($118.50 in chips) 
Manifestorr: posts small blind $0.50
neild72: posts big blind $1
*** HOLE CARDS ***
Gfoer: folds 
CichiChanMarian: raises $1.50 to $2.50
gudrozd: folds 
Manifestorr: raises $8.50 to $11
neild72: folds 
CichiChanMarian: folds 
Uncalled bet ($8.50) returned to Manifestorr
Manifestorr collected $6 from pot
*** SUMMARY ***
Total pot $6 | Rake $0 
Seat 3: mariofcd
Seat 1: gudrozd (button) folded before Flop (didn't bet)
Seat 2: Manifestorr (small blind) collected ($6)
Seat 4: neild72 (big blind) folded before Flop
Seat 5: Gfoer folded before Flop (didn't bet)
Seat 6: CichiChanMarian folded before Flop



PokerStars Hand #254473780350:  Hold'em No Limit ($0.50/$1.00 USD) - 2025/01/20 20:55:49 WET [2025/01/20 15:55:49 ET]
Table 'Mundleria II' 6-max Seat #2 is the button
Seat 3: mariofcd ($117.31 in chips) is sitting out
Seat 1: gudrozd ($122.49 in chips) 
Seat 2: Manifestorr ($103.50 in chips) 
Seat 4: neild72 ($49.67 in chips) 
Seat 5: Gfoer ($150.20 in chips) 
Seat 6: CichiChanMarian ($116 in chips) 
neild72: posts small blind $0.50
Gfoer: posts big blind $1
*** HOLE CARDS ***
CichiChanMarian: raises $1.50 to $2.50
gudrozd: folds 
Manifestorr: folds 
neild72: folds 
Gfoer: folds 
Uncalled bet ($1.50) returned to CichiChanMarian
CichiChanMarian collected $2.50 from pot
CichiChanMarian: doesn't show hand 
*** SUMMARY ***
Total pot $2.50 | Rake $0 
Seat 3: mariofcd
Seat 1: gudrozd folded before Flop (didn't bet)
Seat 2: Manifestorr (button) folded before Flop (didn't bet)
Seat 4: neild72 (small blind) folded before Flop
Seat 5: Gfoer (big blind) folded before Flop
Seat 6: CichiChanMarian collected ($2.50)



PokerStars Hand #254473786153:  Hold'em No Limit ($0.50/$1.00 USD) - 2025/01/20 20:56:15 WET [2025/01/20 15:56:15 ET]
Table 'Mundleria II' 6-max Seat #4 is the button
Seat 3: mariofcd ($117.31 in chips) is sitting out
Seat 1: gudrozd ($122.49 in chips) 
Seat 2: Manifestorr ($103.50 in chips) 
Seat 4: neild72 ($49.17 in chips) 
Seat 5: Gfoer ($149.20 in chips) 
Seat 6: CichiChanMarian ($117.50 in chips) 
Gfoer: posts small blind $0.50
CichiChanMarian: posts big blind $1
*** HOLE CARDS ***
gudrozd: folds 
Manifestorr: folds 
neild72: raises $1 to $2
Gfoer: folds 
CichiChanMarian: folds 
Uncalled bet ($1) returned to neild72
neild72 collected $2.50 from pot
*** SUMMARY ***
Total pot $2.50 | Rake $0 
Seat 3: mariofcd
Seat 1: gudrozd folded before Flop (didn't bet)
Seat 2: Manifestorr folded before Flop (didn't bet)
Seat 4: neild72 (button) collected ($2.50)
Seat 5: Gfoer (small blind) folded before Flop
Seat 6: CichiChanMarian (big blind) folded before Flop



PokerStars Hand #254473789343:  Hold'em No Limit ($0.50/$1.00 USD) - 2025/01/20 20:56:29 WET [2025/01/20 15:56:29 ET]
Table 'Mundleria II' 6-max Seat #5 is the button
Seat 3: mariofcd ($117.31 in chips) is sitting out
Seat 1: gudrozd ($122.49 in chips) 
Seat 2: Manifestorr ($103.50 in chips) 
Seat 4: neild72 ($50.67 in chips) 
Seat 5: Gfoer ($148.70 in chips) 
Seat 6: CichiChanMarian ($116.50 in chips) 
CichiChanMarian: posts small blind $0.50
gudrozd: posts big blind $1
*** HOLE CARDS ***
Manifestorr: folds 
neild72: folds 
Gfoer: folds 
CichiChanMarian: folds 
Uncalled bet ($0.50) returned to gudrozd
gudrozd collected $1 from pot
gudrozd: doesn't show hand 
*** SUMMARY ***
Total pot $1 | Rake $0 
Seat 3: mariofcd
Seat 1: gudrozd (big blind) collected ($1)
Seat 2: Manifestorr folded before Flop (didn't bet)
Seat 4: neild72 folded before Flop (didn't bet)
Seat 5: Gfoer (button) folded before Flop (didn't bet)
Seat 6: CichiChanMarian (small blind) folded before Flop



PokerStars Hand #254473791350:  Hold'em No Limit ($0.50/$1.00 USD) - 2025/01/20 20:56:38 WET [2025/01/20 15:56:38 ET]
Table 'Mundleria II' 6-max Seat #6 is the button
Seat 3: mariofcd ($117.31 in chips) is sitting out
Seat 1: gudrozd ($122.99 in chips) 
Seat 2: Manifestorr ($103.50 in chips) 
Seat 4: neild72 ($50.67 in chips) 
Seat 5: Gfoer ($148.70 in chips) 
Seat 6: CichiChanMarian ($116 in chips) 
gudrozd: posts small blind $0.50
Manifestorr: posts big blind $1
*** HOLE CARDS ***
neild72: raises $2 to $3
Gfoer: folds 
CichiChanMarian: folds 
gudrozd: folds 
Manifestorr: folds 
Uncalled bet ($2) returned to neild72
neild72 collected $2.50 from pot
*** SUMMARY ***
Total pot $2.50 | Rake $0 
Seat 3: mariofcd
Seat 1: gudrozd (small blind) folded before Flop
Seat 2: Manifestorr (big blind) folded before Flop
Seat 4: neild72 collected ($2.50)
Seat 5: Gfoer folded before Flop (didn't bet)
Seat 6: CichiChanMarian (button) folded before Flop (didn't bet)



PokerStars Hand #254473795215:  Hold'em No Limit ($0.50/$1.00 USD) - 2025/01/20 20:56:55 WET [2025/01/20 15:56:55 ET]
Table 'Mundleria II' 6-max Seat #1 is the button
Seat 1: gudrozd ($122.49 in chips) 
Seat 2: Manifestorr ($102.50 in chips) 
Seat 3: mariofcd ($117.31 in chips) 
Seat 4: neild72 ($52.17 in chips) 
Seat 5: Gfoer ($148.70 in chips) 
Seat 6: CichiChanMarian ($116 in chips) 
Manifestorr: posts small blind $0.50
mariofcd: posts big blind $1
*** HOLE CARDS ***
neild72: folds 
Gfoer: raises $1.20 to $2.20
CichiChanMarian: folds 
gudrozd: folds 
Manifestorr: folds 
mariofcd: calls $1.20
*** FLOP *** [Tc 9s 2c]
mariofcd: checks 
Gfoer: bets $1.55
mariofcd: raises $5.82 to $7.37
Gfoer: calls $5.82
*** TURN *** [Tc 9s 2c] [7d]
mariofcd: bets $14
Gfoer: calls $14
*** RIVER *** [Tc 9s 2c 7d] [8h]
mariofcd: bets $33.95
Gfoer: folds 
Uncalled bet ($33.95) returned to mariofcd
mariofcd collected $45.26 from pot
mariofcd: doesn't show hand 
*** SUMMARY ***
Total pot $47.64 | Rake $2.38 
Board [Tc 9s 2c 7d 8h]
Seat 1: gudrozd (button) folded before Flop (didn't bet)
Seat 2: Manifestorr (small blind) folded before Flop
Seat 3: mariofcd (big blind) collected ($45.26)
Seat 4: neild72 folded before Flop (didn't bet)
Seat 5: Gfoer folded on the River
Seat 6: CichiChanMarian folded before Flop (didn't bet)



PokerStars Hand #254473811288:  Hold'em No Limit ($0.50/$1.00 USD) - 2025/01/20 20:58:06 WET [2025/01/20 15:58:06 ET]
Table 'Mundleria II' 6-max Seat #2 is the button
Seat 1: gudrozd ($122.49 in chips) 
Seat 2: Manifestorr ($102 in chips) 
Seat 3: mariofcd ($139 in chips) 
Seat 4: neild72 ($52.17 in chips) 
Seat 5: Gfoer ($125.13 in chips) 
Seat 6: CichiChanMarian ($116 in chips) 
mariofcd: posts small blind $0.50
neild72: posts big blind $1
*** HOLE CARDS ***
Gfoer: folds 
CichiChanMarian: raises $1.50 to $2.50
gudrozd: folds 
Manifestorr: raises $5.50 to $8
mariofcd: folds 
neild72: folds 
CichiChanMarian: folds 
Uncalled bet ($5.50) returned to Manifestorr
Manifestorr collected $6.50 from pot
*** SUMMARY ***
Total pot $6.50 | Rake $0 
Seat 1: gudrozd folded before Flop (didn't bet)
Seat 2: Manifestorr (button) collected ($6.50)
Seat 3: mariofcd (small blind) folded before Flop
Seat 4: neild72 (big blind) folded before Flop
Seat 5: Gfoer folded before Flop (didn't bet)
Seat 6: CichiChanMarian folded before Flop



PokerStars Hand #254473818887:  Hold'em No Limit ($0.50/$1.00 USD) - 2025/01/20 20:58:40 WET [2025/01/20 15:58:40 ET]
Table 'Mundleria II' 6-max Seat #3 is the button
Seat 1: gudrozd ($122.49 in chips) 
Seat 2: Manifestorr ($106 in chips) 
Seat 3: mariofcd ($138.50 in chips) 
Seat 4: neild72 ($51.17 in chips) 
Seat 5: Gfoer ($125.13 in chips) 
Seat 6: CichiChanMarian ($113.50 in chips) 
neild72: posts small blind $0.50
Gfoer: posts big blind $1
*** HOLE CARDS ***
CichiChanMarian: raises $1.50 to $2.50
gudrozd: folds 
Manifestorr: folds 
mariofcd: folds 
neild72: folds 
Gfoer: folds 
Uncalled bet ($1.50) returned to CichiChanMarian
CichiChanMarian collected $2.50 from pot
CichiChanMarian: doesn't show hand 
*** SUMMARY ***
Total pot $2.50 | Rake $0 
Seat 1: gudrozd folded before Flop (didn't bet)
Seat 2: Manifestorr folded before Flop (didn't bet)
Seat 3: mariofcd (button) folded before Flop (didn't bet)
Seat 4: neild72 (small blind) folded before Flop
Seat 5: Gfoer (big blind) folded before Flop
Seat 6: CichiChanMarian collected ($2.50)



PokerStars Hand #254473823412:  Hold'em No Limit ($0.50/$1.00 USD) - 2025/01/20 20:59:00 WET [2025/01/20 15:59:00 ET]
Table 'Mundleria II' 6-max Seat #4 is the button
Seat 1: gudrozd ($122.49 in chips) 
Seat 2: Manifestorr ($106 in chips) 
Seat 3: mariofcd ($138.50 in chips) 
Seat 4: neild72 ($50.67 in chips) 
Seat 5: Gfoer ($124.13 in chips) 
Seat 6: CichiChanMarian ($115 in chips) 
Gfoer: posts small blind $0.50
CichiChanMarian: posts big blind $1
*** HOLE CARDS ***
gudrozd: folds 
Manifestorr: folds 
mariofcd: folds 
neild72: raises $1 to $2
Gfoer: folds 
CichiChanMarian: folds 
Uncalled bet ($1) returned to neild72
neild72 collected $2.50 from pot
*** SUMMARY ***
Total pot $2.50 | Rake $0 
Seat 1: gudrozd folded before Flop (didn't bet)
Seat 2: Manifestorr folded before Flop (didn't bet)
Seat 3: mariofcd folded before Flop (didn't bet)
Seat 4: neild72 (button) collected ($2.50)
Seat 5: Gfoer (small blind) folded before Flop
Seat 6: CichiChanMarian (big blind) folded before Flop



PokerStars Hand #254473826543:  Hold'em No Limit ($0.50/$1.00 USD) - 2025/01/20 20:59:14 WET [2025/01/20 15:59:14 ET]
Table 'Mundleria II' 6-max Seat #5 is the button
Seat 1: gudrozd ($122.49 in chips) 
Seat 2: Manifestorr ($106 in chips) 
Seat 3: mariofcd ($138.50 in chips) 
Seat 4: neild72 ($52.17 in chips) 
Seat 5: Gfoer ($123.63 in chips) 
Seat 6: CichiChanMarian ($114 in chips) 
CichiChanMarian: posts small blind $0.50
gudrozd: posts big blind $1
*** HOLE CARDS ***
Manifestorr: folds 
mariofcd: folds 
neild72: calls $1
Gfoer: folds 
CichiChanMarian: folds 
gudrozd: raises $4 to $5
neild72: calls $4
*** FLOP *** [Qc Jc Ts]
gudrozd: bets $3.29
neild72: folds 
Uncalled bet ($3.29) returned to gudrozd
gudrozd collected $9.98 from pot
gudrozd: doesn't show hand 
*** SUMMARY ***
Total pot $10.50 | Rake $0.52 
Board [Qc Jc Ts]
Seat 1: gudrozd (big blind) collected ($9.98)
Seat 2: Manifestorr folded before Flop (didn't bet)
Seat 3: mariofcd folded before Flop (didn't bet)
Seat 4: neild72 folded on the Flop
Seat 5: Gfoer (button) folded before Flop (didn't bet)
Seat 6: CichiChanMarian (small blind) folded before Flop



PokerStars Hand #254473832455:  Hold'em No Limit ($0.50/$1.00 USD) - 2025/01/20 20:59:39 WET [2025/01/20 15:59:39 ET]
Table 'Mundleria II' 6-max Seat #6 is the button
Seat 1: gudrozd ($127.47 in chips) 
Seat 2: Manifestorr ($106 in chips) 
Seat 3: mariofcd ($138.50 in chips) 
Seat 4: neild72 ($47.17 in chips) 
Seat 5: Gfoer ($123.63 in chips) 
Seat 6: CichiChanMarian ($113.50 in chips) 
gudrozd: posts small blind $0.50
Manifestorr: posts big blind $1
*** HOLE CARDS ***
mariofcd: raises $1.20 to $2.20
neild72: raises $3.80 to $6
Gfoer: folds 
CichiChanMarian: folds 
gudrozd: folds 
Manifestorr: folds 
mariofcd: calls $3.80
*** FLOP *** [3s 7d 3d]
mariofcd: checks 
neild72: bets $8.41
mariofcd: folds 
Uncalled bet ($8.41) returned to neild72
neild72 collected $12.82 from pot
*** SUMMARY ***
Total pot $13.50 | Rake $0.68 
Board [3s 7d 3d]
Seat 1: gudrozd (small blind) folded before Flop
Seat 2: Manifestorr (big blind) folded before Flop
Seat 3: mariofcd folded on the Flop
Seat 4: neild72 collected ($12.82)
Seat 5: Gfoer folded before Flop (didn't bet)
Seat 6: CichiChanMarian (button) folded before Flop (didn't bet)



PokerStars Hand #254473841573:  Hold'em No Limit ($0.50/$1.00 USD) - 2025/01/20 21:00:19 WET [2025/01/20 16:00:19 ET]
Table 'Mundleria II' 6-max Seat #1 is the button
Seat 1: gudrozd ($126.97 in chips) 
Seat 2: Manifestorr ($105 in chips) 
Seat 3: mariofcd ($132.50 in chips) 
Seat 4: neild72 ($53.99 in chips) 
Seat 5: Gfoer ($123.63 in chips) 
Seat 6: CichiChanMarian ($113.50 in chips) 
Manifestorr: posts small blind $0.50
mariofcd: posts big blind $1
*** HOLE CARDS ***
neild72: calls $1
Gfoer: folds 
CichiChanMarian: folds 
gudrozd: folds 
Manifestorr: folds 
mariofcd: checks 
*** FLOP *** [5s Kc As]
mariofcd: checks 
neild72: bets $1
mariofcd: raises $4.38 to $5.38
neild72: calls $4.38
*** TURN *** [5s Kc As] [2s]
mariofcd: bets $3.78
neild72: folds 
Uncalled bet ($3.78) returned to mariofcd
mariofcd collected $12.60 from pot
mariofcd: doesn't show hand 
*** SUMMARY ***
Total pot $13.26 | Rake $0.66 
Board [5s Kc As 2s]
Seat 1: gudrozd (button) folded before Flop (didn't bet)
Seat 2: Manifestorr (small blind) folded before Flop
Seat 3: mariofcd (big blind) collected ($12.60)
Seat 4: neild72 folded on the Turn
Seat 5: Gfoer folded before Flop (didn't bet)
Seat 6: CichiChanMarian folded before Flop (didn't bet)



PokerStars Hand #254473851112:  Hold'em No Limit ($0.50/$1.00 USD) - 2025/01/20 21:00:57 WET [2025/01/20 16:00:57 ET]
Table 'Mundleria II' 6-max Seat #2 is the button
Seat 1: gudrozd ($126.97 in chips) 
Seat 2: Manifestorr ($104.50 in chips) 
Seat 3: mariofcd ($138.72 in chips) 
Seat 4: neild72 ($47.61 in chips) 
Seat 5: Gfoer ($123.63 in chips) 
Seat 6: CichiChanMarian ($113.50 in chips) 
mariofcd: posts small blind $0.50
neild72: posts big blind $1
*** HOLE CARDS ***
Gfoer: raises $1.20 to $2.20
CichiChanMarian: folds 
gudrozd: folds 
Manifestorr: folds 
mariofcd: folds 
neild72: calls $1.20
*** FLOP *** [Jc Kc Td]
neild72: checks 
Gfoer: checks 
*** TURN *** [Jc Kc Td] [3c]
neild72: checks 
Gfoer: checks 
*** RIVER *** [Jc Kc Td 3c] [4c]
neild72: checks 
Gfoer: bets $1
neild72: folds 
Uncalled bet ($1) returned to Gfoer
Gfoer collected $4.66 from pot
Gfoer: doesn't show hand 
*** SUMMARY ***
Total pot $4.90 | Rake $0.24 
Board [Jc Kc Td 3c 4c]
Seat 1: gudrozd folded before Flop (didn't bet)
Seat 2: Manifestorr (button) folded before Flop (didn't bet)
Seat 3: mariofcd (small blind) folded before Flop
Seat 4: neild72 (big blind) folded on the River
Seat 5: Gfoer collected ($4.66)
Seat 6: CichiChanMarian folded before Flop (didn't bet)



PokerStars Hand #254473864081:  Hold'em No Limit ($0.50/$1.00 USD) - 2025/01/20 21:01:42 WET [2025/01/20 16:01:42 ET]
Table 'Mundleria II' 6-max Seat #3 is the button
Seat 1: gudrozd ($126.97 in chips) 
Seat 2: Manifestorr ($104.50 in chips) 
Seat 3: mariofcd ($138.22 in chips) 
Seat 4: neild72 ($45.41 in chips) 
Seat 5: Gfoer ($126.09 in chips) 
Seat 6: CichiChanMarian ($113.50 in chips) 
neild72: posts small blind $0.50
Gfoer: posts big blind $1
*** HOLE CARDS ***
CichiChanMarian: folds 
gudrozd: folds 
Manifestorr: raises $1.20 to $2.20
mariofcd: calls $2.20
neild72: calls $1.70
Gfoer: folds 
*** FLOP *** [Jc 4h 8s]
neild72: checks 
Manifestorr: checks 
mariofcd: checks 
*** TURN *** [Jc 4h 8s] [Qs]
neild72: checks 
Manifestorr: checks 
mariofcd: checks 
*** RIVER *** [Jc 4h 8s Qs] [As]
neild72: checks 
Manifestorr: checks 
mariofcd: checks 
*** SHOW DOWN ***
neild72: shows [9h 5h] (high card Ace)
Manifestorr: shows [6h 6s] (a pair of Sixes)
mariofcd: mucks hand 
Manifestorr collected $7.22 from pot
*** SUMMARY ***
Total pot $7.60 | Rake $0.38 
Board [Jc 4h 8s Qs As]
Seat 1: gudrozd folded before Flop (didn't bet)
Seat 2: Manifestorr showed [6h 6s] and won ($7.22) with a pair of Sixes
Seat 3: mariofcd (button) mucked
Seat 4: neild72 (small blind) showed [9h 5h] and lost with high card Ace
Seat 5: Gfoer (big blind) folded before Flop
Seat 6: CichiChanMarian folded before Flop (didn't bet)



PokerStars Hand #254473880552:  Hold'em No Limit ($0.50/$1.00 USD) - 2025/01/20 21:02:34 WET [2025/01/20 16:02:34 ET]
Table 'Mundleria II' 6-max Seat #4 is the button
Seat 1: gudrozd ($126.97 in chips) 
Seat 2: Manifestorr ($109.52 in chips) 
Seat 3: mariofcd ($136.02 in chips) 
Seat 4: neild72 ($43.21 in chips) 
Seat 5: Gfoer ($125.09 in chips) 
Seat 6: CichiChanMarian ($113.50 in chips) 
Gfoer: posts small blind $0.50
CichiChanMarian: posts big blind $1
*** HOLE CARDS ***
gudrozd: folds 
Manifestorr: folds 
mariofcd: raises $1.25 to $2.25
neild72: folds 
Gfoer: folds 
CichiChanMarian: folds 
Uncalled bet ($1.25) returned to mariofcd
mariofcd collected $2.50 from pot
mariofcd: doesn't show hand 
*** SUMMARY ***
Total pot $2.50 | Rake $0 
Seat 1: gudrozd folded before Flop (didn't bet)
Seat 2: Manifestorr folded before Flop (didn't bet)
Seat 3: mariofcd collected ($2.50)
Seat 4: neild72 (button) folded before Flop (didn't bet)
Seat 5: Gfoer (small blind) folded before Flop
Seat 6: CichiChanMarian (big blind) folded before Flop



PokerStars Hand #254473886094:  Hold'em No Limit ($0.50/$1.00 USD) - 2025/01/20 21:02:52 WET [2025/01/20 16:02:52 ET]
Table 'Mundleria II' 6-max Seat #5 is the button
Seat 1: gudrozd ($126.97 in chips) 
Seat 2: Manifestorr ($109.52 in chips) 
Seat 3: mariofcd ($137.52 in chips) 
Seat 4: neild72 ($43.21 in chips) 
Seat 5: Gfoer ($124.59 in chips) 
Seat 6: CichiChanMarian ($112.50 in chips) 
CichiChanMarian: posts small blind $0.50
gudrozd: posts big blind $1
*** HOLE CARDS ***
Manifestorr: folds 
mariofcd: folds 
neild72: raises $1 to $2
Gfoer: folds 
CichiChanMarian: raises $8 to $10
gudrozd: folds 
neild72: calls $8
*** FLOP *** [4h 4d Kh]
CichiChanMarian: checks 
neild72: checks 
*** TURN *** [4h 4d Kh] [6c]
CichiChanMarian: checks 
neild72: checks 
*** RIVER *** [4h 4d Kh 6c] [Jh]
CichiChanMarian: checks 
neild72: checks 
*** SHOW DOWN ***
CichiChanMarian: shows [Qd Ad] (a pair of Fours)
neild72: mucks hand 
CichiChanMarian collected $19.95 from pot
*** SUMMARY ***
Total pot $21 | Rake $1.05 
Board [4h 4d Kh 6c Jh]
Seat 1: gudrozd (big blind) folded before Flop
Seat 2: Manifestorr folded before Flop (didn't bet)
Seat 3: mariofcd folded before Flop (didn't bet)
Seat 4: neild72 mucked
Seat 5: Gfoer (button) folded before Flop (didn't bet)
Seat 6: CichiChanMarian (small blind) showed [Qd Ad] and won ($19.95) with a pair of Fours



PokerStars Hand #254473902600:  Hold'em No Limit ($0.50/$1.00 USD) - 2025/01/20 21:03:44 WET [2025/01/20 16:03:44 ET]
Table 'Mundleria II' 6-max Seat #6 is the button
Seat 1: gudrozd ($125.97 in chips) 
Seat 2: Manifestorr ($109.52 in chips) 
Seat 3: mariofcd ($137.52 in chips) 
Seat 4: neild72 ($33.21 in chips) 
Seat 5: Gfoer ($124.59 in chips) 
Seat 6: CichiChanMarian ($122.45 in chips) 
gudrozd: posts small blind $0.50
Manifestorr: posts big blind $1
*** HOLE CARDS ***
mariofcd: folds 
neild72: folds 
Gfoer: folds 
CichiChanMarian: folds 
gudrozd: folds 
Uncalled bet ($0.50) returned to Manifestorr
Manifestorr collected $1 from pot
*** SUMMARY ***
Total pot $1 | Rake $0 
Seat 1: gudrozd (small blind) folded before Flop
Seat 2: Manifestorr (big blind) collected ($1)
Seat 3: mariofcd folded before Flop (didn't bet)
Seat 4: neild72 folded before Flop (didn't bet)
Seat 5: Gfoer folded before Flop (didn't bet)
Seat 6: CichiChanMarian (button) folded before Flop (didn't bet)



PokerStars Hand #254473907831:  Hold'em No Limit ($0.50/$1.00 USD) - 2025/01/20 21:04:00 WET [2025/01/20 16:04:00 ET]
Table 'Mundleria II' 6-max Seat #1 is the button
Seat 1: gudrozd ($125.47 in chips) 
Seat 2: Manifestorr ($110.02 in chips) 
Seat 3: mariofcd ($137.52 in chips) 
Seat 4: neild72 ($33.21 in chips) 
Seat 5: Gfoer ($124.59 in chips) 
Seat 6: CichiChanMarian ($122.45 in chips) 
Manifestorr: posts small blind $0.50
mariofcd: posts big blind $1
*** HOLE CARDS ***
neild72: calls $1
Gfoer: folds 
CichiChanMarian: folds 
gudrozd: raises $4 to $5
Manifestorr: folds 
mariofcd: calls $4
neild72: calls $4
*** FLOP *** [As 5d Js]
mariofcd: checks 
neild72: checks 
gudrozd: bets $3.68
mariofcd: calls $3.68
neild72: calls $3.68
*** TURN *** [As 5d Js] [4c]
mariofcd: checks 
neild72: checks 
gudrozd: checks 
*** RIVER *** [As 5d Js 4c] [9d]
mariofcd: bets $25
neild72: calls $24.53 and is all-in
gudrozd: folds 
Uncalled bet ($0.47) returned to mariofcd
*** SHOW DOWN ***
mariofcd: shows [4d 4s] (three of a kind, Fours)
neild72: shows [Ad 7h] (a pair of Aces)
mariofcd collected $73.10 from pot
*** SUMMARY ***
Total pot $75.60 | Rake $2.50 
Board [As 5d Js 4c 9d]
Seat 1: gudrozd (button) folded on the River
Seat 2: Manifestorr (small blind) folded before Flop
Seat 3: mariofcd (big blind) showed [4d 4s] and won ($73.10) with three of a kind, Fours
Seat 4: neild72 showed [Ad 7h] and lost with a pair of Aces
Seat 5: Gfoer folded before Flop (didn't bet)
Seat 6: CichiChanMarian folded before Flop (didn't bet)



PokerStars Hand #254473936771:  Hold'em No Limit ($0.50/$1.00 USD) - 2025/01/20 21:05:29 WET [2025/01/20 16:05:29 ET]
Table 'Mundleria II' 6-max Seat #2 is the button
Seat 4: neild72 ($0 in chips) is sitting out
Seat 1: gudrozd ($116.79 in chips) 
Seat 2: Manifestorr ($109.52 in chips) 
Seat 3: mariofcd ($177.41 in chips) 
Seat 5: Gfoer ($124.59 in chips) 
Seat 6: CichiChanMarian ($122.45 in chips) 
mariofcd: posts small blind $0.50
Gfoer: posts big blind $1
*** HOLE CARDS ***
CichiChanMarian: folds 
neild72 leaves the table
gudrozd: folds 
Manifestorr: raises $1.20 to $2.20
mariofcd: calls $1.70
Gfoer: folds 
*** FLOP *** [2c 9h Ts]
mariofcd: checks 
Manifestorr: checks 
*** TURN *** [2c 9h Ts] [Qd]
mariofcd: checks 
Manifestorr: checks 
*** RIVER *** [2c 9h Ts Qd] [Tc]
XneferX joins the table at seat #4 
mariofcd: checks 
Manifestorr: bets $3.85
mariofcd: folds 
Uncalled bet ($3.85) returned to Manifestorr
Manifestorr collected $5.13 from pot
*** SUMMARY ***
Total pot $5.40 | Rake $0.27 
Board [2c 9h Ts Qd Tc]
Seat 4: neild72
Seat 1: gudrozd folded before Flop (didn't bet)
Seat 2: Manifestorr (button) collected ($5.13)
Seat 3: mariofcd (small blind) folded on the River
Seat 5: Gfoer (big blind) folded before Flop
Seat 6: CichiChanMarian folded before Flop (didn't bet)



PokerStars Hand #254473949585:  Hold'em No Limit ($0.50/$1.00 USD) - 2025/01/20 21:06:09 WET [2025/01/20 16:06:09 ET]
Table 'Mundleria II' 6-max Seat #3 is the button
Seat 4: XneferX ($100 in chips) is sitting out
Seat 6: CichiChanMarian ($122.45 in chips) is sitting out
Seat 1: gudrozd ($116.79 in chips) 
Seat 2: Manifestorr ($112.45 in chips) 
Seat 3: mariofcd ($175.21 in chips) 
Seat 5: Gfoer ($123.59 in chips) 
Gfoer: posts small blind $0.50
CichiChanMarian: is sitting out 
gudrozd: posts big blind $1
*** HOLE CARDS ***
Manifestorr: folds 
mariofcd: folds 
CichiChanMarian leaves the table
Gfoer: raises $1.50 to $2.50
gudrozd: calls $1.50
*** FLOP *** [Qc Ac Ts]
straight77777 joins the table at seat #6 
straight77777 is disconnected 
Gfoer: bets $1.58
gudrozd: folds 
Uncalled bet ($1.58) returned to Gfoer
Gfoer collected $4.75 from pot
Gfoer: doesn't show hand 
*** SUMMARY ***
Total pot $5 | Rake $0.25 
Board [Qc Ac Ts]
Seat 4: XneferX
Seat 6: CichiChanMarian
Seat 1: gudrozd (big blind) folded on the Flop
Seat 2: Manifestorr folded before Flop (didn't bet)
Seat 3: mariofcd (button) folded before Flop (didn't bet)
Seat 5: Gfoer (small blind) collected ($4.75)



PokerStars Hand #254473960121:  Hold'em No Limit ($0.50/$1.00 USD) - 2025/01/20 21:06:41 WET [2025/01/20 16:06:41 ET]
Table 'Mundleria II' 6-max Seat #5 is the button
Seat 1: gudrozd ($114.29 in chips) is sitting out
Seat 3: mariofcd ($175.21 in chips) is sitting out
Seat 6: straight77777 ($10 in chips) is sitting out
Seat 2: Manifestorr ($112.45 in chips) 
Seat 4: XneferX ($100 in chips) 
Seat 5: Gfoer ($125.84 in chips) 
Manifestorr: posts small blind $0.50
mariofcd: is sitting out 
XneferX: posts big blind $1
*** HOLE CARDS ***
Gfoer: folds 
Gfoer leaves the table
Manifestorr: raises $2 to $3
mariofcd leaves the table
XneferX: folds 
Uncalled bet ($2) returned to Manifestorr
Manifestorr collected $2 from pot
*** SUMMARY ***
Total pot $2 | Rake $0 
Seat 1: gudrozd
Seat 3: mariofcd
Seat 6: straight77777
Seat 2: Manifestorr (small blind) collected ($2)
Seat 4: XneferX (big blind) folded before Flop
Seat 5: Gfoer (button) folded before Flop (didn't bet)



PokerStars Hand #254473964744:  Hold'em No Limit ($0.50/$1.00 USD) - 2025/01/20 21:06:55 WET [2025/01/20 16:06:55 ET]
Table 'Mundleria II' 6-max Seat #2 is the button
Seat 1: gudrozd ($114.29 in chips) is sitting out
Seat 2: Manifestorr ($113.45 in chips) 
Seat 4: XneferX ($100 in chips) 
Seat 6: straight77777 ($10 in chips) 
XneferX: posts small blind $0.50
straight77777: posts big blind $1
*** HOLE CARDS ***
gudrozd leaves the table
Manifestorr: raises $1.20 to $2.20
z00mba joins the table at seat #1 
XneferX: folds 
straight77777: calls $1.20
*** FLOP *** [Tc Td 9h]
straight77777: checks 
Manifestorr: bets $1.54
straight77777: calls $1.54
*** TURN *** [Tc Td 9h] [Kc]
straight77777: checks 
Manifestorr: checks 
*** RIVER *** [Tc Td 9h Kc] [4s]
straight77777: bets $6.26 and is all-in
Manifestorr: calls $6.26
*** SHOW DOWN ***
straight77777: shows [8c Qd] (a pair of Tens)
Manifestorr: shows [Ks Jc] (two pair, Kings and Tens)
Manifestorr collected $19.50 from pot
*** SUMMARY ***
Total pot $20.50 | Rake $1 
Board [Tc Td 9h Kc 4s]
Seat 1: gudrozd
Seat 2: Manifestorr (button) showed [Ks Jc] and won ($19.50) with two pair, Kings and Tens
Seat 4: XneferX (small blind) folded before Flop
Seat 6: straight77777 (big blind) showed [8c Qd] and lost with a pair of Tens



PokerStars Hand #254474139135:  Hold'em No Limit ($0.50/$1.00 USD) - 2025/01/20 21:15:44 WET [2025/01/20 16:15:44 ET]
Table 'Mundleria II' 6-max Seat #5 is the button
Seat 1: Poker9803 ($100 in chips) 
Seat 2: ptolejmus ($10 in chips) 
Seat 5: BoyLoc0 ($100 in chips) 
Seat 6: Zvst ($10 in chips) 
Zvst: posts small blind $0.50
Poker9803: posts big blind $1
*** HOLE CARDS ***
ptolejmus: folds 
BoyLoc0: raises $1.50 to $2.50
Zvst: folds 
Poker9803: folds 
Uncalled bet ($1.50) returned to BoyLoc0
BoyLoc0 collected $2.50 from pot
BoyLoc0: doesn't show hand 
*** SUMMARY ***
Total pot $2.50 | Rake $0 
Seat 1: Poker9803 (big blind) folded before Flop
Seat 2: ptolejmus folded before Flop (didn't bet)
Seat 5: BoyLoc0 (button) collected ($2.50)
Seat 6: Zvst (small blind) folded before Flop



PokerStars Hand #254474144751:  Hold'em No Limit ($0.50/$1.00 USD) - 2025/01/20 21:16:01 WET [2025/01/20 16:16:01 ET]
Table 'Mundleria II' 6-max Seat #6 is the button
Seat 1: Poker9803 ($100 in chips) 
Seat 2: ptolejmus ($10 in chips) 
Seat 6: Zvst ($10 in chips) 
Poker9803: posts small blind $0.50
ptolejmus: posts big blind $1
*** HOLE CARDS ***
Zvst has timed out
Zvst: folds 
Poker9803: folds 
Uncalled bet ($0.50) returned to ptolejmus
ptolejmus collected $1 from pot
*** SUMMARY ***
Total pot $1 | Rake $0 
Seat 1: Poker9803 (small blind) folded before Flop
Seat 2: ptolejmus (big blind) collected ($1)
Seat 6: Zvst (button) folded before Flop (didn't bet)



PokerStars Hand #254474154829:  Hold'em No Limit ($0.50/$1.00 USD) - 2025/01/20 21:16:31 WET [2025/01/20 16:16:31 ET]
Table 'Mundleria II' 6-max Seat #2 is the button
Seat 6: Zvst ($10 in chips) is sitting out
Seat 1: Poker9803 ($100 in chips) 
Seat 2: ptolejmus ($10.50 in chips) 
ptolejmus: posts small blind $0.50
Poker9803: posts big blind $1
*** HOLE CARDS ***
ptolejmus: folds 
Uncalled bet ($0.50) returned to Poker9803
Poker9803 collected $1 from pot
Poker9803: doesn't show hand 
*** SUMMARY ***
Total pot $1 | Rake $0 
Seat 6: Zvst
Seat 1: Poker9803 (big blind) collected ($1)
Seat 2: ptolejmus (button) (small blind) folded before Flop



PokerStars Hand #254474159506:  Hold'em No Limit ($0.50/$1.00 USD) - 2025/01/20 21:16:45 WET [2025/01/20 16:16:45 ET]
Table 'Mundleria II' 6-max Seat #1 is the button
Seat 1: Poker9803 ($100.50 in chips) 
Seat 2: ptolejmus ($10 in chips) 
Seat 6: Zvst ($10 in chips) 
ptolejmus: posts small blind $0.50
Zvst: posts big blind $1
*** HOLE CARDS ***
Poker9803: folds 
yassine2525 joins the table at seat #4 
yassine2525 is disconnected 
Espada Fish joins the table at seat #5 
vadjkeee joins the table at seat #3 
ptolejmus: raises $1.50 to $2.50
Zvst: folds 
Uncalled bet ($1.50) returned to ptolejmus
ptolejmus collected $2 from pot
*** SUMMARY ***
Total pot $2 | Rake $0 
Seat 1: Poker9803 (button) folded before Flop (didn't bet)
Seat 2: ptolejmus (small blind) collected ($2)
Seat 6: Zvst (big blind) folded before Flop



PokerStars Hand #254474169931:  Hold'em No Limit ($0.50/$1.00 USD) - 2025/01/20 21:17:17 WET [2025/01/20 16:17:17 ET]
Table 'Mundleria II' 6-max Seat #2 is the button
Seat 3: vadjkeee ($100 in chips) is sitting out
Seat 4: yassine2525 ($13.99 in chips) is sitting out
Seat 5: Espada Fish ($100 in chips) is sitting out
Seat 1: Poker9803 ($100.50 in chips) 
Seat 2: ptolejmus ($11 in chips) 
Seat 6: Zvst ($10 in chips) 
Zvst: posts small blind $0.50
Espada Fish is disconnected 
Poker9803: posts big blind $1
*** HOLE CARDS ***
ptolejmus: raises $1 to $2
Zvst: raises $8 to $10 and is all-in
Poker9803: folds 
ptolejmus: folds 
Uncalled bet ($8) returned to Zvst
Zvst collected $5 from pot
Zvst: doesn't show hand 
*** SUMMARY ***
Total pot $5 | Rake $0 
Seat 3: vadjkeee
Seat 4: yassine2525
Seat 5: Espada Fish
Seat 1: Poker9803 (big blind) folded before Flop
Seat 2: ptolejmus (button) folded before Flop
Seat 6: Zvst (small blind) collected ($5)



PokerStars Hand #254474176341:  Hold'em No Limit ($0.50/$1.00 USD) - 2025/01/20 21:17:36 WET [2025/01/20 16:17:36 ET]
Table 'Mundleria II' 6-max Seat #6 is the button
Seat 3: vadjkeee ($100 in chips) is sitting out
Seat 5: Espada Fish ($100 in chips) is sitting out
Seat 1: Poker9803 ($100 in chips) 
Seat 2: ptolejmus ($10 in chips) 
Seat 4: yassine2525 ($13.99 in chips) 
Seat 6: Zvst ($13 in chips) 
Poker9803: posts small blind $0.50
ptolejmus: posts big blind $1
vadjkeee: sits out 
yassine2525: posts big blind $1
Espada Fish: sits out 
*** HOLE CARDS ***
yassine2525: raises $2 to $3
Zvst: folds 
Poker9803: folds 
ptolejmus: folds 
Uncalled bet ($2) returned to yassine2525
yassine2525 collected $2.50 from pot
*** SUMMARY ***
Total pot $2.50 | Rake $0 
Seat 3: vadjkeee
Seat 5: Espada Fish
Seat 1: Poker9803 (small blind) folded before Flop
Seat 2: ptolejmus (big blind) folded before Flop
Seat 4: yassine2525 collected ($2.50)
Seat 6: Zvst (button) folded before Flop (didn't bet)



PokerStars Hand #254474186419:  Hold'em No Limit ($0.50/$1.00 USD) - 2025/01/20 21:18:07 WET [2025/01/20 16:18:07 ET]
Table 'Mundleria II' 6-max Seat #1 is the button
Seat 5: Espada Fish ($100 in chips) is sitting out
Seat 1: Poker9803 ($100 in chips) 
Seat 2: ptolejmus ($10 in chips) 
Seat 3: vadjkeee ($100 in chips) 
Seat 4: yassine2525 ($15.49 in chips) 
Seat 6: Zvst ($13 in chips) 
ptolejmus: posts small blind $0.50
vadjkeee: posts big blind $1
Espada Fish: sits out 
*** HOLE CARDS ***
yassine2525: folds 
Zvst: folds 
Poker9803: folds 
ptolejmus: raises $1.50 to $2.50
vadjkeee: raises $9.50 to $12
ptolejmus: calls $7.50 and is all-in
Uncalled bet ($2) returned to vadjkeee
*** FLOP *** [7h 3d 3h]
*** TURN *** [7h 3d 3h] [6c]
*** RIVER *** [7h 3d 3h 6c] [2h]
*** SHOW DOWN ***
ptolejmus: shows [As Tc] (a pair of Threes)
vadjkeee: shows [Kh Ad] (a pair of Threes - Ace+King kicker)
vadjkeee collected $19 from pot
*** SUMMARY ***
Total pot $20 | Rake $1 
Board [7h 3d 3h 6c 2h]
Seat 5: Espada Fish
Seat 1: Poker9803 (button) folded before Flop (didn't bet)
Seat 2: ptolejmus (small blind) showed [As Tc] and lost with a pair of Threes
Seat 3: vadjkeee (big blind) showed [Kh Ad] and won ($19) with a pair of Threes
Seat 4: yassine2525 folded before Flop (didn't bet)
Seat 6: Zvst folded before Flop (didn't bet)



PokerStars Hand #254474201956:  Hold'em No Limit ($0.50/$1.00 USD) - 2025/01/20 21:18:53 WET [2025/01/20 16:18:53 ET]
Table 'Mundleria II' 6-max Seat #2 is the button
Seat 5: Espada Fish ($100 in chips) is sitting out
Seat 1: Poker9803 ($100 in chips) 
Seat 2: ptolejmus ($10 in chips) 
Seat 3: vadjkeee ($109 in chips) 
Seat 4: yassine2525 ($15.49 in chips) 
Seat 6: Zvst ($13 in chips) 
vadjkeee: posts small blind $0.50
yassine2525: posts big blind $1
Espada Fish: sits out 
*** HOLE CARDS ***
Zvst: folds 
Poker9803: folds 
ptolejmus: folds 
vadjkeee: raises $24 to $25
yassine2525: calls $14.49 and is all-in
Uncalled bet ($9.51) returned to vadjkeee
*** FLOP *** [Td Ac 2h]
*** TURN *** [Td Ac 2h] [4h]
*** RIVER *** [Td Ac 2h 4h] [Jh]
*** SHOW DOWN ***
vadjkeee: shows [Ad 5d] (a pair of Aces)
yassine2525: shows [8s Tc] (a pair of Tens)
vadjkeee collected $29.43 from pot
*** SUMMARY ***
Total pot $30.98 | Rake $1.55 
Board [Td Ac 2h 4h Jh]
Seat 5: Espada Fish
Seat 1: Poker9803 folded before Flop (didn't bet)
Seat 2: ptolejmus (button) folded before Flop (didn't bet)
Seat 3: vadjkeee (small blind) showed [Ad 5d] and won ($29.43) with a pair of Aces
Seat 4: yassine2525 (big blind) showed [8s Tc] and lost with a pair of Tens
Seat 6: Zvst folded before Flop (didn't bet)



PokerStars Hand #254474214161:  Hold'em No Limit ($0.50/$1.00 USD) - 2025/01/20 21:19:30 WET [2025/01/20 16:19:30 ET]
Table 'Mundleria II' 6-max Seat #3 is the button
Seat 4: yassine2525 ($0 in chips) is sitting out
Seat 5: Espada Fish ($100 in chips) is sitting out
Seat 1: Poker9803 ($100 in chips) 
Seat 2: ptolejmus ($10 in chips) 
Seat 3: vadjkeee ($122.94 in chips) 
Seat 6: Zvst ($13 in chips) 
Zvst: posts small blind $0.50
Poker9803: posts big blind $1
*** HOLE CARDS ***
ptolejmus: raises $1 to $2
vadjkeee: folds 
Zvst: folds 
Poker9803: calls $1
*** FLOP *** [8h 5c Jd]
Zvst leaves the table
Poker9803: checks 
ptolejmus: bets $2.18
CichiChanMarian joins the table at seat #6 
Poker9803: folds 
Uncalled bet ($2.18) returned to ptolejmus
ptolejmus collected $4.28 from pot
*** SUMMARY ***
Total pot $4.50 | Rake $0.22 
Board [8h 5c Jd]
Seat 4: yassine2525
Seat 5: Espada Fish
Seat 1: Poker9803 (big blind) folded on the Flop
Seat 2: ptolejmus collected ($4.28)
Seat 3: vadjkeee (button) folded before Flop (didn't bet)
Seat 6: Zvst (small blind) folded before Flop



PokerStars Hand #254474228196:  Hold'em No Limit ($0.50/$1.00 USD) - 2025/01/20 21:20:12 WET [2025/01/20 16:20:12 ET]
Table 'Mundleria II' 6-max Seat #1 is the button
Seat 5: Espada Fish ($100 in chips) is sitting out
Seat 6: CichiChanMarian ($122.45 in chips) is sitting out
Seat 1: Poker9803 ($100 in chips) 
Seat 2: ptolejmus ($12.28 in chips) 
Seat 3: vadjkeee ($122.94 in chips) 
Seat 4: yassine2525 ($16.59 in chips) 
ptolejmus: posts small blind $0.50
vadjkeee: posts big blind $1
yassine2525: posts small blind $0.50
Espada Fish: sits out 
CichiChanMarian: sits out 
*** HOLE CARDS ***
yassine2525: folds 
Poker9803: raises $1 to $2
ptolejmus: folds 
vadjkeee: folds 
Uncalled bet ($1) returned to Poker9803
Poker9803 collected $3 from pot
Poker9803: doesn't show hand 
*** SUMMARY ***
Total pot $3 | Rake $0 
Seat 5: Espada Fish
Seat 6: CichiChanMarian
Seat 1: Poker9803 (button) collected ($3)
Seat 2: ptolejmus (small blind) folded before Flop
Seat 3: vadjkeee (big blind) folded before Flop
Seat 4: yassine2525 folded before Flop (didn't bet)



PokerStars Hand #254474233428:  Hold'em No Limit ($0.50/$1.00 USD) - 2025/01/20 21:20:27 WET [2025/01/20 16:20:27 ET]
Table 'Mundleria II' 6-max Seat #2 is the button
Seat 5: Espada Fish ($100 in chips) is sitting out
Seat 6: CichiChanMarian ($122.45 in chips) is sitting out
Seat 1: Poker9803 ($102 in chips) 
Seat 2: ptolejmus ($11.78 in chips) 
Seat 3: vadjkeee ($121.94 in chips) 
Seat 4: yassine2525 ($16.09 in chips) 
vadjkeee: posts small blind $0.50
yassine2525: posts big blind $1
Espada Fish: sits out 
CichiChanMarian: sits out 
*** HOLE CARDS ***
Poker9803: folds 
ptolejmus: folds 
vadjkeee: folds 
Uncalled bet ($0.50) returned to yassine2525
yassine2525 collected $1 from pot
*** SUMMARY ***
Total pot $1 | Rake $0 
Seat 5: Espada Fish
Seat 6: CichiChanMarian
Seat 1: Poker9803 folded before Flop (didn't bet)
Seat 2: ptolejmus (button) folded before Flop (didn't bet)
Seat 3: vadjkeee (small blind) folded before Flop
Seat 4: yassine2525 (big blind) collected ($1)



PokerStars Hand #254474238337:  Hold'em No Limit ($0.50/$1.00 USD) - 2025/01/20 21:20:42 WET [2025/01/20 16:20:42 ET]
Table 'Mundleria II' 6-max Seat #3 is the button
Seat 6: CichiChanMarian ($122.45 in chips) is sitting out
Seat 1: Poker9803 ($102 in chips) 
Seat 2: ptolejmus ($11.78 in chips) 
Seat 3: vadjkeee ($121.44 in chips) 
Seat 4: yassine2525 ($16.59 in chips) 
Seat 5: Espada Fish ($100 in chips) 
yassine2525: posts small blind $0.50
Espada Fish: posts big blind $1
CichiChanMarian: sits out 
*** HOLE CARDS ***
Poker9803: folds 
ptolejmus: folds 
vadjkeee: folds 
yassine2525: folds 
Uncalled bet ($0.50) returned to Espada Fish
Espada Fish collected $1 from pot
Espada Fish: doesn't show hand 
*** SUMMARY ***
Total pot $1 | Rake $0 
Seat 6: CichiChanMarian
Seat 1: Poker9803 folded before Flop (didn't bet)
Seat 2: ptolejmus folded before Flop (didn't bet)
Seat 3: vadjkeee (button) folded before Flop (didn't bet)
Seat 4: yassine2525 (small blind) folded before Flop
Seat 5: Espada Fish (big blind) collected ($1)



PokerStars Hand #254474242731:  Hold'em No Limit ($0.50/$1.00 USD) - 2025/01/20 21:20:55 WET [2025/01/20 16:20:55 ET]
Table 'Mundleria II' 6-max Seat #4 is the button
Seat 1: Poker9803 ($102 in chips) 
Seat 2: ptolejmus ($11.78 in chips) 
Seat 3: vadjkeee ($121.44 in chips) 
Seat 4: yassine2525 ($16.09 in chips) 
Seat 5: Espada Fish ($100.50 in chips) 
Seat 6: CichiChanMarian ($122.45 in chips) 
Espada Fish: posts small blind $0.50
CichiChanMarian: posts big blind $1
*** HOLE CARDS ***
Poker9803: folds 
ptolejmus: folds 
vadjkeee: folds 
yassine2525: folds 
Espada Fish: folds 
Uncalled bet ($0.50) returned to CichiChanMarian
CichiChanMarian collected $1 from pot
CichiChanMarian: doesn't show hand 
*** SUMMARY ***
Total pot $1 | Rake $0 
Seat 1: Poker9803 folded before Flop (didn't bet)
Seat 2: ptolejmus folded before Flop (didn't bet)
Seat 3: vadjkeee folded before Flop (didn't bet)
Seat 4: yassine2525 (button) folded before Flop (didn't bet)
Seat 5: Espada Fish (small blind) folded before Flop
Seat 6: CichiChanMarian (big blind) collected ($1)



PokerStars Hand #254474246476:  Hold'em No Limit ($0.50/$1.00 USD) - 2025/01/20 21:21:06 WET [2025/01/20 16:21:06 ET]
Table 'Mundleria II' 6-max Seat #5 is the button
Seat 1: Poker9803 ($102 in chips) 
Seat 2: ptolejmus ($11.78 in chips) 
Seat 3: vadjkeee ($121.44 in chips) 
Seat 4: yassine2525 ($16.09 in chips) 
Seat 5: Espada Fish ($100 in chips) 
Seat 6: CichiChanMarian ($122.95 in chips) 
CichiChanMarian: posts small blind $0.50
Poker9803: posts big blind $1
*** HOLE CARDS ***
ptolejmus: folds 
vadjkeee: folds 
yassine2525: folds 
Espada Fish: folds 
CichiChanMarian: folds 
Uncalled bet ($0.50) returned to Poker9803
Poker9803 collected $1 from pot
Poker9803: doesn't show hand 
*** SUMMARY ***
Total pot $1 | Rake $0 
Seat 1: Poker9803 (big blind) collected ($1)
Seat 2: ptolejmus folded before Flop (didn't bet)
Seat 3: vadjkeee folded before Flop (didn't bet)
Seat 4: yassine2525 folded before Flop (didn't bet)
Seat 5: Espada Fish (button) folded before Flop (didn't bet)
Seat 6: CichiChanMarian (small blind) folded before Flop



PokerStars Hand #254474249386:  Hold'em No Limit ($0.50/$1.00 USD) - 2025/01/20 21:21:15 WET [2025/01/20 16:21:15 ET]
Table 'Mundleria II' 6-max Seat #6 is the button
Seat 1: Poker9803 ($102.50 in chips) 
Seat 2: ptolejmus ($11.78 in chips) 
Seat 3: vadjkeee ($121.44 in chips) 
Seat 4: yassine2525 ($16.09 in chips) 
Seat 5: Espada Fish ($100 in chips) 
Seat 6: CichiChanMarian ($122.45 in chips) 
Poker9803: posts small blind $0.50
ptolejmus: posts big blind $1
*** HOLE CARDS ***
vadjkeee: folds 
yassine2525: folds 
Espada Fish: folds 
CichiChanMarian: raises $1.50 to $2.50
Poker9803: folds 
ptolejmus: folds 
Uncalled bet ($1.50) returned to CichiChanMarian
CichiChanMarian collected $2.50 from pot
CichiChanMarian: doesn't show hand 
*** SUMMARY ***
Total pot $2.50 | Rake $0 
Seat 1: Poker9803 (small blind) folded before Flop
Seat 2: ptolejmus (big blind) folded before Flop
Seat 3: vadjkeee folded before Flop (didn't bet)
Seat 4: yassine2525 folded before Flop (didn't bet)
Seat 5: Espada Fish folded before Flop (didn't bet)
Seat 6: CichiChanMarian (button) collected ($2.50)



PokerStars Hand #254474258627:  Hold'em No Limit ($0.50/$1.00 USD) - 2025/01/20 21:21:42 WET [2025/01/20 16:21:42 ET]
Table 'Mundleria II' 6-max Seat #1 is the button
Seat 1: Poker9803 ($102 in chips) 
Seat 2: ptolejmus ($10.78 in chips) 
Seat 3: vadjkeee ($121.44 in chips) 
Seat 4: yassine2525 ($16.09 in chips) 
Seat 5: Espada Fish ($100 in chips) 
Seat 6: CichiChanMarian ($123.95 in chips) 
ptolejmus: posts small blind $0.50
vadjkeee: posts big blind $1
*** HOLE CARDS ***
yassine2525: folds 
Espada Fish: folds 
CichiChanMarian: folds 
Poker9803: raises $1 to $2
ptolejmus: folds 
vadjkeee: folds 
Uncalled bet ($1) returned to Poker9803
Poker9803 collected $2.50 from pot
Poker9803: doesn't show hand 
*** SUMMARY ***
Total pot $2.50 | Rake $0 
Seat 1: Poker9803 (button) collected ($2.50)
Seat 2: ptolejmus (small blind) folded before Flop
Seat 3: vadjkeee (big blind) folded before Flop
Seat 4: yassine2525 folded before Flop (didn't bet)
Seat 5: Espada Fish folded before Flop (didn't bet)
Seat 6: CichiChanMarian folded before Flop (didn't bet)



PokerStars Hand #254474265871:  Hold'em No Limit ($0.50/$1.00 USD) - 2025/01/20 21:22:04 WET [2025/01/20 16:22:04 ET]
Table 'Mundleria II' 6-max Seat #2 is the button
Seat 1: Poker9803 ($103.50 in chips) 
Seat 2: ptolejmus ($10.28 in chips) 
Seat 3: vadjkeee ($120.44 in chips) 
Seat 4: yassine2525 ($16.09 in chips) 
Seat 5: Espada Fish ($100 in chips) 
Seat 6: CichiChanMarian ($123.95 in chips) 
vadjkeee: posts small blind $0.50
yassine2525: posts big blind $1
*** HOLE CARDS ***
Espada Fish: folds 
Espada Fish leaves the table
CichiChanMarian: folds 
Poker9803: folds 
ptolejmus: folds 
vadjkeee: raises $24 to $25
yassine2525: calls $15.09 and is all-in
Uncalled bet ($8.91) returned to vadjkeee
*** FLOP *** [6s 4s Ad]
*** TURN *** [6s 4s Ad] [9h]
*** RIVER *** [6s 4s Ad 9h] [Ks]
*** SHOW DOWN ***
vadjkeee: shows [Ah 4h] (two pair, Aces and Fours)
yassine2525: shows [Kc Kh] (three of a kind, Kings)
yassine2525 collected $30.57 from pot
XneferX joins the table at seat #5 
*** SUMMARY ***
Total pot $32.18 | Rake $1.61 
Board [6s 4s Ad 9h Ks]
Seat 1: Poker9803 folded before Flop (didn't bet)
Seat 2: ptolejmus (button) folded before Flop (didn't bet)
Seat 3: vadjkeee (small blind) showed [Ah 4h] and lost with two pair, Aces and Fours
Seat 4: yassine2525 (big blind) showed [Kc Kh] and won ($30.57) with three of a kind, Kings
Seat 5: Espada Fish folded before Flop (didn't bet)
Seat 6: CichiChanMarian folded before Flop (didn't bet)



PokerStars Hand #254474284207:  Hold'em No Limit ($0.50/$1.00 USD) - 2025/01/20 21:22:59 WET [2025/01/20 16:22:59 ET]
Table 'Mundleria II' 6-max Seat #3 is the button
Seat 1: Poker9803 ($103.50 in chips) 
Seat 2: ptolejmus ($10.28 in chips) 
Seat 3: vadjkeee ($104.35 in chips) 
Seat 4: yassine2525 ($30.57 in chips) 
Seat 5: XneferX ($100 in chips) 
Seat 6: CichiChanMarian ($123.95 in chips) 
yassine2525: posts small blind $0.50
XneferX is connected 
XneferX: posts big blind $1
*** HOLE CARDS ***
CichiChanMarian: folds 
Poker9803: folds 
ptolejmus: raises $9.28 to $10.28 and is all-in
vadjkeee: folds 
yassine2525: folds 
XneferX: folds 
Uncalled bet ($9.28) returned to ptolejmus
ptolejmus collected $2.50 from pot
*** SUMMARY ***
Total pot $2.50 | Rake $0 
Seat 1: Poker9803 folded before Flop (didn't bet)
Seat 2: ptolejmus collected ($2.50)
Seat 3: vadjkeee (button) folded before Flop (didn't bet)
Seat 4: yassine2525 (small blind) folded before Flop
Seat 5: XneferX (big blind) folded before Flop
Seat 6: CichiChanMarian folded before Flop (didn't bet)



PokerStars Hand #254474292201:  Hold'em No Limit ($0.50/$1.00 USD) - 2025/01/20 21:23:22 WET [2025/01/20 16:23:22 ET]
Table 'Mundleria II' 6-max Seat #4 is the button
Seat 1: Poker9803 ($103.50 in chips) 
Seat 2: ptolejmus ($11.78 in chips) 
Seat 3: vadjkeee ($104.35 in chips) 
Seat 4: yassine2525 ($30.07 in chips) 
Seat 5: XneferX ($100 in chips) 
Seat 6: CichiChanMarian ($123.95 in chips) 
XneferX: posts small blind $0.50
CichiChanMarian: posts big blind $1
*** HOLE CARDS ***
Poker9803: folds 
ptolejmus: raises $1 to $2
vadjkeee: folds 
yassine2525: calls $2
XneferX: folds 
CichiChanMarian: calls $1
*** FLOP *** [4s Ac Js]
CichiChanMarian: checks 
ptolejmus: checks 
yassine2525: bets $3
CichiChanMarian: folds 
ptolejmus: calls $3
*** TURN *** [4s Ac Js] [Jc]
ptolejmus: bets $6.78 and is all-in
yassine2525: calls $6.78
*** RIVER *** [4s Ac Js Jc] [3c]
*** SHOW DOWN ***
ptolejmus: shows [Qs As] (two pair, Aces and Jacks)
yassine2525: shows [7c Ad] (two pair, Aces and Jacks - lower kicker)
ptolejmus collected $24.76 from pot
*** SUMMARY ***
Total pot $26.06 | Rake $1.30 
Board [4s Ac Js Jc 3c]
Seat 1: Poker9803 folded before Flop (didn't bet)
Seat 2: ptolejmus showed [Qs As] and won ($24.76) with two pair, Aces and Jacks
Seat 3: vadjkeee folded before Flop (didn't bet)
Seat 4: yassine2525 (button) showed [7c Ad] and lost with two pair, Aces and Jacks
Seat 5: XneferX (small blind) folded before Flop
Seat 6: CichiChanMarian (big blind) folded on the Flop



PokerStars Hand #254474314985:  Hold'em No Limit ($0.50/$1.00 USD) - 2025/01/20 21:24:31 WET [2025/01/20 16:24:31 ET]
Table 'Mundleria II' 6-max Seat #5 is the button
Seat 1: Poker9803 ($103.50 in chips) 
Seat 2: ptolejmus ($24.76 in chips) 
Seat 3: vadjkeee ($104.35 in chips) 
Seat 4: yassine2525 ($18.29 in chips) 
Seat 5: XneferX ($100 in chips) 
Seat 6: CichiChanMarian ($121.95 in chips) 
CichiChanMarian: posts small blind $0.50
Poker9803: posts big blind $1
*** HOLE CARDS ***
ptolejmus: folds 
vadjkeee: raises $1.50 to $2.50
yassine2525: calls $2.50
XneferX: folds 
CichiChanMarian: folds 
Poker9803: folds 
*** FLOP *** [5d Jh Jc]
vadjkeee: checks 
yassine2525: checks 
*** TURN *** [5d Jh Jc] [3h]
vadjkeee: bets $2.04
yassine2525: calls $2.04
*** RIVER *** [5d Jh Jc 3h] [9c]
vadjkeee: bets $19.09
yassine2525: folds 
Uncalled bet ($19.09) returned to vadjkeee
vadjkeee collected $10.05 from pot
vadjkeee: doesn't show hand 
*** SUMMARY ***
Total pot $10.58 | Rake $0.53 
Board [5d Jh Jc 3h 9c]
Seat 1: Poker9803 (big blind) folded before Flop
Seat 2: ptolejmus folded before Flop (didn't bet)
Seat 3: vadjkeee collected ($10.05)
Seat 4: yassine2525 folded on the River
Seat 5: XneferX (button) folded before Flop (didn't bet)
Seat 6: CichiChanMarian (small blind) folded before Flop



PokerStars Hand #254474330595:  Hold'em No Limit ($0.50/$1.00 USD) - 2025/01/20 21:25:18 WET [2025/01/20 16:25:18 ET]
Table 'Mundleria II' 6-max Seat #6 is the button
Seat 2: ptolejmus ($24.76 in chips) is sitting out
Seat 1: Poker9803 ($102.50 in chips) 
Seat 3: vadjkeee ($109.86 in chips) 
Seat 4: yassine2525 ($13.75 in chips) 
Seat 5: XneferX ($100 in chips) 
Seat 6: CichiChanMarian ($121.45 in chips) 
Poker9803: posts small blind $0.50
ptolejmus: is sitting out 
vadjkeee: posts big blind $1
*** HOLE CARDS ***
yassine2525: folds 
ptolejmus leaves the table
XneferX: folds 
CichiChanMarian: raises $1.50 to $2.50
Poker9803: folds 
vadjkeee: folds 
Uncalled bet ($1.50) returned to CichiChanMarian
CichiChanMarian collected $2.50 from pot
CichiChanMarian: doesn't show hand 
YeeesMan joins the table at seat #2 
*** SUMMARY ***
Total pot $2.50 | Rake $0 
Seat 2: ptolejmus
Seat 1: Poker9803 (small blind) folded before Flop
Seat 3: vadjkeee (big blind) folded before Flop
Seat 4: yassine2525 folded before Flop (didn't bet)
Seat 5: XneferX folded before Flop (didn't bet)
Seat 6: CichiChanMarian (button) collected ($2.50)



PokerStars Hand #254474342184:  Hold'em No Limit ($0.50/$1.00 USD) - 2025/01/20 21:25:53 WET [2025/01/20 16:25:53 ET]
Table 'Mundleria II' 6-max Seat #1 is the button
Seat 2: YeeesMan ($100 in chips) is sitting out
Seat 1: Poker9803 ($102 in chips) 
Seat 3: vadjkeee ($108.86 in chips) 
Seat 4: yassine2525 ($13.75 in chips) 
Seat 5: XneferX ($100 in chips) 
Seat 6: CichiChanMarian ($122.95 in chips) 
vadjkeee: posts small blind $0.50
yassine2525: posts big blind $1
*** HOLE CARDS ***
XneferX: folds 
CichiChanMarian: folds 
Poker9803: folds 
vadjkeee: raises $24 to $25
yassine2525: calls $12.75 and is all-in
Uncalled bet ($11.25) returned to vadjkeee
*** FLOP *** [9c 3d Jd]
*** TURN *** [9c 3d Jd] [Qd]
*** RIVER *** [9c 3d Jd Qd] [9h]
*** SHOW DOWN ***
vadjkeee: shows [Ac 2s] (a pair of Nines)
yassine2525: shows [8d 7h] (a pair of Nines - lower kicker)
vadjkeee collected $26.12 from pot
*** SUMMARY ***
Total pot $27.50 | Rake $1.38 
Board [9c 3d Jd Qd 9h]
Seat 2: YeeesMan
Seat 1: Poker9803 (button) folded before Flop (didn't bet)
Seat 3: vadjkeee (small blind) showed [Ac 2s] and won ($26.12) with a pair of Nines
Seat 4: yassine2525 (big blind) showed [8d 7h] and lost with a pair of Nines
Seat 5: XneferX folded before Flop (didn't bet)
Seat 6: CichiChanMarian folded before Flop (didn't bet)



PokerStars Hand #254474352047:  Hold'em No Limit ($0.50/$1.00 USD) - 2025/01/20 21:26:23 WET [2025/01/20 16:26:23 ET]
Table 'Mundleria II' 6-max Seat #3 is the button
Seat 2: YeeesMan ($100 in chips) is sitting out
Seat 4: yassine2525 ($0 in chips) is sitting out
Seat 1: Poker9803 ($102 in chips) 
Seat 3: vadjkeee ($121.23 in chips) 
Seat 5: XneferX ($100 in chips) 
Seat 6: CichiChanMarian ($122.95 in chips) 
XneferX: posts small blind $0.50
CichiChanMarian: posts big blind $1
YeeesMan: sits out 
*** HOLE CARDS ***
yassine2525 leaves the table
Poker9803: folds 
Poker9803 leaves the table
vadjkeee: folds 
XneferX: folds 
Uncalled bet ($0.50) returned to CichiChanMarian
CichiChanMarian collected $1 from pot
CichiChanMarian: doesn't show hand 
*** SUMMARY ***
Total pot $1 | Rake $0 
Seat 2: YeeesMan
Seat 4: yassine2525
Seat 1: Poker9803 folded before Flop (didn't bet)
Seat 3: vadjkeee (button) folded before Flop (didn't bet)
Seat 5: XneferX (small blind) folded before Flop
Seat 6: CichiChanMarian (big blind) collected ($1)



PokerStars Hand #254474358364:  Hold'em No Limit ($0.50/$1.00 USD) - 2025/01/20 21:26:42 WET [2025/01/20 16:26:42 ET]
Table 'Mundleria II' 6-max Seat #5 is the button
Seat 2: YeeesMan ($100 in chips) 
Seat 3: vadjkeee ($121.23 in chips) 
Seat 5: XneferX ($100 in chips) 
Seat 6: CichiChanMarian ($123.45 in chips) 
CichiChanMarian: posts small blind $0.50
YeeesMan: posts big blind $1
*** HOLE CARDS ***
vadjkeee: folds 
XneferX: raises $1.77 to $2.77
CichiChanMarian: folds 
YeeesMan: calls $1.77
*** FLOP *** [Kd 4c 5h]
YeeesMan: checks 
XneferX: bets $1.95
YeeesMan: calls $1.95
*** TURN *** [Kd 4c 5h] [Th]
YeeesMan: checks 
XneferX: checks 
*** RIVER *** [Kd 4c 5h Th] [6h]
YeeesMan: checks 
XneferX: bets $4.81
YeeesMan: folds 
Uncalled bet ($4.81) returned to XneferX
XneferX collected $9.44 from pot
XneferX: doesn't show hand 
*** SUMMARY ***
Total pot $9.94 | Rake $0.50 
Board [Kd 4c 5h Th 6h]
Seat 2: YeeesMan (big blind) folded on the River
Seat 3: vadjkeee folded before Flop (didn't bet)
Seat 5: XneferX (button) collected ($9.44)
Seat 6: CichiChanMarian (small blind) folded before Flop



PokerStars Hand #254474396005:  Hold'em No Limit ($0.50/$1.00 USD) - 2025/01/20 21:28:38 WET [2025/01/20 16:28:38 ET]
Table 'Mundleria II' 6-max Seat #6 is the button
Seat 2: YeeesMan ($100 in chips) 
Seat 3: vadjkeee ($121.23 in chips) 
Seat 5: XneferX ($104.72 in chips) 
Seat 6: CichiChanMarian ($122.95 in chips) 
YeeesMan: posts small blind $0.50
vadjkeee: posts big blind $1
*** HOLE CARDS ***
XneferX: folds 
CichiChanMarian: raises $1.50 to $2.50
YeeesMan: folds 
vadjkeee: folds 
Uncalled bet ($1.50) returned to CichiChanMarian
CichiChanMarian collected $2.50 from pot
CichiChanMarian: doesn't show hand 
*** SUMMARY ***
Total pot $2.50 | Rake $0 
Seat 2: YeeesMan (small blind) folded before Flop
Seat 3: vadjkeee (big blind) folded before Flop
Seat 5: XneferX folded before Flop (didn't bet)
Seat 6: CichiChanMarian (button) collected ($2.50)



PokerStars Hand #254474666052:  Hold'em No Limit ($0.50/$1.00 USD) - 2025/01/20 21:42:29 WET [2025/01/20 16:42:29 ET]
Table 'Mundleria II' 6-max Seat #2 is the button
Seat 2: YeeesMan ($100 in chips) 
Seat 5: straight77777 ($10 in chips) 
YeeesMan: posts small blind $0.50
straight77777: posts big blind $1
*** HOLE CARDS ***
YeeesMan: raises $99 to $100 and is all-in
straight77777: calls $9 and is all-in
Uncalled bet ($90) returned to YeeesMan
*** FLOP *** [6d Qh 5d]
*** TURN *** [6d Qh 5d] [3c]
*** RIVER *** [6d Qh 5d 3c] [Kd]
*** SHOW DOWN ***
straight77777: shows [9h 9c] (a pair of Nines)
YeeesMan: shows [4d Kh] (a pair of Kings)
YeeesMan collected $19 from pot
*** SUMMARY ***
Total pot $20 | Rake $1 
Board [6d Qh 5d 3c Kd]
Seat 2: YeeesMan (button) (small blind) showed [4d Kh] and won ($19) with a pair of Kings
Seat 5: straight77777 (big blind) showed [9h 9c] and lost with a pair of Nines



PokerStars Hand #254474680405:  Hold'em No Limit ($0.50/$1.00 USD) - 2025/01/20 21:43:14 WET [2025/01/20 16:43:14 ET]
Table 'Mundleria II' 6-max Seat #5 is the button
Seat 2: YeeesMan ($109 in chips) 
Seat 5: straight77777 ($10 in chips) 
Seat 6: z00mba ($100 in chips) 
z00mba: posts small blind $0.50
YeeesMan: posts big blind $1
*** HOLE CARDS ***
straight77777: folds 
z00mba: raises $2 to $3
YeeesMan: calls $2
*** FLOP *** [4c 5h 5s]
z00mba: bets $2.79
papatango123 joins the table at seat #1 
YeeesMan: folds 
Uncalled bet ($2.79) returned to z00mba
z00mba collected $5.70 from pot
z00mba: doesn't show hand 
raketkasix joins the table at seat #3 
*** SUMMARY ***
Total pot $6 | Rake $0.30 
Board [4c 5h 5s]
Seat 2: YeeesMan (big blind) folded on the Flop
Seat 5: straight77777 (button) folded before Flop (didn't bet)
Seat 6: z00mba (small blind) collected ($5.70)



PokerStars Hand #254474690868:  Hold'em No Limit ($0.50/$1.00 USD) - 2025/01/20 21:43:46 WET [2025/01/20 16:43:46 ET]
Table 'Mundleria II' 6-max Seat #6 is the button
Seat 1: papatango123 ($100 in chips) is sitting out
Seat 2: YeeesMan ($106 in chips) 
Seat 3: raketkasix ($100 in chips) 
Seat 5: straight77777 ($10 in chips) 
Seat 6: z00mba ($102.70 in chips) 
YeeesMan: posts small blind $0.50
raketkasix: posts big blind $1
*** HOLE CARDS ***
straight77777: folds 
z00mba: folds 
YeeesMan: raises $2 to $3
raketkasix: folds 
Uncalled bet ($2) returned to YeeesMan
YeeesMan collected $2 from pot
YeeesMan: doesn't show hand 
*** SUMMARY ***
Total pot $2 | Rake $0 
Seat 1: papatango123
Seat 2: YeeesMan (small blind) collected ($2)
Seat 3: raketkasix (big blind) folded before Flop
Seat 5: straight77777 folded before Flop (didn't bet)
Seat 6: z00mba (button) folded before Flop (didn't bet)



PokerStars Hand #254474699467:  Hold'em No Limit ($0.50/$1.00 USD) - 2025/01/20 21:44:13 WET [2025/01/20 16:44:13 ET]
Table 'Mundleria II' 6-max Seat #2 is the button
Seat 1: papatango123 ($100 in chips) is sitting out
Seat 2: YeeesMan ($107 in chips) 
Seat 3: raketkasix ($100 in chips) 
Seat 5: straight77777 ($10 in chips) 
Seat 6: z00mba ($102.70 in chips) 
raketkasix: posts small blind $0.50
straight77777: posts big blind $1
papatango123: sits out 
*** HOLE CARDS ***
z00mba: folds 
YeeesMan: raises $1.50 to $2.50
raketkasix: folds 
straight77777: folds 
Uncalled bet ($1.50) returned to YeeesMan
YeeesMan collected $2.50 from pot
YeeesMan: doesn't show hand 
*** SUMMARY ***
Total pot $2.50 | Rake $0 
Seat 1: papatango123
Seat 2: YeeesMan (button) collected ($2.50)
Seat 3: raketkasix (small blind) folded before Flop
Seat 5: straight77777 (big blind) folded before Flop
Seat 6: z00mba folded before Flop (didn't bet)



PokerStars Hand #254474705403:  Hold'em No Limit ($0.50/$1.00 USD) - 2025/01/20 21:44:32 WET [2025/01/20 16:44:32 ET]
Table 'Mundleria II' 6-max Seat #3 is the button
Seat 1: papatango123 ($100 in chips) is sitting out
Seat 2: YeeesMan ($108.50 in chips) 
Seat 3: raketkasix ($100 in chips) 
Seat 5: straight77777 ($9 in chips) 
Seat 6: z00mba ($102.70 in chips) 
straight77777: posts small blind $0.50
z00mba: posts big blind $1
papatango123: sits out 
*** HOLE CARDS ***
YeeesMan: raises $1.50 to $2.50
raketkasix: folds 
straight77777: raises $3.50 to $6
z00mba: folds 
YeeesMan: folds 
Uncalled bet ($3.50) returned to straight77777
straight77777 collected $6 from pot
*** SUMMARY ***
Total pot $6 | Rake $0 
Seat 1: papatango123
Seat 2: YeeesMan folded before Flop
Seat 3: raketkasix (button) folded before Flop (didn't bet)
Seat 5: straight77777 (small blind) collected ($6)
Seat 6: z00mba (big blind) folded before Flop



PokerStars Hand #254474714826:  Hold'em No Limit ($0.50/$1.00 USD) - 2025/01/20 21:45:01 WET [2025/01/20 16:45:01 ET]
Table 'Mundleria II' 6-max Seat #5 is the button
Seat 1: papatango123 ($100 in chips) 
Seat 2: YeeesMan ($106 in chips) 
Seat 3: raketkasix ($100 in chips) 
Seat 5: straight77777 ($12.50 in chips) 
Seat 6: z00mba ($101.70 in chips) 
z00mba: posts small blind $0.50
papatango123: posts big blind $1
*** HOLE CARDS ***
YeeesMan: folds 
raketkasix: folds 
straight77777: folds 
z00mba: raises $2 to $3
papatango123: calls $2
*** FLOP *** [Ks 2c Ah]
z00mba: bets $1.82
papatango123: folds 
Uncalled bet ($1.82) returned to z00mba
z00mba collected $5.70 from pot
z00mba: doesn't show hand 
*** SUMMARY ***
Total pot $6 | Rake $0.30 
Board [Ks 2c Ah]
Seat 1: papatango123 (big blind) folded on the Flop
Seat 2: YeeesMan folded before Flop (didn't bet)
Seat 3: raketkasix folded before Flop (didn't bet)
Seat 5: straight77777 (button) folded before Flop (didn't bet)
Seat 6: z00mba (small blind) collected ($5.70)



PokerStars Hand #254474724798:  Hold'em No Limit ($0.50/$1.00 USD) - 2025/01/20 21:45:32 WET [2025/01/20 16:45:32 ET]
Table 'Mundleria II' 6-max Seat #6 is the button
Seat 2: YeeesMan ($106 in chips) is sitting out
Seat 3: raketkasix ($100 in chips) is sitting out
Seat 1: papatango123 ($100 in chips) 
Seat 5: straight77777 ($12.50 in chips) 
Seat 6: z00mba ($104.40 in chips) 
papatango123: posts small blind $0.50
YeeesMan: is sitting out 
raketkasix: is sitting out 
straight77777: posts big blind $1
*** HOLE CARDS ***
z00mba: raises $1.50 to $2.50
papatango123: folds 
YeeesMan leaves the table
straight77777: calls $1.50
*** FLOP *** [9d Th 4s]
raketkasix leaves the table
straight77777: checks 
z00mba: checks 
*** TURN *** [9d Th 4s] [8h]
straight77777: bets $2
z00mba: folds 
Uncalled bet ($2) returned to straight77777
straight77777 collected $5.22 from pot
*** SUMMARY ***
Total pot $5.50 | Rake $0.28 
Board [9d Th 4s 8h]
Seat 2: YeeesMan
Seat 3: raketkasix
Seat 1: papatango123 (small blind) folded before Flop
Seat 5: straight77777 (big blind) collected ($5.22)
Seat 6: z00mba (button) folded on the Turn



PokerStars Hand #254474733756:  Hold'em No Limit ($0.50/$1.00 USD) - 2025/01/20 21:46:00 WET [2025/01/20 16:46:00 ET]
Table 'Mundleria II' 6-max Seat #1 is the button
Seat 1: papatango123 ($100 in chips) 
Seat 5: straight77777 ($15.22 in chips) 
Seat 6: z00mba ($101.90 in chips) 
straight77777: posts small blind $0.50
z00mba: posts big blind $1
*** HOLE CARDS ***
papatango123: raises $1.50 to $2.50
straight77777: raises $6 to $8.50
z00mba: folds 
papatango123: folds 
Uncalled bet ($6) returned to straight77777
straight77777 collected $6 from pot
*** SUMMARY ***
Total pot $6 | Rake $0 
Seat 1: papatango123 (button) folded before Flop
Seat 5: straight77777 (small blind) collected ($6)
Seat 6: z00mba (big blind) folded before Flop



PokerStars Hand #254474739799:  Hold'em No Limit ($0.50/$1.00 USD) - 2025/01/20 21:46:19 WET [2025/01/20 16:46:19 ET]
Table 'Mundleria II' 6-max Seat #5 is the button
Seat 1: papatango123 ($100 in chips) 
Seat 5: straight77777 ($18.72 in chips) 
Seat 6: z00mba ($100.90 in chips) 
z00mba: posts small blind $0.50
papatango123: posts big blind $1
*** HOLE CARDS ***
straight77777: folds 
z00mba: raises $2 to $3
papatango123: folds 
Uncalled bet ($2) returned to z00mba
z00mba collected $2 from pot
z00mba: doesn't show hand 
*** SUMMARY ***
Total pot $2 | Rake $0 
Seat 1: papatango123 (big blind) folded before Flop
Seat 5: straight77777 (button) folded before Flop (didn't bet)
Seat 6: z00mba (small blind) collected ($2)



PokerStars Hand #254474744218:  Hold'em No Limit ($0.50/$1.00 USD) - 2025/01/20 21:46:33 WET [2025/01/20 16:46:33 ET]
Table 'Mundleria II' 6-max Seat #6 is the button
Seat 1: papatango123 ($100 in chips) 
Seat 5: straight77777 ($18.72 in chips) 
Seat 6: z00mba ($101.90 in chips) 
papatango123: posts small blind $0.50
straight77777: posts big blind $1
*** HOLE CARDS ***
z00mba: folds 
papatango123: folds 
Uncalled bet ($0.50) returned to straight77777
straight77777 collected $1 from pot
*** SUMMARY ***
Total pot $1 | Rake $0 
Seat 1: papatango123 (small blind) folded before Flop
Seat 5: straight77777 (big blind) collected ($1)
Seat 6: z00mba (button) folded before Flop (didn't bet)



PokerStars Hand #254474746688:  Hold'em No Limit ($0.50/$1.00 USD) - 2025/01/20 21:46:41 WET [2025/01/20 16:46:41 ET]
Table 'Mundleria II' 6-max Seat #1 is the button
Seat 1: papatango123 ($100 in chips) 
Seat 5: straight77777 ($19.22 in chips) 
Seat 6: z00mba ($101.90 in chips) 
straight77777: posts small blind $0.50
z00mba: posts big blind $1
*** HOLE CARDS ***
JUANS2 joins the table at seat #4 
papatango123: raises $1.50 to $2.50
straight77777: folds 
z00mba: folds 
Uncalled bet ($1.50) returned to papatango123
papatango123 collected $2.50 from pot
papatango123: doesn't show hand 
*** SUMMARY ***
Total pot $2.50 | Rake $0 
Seat 1: papatango123 (button) collected ($2.50)
Seat 5: straight77777 (small blind) folded before Flop
Seat 6: z00mba (big blind) folded before Flop



PokerStars Hand #254474751366:  Hold'em No Limit ($0.50/$1.00 USD) - 2025/01/20 21:46:55 WET [2025/01/20 16:46:55 ET]
Table 'Mundleria II' 6-max Seat #5 is the button
Seat 4: JUANS2 ($100 in chips) is sitting out
Seat 1: papatango123 ($101.50 in chips) 
Seat 5: straight77777 ($18.72 in chips) 
Seat 6: z00mba ($100.90 in chips) 
z00mba: posts small blind $0.50
papatango123: posts big blind $1
JUANS2: sits out 
*** HOLE CARDS ***
straight77777: folds 
z00mba: folds 
Uncalled bet ($0.50) returned to papatango123
papatango123 collected $1 from pot
papatango123: doesn't show hand 
*** SUMMARY ***
Total pot $1 | Rake $0 
Seat 4: JUANS2
Seat 1: papatango123 (big blind) collected ($1)
Seat 5: straight77777 (button) folded before Flop (didn't bet)
Seat 6: z00mba (small blind) folded before Flop



PokerStars Hand #254474754411:  Hold'em No Limit ($0.50/$1.00 USD) - 2025/01/20 21:47:05 WET [2025/01/20 16:47:05 ET]
Table 'Mundleria II' 6-max Seat #6 is the button
Seat 1: papatango123 ($102 in chips) 
Seat 4: JUANS2 ($100 in chips) 
Seat 5: straight77777 ($18.72 in chips) 
Seat 6: z00mba ($100.40 in chips) 
papatango123: posts small blind $0.50
JUANS2: posts big blind $1
*** HOLE CARDS ***
Dantepoke226 joins the table at seat #2 
straight77777: raises $2.50 to $3.50
z00mba: folds 
papatango123: folds 
JUANS2: folds 
Uncalled bet ($2.50) returned to straight77777
XattexStomil joins the table at seat #3 
straight77777 collected $2.50 from pot
*** SUMMARY ***
Total pot $2.50 | Rake $0 
Seat 1: papatango123 (small blind) folded before Flop
Seat 4: JUANS2 (big blind) folded before Flop
Seat 5: straight77777 collected ($2.50)
Seat 6: z00mba (button) folded before Flop (didn't bet)



PokerStars Hand #254474760712:  Hold'em No Limit ($0.50/$1.00 USD) - 2025/01/20 21:47:24 WET [2025/01/20 16:47:24 ET]
Table 'Mundleria II' 6-max Seat #1 is the button
Seat 2: Dantepoke226 ($100 in chips) is sitting out
Seat 3: XattexStomil ($100 in chips) is sitting out
Seat 1: papatango123 ($101.50 in chips) 
Seat 4: JUANS2 ($100 in chips) 
Seat 5: straight77777 ($20.22 in chips) 
Seat 6: z00mba ($100.40 in chips) 
JUANS2: posts small blind $0.50
straight77777: posts big blind $1
*** HOLE CARDS ***
z00mba: folds 
papatango123: folds 
JUANS2: raises $1 to $2
straight77777: calls $1
*** FLOP *** [6c 4s Qh]
JUANS2: bets $1.90
straight77777: folds 
Uncalled bet ($1.90) returned to JUANS2
JUANS2 collected $3.80 from pot
JUANS2: doesn't show hand 
*** SUMMARY ***
Total pot $4 | Rake $0.20 
Board [6c 4s Qh]
Seat 2: Dantepoke226
Seat 3: XattexStomil
Seat 1: papatango123 (button) folded before Flop (didn't bet)
Seat 4: JUANS2 (small blind) collected ($3.80)
Seat 5: straight77777 (big blind) folded on the Flop
Seat 6: z00mba folded before Flop (didn't bet)



PokerStars Hand #254474770330:  Hold'em No Limit ($0.50/$1.00 USD) - 2025/01/20 21:47:55 WET [2025/01/20 16:47:55 ET]
Table 'Mundleria II' 6-max Seat #4 is the button
Seat 2: Dantepoke226 ($100 in chips) is sitting out
Seat 3: XattexStomil ($100 in chips) is sitting out
Seat 1: papatango123 ($101.50 in chips) 
Seat 4: JUANS2 ($101.80 in chips) 
Seat 5: straight77777 ($18.22 in chips) 
Seat 6: z00mba ($100.40 in chips) 
straight77777: posts small blind $0.50
z00mba: posts big blind $1
Dantepoke226: sits out 
XattexStomil: sits out 
*** HOLE CARDS ***
papatango123: folds 
JUANS2: folds 
straight77777: calls $0.50
z00mba: raises $4 to $5
straight77777: folds 
Uncalled bet ($4) returned to z00mba
z00mba collected $2 from pot
z00mba: doesn't show hand 
*** SUMMARY ***
Total pot $2 | Rake $0 
Seat 2: Dantepoke226
Seat 3: XattexStomil
Seat 1: papatango123 folded before Flop (didn't bet)
Seat 4: JUANS2 (button) folded before Flop (didn't bet)
Seat 5: straight77777 (small blind) folded before Flop
Seat 6: z00mba (big blind) collected ($2)



PokerStars Hand #254474776923:  Hold'em No Limit ($0.50/$1.00 USD) - 2025/01/20 21:48:15 WET [2025/01/20 16:48:15 ET]
Table 'Mundleria II' 6-max Seat #5 is the button
Seat 2: Dantepoke226 ($100 in chips) is sitting out
Seat 3: XattexStomil ($100 in chips) is sitting out
Seat 1: papatango123 ($101.50 in chips) 
Seat 4: JUANS2 ($101.80 in chips) 
Seat 5: straight77777 ($17.22 in chips) 
Seat 6: z00mba ($101.40 in chips) 
z00mba: posts small blind $0.50
papatango123: posts big blind $1
Dantepoke226: sits out 
XattexStomil: sits out 
*** HOLE CARDS ***
JUANS2: folds 
straight77777: folds 
z00mba: folds 
Uncalled bet ($0.50) returned to papatango123
papatango123 collected $1 from pot
papatango123: doesn't show hand 
*** SUMMARY ***
Total pot $1 | Rake $0 
Seat 2: Dantepoke226
Seat 3: XattexStomil
Seat 1: papatango123 (big blind) collected ($1)
Seat 4: JUANS2 folded before Flop (didn't bet)
Seat 5: straight77777 (button) folded before Flop (didn't bet)
Seat 6: z00mba (small blind) folded before Flop



PokerStars Hand #254474782797:  Hold'em No Limit ($0.50/$1.00 USD) - 2025/01/20 21:48:34 WET [2025/01/20 16:48:34 ET]
Table 'Mundleria II' 6-max Seat #6 is the button
Seat 3: XattexStomil ($100 in chips) is sitting out
Seat 1: papatango123 ($102 in chips) 
Seat 2: Dantepoke226 ($100 in chips) 
Seat 4: JUANS2 ($101.80 in chips) 
Seat 5: straight77777 ($17.22 in chips) 
Seat 6: z00mba ($100.90 in chips) 
papatango123: posts small blind $0.50
Dantepoke226: posts big blind $1
XattexStomil: sits out 
*** HOLE CARDS ***
JUANS2: folds 
straight77777: folds 
z00mba: folds 
papatango123: folds 
Uncalled bet ($0.50) returned to Dantepoke226
Dantepoke226 collected $1 from pot
Dantepoke226: doesn't show hand 
*** SUMMARY ***
Total pot $1 | Rake $0 
Seat 3: XattexStomil
Seat 1: papatango123 (small blind) folded before Flop
Seat 2: Dantepoke226 (big blind) collected ($1)
Seat 4: JUANS2 folded before Flop (didn't bet)
Seat 5: straight77777 folded before Flop (didn't bet)
Seat 6: z00mba (button) folded before Flop (didn't bet)



PokerStars Hand #254474788344:  Hold'em No Limit ($0.50/$1.00 USD) - 2025/01/20 21:48:52 WET [2025/01/20 16:48:52 ET]
Table 'Mundleria II' 6-max Seat #1 is the button
Seat 1: papatango123 ($101.50 in chips) 
Seat 2: Dantepoke226 ($100.50 in chips) 
Seat 3: XattexStomil ($100 in chips) 
Seat 4: JUANS2 ($101.80 in chips) 
Seat 5: straight77777 ($17.22 in chips) 
Seat 6: z00mba ($100.90 in chips) 
Dantepoke226: posts small blind $0.50
XattexStomil: posts big blind $1
*** HOLE CARDS ***
JUANS2: folds 
straight77777 is connected 
straight77777: calls $1
z00mba: folds 
papatango123: folds 
Dantepoke226: folds 
XattexStomil: checks 
*** FLOP *** [Qh 5c Jh]
XattexStomil: checks 
straight77777: bets $2
XattexStomil: folds 
Uncalled bet ($2) returned to straight77777
straight77777 collected $2.38 from pot
*** SUMMARY ***
Total pot $2.50 | Rake $0.12 
Board [Qh 5c Jh]
Seat 1: papatango123 (button) folded before Flop (didn't bet)
Seat 2: Dantepoke226 (small blind) folded before Flop
Seat 3: XattexStomil (big blind) folded on the Flop
Seat 4: JUANS2 folded before Flop (didn't bet)
Seat 5: straight77777 collected ($2.38)
Seat 6: z00mba folded before Flop (didn't bet)



PokerStars Hand #254474802455:  Hold'em No Limit ($0.50/$1.00 USD) - 2025/01/20 21:49:37 WET [2025/01/20 16:49:37 ET]
Table 'Mundleria II' 6-max Seat #2 is the button
Seat 1: papatango123 ($101.50 in chips) 
Seat 2: Dantepoke226 ($100 in chips) 
Seat 3: XattexStomil ($100 in chips) 
Seat 4: JUANS2 ($101.80 in chips) 
Seat 5: straight77777 ($18.60 in chips) 
Seat 6: z00mba ($100.90 in chips) 
XattexStomil: posts small blind $0.50
JUANS2: posts big blind $1
*** HOLE CARDS ***
straight77777: calls $1
z00mba: folds 
papatango123: folds 
Dantepoke226: folds 
XattexStomil: folds 
JUANS2: raises $5.50 to $6.50
straight77777: folds 
Uncalled bet ($5.50) returned to JUANS2
JUANS2 collected $2.50 from pot
JUANS2: doesn't show hand 
*** SUMMARY ***
Total pot $2.50 | Rake $0 
Seat 1: papatango123 folded before Flop (didn't bet)
Seat 2: Dantepoke226 (button) folded before Flop (didn't bet)
Seat 3: XattexStomil (small blind) folded before Flop
Seat 4: JUANS2 (big blind) collected ($2.50)
Seat 5: straight77777 folded before Flop
Seat 6: z00mba folded before Flop (didn't bet)



PokerStars Hand #254474810364:  Hold'em No Limit ($0.50/$1.00 USD) - 2025/01/20 21:50:02 WET [2025/01/20 16:50:02 ET]
Table 'Mundleria II' 6-max Seat #3 is the button
Seat 1: papatango123 ($101.50 in chips) 
Seat 2: Dantepoke226 ($100 in chips) 
Seat 3: XattexStomil ($100 in chips) 
Seat 4: JUANS2 ($103.30 in chips) 
Seat 5: straight77777 ($17.60 in chips) 
Seat 6: z00mba ($100.90 in chips) 
JUANS2: posts small blind $0.50
straight77777: posts big blind $1
*** HOLE CARDS ***
z00mba: folds 
papatango123: folds 
Dantepoke226: raises $1.50 to $2.50
XattexStomil: folds 
JUANS2: folds 
straight77777: folds 
Uncalled bet ($1.50) returned to Dantepoke226
Dantepoke226 collected $2.50 from pot
Dantepoke226: doesn't show hand 
*** SUMMARY ***
Total pot $2.50 | Rake $0 
Seat 1: papatango123 folded before Flop (didn't bet)
Seat 2: Dantepoke226 collected ($2.50)
Seat 3: XattexStomil (button) folded before Flop (didn't bet)
Seat 4: JUANS2 (small blind) folded before Flop
Seat 5: straight77777 (big blind) folded before Flop
Seat 6: z00mba folded before Flop (didn't bet)



PokerStars Hand #254474816677:  Hold'em No Limit ($0.50/$1.00 USD) - 2025/01/20 21:50:22 WET [2025/01/20 16:50:22 ET]
Table 'Mundleria II' 6-max Seat #4 is the button
Seat 1: papatango123 ($101.50 in chips) 
Seat 2: Dantepoke226 ($101.50 in chips) 
Seat 3: XattexStomil ($100 in chips) 
Seat 4: JUANS2 ($102.80 in chips) 
Seat 5: straight77777 ($16.60 in chips) 
Seat 6: z00mba ($100.90 in chips) 
straight77777: posts small blind $0.50
z00mba: posts big blind $1
*** HOLE CARDS ***
papatango123: folds 
Dantepoke226: folds 
XattexStomil: raises $1 to $2
JUANS2: folds 
straight77777: raises $3 to $5
z00mba: folds 
XattexStomil: calls $3
*** FLOP *** [Th 8h 2s]
straight77777: bets $5.23
XattexStomil: raises $16.73 to $21.96
straight77777: calls $6.37 and is all-in
Uncalled bet ($10.36) returned to XattexStomil
*** TURN *** [Th 8h 2s] [2h]
*** RIVER *** [Th 8h 2s 2h] [8c]
*** SHOW DOWN ***
straight77777: shows [Ks Kc] (two pair, Kings and Eights)
XattexStomil: shows [8d Ad] (a full house, Eights full of Deuces)
XattexStomil collected $32.49 from pot
*** SUMMARY ***
Total pot $34.20 | Rake $1.71 
Board [Th 8h 2s 2h 8c]
Seat 1: papatango123 folded before Flop (didn't bet)
Seat 2: Dantepoke226 folded before Flop (didn't bet)
Seat 3: XattexStomil showed [8d Ad] and won ($32.49) with a full house, Eights full of Deuces
Seat 4: JUANS2 (button) folded before Flop (didn't bet)
Seat 5: straight77777 (small blind) showed [Ks Kc] and lost with two pair, Kings and Eights
Seat 6: z00mba (big blind) folded before Flop



PokerStars Hand #254474831108:  Hold'em No Limit ($0.50/$1.00 USD) - 2025/01/20 21:51:08 WET [2025/01/20 16:51:08 ET]
Table 'Mundleria II' 6-max Seat #6 is the button
Seat 5: straight77777 ($0 in chips) is sitting out
Seat 1: papatango123 ($101.50 in chips) 
Seat 2: Dantepoke226 ($101.50 in chips) 
Seat 3: XattexStomil ($115.89 in chips) 
Seat 4: JUANS2 ($102.80 in chips) 
Seat 6: z00mba ($100 in chips) 
papatango123: posts small blind $0.50
Dantepoke226: posts big blind $1
*** HOLE CARDS ***
XattexStomil: raises $1.50 to $2.50
JUANS2: raises $5 to $7.50
z00mba: folds 
papatango123: folds 
Dantepoke226: folds 
XattexStomil: calls $5
*** FLOP *** [Qh Kh Td]
XattexStomil: checks 
JUANS2: checks 
*** TURN *** [Qh Kh Td] [7c]
XattexStomil: checks 
JUANS2: checks 
*** RIVER *** [Qh Kh Td 7c] [7h]
XattexStomil: bets $6.27
JUANS2: folds 
Uncalled bet ($6.27) returned to XattexStomil
XattexStomil collected $15.68 from pot
XattexStomil: doesn't show hand 
*** SUMMARY ***
Total pot $16.50 | Rake $0.82 
Board [Qh Kh Td 7c 7h]
Seat 5: straight77777
Seat 1: papatango123 (small blind) folded before Flop
Seat 2: Dantepoke226 (big blind) folded before Flop
Seat 3: XattexStomil collected ($15.68)
Seat 4: JUANS2 folded on the River
Seat 6: z00mba (button) folded before Flop (didn't bet)



PokerStars Hand #254474860102:  Hold'em No Limit ($0.50/$1.00 USD) - 2025/01/20 21:52:41 WET [2025/01/20 16:52:41 ET]
Table 'Mundleria II' 6-max Seat #1 is the button
Seat 1: papatango123 ($101 in chips) 
Seat 2: Dantepoke226 ($100.50 in chips) 
Seat 3: XattexStomil ($124.07 in chips) 
Seat 4: JUANS2 ($100 in chips) 
Seat 5: straight77777 ($10 in chips) 
Seat 6: z00mba ($100 in chips) 
Dantepoke226: posts small blind $0.50
XattexStomil: posts big blind $1
*** HOLE CARDS ***
JUANS2: raises $1.20 to $2.20
straight77777: folds 
z00mba: raises $5.30 to $7.50
papatango123: folds 
Dantepoke226: folds 
XattexStomil: folds 
JUANS2: calls $5.30
*** FLOP *** [Ts Kh 7c]
JUANS2: checks 
z00mba: bets $5.02
JUANS2: folds 
Uncalled bet ($5.02) returned to z00mba
z00mba collected $15.68 from pot
z00mba: doesn't show hand 
*** SUMMARY ***
Total pot $16.50 | Rake $0.82 
Board [Ts Kh 7c]
Seat 1: papatango123 (button) folded before Flop (didn't bet)
Seat 2: Dantepoke226 (small blind) folded before Flop
Seat 3: XattexStomil (big blind) folded before Flop
Seat 4: JUANS2 folded on the Flop
Seat 5: straight77777 folded before Flop (didn't bet)
Seat 6: z00mba collected ($15.68)



PokerStars Hand #254474875870:  Hold'em No Limit ($0.50/$1.00 USD) - 2025/01/20 21:53:31 WET [2025/01/20 16:53:31 ET]
Table 'Mundleria II' 6-max Seat #2 is the button
Seat 1: papatango123 ($101 in chips) 
Seat 2: Dantepoke226 ($100 in chips) 
Seat 3: XattexStomil ($123.07 in chips) 
Seat 4: JUANS2 ($100 in chips) 
Seat 5: straight77777 ($10 in chips) 
Seat 6: z00mba ($108.18 in chips) 
XattexStomil: posts small blind $0.50
JUANS2: posts big blind $1
*** HOLE CARDS ***
straight77777: folds 
z00mba: folds 
papatango123: folds 
Dantepoke226: raises $1.50 to $2.50
XattexStomil: folds 
JUANS2: folds 
Uncalled bet ($1.50) returned to Dantepoke226
Dantepoke226 collected $2.50 from pot
Dantepoke226: doesn't show hand 
*** SUMMARY ***
Total pot $2.50 | Rake $0 
Seat 1: papatango123 folded before Flop (didn't bet)
Seat 2: Dantepoke226 (button) collected ($2.50)
Seat 3: XattexStomil (small blind) folded before Flop
Seat 4: JUANS2 (big blind) folded before Flop
Seat 5: straight77777 folded before Flop (didn't bet)
Seat 6: z00mba folded before Flop (didn't bet)



PokerStars Hand #254474882036:  Hold'em No Limit ($0.50/$1.00 USD) - 2025/01/20 21:53:51 WET [2025/01/20 16:53:51 ET]
Table 'Mundleria II' 6-max Seat #3 is the button
Seat 1: papatango123 ($101 in chips) 
Seat 2: Dantepoke226 ($101.50 in chips) 
Seat 3: XattexStomil ($122.57 in chips) 
Seat 4: JUANS2 ($100 in chips) 
Seat 5: straight77777 ($10 in chips) 
Seat 6: z00mba ($108.18 in chips) 
JUANS2: posts small blind $0.50
straight77777: posts big blind $1
*** HOLE CARDS ***
z00mba: folds 
papatango123: folds 
Dantepoke226: raises $1.50 to $2.50
XattexStomil: folds 
JUANS2: folds 
straight77777: raises $7.50 to $10 and is all-in
Dantepoke226: calls $7.50
*** FLOP *** [7c 6d 6h]
*** TURN *** [7c 6d 6h] [4s]
*** RIVER *** [7c 6d 6h 4s] [2h]
*** SHOW DOWN ***
straight77777: shows [Tc Ah] (a pair of Sixes)
Dantepoke226: shows [Ad Jc] (a pair of Sixes - Ace+Jack kicker)
Dantepoke226 collected $19.48 from pot
*** SUMMARY ***
Total pot $20.50 | Rake $1.02 
Board [7c 6d 6h 4s 2h]
Seat 1: papatango123 folded before Flop (didn't bet)
Seat 2: Dantepoke226 showed [Ad Jc] and won ($19.48) with a pair of Sixes
Seat 3: XattexStomil (button) folded before Flop (didn't bet)
Seat 4: JUANS2 (small blind) folded before Flop
Seat 5: straight77777 (big blind) showed [Tc Ah] and lost with a pair of Sixes
Seat 6: z00mba folded before Flop (didn't bet)



PokerStars Hand #254474891609:  Hold'em No Limit ($0.50/$1.00 USD) - 2025/01/20 21:54:22 WET [2025/01/20 16:54:22 ET]
Table 'Mundleria II' 6-max Seat #4 is the button
Seat 5: straight77777 ($0 in chips) is sitting out
Seat 1: papatango123 ($101 in chips) 
Seat 2: Dantepoke226 ($110.98 in chips) 
Seat 3: XattexStomil ($122.57 in chips) 
Seat 4: JUANS2 ($100 in chips) 
Seat 6: z00mba ($108.18 in chips) 
z00mba: posts small blind $0.50
papatango123: posts big blind $1
*** HOLE CARDS ***
straight77777 leaves the table
Dantepoke226: raises $1.50 to $2.50
XattexStomil: folds 
JUANS2: folds 
z00mba: folds 
papatango123: folds 
Uncalled bet ($1.50) returned to Dantepoke226
Dantepoke226 collected $2.50 from pot
Dantepoke226: doesn't show hand 
*** SUMMARY ***
Total pot $2.50 | Rake $0 
Seat 5: straight77777
Seat 1: papatango123 (big blind) folded before Flop
Seat 2: Dantepoke226 collected ($2.50)
Seat 3: XattexStomil folded before Flop (didn't bet)
Seat 4: JUANS2 (button) folded before Flop (didn't bet)
Seat 6: z00mba (small blind) folded before Flop



PokerStars Hand #254474900815:  Hold'em No Limit ($0.50/$1.00 USD) - 2025/01/20 21:54:52 WET [2025/01/20 16:54:52 ET]
Table 'Mundleria II' 6-max Seat #6 is the button
Seat 1: papatango123 ($100 in chips) 
Seat 2: Dantepoke226 ($112.48 in chips) 
Seat 3: XattexStomil ($122.57 in chips) 
Seat 4: JUANS2 ($100 in chips) 
Seat 6: z00mba ($107.68 in chips) 
papatango123: posts small blind $0.50
Dantepoke226: posts big blind $1
*** HOLE CARDS ***
XattexStomil: folds 
JUANS2: folds 
z00mba: folds 
papatango123: folds 
Uncalled bet ($0.50) returned to Dantepoke226
Dantepoke226 collected $1 from pot
Dantepoke226: doesn't show hand 
*** SUMMARY ***
Total pot $1 | Rake $0 
Seat 1: papatango123 (small blind) folded before Flop
Seat 2: Dantepoke226 (big blind) collected ($1)
Seat 3: XattexStomil folded before Flop (didn't bet)
Seat 4: JUANS2 folded before Flop (didn't bet)
Seat 6: z00mba (button) folded before Flop (didn't bet)



PokerStars Hand #254474904470:  Hold'em No Limit ($0.50/$1.00 USD) - 2025/01/20 21:55:04 WET [2025/01/20 16:55:04 ET]
Table 'Mundleria II' 6-max Seat #1 is the button
Seat 3: XattexStomil ($122.57 in chips) is sitting out
Seat 4: JUANS2 ($100 in chips) is sitting out
Seat 1: papatango123 ($100 in chips) 
Seat 2: Dantepoke226 ($112.98 in chips) 
Seat 6: z00mba ($107.68 in chips) 
Dantepoke226: posts small blind $0.50
XattexStomil: is sitting out 
JUANS2: is sitting out 
z00mba: posts big blind $1
*** HOLE CARDS ***
papatango123: folds 
JUANS2 leaves the table
XattexStomil leaves the table
Dantepoke226: folds 
Uncalled bet ($0.50) returned to z00mba
z00mba collected $1 from pot
z00mba: doesn't show hand 
*** SUMMARY ***
Total pot $1 | Rake $0 
Seat 3: XattexStomil
Seat 4: JUANS2
Seat 1: papatango123 (button) folded before Flop (didn't bet)
Seat 2: Dantepoke226 (small blind) folded before Flop
Seat 6: z00mba (big blind) collected ($1)



PokerStars Hand #254474907660:  Hold'em No Limit ($0.50/$1.00 USD) - 2025/01/20 21:55:18 WET [2025/01/20 16:55:18 ET]
Table 'Mundleria II' 6-max Seat #2 is the button
Seat 1: papatango123 ($100 in chips) 
Seat 2: Dantepoke226 ($112.48 in chips) 
Seat 6: z00mba ($108.18 in chips) 
z00mba: posts small blind $0.50
papatango123: posts big blind $1
*** HOLE CARDS ***
Dantepoke226: raises $1.50 to $2.50
z00mba: folds 
papatango123: raises $9.50 to $12
Dantepoke226: folds 
Uncalled bet ($9.50) returned to papatango123
papatango123 collected $5.50 from pot
papatango123: doesn't show hand 
*** SUMMARY ***
Total pot $5.50 | Rake $0 
Seat 1: papatango123 (big blind) collected ($5.50)
Seat 2: Dantepoke226 (button) folded before Flop
Seat 6: z00mba (small blind) folded before Flop



PokerStars Hand #254474913697:  Hold'em No Limit ($0.50/$1.00 USD) - 2025/01/20 21:55:46 WET [2025/01/20 16:55:46 ET]
Table 'Mundleria II' 6-max Seat #6 is the button
Seat 1: papatango123 ($103 in chips) 
Seat 2: Dantepoke226 ($109.98 in chips) 
Seat 6: z00mba ($107.68 in chips) 
papatango123: posts small blind $0.50
Dantepoke226: posts big blind $1
*** HOLE CARDS ***
z00mba: folds 
papatango123: raises $2 to $3
Dantepoke226: folds 
Uncalled bet ($2) returned to papatango123
papatango123 collected $2 from pot
papatango123: doesn't show hand 
*** SUMMARY ***
Total pot $2 | Rake $0 
Seat 1: papatango123 (small blind) collected ($2)
Seat 2: Dantepoke226 (big blind) folded before Flop
Seat 6: z00mba (button) folded before Flop (didn't bet)



PokerStars Hand #254474940938:  Hold'em No Limit ($0.50/$1.00 USD) - 2025/01/20 21:57:51 WET [2025/01/20 16:57:51 ET]
Table 'Mundleria II' 6-max Seat #1 is the button
Seat 1: CichiChanMarian ($124.45 in chips) 
Seat 2: JUANS2 ($100 in chips) 
Seat 3: PostmanPat3 ($26.42 in chips) 
Seat 4: Poker9803 ($102 in chips) 
Seat 5: IREQO ($100 in chips) 
Seat 6: easy_sarcasm ($100 in chips) 
JUANS2 is connected 
JUANS2: posts small blind $0.50
PostmanPat3: posts big blind $1
*** HOLE CARDS ***
Poker9803: folds 
IREQO: folds 
easy_sarcasm: folds 
CichiChanMarian: folds 
JUANS2: calls $0.50
PostmanPat3: raises $2 to $3
JUANS2: raises $9 to $12
PostmanPat3: folds 
Uncalled bet ($9) returned to JUANS2
JUANS2 collected $6 from pot
JUANS2: doesn't show hand 
*** SUMMARY ***
Total pot $6 | Rake $0 
Seat 1: CichiChanMarian (button) folded before Flop (didn't bet)
Seat 2: JUANS2 (small blind) collected ($6)
Seat 3: PostmanPat3 (big blind) folded before Flop
Seat 4: Poker9803 folded before Flop (didn't bet)
Seat 5: IREQO folded before Flop (didn't bet)
Seat 6: easy_sarcasm folded before Flop (didn't bet)



PokerStars Hand #254474946668:  Hold'em No Limit ($0.50/$1.00 USD) - 2025/01/20 21:58:17 WET [2025/01/20 16:58:17 ET]
Table 'Mundleria II' 6-max Seat #2 is the button
Seat 1: CichiChanMarian ($124.45 in chips) 
Seat 2: JUANS2 ($103 in chips) 
Seat 3: PostmanPat3 ($23.42 in chips) 
Seat 4: Poker9803 ($102 in chips) 
Seat 5: IREQO ($100 in chips) 
Seat 6: easy_sarcasm ($100 in chips) 
PostmanPat3: posts small blind $0.50
Poker9803: posts big blind $1
*** HOLE CARDS ***
IREQO: folds 
easy_sarcasm: folds 
CichiChanMarian: folds 
JUANS2: folds 
PostmanPat3: folds 
Uncalled bet ($0.50) returned to Poker9803
Poker9803 collected $1 from pot
Poker9803: doesn't show hand 
*** SUMMARY ***
Total pot $1 | Rake $0 
Seat 1: CichiChanMarian folded before Flop (didn't bet)
Seat 2: JUANS2 (button) folded before Flop (didn't bet)
Seat 3: PostmanPat3 (small blind) folded before Flop
Seat 4: Poker9803 (big blind) collected ($1)
Seat 5: IREQO folded before Flop (didn't bet)
Seat 6: easy_sarcasm folded before Flop (didn't bet)



PokerStars Hand #254474948901:  Hold'em No Limit ($0.50/$1.00 USD) - 2025/01/20 21:58:27 WET [2025/01/20 16:58:27 ET]
Table 'Mundleria II' 6-max Seat #3 is the button
Seat 1: CichiChanMarian ($124.45 in chips) 
Seat 2: JUANS2 ($103 in chips) 
Seat 3: PostmanPat3 ($22.92 in chips) 
Seat 4: Poker9803 ($102.50 in chips) 
Seat 5: IREQO ($100 in chips) 
Seat 6: easy_sarcasm ($100 in chips) 
Poker9803: posts small blind $0.50
IREQO: posts big blind $1
*** HOLE CARDS ***
easy_sarcasm: folds 
CichiChanMarian: folds 
JUANS2: folds 
PostmanPat3: folds 
Poker9803: folds 
Uncalled bet ($0.50) returned to IREQO
IREQO collected $1 from pot
IREQO: doesn't show hand 
*** SUMMARY ***
Total pot $1 | Rake $0 
Seat 1: CichiChanMarian folded before Flop (didn't bet)
Seat 2: JUANS2 folded before Flop (didn't bet)
Seat 3: PostmanPat3 (button) folded before Flop (didn't bet)
Seat 4: Poker9803 (small blind) folded before Flop
Seat 5: IREQO (big blind) collected ($1)
Seat 6: easy_sarcasm folded before Flop (didn't bet)



PokerStars Hand #254474951860:  Hold'em No Limit ($0.50/$1.00 USD) - 2025/01/20 21:58:41 WET [2025/01/20 16:58:41 ET]
Table 'Mundleria II' 6-max Seat #4 is the button
Seat 1: CichiChanMarian ($124.45 in chips) 
Seat 2: JUANS2 ($103 in chips) 
Seat 3: PostmanPat3 ($22.92 in chips) 
Seat 4: Poker9803 ($102 in chips) 
Seat 5: IREQO ($100.50 in chips) 
Seat 6: easy_sarcasm ($100 in chips) 
IREQO: posts small blind $0.50
easy_sarcasm: posts big blind $1
*** HOLE CARDS ***
CichiChanMarian: raises $1.50 to $2.50
JUANS2: folds 
PostmanPat3: folds 
Poker9803: folds 
IREQO: folds 
easy_sarcasm: folds 
Uncalled bet ($1.50) returned to CichiChanMarian
CichiChanMarian collected $2.50 from pot
CichiChanMarian: doesn't show hand 
*** SUMMARY ***
Total pot $2.50 | Rake $0 
Seat 1: CichiChanMarian collected ($2.50)
Seat 2: JUANS2 folded before Flop (didn't bet)
Seat 3: PostmanPat3 folded before Flop (didn't bet)
Seat 4: Poker9803 (button) folded before Flop (didn't bet)
Seat 5: IREQO (small blind) folded before Flop
Seat 6: easy_sarcasm (big blind) folded before Flop



PokerStars Hand #254475073959:  Hold'em No Limit ($0.50/$1.00 USD) - 2025/01/20 22:06:02 WET [2025/01/20 17:06:02 ET]
Table 'Mundleria II' 6-max Seat #4 is the button
Seat 1: CichiChanMarian ($118.95 in chips) 
Seat 2: JUANS2 ($100 in chips) 
Seat 3: PostmanPat3 ($58.34 in chips) 
Seat 4: Poker9803 ($102.68 in chips) 
Seat 5: IREQO ($100 in chips) 
Seat 6: easy_sarcasm ($115.28 in chips) 
IREQO: posts small blind $0.50
easy_sarcasm: posts big blind $1
*** HOLE CARDS ***
CichiChanMarian: folds 
JUANS2: folds 
PostmanPat3: raises $1 to $2
Poker9803: folds 
IREQO: folds 
easy_sarcasm: calls $1
*** FLOP *** [Ad Qs 9d]
easy_sarcasm: checks 
PostmanPat3: bets $3
easy_sarcasm: calls $3
*** TURN *** [Ad Qs 9d] [4s]
easy_sarcasm: checks 
PostmanPat3: bets $11
easy_sarcasm: calls $11
*** RIVER *** [Ad Qs 9d 4s] [Ah]
easy_sarcasm: checks 
PostmanPat3: bets $42.34 and is all-in
easy_sarcasm: calls $42.34
*** SHOW DOWN ***
PostmanPat3: shows [6c 2c] (a pair of Aces)
easy_sarcasm: shows [Ac 3h] (three of a kind, Aces)
easy_sarcasm collected $114.68 from pot
*** SUMMARY ***
Total pot $117.18 | Rake $2.50 
Board [Ad Qs 9d 4s Ah]
Seat 1: CichiChanMarian folded before Flop (didn't bet)
Seat 2: JUANS2 folded before Flop (didn't bet)
Seat 3: PostmanPat3 showed [6c 2c] and lost with a pair of Aces
Seat 4: Poker9803 (button) folded before Flop (didn't bet)
Seat 5: IREQO (small blind) folded before Flop
Seat 6: easy_sarcasm (big blind) showed [Ac 3h] and won ($114.68) with three of a kind, Aces



PokerStars Hand #254475092147:  Hold'em No Limit ($0.50/$1.00 USD) - 2025/01/20 22:07:01 WET [2025/01/20 17:07:01 ET]
Table 'Mundleria II' 6-max Seat #5 is the button
Seat 3: PostmanPat3 ($0 in chips) is sitting out
Seat 1: CichiChanMarian ($118.95 in chips) 
Seat 2: JUANS2 ($100 in chips) 
Seat 4: Poker9803 ($102.68 in chips) 
Seat 5: IREQO ($100 in chips) 
Seat 6: easy_sarcasm ($171.62 in chips) 
easy_sarcasm: posts small blind $0.50
CichiChanMarian: posts big blind $1
*** HOLE CARDS ***
JUANS2: folds 
Poker9803: folds 
PostmanPat3 leaves the table
IREQO: raises $1.50 to $2.50
easy_sarcasm: raises $8.50 to $11
CichiChanMarian: folds 
IREQO: folds 
Uncalled bet ($8.50) returned to easy_sarcasm
easy_sarcasm collected $6 from pot
*** SUMMARY ***
Total pot $6 | Rake $0 
Seat 3: PostmanPat3
Seat 1: CichiChanMarian (big blind) folded before Flop
Seat 2: JUANS2 folded before Flop (didn't bet)
Seat 4: Poker9803 folded before Flop (didn't bet)
Seat 5: IREQO (button) folded before Flop
Seat 6: easy_sarcasm (small blind) collected ($6)



PokerStars Hand #254475100050:  Hold'em No Limit ($0.50/$1.00 USD) - 2025/01/20 22:07:27 WET [2025/01/20 17:07:27 ET]
Table 'Mundleria II' 6-max Seat #6 is the button
Seat 1: CichiChanMarian ($117.95 in chips) 
Seat 2: JUANS2 ($100 in chips) 
Seat 4: Poker9803 ($102.68 in chips) 
Seat 5: IREQO ($100 in chips) 
Seat 6: easy_sarcasm ($175.12 in chips) 
CichiChanMarian: posts small blind $0.50
JUANS2: posts big blind $1
*** HOLE CARDS ***
Poker9803: folds 
IREQO: folds 
easy_sarcasm: raises $1.20 to $2.20
CichiChanMarian: raises $8.80 to $11
JUANS2: folds 
easy_sarcasm: calls $8.80
*** FLOP *** [5d 3c Js]
CichiChanMarian: bets $10.93
easy_sarcasm: folds 
Uncalled bet ($10.93) returned to CichiChanMarian
CichiChanMarian collected $21.85 from pot
CichiChanMarian: doesn't show hand 
*** SUMMARY ***
Total pot $23 | Rake $1.15 
Board [5d 3c Js]
Seat 1: CichiChanMarian (small blind) collected ($21.85)
Seat 2: JUANS2 (big blind) folded before Flop
Seat 4: Poker9803 folded before Flop (didn't bet)
Seat 5: IREQO folded before Flop (didn't bet)
Seat 6: easy_sarcasm (button) folded on the Flop



