PokerStars Hand #254467486246:  Hold'em No Limit ($0.50/$1.00 USD) - 2025/01/20 13:39:01 WET [2025/01/20 8:39:01 ET]
Table 'Diotima IV' 6-max Seat #2 is the button
Seat 2: 3EPH ($109.68 in chips) 
Seat 3: elcutez ($99.88 in chips) 
3EPH: posts small blind $0.50
elcutez: posts big blind $1
*** HOLE CARDS ***
3EPH: raises $1.50 to $2.50
elcutez: folds 
Uncalled bet ($1.50) returned to 3EPH
3EPH collected $2 from pot
3EPH: doesn't show hand 
*** SUMMARY ***
Total pot $2 | Rake $0 
Seat 2: 3EPH (button) (small blind) collected ($2)
Seat 3: elcutez (big blind) folded before Flop



PokerStars Hand #254467487602:  Hold'em No Limit ($0.50/$1.00 USD) - 2025/01/20 13:39:09 WET [2025/01/20 8:39:09 ET]
Table 'Diotima IV' 6-max Seat #3 is the button
Seat 2: 3EPH ($110.68 in chips) 
Seat 3: elcutez ($98.88 in chips) 
elcutez: posts small blind $0.50
3EPH: posts big blind $1
*** HOLE CARDS ***
elcutez: folds 
Uncalled bet ($0.50) returned to 3EPH
3EPH collected $1 from pot
3EPH: doesn't show hand 
*** SUMMARY ***
Total pot $1 | Rake $0 
Seat 2: 3EPH (big blind) collected ($1)
Seat 3: elcutez (button) (small blind) folded before Flop



PokerStars Hand #254467488626:  Hold'em No Limit ($0.50/$1.00 USD) - 2025/01/20 13:39:15 WET [2025/01/20 8:39:15 ET]
Table 'Diotima IV' 6-max Seat #2 is the button
Seat 2: 3EPH ($111.18 in chips) 
Seat 3: elcutez ($98.38 in chips) 
3EPH: posts small blind $0.50
elcutez: posts big blind $1
*** HOLE CARDS ***
3EPH: raises $1.50 to $2.50
elcutez: calls $1.50
*** FLOP *** [Ad 6d 7h]
elcutez: checks 
3EPH: bets $1.57
elcutez: raises $4.43 to $6
3EPH: calls $4.43
*** TURN *** [Ad 6d 7h] [Jc]
elcutez: checks 
3EPH: bets $5.35
elcutez: raises $26.85 to $32.20
3EPH: calls $26.85
*** RIVER *** [Ad 6d 7h Jc] [4c]
elcutez: bets $57.68 and is all-in
3EPH: calls $57.68
*** SHOW DOWN ***
elcutez: shows [5d 3d] (a straight, Three to Seven)
3EPH: shows [Ah 3h] (a pair of Aces)
elcutez collected $195.76 from pot
*** SUMMARY ***
Total pot $196.76 | Rake $1 
Board [Ad 6d 7h Jc 4c]
Seat 2: 3EPH (button) (small blind) showed [Ah 3h] and lost with a pair of Aces
Seat 3: elcutez (big blind) showed [5d 3d] and won ($195.76) with a straight, Three to Seven



PokerStars Hand #254467497237:  Hold'em No Limit ($0.50/$1.00 USD) - 2025/01/20 13:40:06 WET [2025/01/20 8:40:06 ET]
Table 'Diotima IV' 6-max Seat #3 is the button
Seat 2: 3EPH ($100 in chips) 
Seat 3: elcutez ($195.76 in chips) 
elcutez: posts small blind $0.50
3EPH: posts big blind $1
*** HOLE CARDS ***
elcutez: raises $2 to $3
3EPH: calls $2
*** FLOP *** [Jd Kd 8s]
3EPH: checks 
elcutez: checks 
*** TURN *** [Jd Kd 8s] [7h]
3EPH: bets $1.88
elcutez: calls $1.88
*** RIVER *** [Jd Kd 8s 7h] [Js]
3EPH: checks 
elcutez: checks 
*** SHOW DOWN ***
3EPH: shows [Ts Qc] (a pair of Jacks)
elcutez: shows [Ah 7s] (two pair, Jacks and Sevens)
elcutez collected $9.27 from pot
*** SUMMARY ***
Total pot $9.76 | Rake $0.49 
Board [Jd Kd 8s 7h Js]
Seat 2: 3EPH (big blind) showed [Ts Qc] and lost with a pair of Jacks
Seat 3: elcutez (button) (small blind) showed [Ah 7s] and won ($9.27) with two pair, Jacks and Sevens



PokerStars Hand #254467502004:  Hold'em No Limit ($0.50/$1.00 USD) - 2025/01/20 13:40:35 WET [2025/01/20 8:40:35 ET]
Table 'Diotima IV' 6-max Seat #2 is the button
Seat 2: 3EPH ($100 in chips) 
Seat 3: elcutez ($200.15 in chips) 
3EPH: posts small blind $0.50
elcutez: posts big blind $1
*** HOLE CARDS ***
3EPH: folds 
Uncalled bet ($0.50) returned to elcutez
elcutez collected $1 from pot
*** SUMMARY ***
Total pot $1 | Rake $0 
Seat 2: 3EPH (button) (small blind) folded before Flop
Seat 3: elcutez (big blind) collected ($1)



PokerStars Hand #254467503089:  Hold'em No Limit ($0.50/$1.00 USD) - 2025/01/20 13:40:41 WET [2025/01/20 8:40:41 ET]
Table 'Diotima IV' 6-max Seat #3 is the button
Seat 2: 3EPH ($100 in chips) 
Seat 3: elcutez ($200.65 in chips) 
elcutez: posts small blind $0.50
3EPH: posts big blind $1
*** HOLE CARDS ***
elcutez: folds 
Uncalled bet ($0.50) returned to 3EPH
3EPH collected $1 from pot
3EPH: doesn't show hand 
elcutez leaves the table
*** SUMMARY ***
Total pot $1 | Rake $0 
Seat 2: 3EPH (big blind) collected ($1)
Seat 3: elcutez (button) (small blind) folded before Flop



PokerStars Hand #254467653047:  Hold'em No Limit ($0.50/$1.00 USD) - 2025/01/20 13:55:40 WET [2025/01/20 8:55:40 ET]
Table 'Diotima IV' 6-max Seat #4 is the button
Seat 2: 3EPH ($100.50 in chips) 
Seat 4: Pon4uk.ua ($100 in chips) 
Seat 5: joaquin612 ($10 in chips) 
joaquin612: posts small blind $0.50
3EPH: posts big blind $1
*** HOLE CARDS ***
Pon4uk.ua: folds 
joaquin612: raises $2 to $3
3EPH: folds 
Uncalled bet ($2) returned to joaquin612
joaquin612 collected $2 from pot
joaquin612: doesn't show hand 
*** SUMMARY ***
Total pot $2 | Rake $0 
Seat 2: 3EPH (big blind) folded before Flop
Seat 4: Pon4uk.ua (button) folded before Flop (didn't bet)
Seat 5: joaquin612 (small blind) collected ($2)



PokerStars Hand #254467655077:  Hold'em No Limit ($0.50/$1.00 USD) - 2025/01/20 13:55:55 WET [2025/01/20 8:55:55 ET]
Table 'Diotima IV' 6-max Seat #5 is the button
Seat 2: 3EPH ($100 in chips) 
Seat 4: Pon4uk.ua ($100 in chips) 
Seat 5: joaquin612 ($100 in chips) 
3EPH: posts small blind $0.50
Pon4uk.ua: posts big blind $1
*** HOLE CARDS ***
joaquin612: folds 
3EPH: folds 
Uncalled bet ($0.50) returned to Pon4uk.ua
Pon4uk.ua collected $1 from pot
Pon4uk.ua: doesn't show hand 
*** SUMMARY ***
Total pot $1 | Rake $0 
Seat 2: 3EPH (small blind) folded before Flop
Seat 4: Pon4uk.ua (big blind) collected ($1)
Seat 5: joaquin612 (button) folded before Flop (didn't bet)



PokerStars Hand #254467656203:  Hold'em No Limit ($0.50/$1.00 USD) - 2025/01/20 13:56:04 WET [2025/01/20 8:56:04 ET]
Table 'Diotima IV' 6-max Seat #2 is the button
Seat 2: 3EPH ($100 in chips) 
Seat 4: Pon4uk.ua ($100.50 in chips) 
Seat 5: joaquin612 ($100 in chips) 
Pon4uk.ua: posts small blind $0.50
joaquin612: posts big blind $1
*** HOLE CARDS ***
3EPH: raises $1.50 to $2.50
Pon4uk.ua: folds 
joaquin612: raises $8.50 to $11
3EPH: folds 
Uncalled bet ($8.50) returned to joaquin612
joaquin612 collected $5.50 from pot
joaquin612: doesn't show hand 
*** SUMMARY ***
Total pot $5.50 | Rake $0 
Seat 2: 3EPH (button) folded before Flop
Seat 4: Pon4uk.ua (small blind) folded before Flop
Seat 5: joaquin612 (big blind) collected ($5.50)



PokerStars Hand #254467660334:  Hold'em No Limit ($0.50/$1.00 USD) - 2025/01/20 13:56:34 WET [2025/01/20 8:56:34 ET]
Table 'Diotima IV' 6-max Seat #5 is the button
Seat 2: 3EPH ($100 in chips) is sitting out
Seat 4: Pon4uk.ua ($100 in chips) 
Seat 5: joaquin612 ($103 in chips) 
joaquin612: posts small blind $0.50
3EPH: is sitting out 
Pon4uk.ua: posts big blind $1
*** HOLE CARDS ***
joaquin612: raises $2 to $3
3EPH leaves the table
Pon4uk.ua: calls $2
*** FLOP *** [Jh 7c 7s]
Pon4uk.ua: checks 
joaquin612: bets $2.85
Pon4uk.ua: calls $2.85
*** TURN *** [Jh 7c 7s] [Ts]
Pon4uk.ua: checks 
joaquin612: checks 
*** RIVER *** [Jh 7c 7s Ts] [Qs]
Pon4uk.ua: checks 
joaquin612: bets $16.68
Pon4uk.ua: folds 
Uncalled bet ($16.68) returned to joaquin612
joaquin612 collected $11.12 from pot
joaquin612: doesn't show hand 
Pon4uk.ua leaves the table
*** SUMMARY ***
Total pot $11.70 | Rake $0.58 
Board [Jh 7c 7s Ts Qs]
Seat 2: 3EPH
Seat 4: Pon4uk.ua (big blind) folded on the River
Seat 5: joaquin612 (button) (small blind) collected ($11.12)



PokerStars Hand #254467705487:  Hold'em No Limit ($0.50/$1.00 USD) - 2025/01/20 14:01:50 WET [2025/01/20 9:01:50 ET]
Table 'Diotima IV' 6-max Seat #6 is the button
Seat 1: ReVeu710 ($100 in chips) 
Seat 2: YeeesMan ($100 in chips) 
Seat 3: Pippa83 ($100 in chips) 
Seat 4: MakoEv ($100 in chips) 
Seat 5: joaquin612 ($108.27 in chips) 
Seat 6: juliuszeca ($56.85 in chips) 
ReVeu710: posts small blind $0.50
YeeesMan: posts big blind $1
*** HOLE CARDS ***
Pippa83: folds 
MakoEv: raises $1.50 to $2.50
joaquin612: folds 
juliuszeca: calls $2.50
ReVeu710: folds 
YeeesMan: folds 
*** FLOP *** [9d 6h 3d]
MakoEv: bets $3
juliuszeca: calls $3
*** TURN *** [9d 6h 3d] [5c]
MakoEv: bets $12.70
juliuszeca: folds 
Uncalled bet ($12.70) returned to MakoEv
MakoEv collected $11.88 from pot
MakoEv: doesn't show hand 
*** SUMMARY ***
Total pot $12.50 | Rake $0.62 
Board [9d 6h 3d 5c]
Seat 1: ReVeu710 (small blind) folded before Flop
Seat 2: YeeesMan (big blind) folded before Flop
Seat 3: Pippa83 folded before Flop (didn't bet)
Seat 4: MakoEv collected ($11.88)
Seat 5: joaquin612 folded before Flop (didn't bet)
Seat 6: juliuszeca (button) folded on the Turn



PokerStars Hand #254467713716:  Hold'em No Limit ($0.50/$1.00 USD) - 2025/01/20 14:02:39 WET [2025/01/20 9:02:39 ET]
Table 'Diotima IV' 6-max Seat #1 is the button
Seat 1: ReVeu710 ($100 in chips) 
Seat 2: YeeesMan ($100 in chips) 
Seat 3: Pippa83 ($100 in chips) 
Seat 4: MakoEv ($106.38 in chips) 
Seat 5: joaquin612 ($108.27 in chips) 
Seat 6: juliuszeca ($51.35 in chips) 
YeeesMan: posts small blind $0.50
Pippa83: posts big blind $1
*** HOLE CARDS ***
MakoEv: folds 
joaquin612: folds 
juliuszeca: calls $1
ReVeu710: raises $3.50 to $4.50
YeeesMan: folds 
Pippa83: folds 
juliuszeca: calls $3.50
*** FLOP *** [Ad 8d Qs]
juliuszeca: checks 
ReVeu710: bets $2.50
juliuszeca: folds 
Uncalled bet ($2.50) returned to ReVeu710
ReVeu710 collected $9.98 from pot
ReVeu710: doesn't show hand 
*** SUMMARY ***
Total pot $10.50 | Rake $0.52 
Board [Ad 8d Qs]
Seat 1: ReVeu710 (button) collected ($9.98)
Seat 2: YeeesMan (small blind) folded before Flop
Seat 3: Pippa83 (big blind) folded before Flop
Seat 4: MakoEv folded before Flop (didn't bet)
Seat 5: joaquin612 folded before Flop (didn't bet)
Seat 6: juliuszeca folded on the Flop



PokerStars Hand #254467720387:  Hold'em No Limit ($0.50/$1.00 USD) - 2025/01/20 14:03:19 WET [2025/01/20 9:03:19 ET]
Table 'Diotima IV' 6-max Seat #2 is the button
Seat 1: ReVeu710 ($105.48 in chips) 
Seat 2: YeeesMan ($100 in chips) 
Seat 3: Pippa83 ($100 in chips) 
Seat 4: MakoEv ($106.38 in chips) 
Seat 5: joaquin612 ($108.27 in chips) 
Seat 6: juliuszeca ($46.85 in chips) 
Pippa83: posts small blind $0.50
MakoEv: posts big blind $1
*** HOLE CARDS ***
joaquin612: raises $1.50 to $2.50
juliuszeca: folds 
ReVeu710: folds 
YeeesMan: folds 
Pippa83: folds 
MakoEv: calls $1.50
*** FLOP *** [Kc Jd As]
MakoEv: bets $1.57
joaquin612: raises $2.76 to $4.33
MakoEv: calls $2.76
*** TURN *** [Kc Jd As] [8d]
MakoEv: checks 
joaquin612: bets $10.09
MakoEv: calls $10.09
*** RIVER *** [Kc Jd As 8d] [4c]
MakoEv: checks 
joaquin612: bets $26
MakoEv: calls $26
*** SHOW DOWN ***
joaquin612: shows [Ah Ks] (two pair, Aces and Kings)
MakoEv: mucks hand 
joaquin612 collected $83.84 from pot
*** SUMMARY ***
Total pot $86.34 | Rake $2.50 
Board [Kc Jd As 8d 4c]
Seat 1: ReVeu710 folded before Flop (didn't bet)
Seat 2: YeeesMan (button) folded before Flop (didn't bet)
Seat 3: Pippa83 (small blind) folded before Flop
Seat 4: MakoEv (big blind) mucked
Seat 5: joaquin612 showed [Ah Ks] and won ($83.84) with two pair, Aces and Kings
Seat 6: juliuszeca folded before Flop (didn't bet)



PokerStars Hand #254467734859:  Hold'em No Limit ($0.50/$1.00 USD) - 2025/01/20 14:04:45 WET [2025/01/20 9:04:45 ET]
Table 'Diotima IV' 6-max Seat #3 is the button
Seat 1: ReVeu710 ($105.48 in chips) 
Seat 2: YeeesMan ($100 in chips) 
Seat 3: Pippa83 ($100 in chips) 
Seat 4: MakoEv ($100 in chips) 
Seat 5: joaquin612 ($149.19 in chips) 
Seat 6: juliuszeca ($46.85 in chips) 
MakoEv: posts small blind $0.50
joaquin612: posts big blind $1
*** HOLE CARDS ***
juliuszeca: folds 
ReVeu710: folds 
YeeesMan: folds 
Pippa83: raises $1.50 to $2.50
MakoEv: folds 
joaquin612: raises $8.50 to $11
Pippa83: raises $14 to $25
joaquin612: folds 
Uncalled bet ($14) returned to Pippa83
Pippa83 collected $22.50 from pot
Pippa83: doesn't show hand 
*** SUMMARY ***
Total pot $22.50 | Rake $0 
Seat 1: ReVeu710 folded before Flop (didn't bet)
Seat 2: YeeesMan folded before Flop (didn't bet)
Seat 3: Pippa83 (button) collected ($22.50)
Seat 4: MakoEv (small blind) folded before Flop
Seat 5: joaquin612 (big blind) folded before Flop
Seat 6: juliuszeca folded before Flop (didn't bet)



PokerStars Hand #254467744006:  Hold'em No Limit ($0.50/$1.00 USD) - 2025/01/20 14:05:38 WET [2025/01/20 9:05:38 ET]
Table 'Diotima IV' 6-max Seat #4 is the button
Seat 1: ReVeu710 ($105.48 in chips) 
Seat 2: YeeesMan ($100 in chips) 
Seat 3: Pippa83 ($111.50 in chips) 
Seat 4: MakoEv ($100 in chips) 
Seat 5: joaquin612 ($138.19 in chips) 
Seat 6: juliuszeca ($46.85 in chips) 
joaquin612: posts small blind $0.50
juliuszeca: posts big blind $1
*** HOLE CARDS ***
ReVeu710: folds 
YeeesMan: folds 
Pippa83: folds 
MakoEv: raises $1.50 to $2.50
joaquin612: folds 
juliuszeca: calls $1.50
*** FLOP *** [Kd Qd 2s]
juliuszeca: checks 
MakoEv: bets $3.40
juliuszeca: calls $3.40
*** TURN *** [Kd Qd 2s] [9c]
juliuszeca: checks 
MakoEv: checks 
*** RIVER *** [Kd Qd 2s 9c] [7h]
juliuszeca: checks 
MakoEv: checks 
*** SHOW DOWN ***
juliuszeca: shows [6s Ac] (high card Ace)
MakoEv: shows [9d Ah] (a pair of Nines)
MakoEv collected $11.68 from pot
*** SUMMARY ***
Total pot $12.30 | Rake $0.62 
Board [Kd Qd 2s 9c 7h]
Seat 1: ReVeu710 folded before Flop (didn't bet)
Seat 2: YeeesMan folded before Flop (didn't bet)
Seat 3: Pippa83 folded before Flop (didn't bet)
Seat 4: MakoEv (button) showed [9d Ah] and won ($11.68) with a pair of Nines
Seat 5: joaquin612 (small blind) folded before Flop
Seat 6: juliuszeca (big blind) showed [6s Ac] and lost with high card Ace



PokerStars Hand #254467753654:  Hold'em No Limit ($0.50/$1.00 USD) - 2025/01/20 14:06:34 WET [2025/01/20 9:06:34 ET]
Table 'Diotima IV' 6-max Seat #5 is the button
Seat 1: ReVeu710 ($105.48 in chips) 
Seat 2: YeeesMan ($100 in chips) 
Seat 3: Pippa83 ($111.50 in chips) 
Seat 4: MakoEv ($105.78 in chips) 
Seat 5: joaquin612 ($137.69 in chips) 
Seat 6: juliuszeca ($40.95 in chips) 
juliuszeca: posts small blind $0.50
ReVeu710: posts big blind $1
*** HOLE CARDS ***
YeeesMan: folds 
Pippa83: folds 
MakoEv: raises $1.50 to $2.50
joaquin612: folds 
juliuszeca: calls $2
ReVeu710: folds 
*** FLOP *** [Jh 2s Kd]
juliuszeca: bets $2
MakoEv: calls $2
*** TURN *** [Jh 2s Kd] [4h]
juliuszeca: bets $2
MakoEv: calls $2
*** RIVER *** [Jh 2s Kd 4h] [Kh]
juliuszeca: bets $3
MakoEv: calls $3
*** SHOW DOWN ***
juliuszeca: shows [Ks 9d] (three of a kind, Kings)
MakoEv: mucks hand 
juliuszeca collected $19 from pot
*** SUMMARY ***
Total pot $20 | Rake $1 
Board [Jh 2s Kd 4h Kh]
Seat 1: ReVeu710 (big blind) folded before Flop
Seat 2: YeeesMan folded before Flop (didn't bet)
Seat 3: Pippa83 folded before Flop (didn't bet)
Seat 4: MakoEv mucked
Seat 5: joaquin612 (button) folded before Flop (didn't bet)
Seat 6: juliuszeca (small blind) showed [Ks 9d] and won ($19) with three of a kind, Kings



PokerStars Hand #254467761983:  Hold'em No Limit ($0.50/$1.00 USD) - 2025/01/20 14:07:23 WET [2025/01/20 9:07:23 ET]
Table 'Diotima IV' 6-max Seat #6 is the button
Seat 1: ReVeu710 ($104.48 in chips) 
Seat 2: YeeesMan ($100 in chips) 
Seat 3: Pippa83 ($111.50 in chips) 
Seat 4: MakoEv ($100 in chips) 
Seat 5: joaquin612 ($137.69 in chips) 
Seat 6: juliuszeca ($50.45 in chips) 
ReVeu710: posts small blind $0.50
YeeesMan: posts big blind $1
*** HOLE CARDS ***
Pippa83: folds 
MakoEv: raises $1.50 to $2.50
joaquin612: folds 
juliuszeca: calls $2.50
ReVeu710: folds 
YeeesMan: calls $1.50
*** FLOP *** [Js 3s 2s]
YeeesMan: checks 
MakoEv: checks 
juliuszeca: checks 
*** TURN *** [Js 3s 2s] [5h]
YeeesMan: bets $5.70
MakoEv: folds 
juliuszeca: raises $5.70 to $11.40
YeeesMan: raises $10.80 to $22.20
juliuszeca: raises $10.80 to $33
YeeesMan: raises $18.80 to $51.80
juliuszeca: calls $14.95 and is all-in
Uncalled bet ($3.85) returned to YeeesMan
*** RIVER *** [Js 3s 2s 5h] [2d]
*** SHOW DOWN ***
YeeesMan: shows [5s 7s] (a flush, Jack high)
juliuszeca: shows [Th As] (a pair of Deuces)
YeeesMan collected $101.40 from pot
*** SUMMARY ***
Total pot $103.90 | Rake $2.50 
Board [Js 3s 2s 5h 2d]
Seat 1: ReVeu710 (small blind) folded before Flop
Seat 2: YeeesMan (big blind) showed [5s 7s] and won ($101.40) with a flush, Jack high
Seat 3: Pippa83 folded before Flop (didn't bet)
Seat 4: MakoEv folded on the Turn
Seat 5: joaquin612 folded before Flop (didn't bet)
Seat 6: juliuszeca (button) showed [Th As] and lost with a pair of Deuces



PokerStars Hand #254467778285:  Hold'em No Limit ($0.50/$1.00 USD) - 2025/01/20 14:08:58 WET [2025/01/20 9:08:58 ET]
Table 'Diotima IV' 6-max Seat #1 is the button
Seat 6: juliuszeca ($0 in chips) is sitting out
Seat 1: ReVeu710 ($103.98 in chips) 
Seat 2: YeeesMan ($150.95 in chips) 
Seat 3: Pippa83 ($111.50 in chips) 
Seat 4: MakoEv ($100 in chips) 
Seat 5: joaquin612 ($137.69 in chips) 
YeeesMan: posts small blind $0.50
Pippa83: posts big blind $1
*** HOLE CARDS ***
MakoEv: folds 
joaquin612: folds 
ReVeu710: folds 
ReVeu710 leaves the table
juliuszeca leaves the table
YeeesMan: raises $2 to $3
Pippa83: folds 
Uncalled bet ($2) returned to YeeesMan
YeeesMan collected $2 from pot
YeeesMan: doesn't show hand 
*** SUMMARY ***
Total pot $2 | Rake $0 
Seat 6: juliuszeca
Seat 1: ReVeu710 (button) folded before Flop (didn't bet)
Seat 2: YeeesMan (small blind) collected ($2)
Seat 3: Pippa83 (big blind) folded before Flop
Seat 4: MakoEv folded before Flop (didn't bet)
Seat 5: joaquin612 folded before Flop (didn't bet)



PokerStars Hand #254467782112:  Hold'em No Limit ($0.50/$1.00 USD) - 2025/01/20 14:09:20 WET [2025/01/20 9:09:20 ET]
Table 'Diotima IV' 6-max Seat #2 is the button
Seat 2: YeeesMan ($151.95 in chips) 
Seat 3: Pippa83 ($110.50 in chips) 
Seat 4: MakoEv ($100 in chips) 
Seat 5: joaquin612 ($137.69 in chips) 
Pippa83: posts small blind $0.50
MakoEv: posts big blind $1
*** HOLE CARDS ***
joaquin612: folds 
joaquin612 leaves the table
YeeesMan: folds 
Pippa83: folds 
Uncalled bet ($0.50) returned to MakoEv
MakoEv collected $1 from pot
MakoEv: doesn't show hand 
*** SUMMARY ***
Total pot $1 | Rake $0 
Seat 2: YeeesMan (button) folded before Flop (didn't bet)
Seat 3: Pippa83 (small blind) folded before Flop
Seat 4: MakoEv (big blind) collected ($1)
Seat 5: joaquin612 folded before Flop (didn't bet)



