PokerStars Hand #254461446791:  Hold'em No Limit ($0.50/$1.00 USD) - 2025/01/20 4:04:02 WET [2025/01/19 23:04:02 ET]
Table 'Rollandia III' 6-max Seat #1 is the button
Seat 1: shootingGRID ($104.57 in chips) 
Seat 2: sutata ($103.58 in chips) 
Seat 3: theyycallmekp ($21.53 in chips) 
Seat 4: m0nTTu ($12 in chips) 
Seat 5: rrrro ($103.56 in chips) 
Seat 6: B1GBankroll ($128.02 in chips) 
sutata: posts small blind $0.50
theyycallmekp: posts big blind $1
*** HOLE CARDS ***
m0nTTu: folds 
rrrro: folds 
B1GBankroll: folds 
shootingGRID: raises $1.50 to $2.50
sutata: calls $2
theyycallmekp: calls $1.50
*** FLOP *** [Jd 9d 8d]
sutata: checks 
theyycallmekp: checks 
shootingGRID: bets $2.35
sutata: calls $2.35
theyycallmekp: calls $2.35
*** TURN *** [Jd 9d 8d] [Th]
sutata: checks 
theyycallmekp: checks 
shootingGRID: checks 
*** RIVER *** [Jd 9d 8d Th] [Td]
sutata: checks 
theyycallmekp: bets $4
shootingGRID: calls $4
sutata: raises $19.62 to $23.62
theyycallmekp: calls $12.68 and is all-in
shootingGRID: folds 
Uncalled bet ($6.94) returned to sutata
*** SHOW DOWN ***
sutata: shows [Js Ts] (a full house, Tens full of Jacks)
theyycallmekp: shows [6h Tc] (three of a kind, Tens)
sutata collected $49.41 from pot
*** SUMMARY ***
Total pot $51.91 | Rake $2.50 
Board [Jd 9d 8d Th Td]
Seat 1: shootingGRID (button) folded on the River
Seat 2: sutata (small blind) showed [Js Ts] and won ($49.41) with a full house, Tens full of Jacks
Seat 3: theyycallmekp (big blind) showed [6h Tc] and lost with three of a kind, Tens
Seat 4: m0nTTu folded before Flop (didn't bet)
Seat 5: rrrro folded before Flop (didn't bet)
Seat 6: B1GBankroll folded before Flop (didn't bet)



PokerStars Hand #254461461143:  Hold'em No Limit ($0.50/$1.00 USD) - 2025/01/20 4:06:03 WET [2025/01/19 23:06:03 ET]
Table 'Rollandia III' 6-max Seat #2 is the button
Seat 3: theyycallmekp ($0 in chips) is sitting out
Seat 1: shootingGRID ($100 in chips) 
Seat 2: sutata ($131.46 in chips) 
Seat 4: m0nTTu ($12 in chips) 
Seat 5: rrrro ($103.56 in chips) 
Seat 6: B1GBankroll ($128.02 in chips) 
m0nTTu: posts small blind $0.50
rrrro: posts big blind $1
*** HOLE CARDS ***
theyycallmekp is disconnected 
B1GBankroll: folds 
B1GBankroll leaves the table
shootingGRID: folds 
sutata: folds 
m0nTTu: raises $11 to $12 and is all-in
rrrro: calls $11
*** FLOP *** [8d 2s Kh]
*** TURN *** [8d 2s Kh] [3s]
*** RIVER *** [8d 2s Kh 3s] [Ac]
*** SHOW DOWN ***
m0nTTu: shows [2d 2h] (three of a kind, Deuces)
rrrro: shows [9d 9s] (a pair of Nines)
m0nTTu collected $22.80 from pot
*** SUMMARY ***
Total pot $24 | Rake $1.20 
Board [8d 2s Kh 3s Ac]
Seat 3: theyycallmekp
Seat 1: shootingGRID folded before Flop (didn't bet)
Seat 2: sutata (button) folded before Flop (didn't bet)
Seat 4: m0nTTu (small blind) showed [2d 2h] and won ($22.80) with three of a kind, Deuces
Seat 5: rrrro (big blind) showed [9d 9s] and lost with a pair of Nines
Seat 6: B1GBankroll folded before Flop (didn't bet)



PokerStars Hand #254461216120:  Hold'em No Limit ($0.50/$1.00 USD) - 2025/01/20 3:34:07 WET [2025/01/19 22:34:07 ET]
Table 'Rollandia III' 6-max Seat #6 is the button
Seat 3: fataleggs13 ($75 in chips) is sitting out
Seat 1: ptolejmus ($10.50 in chips) 
Seat 2: sutata ($100 in chips) 
Seat 4: Ariel_Amestica ($82.98 in chips) 
Seat 5: rrrro ($100 in chips) 
Seat 6: B1GBankroll ($100 in chips) 
ptolejmus: posts small blind $0.50
sutata: posts big blind $1
fataleggs13: sits out 
*** HOLE CARDS ***
Ariel_Amestica: folds 
rrrro: folds 
B1GBankroll: raises $1.50 to $2.50
ptolejmus: folds 
sutata: folds 
Uncalled bet ($1.50) returned to B1GBankroll
B1GBankroll collected $2.50 from pot
B1GBankroll: doesn't show hand 
*** SUMMARY ***
Total pot $2.50 | Rake $0 
Seat 3: fataleggs13
Seat 1: ptolejmus (small blind) folded before Flop
Seat 2: sutata (big blind) folded before Flop
Seat 4: Ariel_Amestica folded before Flop (didn't bet)
Seat 5: rrrro folded before Flop (didn't bet)
Seat 6: B1GBankroll (button) collected ($2.50)



PokerStars Hand #254461218238:  Hold'em No Limit ($0.50/$1.00 USD) - 2025/01/20 3:34:20 WET [2025/01/19 22:34:20 ET]
Table 'Rollandia III' 6-max Seat #1 is the button
Seat 1: ptolejmus ($10 in chips) 
Seat 2: sutata ($100 in chips) 
Seat 3: fataleggs13 ($75 in chips) 
Seat 4: Ariel_Amestica ($82.98 in chips) 
Seat 5: rrrro ($100 in chips) 
Seat 6: B1GBankroll ($101.50 in chips) 
sutata: posts small blind $0.50
fataleggs13: posts big blind $1
*** HOLE CARDS ***
Ariel_Amestica: folds 
rrrro: raises $1 to $2
B1GBankroll: raises $5.40 to $7.40
ptolejmus: folds 
sutata: folds 
fataleggs13: folds 
rrrro: folds 
Uncalled bet ($5.40) returned to B1GBankroll
B1GBankroll collected $5.50 from pot
B1GBankroll: doesn't show hand 
*** SUMMARY ***
Total pot $5.50 | Rake $0 
Seat 1: ptolejmus (button) folded before Flop (didn't bet)
Seat 2: sutata (small blind) folded before Flop
Seat 3: fataleggs13 (big blind) folded before Flop
Seat 4: Ariel_Amestica folded before Flop (didn't bet)
Seat 5: rrrro folded before Flop
Seat 6: B1GBankroll collected ($5.50)



PokerStars Hand #254461223516:  Hold'em No Limit ($0.50/$1.00 USD) - 2025/01/20 3:34:54 WET [2025/01/19 22:34:54 ET]
Table 'Rollandia III' 6-max Seat #2 is the button
Seat 1: ptolejmus ($10 in chips) 
Seat 2: sutata ($100 in chips) 
Seat 3: fataleggs13 ($75 in chips) 
Seat 4: Ariel_Amestica ($82.98 in chips) 
Seat 5: rrrro ($100 in chips) 
Seat 6: B1GBankroll ($105 in chips) 
fataleggs13: posts small blind $0.50
Ariel_Amestica: posts big blind $1
*** HOLE CARDS ***
rrrro: folds 
B1GBankroll: folds 
ptolejmus: folds 
sutata: raises $2 to $3
fataleggs13: folds 
Ariel_Amestica: folds 
Uncalled bet ($2) returned to sutata
sutata collected $2.50 from pot
sutata: doesn't show hand 
*** SUMMARY ***
Total pot $2.50 | Rake $0 
Seat 1: ptolejmus folded before Flop (didn't bet)
Seat 2: sutata (button) collected ($2.50)
Seat 3: fataleggs13 (small blind) folded before Flop
Seat 4: Ariel_Amestica (big blind) folded before Flop
Seat 5: rrrro folded before Flop (didn't bet)
Seat 6: B1GBankroll folded before Flop (didn't bet)



PokerStars Hand #254461225531:  Hold'em No Limit ($0.50/$1.00 USD) - 2025/01/20 3:35:07 WET [2025/01/19 22:35:07 ET]
Table 'Rollandia III' 6-max Seat #3 is the button
Seat 1: ptolejmus ($10 in chips) 
Seat 2: sutata ($101.50 in chips) 
Seat 3: fataleggs13 ($75 in chips) 
Seat 4: Ariel_Amestica ($81.98 in chips) 
Seat 5: rrrro ($100 in chips) 
Seat 6: B1GBankroll ($105 in chips) 
Ariel_Amestica: posts small blind $0.50
rrrro: posts big blind $1
*** HOLE CARDS ***
B1GBankroll: raises $1.50 to $2.50
ptolejmus: folds 
sutata: folds 
fataleggs13: folds 
Ariel_Amestica: calls $2
rrrro: folds 
*** FLOP *** [Qh Qc Qs]
Ariel_Amestica: checks 
B1GBankroll: bets $5.07
Ariel_Amestica: folds 
Uncalled bet ($5.07) returned to B1GBankroll
B1GBankroll collected $5.70 from pot
B1GBankroll: doesn't show hand 
*** SUMMARY ***
Total pot $6 | Rake $0.30 
Board [Qh Qc Qs]
Seat 1: ptolejmus folded before Flop (didn't bet)
Seat 2: sutata folded before Flop (didn't bet)
Seat 3: fataleggs13 (button) folded before Flop (didn't bet)
Seat 4: Ariel_Amestica (small blind) folded on the Flop
Seat 5: rrrro (big blind) folded before Flop
Seat 6: B1GBankroll collected ($5.70)



PokerStars Hand #254461230315:  Hold'em No Limit ($0.50/$1.00 USD) - 2025/01/20 3:35:38 WET [2025/01/19 22:35:38 ET]
Table 'Rollandia III' 6-max Seat #4 is the button
Seat 1: ptolejmus ($10 in chips) 
Seat 2: sutata ($101.50 in chips) 
Seat 3: fataleggs13 ($75 in chips) 
Seat 4: Ariel_Amestica ($79.48 in chips) 
Seat 5: rrrro ($100 in chips) 
Seat 6: B1GBankroll ($108.20 in chips) 
rrrro: posts small blind $0.50
B1GBankroll: posts big blind $1
*** HOLE CARDS ***
ptolejmus: folds 
sutata: folds 
fataleggs13: folds 
Ariel_Amestica: raises $1 to $2
rrrro: folds 
B1GBankroll: calls $1
*** FLOP *** [Js Kd 4s]
B1GBankroll: checks 
Ariel_Amestica: checks 
*** TURN *** [Js Kd 4s] [3s]
B1GBankroll: checks 
Ariel_Amestica: checks 
*** RIVER *** [Js Kd 4s 3s] [Ts]
B1GBankroll: bets $1.46
Ariel_Amestica: folds 
Uncalled bet ($1.46) returned to B1GBankroll
B1GBankroll collected $4.28 from pot
B1GBankroll: doesn't show hand 
*** SUMMARY ***
Total pot $4.50 | Rake $0.22 
Board [Js Kd 4s 3s Ts]
Seat 1: ptolejmus folded before Flop (didn't bet)
Seat 2: sutata folded before Flop (didn't bet)
Seat 3: fataleggs13 folded before Flop (didn't bet)
Seat 4: Ariel_Amestica (button) folded on the River
Seat 5: rrrro (small blind) folded before Flop
Seat 6: B1GBankroll (big blind) collected ($4.28)



PokerStars Hand #254461236687:  Hold'em No Limit ($0.50/$1.00 USD) - 2025/01/20 3:36:20 WET [2025/01/19 22:36:20 ET]
Table 'Rollandia III' 6-max Seat #5 is the button
Seat 1: ptolejmus ($10 in chips) 
Seat 2: sutata ($101.50 in chips) 
Seat 3: fataleggs13 ($75 in chips) 
Seat 4: Ariel_Amestica ($77.48 in chips) 
Seat 5: rrrro ($100 in chips) 
Seat 6: B1GBankroll ($110.48 in chips) 
B1GBankroll: posts small blind $0.50
ptolejmus: posts big blind $1
*** HOLE CARDS ***
sutata: raises $1.50 to $2.50
fataleggs13: folds 
Ariel_Amestica: folds 
rrrro: folds 
B1GBankroll: folds 
ptolejmus: folds 
Uncalled bet ($1.50) returned to sutata
sutata collected $2.50 from pot
sutata: doesn't show hand 
*** SUMMARY ***
Total pot $2.50 | Rake $0 
Seat 1: ptolejmus (big blind) folded before Flop
Seat 2: sutata collected ($2.50)
Seat 3: fataleggs13 folded before Flop (didn't bet)
Seat 4: Ariel_Amestica folded before Flop (didn't bet)
Seat 5: rrrro (button) folded before Flop (didn't bet)
Seat 6: B1GBankroll (small blind) folded before Flop



PokerStars Hand #254461239961:  Hold'em No Limit ($0.50/$1.00 USD) - 2025/01/20 3:36:42 WET [2025/01/19 22:36:42 ET]
Table 'Rollandia III' 6-max Seat #6 is the button
Seat 1: ptolejmus ($10 in chips) 
Seat 2: sutata ($103 in chips) 
Seat 3: fataleggs13 ($75 in chips) 
Seat 4: Ariel_Amestica ($77.48 in chips) 
Seat 5: rrrro ($100 in chips) 
Seat 6: B1GBankroll ($109.98 in chips) 
ptolejmus: posts small blind $0.50
sutata: posts big blind $1
*** HOLE CARDS ***
fataleggs13: raises $1.20 to $2.20
Ariel_Amestica: folds 
rrrro: folds 
B1GBankroll: folds 
ptolejmus: raises $7.80 to $10 and is all-in
sutata: raises $7.80 to $17.80
fataleggs13: folds 
Uncalled bet ($7.80) returned to sutata
*** FIRST FLOP *** [Jh Qh 4h]
*** FIRST TURN *** [Jh Qh 4h] [6h]
*** FIRST RIVER *** [Jh Qh 4h 6h] [Ks]
*** SECOND FLOP *** [5h Kc 7c]
*** SECOND TURN *** [5h Kc 7c] [8d]
*** SECOND RIVER *** [5h Kc 7c 8d] [2d]
*** FIRST SHOW DOWN ***
ptolejmus: shows [Qs Js] (two pair, Queens and Jacks)
sutata: shows [As Kh] (a flush, King high)
sutata collected $10.55 from pot
*** SECOND SHOW DOWN ***
ptolejmus: shows [Qs Js] (high card King)
sutata: shows [As Kh] (a pair of Kings)
sutata collected $10.54 from pot
*** SUMMARY ***
Total pot $22.20 | Rake $1.11 
Hand was run twice
FIRST Board [Jh Qh 4h 6h Ks]
SECOND Board [5h Kc 7c 8d 2d]
Seat 1: ptolejmus (small blind) showed [Qs Js] and lost with two pair, Queens and Jacks, and lost with high card King
Seat 2: sutata (big blind) showed [As Kh] and won ($10.55) with a flush, King high, and won ($10.54) with a pair of Kings
Seat 3: fataleggs13 folded before Flop
Seat 4: Ariel_Amestica folded before Flop (didn't bet)
Seat 5: rrrro folded before Flop (didn't bet)
Seat 6: B1GBankroll (button) folded before Flop (didn't bet)



PokerStars Hand #254461245649:  Hold'em No Limit ($0.50/$1.00 USD) - 2025/01/20 3:37:21 WET [2025/01/19 22:37:21 ET]
Table 'Rollandia III' 6-max Seat #1 is the button
Seat 1: ptolejmus ($10 in chips) 
Seat 2: sutata ($114.09 in chips) 
Seat 3: fataleggs13 ($75 in chips) 
Seat 4: Ariel_Amestica ($77.48 in chips) 
Seat 5: rrrro ($100 in chips) 
Seat 6: B1GBankroll ($109.98 in chips) 
sutata: posts small blind $0.50
fataleggs13: posts big blind $1
*** HOLE CARDS ***
Ariel_Amestica: raises $1 to $2
rrrro: folds 
B1GBankroll: folds 
ptolejmus: folds 
sutata: folds 
fataleggs13: calls $1
*** FLOP *** [8s Th 2c]
fataleggs13: checks 
Ariel_Amestica: bets $6
fataleggs13: folds 
Uncalled bet ($6) returned to Ariel_Amestica
Ariel_Amestica collected $4.28 from pot
*** SUMMARY ***
Total pot $4.50 | Rake $0.22 
Board [8s Th 2c]
Seat 1: ptolejmus (button) folded before Flop (didn't bet)
Seat 2: sutata (small blind) folded before Flop
Seat 3: fataleggs13 (big blind) folded on the Flop
Seat 4: Ariel_Amestica collected ($4.28)
Seat 5: rrrro folded before Flop (didn't bet)
Seat 6: B1GBankroll folded before Flop (didn't bet)



PokerStars Hand #254461249232:  Hold'em No Limit ($0.50/$1.00 USD) - 2025/01/20 3:37:46 WET [2025/01/19 22:37:46 ET]
Table 'Rollandia III' 6-max Seat #2 is the button
Seat 1: ptolejmus ($10 in chips) 
Seat 2: sutata ($113.59 in chips) 
Seat 3: fataleggs13 ($75 in chips) 
Seat 4: Ariel_Amestica ($79.76 in chips) 
Seat 5: rrrro ($100 in chips) 
Seat 6: B1GBankroll ($109.98 in chips) 
fataleggs13: posts small blind $0.50
Ariel_Amestica: posts big blind $1
*** HOLE CARDS ***
rrrro: raises $1 to $2
B1GBankroll: folds 
ptolejmus: folds 
sutata: raises $6.30 to $8.30
fataleggs13: folds 
Ariel_Amestica: folds 
rrrro: folds 
Uncalled bet ($6.30) returned to sutata
sutata collected $5.50 from pot
sutata: doesn't show hand 
*** SUMMARY ***
Total pot $5.50 | Rake $0 
Seat 1: ptolejmus folded before Flop (didn't bet)
Seat 2: sutata (button) collected ($5.50)
Seat 3: fataleggs13 (small blind) folded before Flop
Seat 4: Ariel_Amestica (big blind) folded before Flop
Seat 5: rrrro folded before Flop
Seat 6: B1GBankroll folded before Flop (didn't bet)



PokerStars Hand #254461253630:  Hold'em No Limit ($0.50/$1.00 USD) - 2025/01/20 3:38:16 WET [2025/01/19 22:38:16 ET]
Table 'Rollandia III' 6-max Seat #3 is the button
Seat 1: ptolejmus ($10 in chips) 
Seat 2: sutata ($117.09 in chips) 
Seat 3: fataleggs13 ($75 in chips) 
Seat 4: Ariel_Amestica ($78.76 in chips) 
Seat 5: rrrro ($100 in chips) 
Seat 6: B1GBankroll ($109.98 in chips) 
Ariel_Amestica: posts small blind $0.50
rrrro: posts big blind $1
*** HOLE CARDS ***
B1GBankroll: folds 
ptolejmus: folds 
sutata: raises $1.50 to $2.50
fataleggs13: folds 
Ariel_Amestica: folds 
rrrro: folds 
Uncalled bet ($1.50) returned to sutata
sutata collected $2.50 from pot
sutata: doesn't show hand 
*** SUMMARY ***
Total pot $2.50 | Rake $0 
Seat 1: ptolejmus folded before Flop (didn't bet)
Seat 2: sutata collected ($2.50)
Seat 3: fataleggs13 (button) folded before Flop (didn't bet)
Seat 4: Ariel_Amestica (small blind) folded before Flop
Seat 5: rrrro (big blind) folded before Flop
Seat 6: B1GBankroll folded before Flop (didn't bet)



PokerStars Hand #254461256889:  Hold'em No Limit ($0.50/$1.00 USD) - 2025/01/20 3:38:38 WET [2025/01/19 22:38:38 ET]
Table 'Rollandia III' 6-max Seat #4 is the button
Seat 1: ptolejmus ($10 in chips) 
Seat 2: sutata ($118.59 in chips) 
Seat 3: fataleggs13 ($75 in chips) 
Seat 4: Ariel_Amestica ($78.26 in chips) 
Seat 5: rrrro ($100 in chips) 
Seat 6: B1GBankroll ($109.98 in chips) 
rrrro: posts small blind $0.50
B1GBankroll: posts big blind $1
*** HOLE CARDS ***
ptolejmus: folds 
sutata: raises $1.50 to $2.50
fataleggs13: folds 
Ariel_Amestica: calls $2.50
rrrro: folds 
B1GBankroll: folds 
*** FLOP *** [8c 4c Jd]
sutata: bets $2.06
Ariel_Amestica: calls $2.06
*** TURN *** [8c 4c Jd] [Qh]
sutata: checks 
Ariel_Amestica: checks 
*** RIVER *** [8c 4c Jd Qh] [6s]
sutata: checks 
Ariel_Amestica: bets $16.09
sutata: folds 
Uncalled bet ($16.09) returned to Ariel_Amestica
Ariel_Amestica collected $10.09 from pot
*** SUMMARY ***
Total pot $10.62 | Rake $0.53 
Board [8c 4c Jd Qh 6s]
Seat 1: ptolejmus folded before Flop (didn't bet)
Seat 2: sutata folded on the River
Seat 3: fataleggs13 folded before Flop (didn't bet)
Seat 4: Ariel_Amestica (button) collected ($10.09)
Seat 5: rrrro (small blind) folded before Flop
Seat 6: B1GBankroll (big blind) folded before Flop



PokerStars Hand #254461264274:  Hold'em No Limit ($0.50/$1.00 USD) - 2025/01/20 3:39:30 WET [2025/01/19 22:39:30 ET]
Table 'Rollandia III' 6-max Seat #5 is the button
Seat 1: ptolejmus ($10 in chips) 
Seat 2: sutata ($114.03 in chips) 
Seat 3: fataleggs13 ($75 in chips) 
Seat 4: Ariel_Amestica ($83.79 in chips) 
Seat 5: rrrro ($100 in chips) 
Seat 6: B1GBankroll ($108.98 in chips) 
B1GBankroll: posts small blind $0.50
ptolejmus: posts big blind $1
*** HOLE CARDS ***
sutata: folds 
fataleggs13: folds 
Ariel_Amestica: folds 
rrrro: raises $1.50 to $2.50
B1GBankroll: raises $8.75 to $11.25
ptolejmus: folds 
rrrro: folds 
Uncalled bet ($8.75) returned to B1GBankroll
B1GBankroll collected $6 from pot
B1GBankroll: doesn't show hand 
*** SUMMARY ***
Total pot $6 | Rake $0 
Seat 1: ptolejmus (big blind) folded before Flop
Seat 2: sutata folded before Flop (didn't bet)
Seat 3: fataleggs13 folded before Flop (didn't bet)
Seat 4: Ariel_Amestica folded before Flop (didn't bet)
Seat 5: rrrro (button) folded before Flop
Seat 6: B1GBankroll (small blind) collected ($6)



PokerStars Hand #254461268603:  Hold'em No Limit ($0.50/$1.00 USD) - 2025/01/20 3:40:00 WET [2025/01/19 22:40:00 ET]
Table 'Rollandia III' 6-max Seat #6 is the button
Seat 1: ptolejmus ($10 in chips) 
Seat 2: sutata ($114.03 in chips) 
Seat 3: fataleggs13 ($75 in chips) 
Seat 4: Ariel_Amestica ($83.79 in chips) 
Seat 5: rrrro ($100 in chips) 
Seat 6: B1GBankroll ($112.48 in chips) 
ptolejmus: posts small blind $0.50
sutata: posts big blind $1
*** HOLE CARDS ***
fataleggs13: folds 
Ariel_Amestica: folds 
rrrro: folds 
B1GBankroll: folds 
ptolejmus: raises $9 to $10 and is all-in
sutata: folds 
Uncalled bet ($9) returned to ptolejmus
ptolejmus collected $2 from pot
*** SUMMARY ***
Total pot $2 | Rake $0 
Seat 1: ptolejmus (small blind) collected ($2)
Seat 2: sutata (big blind) folded before Flop
Seat 3: fataleggs13 folded before Flop (didn't bet)
Seat 4: Ariel_Amestica folded before Flop (didn't bet)
Seat 5: rrrro folded before Flop (didn't bet)
Seat 6: B1GBankroll (button) folded before Flop (didn't bet)



PokerStars Hand #254461274418:  Hold'em No Limit ($0.50/$1.00 USD) - 2025/01/20 3:40:41 WET [2025/01/19 22:40:41 ET]
Table 'Rollandia III' 6-max Seat #1 is the button
Seat 1: ptolejmus ($11 in chips) 
Seat 2: sutata ($113.03 in chips) 
Seat 3: fataleggs13 ($75 in chips) 
Seat 4: Ariel_Amestica ($83.79 in chips) 
Seat 5: rrrro ($100 in chips) 
Seat 6: B1GBankroll ($112.48 in chips) 
sutata: posts small blind $0.50
fataleggs13: posts big blind $1
*** HOLE CARDS ***
Ariel_Amestica: folds 
rrrro: raises $1 to $2
B1GBankroll: folds 
ptolejmus: folds 
sutata: folds 
fataleggs13: folds 
Uncalled bet ($1) returned to rrrro
rrrro collected $2.50 from pot
rrrro: doesn't show hand 
*** SUMMARY ***
Total pot $2.50 | Rake $0 
Seat 1: ptolejmus (button) folded before Flop (didn't bet)
Seat 2: sutata (small blind) folded before Flop
Seat 3: fataleggs13 (big blind) folded before Flop
Seat 4: Ariel_Amestica folded before Flop (didn't bet)
Seat 5: rrrro collected ($2.50)
Seat 6: B1GBankroll folded before Flop (didn't bet)



PokerStars Hand #254461276438:  Hold'em No Limit ($0.50/$1.00 USD) - 2025/01/20 3:40:55 WET [2025/01/19 22:40:55 ET]
Table 'Rollandia III' 6-max Seat #2 is the button
Seat 1: ptolejmus ($11 in chips) 
Seat 2: sutata ($112.53 in chips) 
Seat 3: fataleggs13 ($75 in chips) 
Seat 4: Ariel_Amestica ($83.79 in chips) 
Seat 5: rrrro ($101.50 in chips) 
Seat 6: B1GBankroll ($112.48 in chips) 
fataleggs13: posts small blind $0.50
Ariel_Amestica: posts big blind $1
*** HOLE CARDS ***
rrrro: folds 
B1GBankroll: folds 
ptolejmus: folds 
sutata: raises $2 to $3
fataleggs13: folds 
Ariel_Amestica: folds 
Uncalled bet ($2) returned to sutata
sutata collected $2.50 from pot
sutata: doesn't show hand 
*** SUMMARY ***
Total pot $2.50 | Rake $0 
Seat 1: ptolejmus folded before Flop (didn't bet)
Seat 2: sutata (button) collected ($2.50)
Seat 3: fataleggs13 (small blind) folded before Flop
Seat 4: Ariel_Amestica (big blind) folded before Flop
Seat 5: rrrro folded before Flop (didn't bet)
Seat 6: B1GBankroll folded before Flop (didn't bet)



PokerStars Hand #254461278733:  Hold'em No Limit ($0.50/$1.00 USD) - 2025/01/20 3:41:12 WET [2025/01/19 22:41:12 ET]
Table 'Rollandia III' 6-max Seat #3 is the button
Seat 1: ptolejmus ($11 in chips) 
Seat 2: sutata ($114.03 in chips) 
Seat 3: fataleggs13 ($75 in chips) 
Seat 4: Ariel_Amestica ($82.79 in chips) 
Seat 5: rrrro ($101.50 in chips) 
Seat 6: B1GBankroll ($112.48 in chips) 
Ariel_Amestica: posts small blind $0.50
rrrro: posts big blind $1
*** HOLE CARDS ***
B1GBankroll: raises $1.50 to $2.50
ptolejmus: folds 
sutata: folds 
fataleggs13: folds 
Ariel_Amestica: folds 
rrrro: calls $1.50
*** FLOP *** [Jd 4h 5c]
rrrro: checks 
B1GBankroll: bets $2.56
rrrro: raises $7.75 to $10.31
B1GBankroll: folds 
Uncalled bet ($7.75) returned to rrrro
rrrro collected $10.09 from pot
rrrro: doesn't show hand 
*** SUMMARY ***
Total pot $10.62 | Rake $0.53 
Board [Jd 4h 5c]
Seat 1: ptolejmus folded before Flop (didn't bet)
Seat 2: sutata folded before Flop (didn't bet)
Seat 3: fataleggs13 (button) folded before Flop (didn't bet)
Seat 4: Ariel_Amestica (small blind) folded before Flop
Seat 5: rrrro (big blind) collected ($10.09)
Seat 6: B1GBankroll folded on the Flop



PokerStars Hand #254461287956:  Hold'em No Limit ($0.50/$1.00 USD) - 2025/01/20 3:42:18 WET [2025/01/19 22:42:18 ET]
Table 'Rollandia III' 6-max Seat #4 is the button
Seat 1: ptolejmus ($11 in chips) 
Seat 2: sutata ($114.03 in chips) 
Seat 3: fataleggs13 ($75 in chips) 
Seat 4: Ariel_Amestica ($82.29 in chips) 
Seat 5: rrrro ($106.53 in chips) 
Seat 6: B1GBankroll ($107.42 in chips) 
rrrro: posts small blind $0.50
B1GBankroll: posts big blind $1
*** HOLE CARDS ***
ptolejmus: folds 
sutata: folds 
fataleggs13: raises $1.20 to $2.20
Ariel_Amestica: folds 
ptolejmus leaves the table
shootingGRID joins the table at seat #1 
rrrro: folds 
B1GBankroll: folds 
Uncalled bet ($1.20) returned to fataleggs13
fataleggs13 collected $2.50 from pot
fataleggs13: doesn't show hand 
*** SUMMARY ***
Total pot $2.50 | Rake $0 
Seat 1: ptolejmus folded before Flop (didn't bet)
Seat 2: sutata folded before Flop (didn't bet)
Seat 3: fataleggs13 collected ($2.50)
Seat 4: Ariel_Amestica (button) folded before Flop (didn't bet)
Seat 5: rrrro (small blind) folded before Flop
Seat 6: B1GBankroll (big blind) folded before Flop



PokerStars Hand #254461291481:  Hold'em No Limit ($0.50/$1.00 USD) - 2025/01/20 3:42:44 WET [2025/01/19 22:42:44 ET]
Table 'Rollandia III' 6-max Seat #5 is the button
Seat 1: shootingGRID ($100 in chips) 
Seat 2: sutata ($114.03 in chips) 
Seat 3: fataleggs13 ($76.50 in chips) 
Seat 4: Ariel_Amestica ($82.29 in chips) 
Seat 5: rrrro ($106.03 in chips) 
Seat 6: B1GBankroll ($106.42 in chips) 
B1GBankroll: posts small blind $0.50
shootingGRID: posts big blind $1
*** HOLE CARDS ***
sutata: folds 
fataleggs13: folds 
Ariel_Amestica: raises $1 to $2
rrrro: folds 
B1GBankroll: folds 
shootingGRID: calls $1
*** FLOP *** [4d Kd Ac]
shootingGRID: checks 
Ariel_Amestica: bets $6
shootingGRID: calls $6
*** TURN *** [4d Kd Ac] [9s]
shootingGRID: checks 
Ariel_Amestica: bets $20.68
shootingGRID: folds 
Uncalled bet ($20.68) returned to Ariel_Amestica
Ariel_Amestica collected $15.68 from pot
*** SUMMARY ***
Total pot $16.50 | Rake $0.82 
Board [4d Kd Ac 9s]
Seat 1: shootingGRID (big blind) folded on the Turn
Seat 2: sutata folded before Flop (didn't bet)
Seat 3: fataleggs13 folded before Flop (didn't bet)
Seat 4: Ariel_Amestica collected ($15.68)
Seat 5: rrrro (button) folded before Flop (didn't bet)
Seat 6: B1GBankroll (small blind) folded before Flop



PokerStars Hand #254461303735:  Hold'em No Limit ($0.50/$1.00 USD) - 2025/01/20 3:44:12 WET [2025/01/19 22:44:12 ET]
Table 'Rollandia III' 6-max Seat #6 is the button
Seat 1: shootingGRID ($100 in chips) 
Seat 2: sutata ($114.03 in chips) 
Seat 3: fataleggs13 ($76.50 in chips) 
Seat 4: Ariel_Amestica ($89.97 in chips) 
Seat 5: rrrro ($106.03 in chips) 
Seat 6: B1GBankroll ($105.92 in chips) 
shootingGRID: posts small blind $0.50
sutata: posts big blind $1
*** HOLE CARDS ***
fataleggs13: folds 
Ariel_Amestica: folds 
rrrro: folds 
B1GBankroll: raises $1.50 to $2.50
shootingGRID: folds 
sutata: folds 
Uncalled bet ($1.50) returned to B1GBankroll
B1GBankroll collected $2.50 from pot
B1GBankroll: doesn't show hand 
*** SUMMARY ***
Total pot $2.50 | Rake $0 
Seat 1: shootingGRID (small blind) folded before Flop
Seat 2: sutata (big blind) folded before Flop
Seat 3: fataleggs13 folded before Flop (didn't bet)
Seat 4: Ariel_Amestica folded before Flop (didn't bet)
Seat 5: rrrro folded before Flop (didn't bet)
Seat 6: B1GBankroll (button) collected ($2.50)



PokerStars Hand #254461307030:  Hold'em No Limit ($0.50/$1.00 USD) - 2025/01/20 3:44:36 WET [2025/01/19 22:44:36 ET]
Table 'Rollandia III' 6-max Seat #1 is the button
Seat 3: fataleggs13 ($76.50 in chips) is sitting out
Seat 1: shootingGRID ($100 in chips) 
Seat 2: sutata ($113.03 in chips) 
Seat 4: Ariel_Amestica ($89.97 in chips) 
Seat 5: rrrro ($106.03 in chips) 
Seat 6: B1GBankroll ($107.42 in chips) 
sutata: posts small blind $0.50
fataleggs13: is sitting out 
Ariel_Amestica: posts big blind $1
*** HOLE CARDS ***
fataleggs13 leaves the table
rrrro: folds 
B1GBankroll: folds 
shootingGRID: folds 
sutata: folds 
Uncalled bet ($0.50) returned to Ariel_Amestica
Ariel_Amestica collected $1 from pot
*** SUMMARY ***
Total pot $1 | Rake $0 
Seat 3: fataleggs13
Seat 1: shootingGRID (button) folded before Flop (didn't bet)
Seat 2: sutata (small blind) folded before Flop
Seat 4: Ariel_Amestica (big blind) collected ($1)
Seat 5: rrrro folded before Flop (didn't bet)
Seat 6: B1GBankroll folded before Flop (didn't bet)



PokerStars Hand #254461309787:  Hold'em No Limit ($0.50/$1.00 USD) - 2025/01/20 3:44:57 WET [2025/01/19 22:44:57 ET]
Table 'Rollandia III' 6-max Seat #2 is the button
Seat 1: shootingGRID ($100 in chips) 
Seat 2: sutata ($112.53 in chips) 
Seat 4: Ariel_Amestica ($90.47 in chips) 
Seat 5: rrrro ($106.03 in chips) 
Seat 6: B1GBankroll ($107.42 in chips) 
Ariel_Amestica: posts small blind $0.50
rrrro: posts big blind $1
*** HOLE CARDS ***
B1GBankroll: folds 
shootingGRID: folds 
sutata: raises $2 to $3
Ariel_Amestica: folds 
rrrro: folds 
Uncalled bet ($2) returned to sutata
sutata collected $2.50 from pot
sutata: doesn't show hand 
*** SUMMARY ***
Total pot $2.50 | Rake $0 
Seat 1: shootingGRID folded before Flop (didn't bet)
Seat 2: sutata (button) collected ($2.50)
Seat 4: Ariel_Amestica (small blind) folded before Flop
Seat 5: rrrro (big blind) folded before Flop
Seat 6: B1GBankroll folded before Flop (didn't bet)



PokerStars Hand #254461312130:  Hold'em No Limit ($0.50/$1.00 USD) - 2025/01/20 3:45:14 WET [2025/01/19 22:45:14 ET]
Table 'Rollandia III' 6-max Seat #4 is the button
Seat 1: shootingGRID ($100 in chips) 
Seat 2: sutata ($114.03 in chips) 
Seat 4: Ariel_Amestica ($89.97 in chips) 
Seat 5: rrrro ($105.03 in chips) 
Seat 6: B1GBankroll ($107.42 in chips) 
rrrro: posts small blind $0.50
B1GBankroll: posts big blind $1
*** HOLE CARDS ***
shootingGRID: raises $1.25 to $2.25
sutata: folds 
Ariel_Amestica: calls $2.25
rrrro: folds 
B1GBankroll: folds 
*** FLOP *** [7c 4d Qh]
shootingGRID: bets $1.88
Ariel_Amestica: raises $9.46 to $11.34
shootingGRID: folds 
Uncalled bet ($9.46) returned to Ariel_Amestica
Ariel_Amestica collected $9.27 from pot
*** SUMMARY ***
Total pot $9.76 | Rake $0.49 
Board [7c 4d Qh]
Seat 1: shootingGRID folded on the Flop
Seat 2: sutata folded before Flop (didn't bet)
Seat 4: Ariel_Amestica (button) collected ($9.27)
Seat 5: rrrro (small blind) folded before Flop
Seat 6: B1GBankroll (big blind) folded before Flop



PokerStars Hand #254461316334:  Hold'em No Limit ($0.50/$1.00 USD) - 2025/01/20 3:45:45 WET [2025/01/19 22:45:45 ET]
Table 'Rollandia III' 6-max Seat #5 is the button
Seat 1: shootingGRID ($100 in chips) 
Seat 2: sutata ($114.03 in chips) 
Seat 4: Ariel_Amestica ($95.11 in chips) 
Seat 5: rrrro ($104.53 in chips) 
Seat 6: B1GBankroll ($106.42 in chips) 
B1GBankroll: posts small blind $0.50
shootingGRID: posts big blind $1
*** HOLE CARDS ***
sutata: folds 
Ariel_Amestica: folds 
rrrro: raises $1.50 to $2.50
B1GBankroll: folds 
shootingGRID: folds 
Uncalled bet ($1.50) returned to rrrro
rrrro collected $2.50 from pot
rrrro: doesn't show hand 
*** SUMMARY ***
Total pot $2.50 | Rake $0 
Seat 1: shootingGRID (big blind) folded before Flop
Seat 2: sutata folded before Flop (didn't bet)
Seat 4: Ariel_Amestica folded before Flop (didn't bet)
Seat 5: rrrro (button) collected ($2.50)
Seat 6: B1GBankroll (small blind) folded before Flop



PokerStars Hand #254461318593:  Hold'em No Limit ($0.50/$1.00 USD) - 2025/01/20 3:46:02 WET [2025/01/19 22:46:02 ET]
Table 'Rollandia III' 6-max Seat #6 is the button
Seat 1: shootingGRID ($100 in chips) 
Seat 2: sutata ($114.03 in chips) 
Seat 4: Ariel_Amestica ($95.11 in chips) 
Seat 5: rrrro ($106.03 in chips) 
Seat 6: B1GBankroll ($105.92 in chips) 
shootingGRID: posts small blind $0.50
sutata: posts big blind $1
*** HOLE CARDS ***
Ariel_Amestica: folds 
rrrro: folds 
B1GBankroll: raises $1.50 to $2.50
shootingGRID: folds 
sutata: calls $1.50
*** FLOP *** [5s 6d 3d]
sutata: checks 
B1GBankroll: bets $4.65
sutata: calls $4.65
*** TURN *** [5s 6d 3d] [Th]
sutata: checks 
B1GBankroll: bets $12.51
sutata: folds 
Uncalled bet ($12.51) returned to B1GBankroll
B1GBankroll collected $14.06 from pot
B1GBankroll: doesn't show hand 
*** SUMMARY ***
Total pot $14.80 | Rake $0.74 
Board [5s 6d 3d Th]
Seat 1: shootingGRID (small blind) folded before Flop
Seat 2: sutata (big blind) folded on the Turn
Seat 4: Ariel_Amestica folded before Flop (didn't bet)
Seat 5: rrrro folded before Flop (didn't bet)
Seat 6: B1GBankroll (button) collected ($14.06)



PokerStars Hand #254461329712:  Hold'em No Limit ($0.50/$1.00 USD) - 2025/01/20 3:47:26 WET [2025/01/19 22:47:26 ET]
Table 'Rollandia III' 6-max Seat #1 is the button
Seat 1: shootingGRID ($100 in chips) 
Seat 2: sutata ($106.88 in chips) 
Seat 4: Ariel_Amestica ($95.11 in chips) 
Seat 5: rrrro ($106.03 in chips) 
Seat 6: B1GBankroll ($112.83 in chips) 
sutata: posts small blind $0.50
Ariel_Amestica: posts big blind $1
*** HOLE CARDS ***
rrrro: folds 
B1GBankroll: raises $1.50 to $2.50
shootingGRID: folds 
sutata: folds 
Ariel_Amestica: folds 
Uncalled bet ($1.50) returned to B1GBankroll
B1GBankroll collected $2.50 from pot
B1GBankroll: doesn't show hand 
*** SUMMARY ***
Total pot $2.50 | Rake $0 
Seat 1: shootingGRID (button) folded before Flop (didn't bet)
Seat 2: sutata (small blind) folded before Flop
Seat 4: Ariel_Amestica (big blind) folded before Flop
Seat 5: rrrro folded before Flop (didn't bet)
Seat 6: B1GBankroll collected ($2.50)



PokerStars Hand #254461333420:  Hold'em No Limit ($0.50/$1.00 USD) - 2025/01/20 3:47:54 WET [2025/01/19 22:47:54 ET]
Table 'Rollandia III' 6-max Seat #2 is the button
Seat 1: shootingGRID ($100 in chips) 
Seat 2: sutata ($106.38 in chips) 
Seat 4: Ariel_Amestica ($94.11 in chips) 
Seat 5: rrrro ($106.03 in chips) 
Seat 6: B1GBankroll ($114.33 in chips) 
Ariel_Amestica: posts small blind $0.50
rrrro: posts big blind $1
*** HOLE CARDS ***
B1GBankroll: folds 
shootingGRID: folds 
sutata: folds 
Ariel_Amestica: raises $1 to $2
rrrro: folds 
Uncalled bet ($1) returned to Ariel_Amestica
Ariel_Amestica collected $2 from pot
*** SUMMARY ***
Total pot $2 | Rake $0 
Seat 1: shootingGRID folded before Flop (didn't bet)
Seat 2: sutata (button) folded before Flop (didn't bet)
Seat 4: Ariel_Amestica (small blind) collected ($2)
Seat 5: rrrro (big blind) folded before Flop
Seat 6: B1GBankroll folded before Flop (didn't bet)



PokerStars Hand #254461336499:  Hold'em No Limit ($0.50/$1.00 USD) - 2025/01/20 3:48:17 WET [2025/01/19 22:48:17 ET]
Table 'Rollandia III' 6-max Seat #4 is the button
Seat 1: shootingGRID ($100 in chips) 
Seat 2: sutata ($106.38 in chips) 
Seat 4: Ariel_Amestica ($95.11 in chips) 
Seat 5: rrrro ($105.03 in chips) 
Seat 6: B1GBankroll ($114.33 in chips) 
rrrro: posts small blind $0.50
B1GBankroll: posts big blind $1
*** HOLE CARDS ***
shootingGRID: folds 
sutata: folds 
Ariel_Amestica: raises $1 to $2
rrrro: folds 
B1GBankroll: folds 
Uncalled bet ($1) returned to Ariel_Amestica
Ariel_Amestica collected $2.50 from pot
*** SUMMARY ***
Total pot $2.50 | Rake $0 
Seat 1: shootingGRID folded before Flop (didn't bet)
Seat 2: sutata folded before Flop (didn't bet)
Seat 4: Ariel_Amestica (button) collected ($2.50)
Seat 5: rrrro (small blind) folded before Flop
Seat 6: B1GBankroll (big blind) folded before Flop



PokerStars Hand #254461339118:  Hold'em No Limit ($0.50/$1.00 USD) - 2025/01/20 3:48:37 WET [2025/01/19 22:48:37 ET]
Table 'Rollandia III' 6-max Seat #5 is the button
Seat 1: shootingGRID ($100 in chips) 
Seat 2: sutata ($106.38 in chips) 
Seat 4: Ariel_Amestica ($96.61 in chips) 
Seat 5: rrrro ($104.53 in chips) 
Seat 6: B1GBankroll ($113.33 in chips) 
B1GBankroll: posts small blind $0.50
shootingGRID: posts big blind $1
*** HOLE CARDS ***
sutata: folds 
Ariel_Amestica: folds 
rrrro: raises $1.50 to $2.50
B1GBankroll: folds 
shootingGRID: raises $10 to $12.50
rrrro: calls $10
*** FLOP *** [5h 5s Ah]
shootingGRID: bets $2.50
rrrro: calls $2.50
*** TURN *** [5h 5s Ah] [6s]
shootingGRID: checks 
rrrro: checks 
*** RIVER *** [5h 5s Ah 6s] [4h]
shootingGRID: checks 
rrrro: bets $14.49
shootingGRID: folds 
Uncalled bet ($14.49) returned to rrrro
rrrro collected $28.98 from pot
rrrro: doesn't show hand 
*** SUMMARY ***
Total pot $30.50 | Rake $1.52 
Board [5h 5s Ah 6s 4h]
Seat 1: shootingGRID (big blind) folded on the River
Seat 2: sutata folded before Flop (didn't bet)
Seat 4: Ariel_Amestica folded before Flop (didn't bet)
Seat 5: rrrro (button) collected ($28.98)
Seat 6: B1GBankroll (small blind) folded before Flop



PokerStars Hand #254461353470:  Hold'em No Limit ($0.50/$1.00 USD) - 2025/01/20 3:50:29 WET [2025/01/19 22:50:29 ET]
Table 'Rollandia III' 6-max Seat #6 is the button
Seat 1: shootingGRID ($100 in chips) 
Seat 2: sutata ($106.38 in chips) 
Seat 4: Ariel_Amestica ($96.61 in chips) 
Seat 5: rrrro ($118.51 in chips) 
Seat 6: B1GBankroll ($112.83 in chips) 
shootingGRID: posts small blind $0.50
sutata: posts big blind $1
*** HOLE CARDS ***
Ariel_Amestica: raises $1 to $2
rrrro: folds 
B1GBankroll: folds 
shootingGRID: folds 
sutata: folds 
Uncalled bet ($1) returned to Ariel_Amestica
Ariel_Amestica collected $2.50 from pot
*** SUMMARY ***
Total pot $2.50 | Rake $0 
Seat 1: shootingGRID (small blind) folded before Flop
Seat 2: sutata (big blind) folded before Flop
Seat 4: Ariel_Amestica collected ($2.50)
Seat 5: rrrro folded before Flop (didn't bet)
Seat 6: B1GBankroll (button) folded before Flop (didn't bet)



PokerStars Hand #254461355591:  Hold'em No Limit ($0.50/$1.00 USD) - 2025/01/20 3:50:45 WET [2025/01/19 22:50:45 ET]
Table 'Rollandia III' 6-max Seat #1 is the button
Seat 1: shootingGRID ($100 in chips) 
Seat 2: sutata ($105.38 in chips) 
Seat 4: Ariel_Amestica ($98.11 in chips) 
Seat 5: rrrro ($118.51 in chips) 
Seat 6: B1GBankroll ($112.83 in chips) 
sutata: posts small blind $0.50
Ariel_Amestica: posts big blind $1
*** HOLE CARDS ***
rrrro: folds 
B1GBankroll: folds 
shootingGRID: folds 
sutata: folds 
Uncalled bet ($0.50) returned to Ariel_Amestica
Ariel_Amestica collected $1 from pot
*** SUMMARY ***
Total pot $1 | Rake $0 
Seat 1: shootingGRID (button) folded before Flop (didn't bet)
Seat 2: sutata (small blind) folded before Flop
Seat 4: Ariel_Amestica (big blind) collected ($1)
Seat 5: rrrro folded before Flop (didn't bet)
Seat 6: B1GBankroll folded before Flop (didn't bet)



PokerStars Hand #254461358484:  Hold'em No Limit ($0.50/$1.00 USD) - 2025/01/20 3:51:07 WET [2025/01/19 22:51:07 ET]
Table 'Rollandia III' 6-max Seat #2 is the button
Seat 1: shootingGRID ($100 in chips) 
Seat 2: sutata ($104.88 in chips) 
Seat 4: Ariel_Amestica ($98.61 in chips) 
Seat 5: rrrro ($118.51 in chips) 
Seat 6: B1GBankroll ($112.83 in chips) 
Ariel_Amestica: posts small blind $0.50
rrrro: posts big blind $1
*** HOLE CARDS ***
B1GBankroll: folds 
shootingGRID: folds 
sutata: folds 
theyycallmekp joins the table at seat #3 
theyycallmekp is disconnected 
Ariel_Amestica: raises $1 to $2
rrrro: folds 
Uncalled bet ($1) returned to Ariel_Amestica
Ariel_Amestica collected $2 from pot
*** SUMMARY ***
Total pot $2 | Rake $0 
Seat 1: shootingGRID folded before Flop (didn't bet)
Seat 2: sutata (button) folded before Flop (didn't bet)
Seat 4: Ariel_Amestica (small blind) collected ($2)
Seat 5: rrrro (big blind) folded before Flop
Seat 6: B1GBankroll folded before Flop (didn't bet)



PokerStars Hand #254461363060:  Hold'em No Limit ($0.50/$1.00 USD) - 2025/01/20 3:51:43 WET [2025/01/19 22:51:43 ET]
Table 'Rollandia III' 6-max Seat #4 is the button
Seat 3: theyycallmekp ($23.49 in chips) is sitting out
Seat 1: shootingGRID ($100 in chips) 
Seat 2: sutata ($104.88 in chips) 
Seat 4: Ariel_Amestica ($99.61 in chips) 
Seat 5: rrrro ($117.51 in chips) 
Seat 6: B1GBankroll ($112.83 in chips) 
rrrro: posts small blind $0.50
B1GBankroll: posts big blind $1
theyycallmekp: sits out 
*** HOLE CARDS ***
shootingGRID: folds 
sutata: folds 
Ariel_Amestica: raises $1 to $2
rrrro: folds 
B1GBankroll: raises $7 to $9
Ariel_Amestica: folds 
Uncalled bet ($7) returned to B1GBankroll
B1GBankroll collected $4.50 from pot
B1GBankroll: doesn't show hand 
*** SUMMARY ***
Total pot $4.50 | Rake $0 
Seat 3: theyycallmekp
Seat 1: shootingGRID folded before Flop (didn't bet)
Seat 2: sutata folded before Flop (didn't bet)
Seat 4: Ariel_Amestica (button) folded before Flop
Seat 5: rrrro (small blind) folded before Flop
Seat 6: B1GBankroll (big blind) collected ($4.50)



PokerStars Hand #254461368476:  Hold'em No Limit ($0.50/$1.00 USD) - 2025/01/20 3:52:26 WET [2025/01/19 22:52:26 ET]
Table 'Rollandia III' 6-max Seat #5 is the button
Seat 3: theyycallmekp ($23.49 in chips) is sitting out
Seat 1: shootingGRID ($100 in chips) 
Seat 2: sutata ($104.88 in chips) 
Seat 4: Ariel_Amestica ($97.61 in chips) 
Seat 5: rrrro ($117.01 in chips) 
Seat 6: B1GBankroll ($115.33 in chips) 
B1GBankroll: posts small blind $0.50
shootingGRID: posts big blind $1
theyycallmekp: sits out 
*** HOLE CARDS ***
sutata: folds 
Ariel_Amestica: raises $1 to $2
rrrro: raises $4.50 to $6.50
B1GBankroll: raises $9.32 to $15.82
shootingGRID: folds 
Ariel_Amestica: folds 
rrrro: folds 
Uncalled bet ($9.32) returned to B1GBankroll
B1GBankroll collected $16 from pot
B1GBankroll: doesn't show hand 
*** SUMMARY ***
Total pot $16 | Rake $0 
Seat 3: theyycallmekp
Seat 1: shootingGRID (big blind) folded before Flop
Seat 2: sutata folded before Flop (didn't bet)
Seat 4: Ariel_Amestica folded before Flop
Seat 5: rrrro (button) folded before Flop
Seat 6: B1GBankroll (small blind) collected ($16)



PokerStars Hand #254461372309:  Hold'em No Limit ($0.50/$1.00 USD) - 2025/01/20 3:52:57 WET [2025/01/19 22:52:57 ET]
Table 'Rollandia III' 6-max Seat #6 is the button
Seat 3: theyycallmekp ($23.49 in chips) is sitting out
Seat 1: shootingGRID ($100 in chips) 
Seat 2: sutata ($104.88 in chips) 
Seat 4: Ariel_Amestica ($95.61 in chips) 
Seat 5: rrrro ($110.51 in chips) 
Seat 6: B1GBankroll ($124.83 in chips) 
shootingGRID: posts small blind $0.50
sutata: posts big blind $1
theyycallmekp: sits out 
*** HOLE CARDS ***
Ariel_Amestica: folds 
rrrro: raises $1.30 to $2.30
B1GBankroll: folds 
shootingGRID: folds 
sutata: folds 
Uncalled bet ($1.30) returned to rrrro
rrrro collected $2.50 from pot
rrrro: doesn't show hand 
*** SUMMARY ***
Total pot $2.50 | Rake $0 
Seat 3: theyycallmekp
Seat 1: shootingGRID (small blind) folded before Flop
Seat 2: sutata (big blind) folded before Flop
Seat 4: Ariel_Amestica folded before Flop (didn't bet)
Seat 5: rrrro collected ($2.50)
Seat 6: B1GBankroll (button) folded before Flop (didn't bet)



PokerStars Hand #254461376679:  Hold'em No Limit ($0.50/$1.00 USD) - 2025/01/20 3:53:32 WET [2025/01/19 22:53:32 ET]
Table 'Rollandia III' 6-max Seat #1 is the button
Seat 1: shootingGRID ($100 in chips) 
Seat 2: sutata ($103.88 in chips) 
Seat 3: theyycallmekp ($23.49 in chips) 
Seat 4: Ariel_Amestica ($95.61 in chips) 
Seat 5: rrrro ($112.01 in chips) 
Seat 6: B1GBankroll ($124.83 in chips) 
sutata: posts small blind $0.50
theyycallmekp: posts big blind $1
*** HOLE CARDS ***
Ariel_Amestica: folds 
rrrro: folds 
B1GBankroll: folds 
shootingGRID: raises $1.50 to $2.50
sutata: folds 
theyycallmekp: calls $1.50
*** FLOP *** [7h Ts 3d]
Ariel_Amestica leaves the table
theyycallmekp: checks 
m0nTTu joins the table at seat #4 
shootingGRID: bets $1.72
theyycallmekp: calls $1.72
*** TURN *** [7h Ts 3d] [5s]
theyycallmekp: checks 
shootingGRID: checks 
*** RIVER *** [7h Ts 3d 5s] [Kc]
theyycallmekp: bets $2
shootingGRID: calls $2
*** SHOW DOWN ***
theyycallmekp: shows [9d Ah] (high card Ace)
shootingGRID: shows [9h 5h] (a pair of Fives)
shootingGRID collected $12.29 from pot
*** SUMMARY ***
Total pot $12.94 | Rake $0.65 
Board [7h Ts 3d 5s Kc]
Seat 1: shootingGRID (button) showed [9h 5h] and won ($12.29) with a pair of Fives
Seat 2: sutata (small blind) folded before Flop
Seat 3: theyycallmekp (big blind) showed [9d Ah] and lost with high card Ace
Seat 4: Ariel_Amestica folded before Flop (didn't bet)
Seat 5: rrrro folded before Flop (didn't bet)
Seat 6: B1GBankroll folded before Flop (didn't bet)



PokerStars Hand #254461386662:  Hold'em No Limit ($0.50/$1.00 USD) - 2025/01/20 3:54:54 WET [2025/01/19 22:54:54 ET]
Table 'Rollandia III' 6-max Seat #2 is the button
Seat 1: shootingGRID ($106.07 in chips) 
Seat 2: sutata ($103.38 in chips) 
Seat 3: theyycallmekp ($17.27 in chips) 
Seat 4: m0nTTu ($10 in chips) 
Seat 5: rrrro ($112.01 in chips) 
Seat 6: B1GBankroll ($124.83 in chips) 
theyycallmekp: posts small blind $0.50
m0nTTu: posts big blind $1
*** HOLE CARDS ***
rrrro: raises $1 to $2
B1GBankroll: folds 
shootingGRID: folds 
sutata: folds 
theyycallmekp: raises $1 to $3
m0nTTu: folds 
rrrro: calls $1
*** FLOP *** [7h 7s 7d]
theyycallmekp: checks 
rrrro: checks 
*** TURN *** [7h 7s 7d] [Js]
theyycallmekp: bets $2
rrrro: folds 
Uncalled bet ($2) returned to theyycallmekp
theyycallmekp collected $6.65 from pot
*** SUMMARY ***
Total pot $7 | Rake $0.35 
Board [7h 7s 7d Js]
Seat 1: shootingGRID folded before Flop (didn't bet)
Seat 2: sutata (button) folded before Flop (didn't bet)
Seat 3: theyycallmekp (small blind) collected ($6.65)
Seat 4: m0nTTu (big blind) folded before Flop
Seat 5: rrrro folded on the Turn
Seat 6: B1GBankroll folded before Flop (didn't bet)



PokerStars Hand #254461392731:  Hold'em No Limit ($0.50/$1.00 USD) - 2025/01/20 3:55:50 WET [2025/01/19 22:55:50 ET]
Table 'Rollandia III' 6-max Seat #3 is the button
Seat 1: shootingGRID ($106.07 in chips) 
Seat 2: sutata ($103.38 in chips) 
Seat 3: theyycallmekp ($20.92 in chips) 
Seat 4: m0nTTu ($10 in chips) 
Seat 5: rrrro ($109.01 in chips) 
Seat 6: B1GBankroll ($124.83 in chips) 
m0nTTu: posts small blind $0.50
rrrro: posts big blind $1
*** HOLE CARDS ***
B1GBankroll: folds 
shootingGRID: folds 
sutata: folds 
theyycallmekp: folds 
m0nTTu: raises $9 to $10 and is all-in
rrrro: folds 
Uncalled bet ($9) returned to m0nTTu
m0nTTu collected $2 from pot
m0nTTu: doesn't show hand 
*** SUMMARY ***
Total pot $2 | Rake $0 
Seat 1: shootingGRID folded before Flop (didn't bet)
Seat 2: sutata folded before Flop (didn't bet)
Seat 3: theyycallmekp (button) folded before Flop (didn't bet)
Seat 4: m0nTTu (small blind) collected ($2)
Seat 5: rrrro (big blind) folded before Flop
Seat 6: B1GBankroll folded before Flop (didn't bet)



PokerStars Hand #254461395507:  Hold'em No Limit ($0.50/$1.00 USD) - 2025/01/20 3:56:15 WET [2025/01/19 22:56:15 ET]
Table 'Rollandia III' 6-max Seat #4 is the button
Seat 1: shootingGRID ($106.07 in chips) 
Seat 2: sutata ($103.38 in chips) 
Seat 3: theyycallmekp ($20.92 in chips) 
Seat 4: m0nTTu ($11 in chips) 
Seat 5: rrrro ($108.01 in chips) 
Seat 6: B1GBankroll ($124.83 in chips) 
rrrro: posts small blind $0.50
B1GBankroll: posts big blind $1
*** HOLE CARDS ***
shootingGRID: folds 
sutata: folds 
theyycallmekp: folds 
m0nTTu: raises $10 to $11 and is all-in
rrrro: folds 
B1GBankroll: calls $10
*** FIRST FLOP *** [Kh 5c 7h]
*** FIRST TURN *** [Kh 5c 7h] [Qd]
*** FIRST RIVER *** [Kh 5c 7h Qd] [Jc]
*** SECOND FLOP *** [Th 7d Td]
*** SECOND TURN *** [Th 7d Td] [5d]
*** SECOND RIVER *** [Th 7d Td 5d] [5s]
*** FIRST SHOW DOWN ***
B1GBankroll: shows [Ah Kc] (a pair of Kings)
m0nTTu: shows [Tc Kd] (a pair of Kings - lower kicker)
B1GBankroll collected $10.69 from pot
*** SECOND SHOW DOWN ***
B1GBankroll: shows [Ah Kc] (two pair, Tens and Fives)
m0nTTu: shows [Tc Kd] (a full house, Tens full of Fives)
m0nTTu collected $10.69 from pot
*** SUMMARY ***
Total pot $22.50 | Rake $1.12 
Hand was run twice
FIRST Board [Kh 5c 7h Qd Jc]
SECOND Board [Th 7d Td 5d 5s]
Seat 1: shootingGRID folded before Flop (didn't bet)
Seat 2: sutata folded before Flop (didn't bet)
Seat 3: theyycallmekp folded before Flop (didn't bet)
Seat 4: m0nTTu (button) showed [Tc Kd] and lost with a pair of Kings, and won ($10.69) with a full house, Tens full of Fives
Seat 5: rrrro (small blind) folded before Flop
Seat 6: B1GBankroll (big blind) showed [Ah Kc] and won ($10.69) with a pair of Kings, and lost with two pair, Tens and Fives



PokerStars Hand #254461398208:  Hold'em No Limit ($0.50/$1.00 USD) - 2025/01/20 3:56:41 WET [2025/01/19 22:56:41 ET]
Table 'Rollandia III' 6-max Seat #5 is the button
Seat 1: shootingGRID ($106.07 in chips) 
Seat 2: sutata ($103.38 in chips) 
Seat 3: theyycallmekp ($20.92 in chips) 
Seat 4: m0nTTu ($10.69 in chips) 
Seat 5: rrrro ($107.51 in chips) 
Seat 6: B1GBankroll ($124.52 in chips) 
B1GBankroll: posts small blind $0.50
shootingGRID: posts big blind $1
*** HOLE CARDS ***
sutata: folds 
theyycallmekp: folds 
m0nTTu: folds 
rrrro: raises $1.50 to $2.50
B1GBankroll: folds 
shootingGRID: raises $10.50 to $13
rrrro: folds 
Uncalled bet ($10.50) returned to shootingGRID
shootingGRID collected $5.50 from pot
*** SUMMARY ***
Total pot $5.50 | Rake $0 
Seat 1: shootingGRID (big blind) collected ($5.50)
Seat 2: sutata folded before Flop (didn't bet)
Seat 3: theyycallmekp folded before Flop (didn't bet)
Seat 4: m0nTTu folded before Flop (didn't bet)
Seat 5: rrrro (button) folded before Flop
Seat 6: B1GBankroll (small blind) folded before Flop



PokerStars Hand #254461402430:  Hold'em No Limit ($0.50/$1.00 USD) - 2025/01/20 3:57:20 WET [2025/01/19 22:57:20 ET]
Table 'Rollandia III' 6-max Seat #6 is the button
Seat 1: shootingGRID ($109.07 in chips) 
Seat 2: sutata ($103.38 in chips) 
Seat 3: theyycallmekp ($20.92 in chips) 
Seat 4: m0nTTu ($10.69 in chips) 
Seat 5: rrrro ($105.01 in chips) 
Seat 6: B1GBankroll ($124.02 in chips) 
shootingGRID: posts small blind $0.50
sutata: posts big blind $1
*** HOLE CARDS ***
theyycallmekp: calls $1
m0nTTu: folds 
rrrro: raises $1.30 to $2.30
B1GBankroll: folds 
shootingGRID: folds 
sutata: calls $1.30
theyycallmekp: calls $1.30
*** FLOP *** [5s Td Ts]
sutata: checks 
theyycallmekp: bets $5.03
rrrro: folds 
sutata: folds 
Uncalled bet ($5.03) returned to theyycallmekp
theyycallmekp collected $7.03 from pot
*** SUMMARY ***
Total pot $7.40 | Rake $0.37 
Board [5s Td Ts]
Seat 1: shootingGRID (small blind) folded before Flop
Seat 2: sutata (big blind) folded on the Flop
Seat 3: theyycallmekp collected ($7.03)
Seat 4: m0nTTu folded before Flop (didn't bet)
Seat 5: rrrro folded on the Flop
Seat 6: B1GBankroll (button) folded before Flop (didn't bet)



PokerStars Hand #254461407302:  Hold'em No Limit ($0.50/$1.00 USD) - 2025/01/20 3:58:08 WET [2025/01/19 22:58:08 ET]
Table 'Rollandia III' 6-max Seat #1 is the button
Seat 1: shootingGRID ($108.57 in chips) 
Seat 2: sutata ($101.08 in chips) 
Seat 3: theyycallmekp ($25.65 in chips) 
Seat 4: m0nTTu ($10.69 in chips) 
Seat 5: rrrro ($102.71 in chips) 
Seat 6: B1GBankroll ($124.02 in chips) 
sutata: posts small blind $0.50
theyycallmekp: posts big blind $1
*** HOLE CARDS ***
m0nTTu: folds 
rrrro: folds 
B1GBankroll: folds 
shootingGRID: raises $1.50 to $2.50
sutata: raises $9.80 to $12.30
theyycallmekp: folds 
shootingGRID: folds 
Uncalled bet ($9.80) returned to sutata
sutata collected $6 from pot
sutata: doesn't show hand 
*** SUMMARY ***
Total pot $6 | Rake $0 
Seat 1: shootingGRID (button) folded before Flop
Seat 2: sutata (small blind) collected ($6)
Seat 3: theyycallmekp (big blind) folded before Flop
Seat 4: m0nTTu folded before Flop (didn't bet)
Seat 5: rrrro folded before Flop (didn't bet)
Seat 6: B1GBankroll folded before Flop (didn't bet)



PokerStars Hand #254461434771:  Hold'em No Limit ($0.50/$1.00 USD) - 2025/01/20 4:02:19 WET [2025/01/19 23:02:19 ET]
Table 'Rollandia III' 6-max Seat #4 is the button
Seat 1: shootingGRID ($106.07 in chips) 
Seat 2: sutata ($104.58 in chips) 
Seat 3: theyycallmekp ($23.53 in chips) 
Seat 4: m0nTTu ($12 in chips) 
Seat 5: rrrro ($101.71 in chips) 
Seat 6: B1GBankroll ($125.52 in chips) 
rrrro: posts small blind $0.50
B1GBankroll: posts big blind $1
*** HOLE CARDS ***
shootingGRID: folds 
sutata: folds 
theyycallmekp: calls $1
m0nTTu: folds 
rrrro: calls $0.50
B1GBankroll: checks 
*** FLOP *** [8h 4c As]
rrrro: checks 
B1GBankroll: checks 
theyycallmekp: checks 
*** TURN *** [8h 4c As] [Kh]
rrrro: checks 
B1GBankroll: checks 
theyycallmekp: checks 
*** RIVER *** [8h 4c As Kh] [Qh]
rrrro: checks 
B1GBankroll: checks 
theyycallmekp: checks 
*** SHOW DOWN ***
rrrro: shows [Kc 7c] (a pair of Kings)
B1GBankroll: mucks hand 
theyycallmekp: mucks hand 
rrrro collected $2.85 from pot
*** SUMMARY ***
Total pot $3 | Rake $0.15 
Board [8h 4c As Kh Qh]
Seat 1: shootingGRID folded before Flop (didn't bet)
Seat 2: sutata folded before Flop (didn't bet)
Seat 3: theyycallmekp mucked
Seat 4: m0nTTu (button) folded before Flop (didn't bet)
Seat 5: rrrro (small blind) showed [Kc 7c] and won ($2.85) with a pair of Kings
Seat 6: B1GBankroll (big blind) mucked



PokerStars Hand #254461440801:  Hold'em No Limit ($0.50/$1.00 USD) - 2025/01/20 4:03:10 WET [2025/01/19 23:03:10 ET]
Table 'Rollandia III' 6-max Seat #5 is the button
Seat 1: shootingGRID ($106.07 in chips) 
Seat 2: sutata ($104.58 in chips) 
Seat 3: theyycallmekp ($22.53 in chips) 
Seat 4: m0nTTu ($12 in chips) 
Seat 5: rrrro ($103.56 in chips) 
Seat 6: B1GBankroll ($124.52 in chips) 
B1GBankroll: posts small blind $0.50
shootingGRID: posts big blind $1
*** HOLE CARDS ***
sutata: folds 
theyycallmekp: calls $1
m0nTTu: folds 
rrrro: folds 
B1GBankroll: raises $3.20 to $4.20
shootingGRID: folds 
theyycallmekp: folds 
Uncalled bet ($3.20) returned to B1GBankroll
B1GBankroll collected $3 from pot
B1GBankroll: doesn't show hand 
*** SUMMARY ***
Total pot $3 | Rake $0 
Seat 1: shootingGRID (big blind) folded before Flop
Seat 2: sutata folded before Flop (didn't bet)
Seat 3: theyycallmekp folded before Flop
Seat 4: m0nTTu folded before Flop (didn't bet)
Seat 5: rrrro (button) folded before Flop (didn't bet)
Seat 6: B1GBankroll (small blind) collected ($3)



PokerStars Hand #254461444842:  Hold'em No Limit ($0.50/$1.00 USD) - 2025/01/20 4:03:45 WET [2025/01/19 23:03:45 ET]
Table 'Rollandia III' 6-max Seat #6 is the button
Seat 1: shootingGRID ($105.07 in chips) 
Seat 2: sutata ($104.58 in chips) 
Seat 3: theyycallmekp ($21.53 in chips) 
Seat 4: m0nTTu ($12 in chips) 
Seat 5: rrrro ($103.56 in chips) 
Seat 6: B1GBankroll ($126.52 in chips) 
shootingGRID: posts small blind $0.50
sutata: posts big blind $1
*** HOLE CARDS ***
theyycallmekp: folds 
m0nTTu: folds 
rrrro: folds 
B1GBankroll: raises $1.50 to $2.50
shootingGRID: folds 
sutata: folds 
Uncalled bet ($1.50) returned to B1GBankroll
B1GBankroll collected $2.50 from pot
B1GBankroll: doesn't show hand 
*** SUMMARY ***
Total pot $2.50 | Rake $0 
Seat 1: shootingGRID (small blind) folded before Flop
Seat 2: sutata (big blind) folded before Flop
Seat 3: theyycallmekp folded before Flop (didn't bet)
Seat 4: m0nTTu folded before Flop (didn't bet)
Seat 5: rrrro folded before Flop (didn't bet)
Seat 6: B1GBankroll (button) collected ($2.50)



