PokerStars Hand #254468444010:  Hold'em No Limit ($0.50/$1.00 USD) - 2025/01/20 15:10:00 WET [2025/01/20 10:10:00 ET]
Table 'Pallas IV' 6-max Seat #6 is the button
Seat 3: poker_soul11 ($105.45 in chips) 
Seat 5: BGS013 ($100 in chips) 
Seat 6: Poker9803 ($100 in chips) 
poker_soul11: posts small blind $0.50
BGS013: posts big blind $1
*** HOLE CARDS ***
Poker9803: folds 
poker_soul11: raises $2 to $3
BGS013: calls $2
*** FLOP *** [6d 9h Ad]
poker_soul11: bets $1.88
BGS013: calls $1.88
*** TURN *** [6d 9h Ad] [Jc]
poker_soul11: checks 
BGS013: checks 
*** RIVER *** [6d 9h Ad Jc] [Ts]
poker_soul11: checks 
BGS013: checks 
*** SHOW DOWN ***
poker_soul11: shows [8h 9s] (a pair of Nines)
BGS013: shows [Kh Td] (a pair of Tens)
BGS013 collected $9.27 from pot
*** SUMMARY ***
Total pot $9.76 | Rake $0.49 
Board [6d 9h Ad Jc Ts]
Seat 3: poker_soul11 (small blind) showed [8h 9s] and lost with a pair of Nines
Seat 5: BGS013 (big blind) showed [Kh Td] and won ($9.27) with a pair of Tens
Seat 6: Poker9803 (button) folded before Flop (didn't bet)



PokerStars Hand #254468457073:  Hold'em No Limit ($0.50/$1.00 USD) - 2025/01/20 15:11:08 WET [2025/01/20 10:11:08 ET]
Table 'Pallas IV' 6-max Seat #5 is the button
Seat 6: Poker9803 ($100 in chips) is sitting out
Seat 3: poker_soul11 ($100.57 in chips) 
Seat 5: BGS013 ($104.39 in chips) 
BGS013: posts small blind $0.50
Poker9803: is sitting out 
poker_soul11: posts big blind $1
*** HOLE CARDS ***
BGS013: raises $1.50 to $2.50
Poker9803 leaves the table
poker_soul11: folds 
Uncalled bet ($1.50) returned to BGS013
BGS013 collected $2 from pot
BGS013: doesn't show hand 
*** SUMMARY ***
Total pot $2 | Rake $0 
Seat 6: Poker9803
Seat 3: poker_soul11 (big blind) folded before Flop
Seat 5: BGS013 (button) (small blind) collected ($2)



PokerStars Hand #254468460028:  Hold'em No Limit ($0.50/$1.00 USD) - 2025/01/20 15:11:24 WET [2025/01/20 10:11:24 ET]
Table 'Pallas IV' 6-max Seat #3 is the button
Seat 3: poker_soul11 ($100 in chips) 
Seat 5: BGS013 ($105.39 in chips) 
poker_soul11: posts small blind $0.50
BGS013: posts big blind $1
*** HOLE CARDS ***
poker_soul11: raises $1.50 to $2.50
BGS013: calls $1.50
*** FLOP *** [4c Qd 5h]
BGS013: checks 
poker_soul11: bets $3.14
BGS013: calls $3.14
*** TURN *** [4c Qd 5h] [Ad]
BGS013: checks 
poker_soul11: bets $13.40
BGS013: calls $13.40
*** RIVER *** [4c Qd 5h Ad] [Kc]
BGS013: checks 
poker_soul11: checks 
*** SHOW DOWN ***
BGS013: shows [6c 6s] (a pair of Sixes)
poker_soul11: shows [7d Kd] (a pair of Kings)
poker_soul11 collected $37.08 from pot
*** SUMMARY ***
Total pot $38.08 | Rake $1 
Board [4c Qd 5h Ad Kc]
Seat 3: poker_soul11 (button) (small blind) showed [7d Kd] and won ($37.08) with a pair of Kings
Seat 5: BGS013 (big blind) showed [6c 6s] and lost with a pair of Sixes



PokerStars Hand #254468548801:  Hold'em No Limit ($0.50/$1.00 USD) - 2025/01/20 15:18:50 WET [2025/01/20 10:18:50 ET]
Table 'Pallas IV' 6-max Seat #5 is the button
Seat 2: joaquin612 ($100 in chips) 
Seat 5: BGS013 ($100 in chips) 
BGS013: posts small blind $0.50
joaquin612: posts big blind $1
*** HOLE CARDS ***
poker_soul11 joins the table at seat #1 
BGS013: raises $1.50 to $2.50
joaquin612: folds 
Uncalled bet ($1.50) returned to BGS013
BGS013 collected $2 from pot
BGS013: doesn't show hand 
*** SUMMARY ***
Total pot $2 | Rake $0 
Seat 2: joaquin612 (big blind) folded before Flop
Seat 5: BGS013 (button) (small blind) collected ($2)



PokerStars Hand #254468550937:  Hold'em No Limit ($0.50/$1.00 USD) - 2025/01/20 15:19:00 WET [2025/01/20 10:19:00 ET]
Table 'Pallas IV' 6-max Seat #2 is the button
Seat 1: poker_soul11 ($118.04 in chips) 
Seat 2: joaquin612 ($100 in chips) 
Seat 5: BGS013 ($101 in chips) 
BGS013: posts small blind $0.50
poker_soul11: posts big blind $1
*** HOLE CARDS ***
joaquin612: folds 
BGS013: raises $2 to $3
poker_soul11: raises $7 to $10
BGS013: folds 
Uncalled bet ($7) returned to poker_soul11
poker_soul11 collected $6 from pot
poker_soul11: doesn't show hand 
*** SUMMARY ***
Total pot $6 | Rake $0 
Seat 1: poker_soul11 (big blind) collected ($6)
Seat 2: joaquin612 (button) folded before Flop (didn't bet)
Seat 5: BGS013 (small blind) folded before Flop



PokerStars Hand #254468555762:  Hold'em No Limit ($0.50/$1.00 USD) - 2025/01/20 15:19:24 WET [2025/01/20 10:19:24 ET]
Table 'Pallas IV' 6-max Seat #5 is the button
Seat 1: poker_soul11 ($121.04 in chips) 
Seat 2: joaquin612 ($100 in chips) 
Seat 5: BGS013 ($100 in chips) 
poker_soul11: posts small blind $0.50
joaquin612: posts big blind $1
*** HOLE CARDS ***
BGS013: folds 
BGS013 leaves the table
poker_soul11: raises $2 to $3
joaquin612: raises $6 to $9
poker_soul11: folds 
Uncalled bet ($6) returned to joaquin612
joaquin612 collected $6 from pot
joaquin612: doesn't show hand 
*** SUMMARY ***
Total pot $6 | Rake $0 
Seat 1: poker_soul11 (small blind) folded before Flop
Seat 2: joaquin612 (big blind) collected ($6)
Seat 5: BGS013 (button) folded before Flop (didn't bet)



PokerStars Hand #254468765572:  Hold'em No Limit ($0.50/$1.00 USD) - 2025/01/20 15:36:00 WET [2025/01/20 10:36:00 ET]
Table 'Pallas IV' 6-max Seat #1 is the button
Seat 1: poker_soul11 ($118.04 in chips) 
Seat 5: Evelexy1 ($80 in chips) 
poker_soul11: posts small blind $0.50
Evelexy1: posts big blind $1
*** HOLE CARDS ***
poker_soul11: raises $1.50 to $2.50
Evelexy1: calls $1.50
*** FLOP *** [9d 4c 2h]
Evelexy1: checks 
poker_soul11: checks 
*** TURN *** [9d 4c 2h] [Jc]
nastja336 joins the table at seat #6 
Evelexy1: checks 
Haalleluja joins the table at seat #4 
Haalleluja is disconnected 
poker_soul11: bets $2.38
Evelexy1: calls $2.38
*** RIVER *** [9d 4c 2h Jc] [5s]
Evelexy1: checks 
antey89 joins the table at seat #3 
poker_soul11: checks 
*** SHOW DOWN ***
Evelexy1: shows [9h 7d] (a pair of Nines)
poker_soul11: mucks hand 
Evelexy1 collected $9.27 from pot
*** SUMMARY ***
Total pot $9.76 | Rake $0.49 
Board [9d 4c 2h Jc 5s]
Seat 1: poker_soul11 (button) (small blind) mucked
Seat 5: Evelexy1 (big blind) showed [9h 7d] and won ($9.27) with a pair of Nines



PokerStars Hand #254468772523:  Hold'em No Limit ($0.50/$1.00 USD) - 2025/01/20 15:36:32 WET [2025/01/20 10:36:32 ET]
Table 'Pallas IV' 6-max Seat #5 is the button
Seat 4: Haalleluja ($100 in chips) is sitting out
Seat 6: nastja336 ($100 in chips) is sitting out
Seat 1: poker_soul11 ($113.16 in chips) 
Seat 3: antey89 ($100 in chips) 
Seat 5: Evelexy1 ($100 in chips) 
poker_soul11: posts small blind $0.50
antey89: posts big blind $1
Haalleluja: sits out 
*** HOLE CARDS ***
Evelexy1: raises $1.50 to $2.50
poker_soul11: folds 
antey89: folds 
Uncalled bet ($1.50) returned to Evelexy1
Evelexy1 collected $2.50 from pot
Evelexy1: doesn't show hand 
*** SUMMARY ***
Total pot $2.50 | Rake $0 
Seat 4: Haalleluja
Seat 6: nastja336
Seat 1: poker_soul11 (small blind) folded before Flop
Seat 3: antey89 (big blind) folded before Flop
Seat 5: Evelexy1 (button) collected ($2.50)



PokerStars Hand #254468775376:  Hold'em No Limit ($0.50/$1.00 USD) - 2025/01/20 15:36:45 WET [2025/01/20 10:36:45 ET]
Table 'Pallas IV' 6-max Seat #1 is the button
Seat 6: nastja336 ($100 in chips) is sitting out
Seat 1: poker_soul11 ($112.66 in chips) 
Seat 3: antey89 ($100 in chips) 
Seat 4: Haalleluja ($100 in chips) 
Seat 5: Evelexy1 ($101.50 in chips) 
antey89: posts small blind $0.50
Haalleluja: posts big blind $1
nastja336: sits out 
*** HOLE CARDS ***
Evelexy1: folds 
poker_soul11: folds 
antey89: raises $1.60 to $2.60
Haalleluja: folds 
Uncalled bet ($1.60) returned to antey89
antey89 collected $2 from pot
antey89: doesn't show hand 
*** SUMMARY ***
Total pot $2 | Rake $0 
Seat 6: nastja336
Seat 1: poker_soul11 (button) folded before Flop (didn't bet)
Seat 3: antey89 (small blind) collected ($2)
Seat 4: Haalleluja (big blind) folded before Flop
Seat 5: Evelexy1 folded before Flop (didn't bet)



PokerStars Hand #254468779945:  Hold'em No Limit ($0.50/$1.00 USD) - 2025/01/20 15:37:05 WET [2025/01/20 10:37:05 ET]
Table 'Pallas IV' 6-max Seat #3 is the button
Seat 6: nastja336 ($100 in chips) is sitting out
Seat 1: poker_soul11 ($112.66 in chips) 
Seat 3: antey89 ($101 in chips) 
Seat 4: Haalleluja ($99 in chips) 
Seat 5: Evelexy1 ($101.50 in chips) 
Haalleluja: posts small blind $0.50
Evelexy1: posts big blind $1
nastja336: sits out 
*** HOLE CARDS ***
poker_soul11: folds 
antey89: folds 
Haalleluja: folds 
Uncalled bet ($0.50) returned to Evelexy1
Evelexy1 collected $1 from pot
Evelexy1: doesn't show hand 
*** SUMMARY ***
Total pot $1 | Rake $0 
Seat 6: nastja336
Seat 1: poker_soul11 folded before Flop (didn't bet)
Seat 3: antey89 (button) folded before Flop (didn't bet)
Seat 4: Haalleluja (small blind) folded before Flop
Seat 5: Evelexy1 (big blind) collected ($1)



PokerStars Hand #254468782056:  Hold'em No Limit ($0.50/$1.00 USD) - 2025/01/20 15:37:15 WET [2025/01/20 10:37:15 ET]
Table 'Pallas IV' 6-max Seat #4 is the button
Seat 6: nastja336 ($100 in chips) is sitting out
Seat 1: poker_soul11 ($112.66 in chips) 
Seat 3: antey89 ($101 in chips) 
Seat 4: Haalleluja ($98.50 in chips) 
poker_soul11: posts small blind $0.50
antey89: posts big blind $1
*** HOLE CARDS ***
tintin641 joins the table at seat #5 
IKnowThatFel joins the table at seat #2 
Haalleluja: raises $1.50 to $2.50
poker_soul11: folds 
antey89: folds 
Uncalled bet ($1.50) returned to Haalleluja
Haalleluja collected $2.50 from pot
*** SUMMARY ***
Total pot $2.50 | Rake $0 
Seat 6: nastja336
Seat 1: poker_soul11 (small blind) folded before Flop
Seat 3: antey89 (big blind) folded before Flop
Seat 4: Haalleluja (button) collected ($2.50)



PokerStars Hand #254468789541:  Hold'em No Limit ($0.50/$1.00 USD) - 2025/01/20 15:37:50 WET [2025/01/20 10:37:50 ET]
Table 'Pallas IV' 6-max Seat #1 is the button
Seat 2: IKnowThatFel ($100 in chips) is sitting out
Seat 5: tintin641 ($100 in chips) is sitting out
Seat 6: nastja336 ($100 in chips) is sitting out
Seat 1: poker_soul11 ($112.16 in chips) 
Seat 3: antey89 ($100 in chips) 
Seat 4: Haalleluja ($100 in chips) 
antey89: posts small blind $0.50
Haalleluja: posts big blind $1
tintin641: sits out 
nastja336: sits out 
*** HOLE CARDS ***
poker_soul11: raises $1.20 to $2.20
antey89: folds 
Haalleluja: calls $1.20
*** FLOP *** [6c Tc 9h]
Haalleluja: checks 
poker_soul11: bets $1.17
Haalleluja: folds 
Uncalled bet ($1.17) returned to poker_soul11
poker_soul11 collected $4.66 from pot
poker_soul11: doesn't show hand 
*** SUMMARY ***
Total pot $4.90 | Rake $0.24 
Board [6c Tc 9h]
Seat 2: IKnowThatFel
Seat 5: tintin641
Seat 6: nastja336
Seat 1: poker_soul11 (button) collected ($4.66)
Seat 3: antey89 (small blind) folded before Flop
Seat 4: Haalleluja (big blind) folded on the Flop



PokerStars Hand #254468794078:  Hold'em No Limit ($0.50/$1.00 USD) - 2025/01/20 15:38:11 WET [2025/01/20 10:38:11 ET]
Table 'Pallas IV' 6-max Seat #3 is the button
Seat 2: IKnowThatFel ($100 in chips) is sitting out
Seat 6: nastja336 ($100 in chips) is sitting out
Seat 1: poker_soul11 ($114.62 in chips) 
Seat 3: antey89 ($100 in chips) 
Seat 4: Haalleluja ($97.80 in chips) 
Seat 5: tintin641 ($100 in chips) 
Haalleluja: posts small blind $0.50
tintin641: posts big blind $1
nastja336: sits out 
IKnowThatFel: sits out 
*** HOLE CARDS ***
poker_soul11: folds 
antey89: raises $1.30 to $2.30
Haalleluja: calls $1.80
tintin641: calls $1.30
*** FLOP *** [Th 6c 4c]
Haalleluja: checks 
tintin641: checks 
antey89: bets $4.92
Haalleluja: folds 
tintin641: folds 
Uncalled bet ($4.92) returned to antey89
antey89 collected $6.56 from pot
antey89: doesn't show hand 
*** SUMMARY ***
Total pot $6.90 | Rake $0.34 
Board [Th 6c 4c]
Seat 2: IKnowThatFel
Seat 6: nastja336
Seat 1: poker_soul11 folded before Flop (didn't bet)
Seat 3: antey89 (button) collected ($6.56)
Seat 4: Haalleluja (small blind) folded on the Flop
Seat 5: tintin641 (big blind) folded on the Flop



PokerStars Hand #254468804588:  Hold'em No Limit ($0.50/$1.00 USD) - 2025/01/20 15:38:59 WET [2025/01/20 10:38:59 ET]
Table 'Pallas IV' 6-max Seat #4 is the button
Seat 2: IKnowThatFel ($100 in chips) is sitting out
Seat 1: poker_soul11 ($114.62 in chips) 
Seat 3: antey89 ($104.26 in chips) 
Seat 4: Haalleluja ($95.50 in chips) 
Seat 5: tintin641 ($100 in chips) 
Seat 6: nastja336 ($100 in chips) 
tintin641: posts small blind $0.50
nastja336: posts big blind $1
IKnowThatFel: sits out 
*** HOLE CARDS ***
poker_soul11: folds 
antey89: folds 
Haalleluja: raises $1 to $2
tintin641: folds 
nastja336: folds 
Uncalled bet ($1) returned to Haalleluja
Haalleluja collected $2.50 from pot
*** SUMMARY ***
Total pot $2.50 | Rake $0 
Seat 2: IKnowThatFel
Seat 1: poker_soul11 folded before Flop (didn't bet)
Seat 3: antey89 folded before Flop (didn't bet)
Seat 4: Haalleluja (button) collected ($2.50)
Seat 5: tintin641 (small blind) folded before Flop
Seat 6: nastja336 (big blind) folded before Flop



PokerStars Hand #254468808539:  Hold'em No Limit ($0.50/$1.00 USD) - 2025/01/20 15:39:18 WET [2025/01/20 10:39:18 ET]
Table 'Pallas IV' 6-max Seat #5 is the button
Seat 2: IKnowThatFel ($100 in chips) is sitting out
Seat 1: poker_soul11 ($114.62 in chips) 
Seat 3: antey89 ($104.26 in chips) 
Seat 4: Haalleluja ($97 in chips) 
Seat 5: tintin641 ($100 in chips) 
Seat 6: nastja336 ($100 in chips) 
nastja336: posts small blind $0.50
poker_soul11: posts big blind $1
IKnowThatFel: sits out 
*** HOLE CARDS ***
antey89: folds 
Haalleluja: folds 
tintin641: folds 
nastja336: raises $2 to $3
poker_soul11: calls $2
*** FLOP *** [Jc 2h 5s]
nastja336: bets $4.80
poker_soul11: folds 
Uncalled bet ($4.80) returned to nastja336
nastja336 collected $5.70 from pot
nastja336: doesn't show hand 
*** SUMMARY ***
Total pot $6 | Rake $0.30 
Board [Jc 2h 5s]
Seat 2: IKnowThatFel
Seat 1: poker_soul11 (big blind) folded on the Flop
Seat 3: antey89 folded before Flop (didn't bet)
Seat 4: Haalleluja folded before Flop (didn't bet)
Seat 5: tintin641 (button) folded before Flop (didn't bet)
Seat 6: nastja336 (small blind) collected ($5.70)



PokerStars Hand #254468814417:  Hold'em No Limit ($0.50/$1.00 USD) - 2025/01/20 15:39:45 WET [2025/01/20 10:39:45 ET]
Table 'Pallas IV' 6-max Seat #6 is the button
Seat 1: poker_soul11 ($111.62 in chips) 
Seat 2: IKnowThatFel ($100 in chips) 
Seat 3: antey89 ($104.26 in chips) 
Seat 4: Haalleluja ($97 in chips) 
Seat 5: tintin641 ($100 in chips) 
Seat 6: nastja336 ($102.70 in chips) 
poker_soul11: posts small blind $0.50
IKnowThatFel: posts big blind $1
*** HOLE CARDS ***
antey89: folds 
Haalleluja: raises $1 to $2
tintin641: folds 
nastja336: raises $4 to $6
poker_soul11: folds 
IKnowThatFel: folds 
Haalleluja: calls $4
*** FLOP *** [2c Js 8c]
Haalleluja: checks 
nastja336: bets $6.41
Haalleluja: folds 
Uncalled bet ($6.41) returned to nastja336
nastja336 collected $12.82 from pot
nastja336: doesn't show hand 
*** SUMMARY ***
Total pot $13.50 | Rake $0.68 
Board [2c Js 8c]
Seat 1: poker_soul11 (small blind) folded before Flop
Seat 2: IKnowThatFel (big blind) folded before Flop
Seat 3: antey89 folded before Flop (didn't bet)
Seat 4: Haalleluja folded on the Flop
Seat 5: tintin641 folded before Flop (didn't bet)
Seat 6: nastja336 (button) collected ($12.82)



PokerStars Hand #254468822419:  Hold'em No Limit ($0.50/$1.00 USD) - 2025/01/20 15:40:21 WET [2025/01/20 10:40:21 ET]
Table 'Pallas IV' 6-max Seat #1 is the button
Seat 1: poker_soul11 ($111.12 in chips) 
Seat 2: IKnowThatFel ($100 in chips) 
Seat 3: antey89 ($104.26 in chips) 
Seat 4: Haalleluja ($91 in chips) 
Seat 5: tintin641 ($100 in chips) 
Seat 6: nastja336 ($109.52 in chips) 
IKnowThatFel: posts small blind $0.50
antey89: posts big blind $1
*** HOLE CARDS ***
Haalleluja: folds 
tintin641: raises $1.50 to $2.50
nastja336: folds 
poker_soul11: folds 
IKnowThatFel: folds 
antey89: folds 
Uncalled bet ($1.50) returned to tintin641
tintin641 collected $2.50 from pot
tintin641: doesn't show hand 
*** SUMMARY ***
Total pot $2.50 | Rake $0 
Seat 1: poker_soul11 (button) folded before Flop (didn't bet)
Seat 2: IKnowThatFel (small blind) folded before Flop
Seat 3: antey89 (big blind) folded before Flop
Seat 4: Haalleluja folded before Flop (didn't bet)
Seat 5: tintin641 collected ($2.50)
Seat 6: nastja336 folded before Flop (didn't bet)



PokerStars Hand #254468826025:  Hold'em No Limit ($0.50/$1.00 USD) - 2025/01/20 15:40:38 WET [2025/01/20 10:40:38 ET]
Table 'Pallas IV' 6-max Seat #2 is the button
Seat 1: poker_soul11 ($111.12 in chips) 
Seat 2: IKnowThatFel ($100 in chips) 
Seat 3: antey89 ($103.26 in chips) 
Seat 4: Haalleluja ($91 in chips) 
Seat 5: tintin641 ($101.50 in chips) 
Seat 6: nastja336 ($109.52 in chips) 
antey89: posts small blind $0.50
Haalleluja: posts big blind $1
*** HOLE CARDS ***
tintin641: folds 
nastja336: folds 
poker_soul11: raises $1.20 to $2.20
IKnowThatFel: folds 
antey89: folds 
Haalleluja: calls $1.20
*** FLOP *** [5s 9s 7s]
Haalleluja: bets $4.66
poker_soul11: calls $4.66
*** TURN *** [5s 9s 7s] [Ad]
Haalleluja: checks 
poker_soul11: checks 
*** RIVER *** [5s 9s 7s Ad] [7c]
Haalleluja: checks 
poker_soul11: checks 
*** SHOW DOWN ***
Haalleluja: shows [Kc 9h] (two pair, Nines and Sevens)
poker_soul11: shows [Ks 9c] (two pair, Nines and Sevens)
Haalleluja collected $6.76 from pot
poker_soul11 collected $6.75 from pot
*** SUMMARY ***
Total pot $14.22 | Rake $0.71 
Board [5s 9s 7s Ad 7c]
Seat 1: poker_soul11 showed [Ks 9c] and won ($6.75) with two pair, Nines and Sevens
Seat 2: IKnowThatFel (button) folded before Flop (didn't bet)
Seat 3: antey89 (small blind) folded before Flop
Seat 4: Haalleluja (big blind) showed [Kc 9h] and won ($6.76) with two pair, Nines and Sevens
Seat 5: tintin641 folded before Flop (didn't bet)
Seat 6: nastja336 folded before Flop (didn't bet)



PokerStars Hand #254468836401:  Hold'em No Limit ($0.50/$1.00 USD) - 2025/01/20 15:41:25 WET [2025/01/20 10:41:25 ET]
Table 'Pallas IV' 6-max Seat #3 is the button
Seat 1: poker_soul11 ($111.01 in chips) 
Seat 2: IKnowThatFel ($100 in chips) 
Seat 3: antey89 ($102.76 in chips) 
Seat 4: Haalleluja ($90.90 in chips) 
Seat 5: tintin641 ($101.50 in chips) 
Seat 6: nastja336 ($109.52 in chips) 
Haalleluja: posts small blind $0.50
tintin641: posts big blind $1
*** HOLE CARDS ***
nastja336: folds 
nastja336 leaves the table
poker_soul11: folds 
IKnowThatFel: folds 
antey89: folds 
Haalleluja: folds 
Uncalled bet ($0.50) returned to tintin641
tintin641 collected $1 from pot
tintin641: doesn't show hand 
*** SUMMARY ***
Total pot $1 | Rake $0 
Seat 1: poker_soul11 folded before Flop (didn't bet)
Seat 2: IKnowThatFel folded before Flop (didn't bet)
Seat 3: antey89 (button) folded before Flop (didn't bet)
Seat 4: Haalleluja (small blind) folded before Flop
Seat 5: tintin641 (big blind) collected ($1)
Seat 6: nastja336 folded before Flop (didn't bet)



PokerStars Hand #254468839317:  Hold'em No Limit ($0.50/$1.00 USD) - 2025/01/20 15:41:38 WET [2025/01/20 10:41:38 ET]
Table 'Pallas IV' 6-max Seat #4 is the button
Seat 1: poker_soul11 ($111.01 in chips) 
Seat 2: IKnowThatFel ($100 in chips) 
Seat 3: antey89 ($102.76 in chips) 
Seat 4: Haalleluja ($90.40 in chips) 
Seat 5: tintin641 ($102 in chips) 
tintin641: posts small blind $0.50
poker_soul11: posts big blind $1
*** HOLE CARDS ***
BGS013 joins the table at seat #6 
IKnowThatFel: folds 
IKnowThatFel leaves the table
antey89: raises $1.30 to $2.30
Haalleluja: folds 
tintin641: raises $8.70 to $11
poker_soul11: folds 
antey89: folds 
Uncalled bet ($8.70) returned to tintin641
tintin641 collected $5.60 from pot
tintin641: doesn't show hand 
*** SUMMARY ***
Total pot $5.60 | Rake $0 
Seat 1: poker_soul11 (big blind) folded before Flop
Seat 2: IKnowThatFel folded before Flop (didn't bet)
Seat 3: antey89 folded before Flop
Seat 4: Haalleluja (button) folded before Flop (didn't bet)
Seat 5: tintin641 (small blind) collected ($5.60)



PokerStars Hand #254468847603:  Hold'em No Limit ($0.50/$1.00 USD) - 2025/01/20 15:42:16 WET [2025/01/20 10:42:16 ET]
Table 'Pallas IV' 6-max Seat #5 is the button
Seat 6: BGS013 ($100 in chips) is sitting out
Seat 1: poker_soul11 ($110.01 in chips) 
Seat 3: antey89 ($100.46 in chips) 
Seat 4: Haalleluja ($90.40 in chips) 
Seat 5: tintin641 ($105.30 in chips) 
poker_soul11: posts small blind $0.50
antey89: posts big blind $1
*** HOLE CARDS ***
Haalleluja: raises $1 to $2
tintin641: folds 
poker_soul11: folds 
antey89: folds 
Uncalled bet ($1) returned to Haalleluja
Haalleluja collected $2.50 from pot
*** SUMMARY ***
Total pot $2.50 | Rake $0 
Seat 6: BGS013
Seat 1: poker_soul11 (small blind) folded before Flop
Seat 3: antey89 (big blind) folded before Flop
Seat 4: Haalleluja collected ($2.50)
Seat 5: tintin641 (button) folded before Flop (didn't bet)



PokerStars Hand #254468852540:  Hold'em No Limit ($0.50/$1.00 USD) - 2025/01/20 15:42:38 WET [2025/01/20 10:42:38 ET]
Table 'Pallas IV' 6-max Seat #1 is the button
Seat 6: BGS013 ($100 in chips) is sitting out
Seat 1: poker_soul11 ($109.51 in chips) 
Seat 3: antey89 ($100 in chips) 
Seat 4: Haalleluja ($91.90 in chips) 
Seat 5: tintin641 ($105.30 in chips) 
antey89: posts small blind $0.50
Haalleluja: posts big blind $1
BGS013: sits out 
*** HOLE CARDS ***
tintin641: folds 
poker_soul11: folds 
antey89: folds 
Uncalled bet ($0.50) returned to Haalleluja
Haalleluja collected $1 from pot
*** SUMMARY ***
Total pot $1 | Rake $0 
Seat 6: BGS013
Seat 1: poker_soul11 (button) folded before Flop (didn't bet)
Seat 3: antey89 (small blind) folded before Flop
Seat 4: Haalleluja (big blind) collected ($1)
Seat 5: tintin641 folded before Flop (didn't bet)



PokerStars Hand #254468854510:  Hold'em No Limit ($0.50/$1.00 USD) - 2025/01/20 15:42:47 WET [2025/01/20 10:42:47 ET]
Table 'Pallas IV' 6-max Seat #3 is the button
Seat 6: BGS013 ($100 in chips) is sitting out
Seat 1: poker_soul11 ($109.51 in chips) 
Seat 3: antey89 ($100 in chips) 
Seat 4: Haalleluja ($92.40 in chips) 
Seat 5: tintin641 ($105.30 in chips) 
Haalleluja: posts small blind $0.50
tintin641: posts big blind $1
BGS013: sits out 
*** HOLE CARDS ***
poker_soul11: folds 
antey89: raises $1.30 to $2.30
Haalleluja: calls $1.80
tintin641: folds 
*** FLOP *** [7s Jc As]
Haalleluja: checks 
antey89: bets $1.76
Haalleluja: calls $1.76
*** TURN *** [7s Jc As] [3c]
Haalleluja: checks 
antey89: bets $11
Haalleluja: calls $11
*** RIVER *** [7s Jc As 3c] [Ts]
Haalleluja: checks 
papatango123 joins the table at seat #2 
antey89: checks 
*** SHOW DOWN ***
Haalleluja: shows [2c Ac] (a pair of Aces)
antey89: mucks hand 
Haalleluja collected $30.12 from pot
*** SUMMARY ***
Total pot $31.12 | Rake $1 
Board [7s Jc As 3c Ts]
Seat 6: BGS013
Seat 1: poker_soul11 folded before Flop (didn't bet)
Seat 3: antey89 (button) mucked
Seat 4: Haalleluja (small blind) showed [2c Ac] and won ($30.12) with a pair of Aces
Seat 5: tintin641 (big blind) folded before Flop



PokerStars Hand #254468869953:  Hold'em No Limit ($0.50/$1.00 USD) - 2025/01/20 15:43:58 WET [2025/01/20 10:43:58 ET]
Table 'Pallas IV' 6-max Seat #4 is the button
Seat 2: papatango123 ($100 in chips) is sitting out
Seat 1: poker_soul11 ($109.51 in chips) 
Seat 3: antey89 ($100 in chips) 
Seat 4: Haalleluja ($107.46 in chips) 
Seat 5: tintin641 ($104.30 in chips) 
Seat 6: BGS013 ($100 in chips) 
tintin641: posts small blind $0.50
BGS013: posts big blind $1
papatango123: sits out 
*** HOLE CARDS ***
poker_soul11: folds 
antey89: raises $1.30 to $2.30
Haalleluja: calls $2.30
tintin641: calls $1.80
BGS013: folds 
*** FLOP *** [4d Qd Kd]
tintin641: checks 
antey89: checks 
Haalleluja: checks 
*** TURN *** [4d Qd Kd] [Td]
tintin641: checks 
antey89: checks 
Haalleluja: checks 
*** RIVER *** [4d Qd Kd Td] [Ad]
tintin641: checks 
antey89: checks 
Haalleluja: checks 
*** SHOW DOWN ***
tintin641: shows [3c 3h] (a flush, Ace high)
antey89: shows [9c 9s] (a flush, Ace high)
Haalleluja: shows [Ah 6h] (a flush, Ace high)
tintin641 collected $2.50 from pot
antey89 collected $2.50 from pot
Haalleluja collected $2.50 from pot
*** SUMMARY ***
Total pot $7.90 | Rake $0.40 
Board [4d Qd Kd Td Ad]
Seat 2: papatango123
Seat 1: poker_soul11 folded before Flop (didn't bet)
Seat 3: antey89 showed [9c 9s] and won ($2.50) with a flush, Ace high
Seat 4: Haalleluja (button) showed [Ah 6h] and won ($2.50) with a flush, Ace high
Seat 5: tintin641 (small blind) showed [3c 3h] and won ($2.50) with a flush, Ace high
Seat 6: BGS013 (big blind) folded before Flop



PokerStars Hand #254468889324:  Hold'em No Limit ($0.50/$1.00 USD) - 2025/01/20 15:45:26 WET [2025/01/20 10:45:26 ET]
Table 'Pallas IV' 6-max Seat #5 is the button
Seat 2: papatango123 ($100 in chips) is sitting out
Seat 1: poker_soul11 ($109.51 in chips) 
Seat 3: antey89 ($100.20 in chips) 
Seat 4: Haalleluja ($107.66 in chips) 
Seat 5: tintin641 ($104.50 in chips) 
Seat 6: BGS013 ($100 in chips) 
BGS013: posts small blind $0.50
poker_soul11: posts big blind $1
papatango123: sits out 
*** HOLE CARDS ***
antey89: folds 
Haalleluja: folds 
tintin641: folds 
BGS013: raises $2 to $3
poker_soul11: folds 
Uncalled bet ($2) returned to BGS013
BGS013 collected $2 from pot
BGS013: doesn't show hand 
*** SUMMARY ***
Total pot $2 | Rake $0 
Seat 2: papatango123
Seat 1: poker_soul11 (big blind) folded before Flop
Seat 3: antey89 folded before Flop (didn't bet)
Seat 4: Haalleluja folded before Flop (didn't bet)
Seat 5: tintin641 (button) folded before Flop (didn't bet)
Seat 6: BGS013 (small blind) collected ($2)



PokerStars Hand #254468892940:  Hold'em No Limit ($0.50/$1.00 USD) - 2025/01/20 15:45:42 WET [2025/01/20 10:45:42 ET]
Table 'Pallas IV' 6-max Seat #6 is the button
Seat 1: poker_soul11 ($108.51 in chips) 
Seat 2: papatango123 ($100 in chips) 
Seat 3: antey89 ($100.20 in chips) 
Seat 4: Haalleluja ($107.66 in chips) 
Seat 5: tintin641 ($104.50 in chips) 
Seat 6: BGS013 ($101 in chips) 
poker_soul11: posts small blind $0.50
papatango123: posts big blind $1
*** HOLE CARDS ***
antey89: folds 
Haalleluja: folds 
tintin641: folds 
BGS013: folds 
poker_soul11: folds 
Uncalled bet ($0.50) returned to papatango123
papatango123 collected $1 from pot
papatango123: doesn't show hand 
*** SUMMARY ***
Total pot $1 | Rake $0 
Seat 1: poker_soul11 (small blind) folded before Flop
Seat 2: papatango123 (big blind) collected ($1)
Seat 3: antey89 folded before Flop (didn't bet)
Seat 4: Haalleluja folded before Flop (didn't bet)
Seat 5: tintin641 folded before Flop (didn't bet)
Seat 6: BGS013 (button) folded before Flop (didn't bet)



PokerStars Hand #254468894956:  Hold'em No Limit ($0.50/$1.00 USD) - 2025/01/20 15:45:51 WET [2025/01/20 10:45:51 ET]
Table 'Pallas IV' 6-max Seat #1 is the button
Seat 1: poker_soul11 ($108.01 in chips) 
Seat 2: papatango123 ($100.50 in chips) 
Seat 3: antey89 ($100.20 in chips) 
Seat 4: Haalleluja ($107.66 in chips) 
Seat 5: tintin641 ($104.50 in chips) 
Seat 6: BGS013 ($101 in chips) 
papatango123: posts small blind $0.50
antey89: posts big blind $1
*** HOLE CARDS ***
Haalleluja: raises $1.50 to $2.50
tintin641: folds 
BGS013: folds 
poker_soul11: folds 
papatango123: folds 
antey89: folds 
Uncalled bet ($1.50) returned to Haalleluja
Haalleluja collected $2.50 from pot
*** SUMMARY ***
Total pot $2.50 | Rake $0 
Seat 1: poker_soul11 (button) folded before Flop (didn't bet)
Seat 2: papatango123 (small blind) folded before Flop
Seat 3: antey89 (big blind) folded before Flop
Seat 4: Haalleluja collected ($2.50)
Seat 5: tintin641 folded before Flop (didn't bet)
Seat 6: BGS013 folded before Flop (didn't bet)



PokerStars Hand #254468900516:  Hold'em No Limit ($0.50/$1.00 USD) - 2025/01/20 15:46:17 WET [2025/01/20 10:46:17 ET]
Table 'Pallas IV' 6-max Seat #2 is the button
Seat 1: poker_soul11 ($108.01 in chips) 
Seat 2: papatango123 ($100 in chips) 
Seat 3: antey89 ($100 in chips) 
Seat 4: Haalleluja ($109.16 in chips) 
Seat 5: tintin641 ($104.50 in chips) 
Seat 6: BGS013 ($101 in chips) 
antey89: posts small blind $0.50
Haalleluja: posts big blind $1
*** HOLE CARDS ***
tintin641: folds 
BGS013: folds 
poker_soul11: folds 
papatango123: folds 
antey89: raises $1.60 to $2.60
Haalleluja: calls $1.60
*** FLOP *** [Kh 2c 8s]
antey89: bets $1.63
Haalleluja: calls $1.63
*** TURN *** [Kh 2c 8s] [Ks]
antey89: checks 
Haalleluja: checks 
*** RIVER *** [Kh 2c 8s Ks] [Tc]
antey89: bets $2.65
Haalleluja: folds 
Uncalled bet ($2.65) returned to antey89
antey89 collected $8.04 from pot
antey89: doesn't show hand 
*** SUMMARY ***
Total pot $8.46 | Rake $0.42 
Board [Kh 2c 8s Ks Tc]
Seat 1: poker_soul11 folded before Flop (didn't bet)
Seat 2: papatango123 (button) folded before Flop (didn't bet)
Seat 3: antey89 (small blind) collected ($8.04)
Seat 4: Haalleluja (big blind) folded on the River
Seat 5: tintin641 folded before Flop (didn't bet)
Seat 6: BGS013 folded before Flop (didn't bet)



PokerStars Hand #254468912564:  Hold'em No Limit ($0.50/$1.00 USD) - 2025/01/20 15:47:11 WET [2025/01/20 10:47:11 ET]
Table 'Pallas IV' 6-max Seat #3 is the button
Seat 1: poker_soul11 ($108.01 in chips) 
Seat 2: papatango123 ($100 in chips) 
Seat 3: antey89 ($103.81 in chips) 
Seat 4: Haalleluja ($104.93 in chips) 
Seat 5: tintin641 ($104.50 in chips) 
Seat 6: BGS013 ($101 in chips) 
Haalleluja: posts small blind $0.50
tintin641: posts big blind $1
*** HOLE CARDS ***
BGS013: folds 
poker_soul11: folds 
papatango123: folds 
antey89: raises $1.30 to $2.30
Haalleluja: folds 
tintin641: folds 
Uncalled bet ($1.30) returned to antey89
antey89 collected $2.50 from pot
antey89: doesn't show hand 
*** SUMMARY ***
Total pot $2.50 | Rake $0 
Seat 1: poker_soul11 folded before Flop (didn't bet)
Seat 2: papatango123 folded before Flop (didn't bet)
Seat 3: antey89 (button) collected ($2.50)
Seat 4: Haalleluja (small blind) folded before Flop
Seat 5: tintin641 (big blind) folded before Flop
Seat 6: BGS013 folded before Flop (didn't bet)



PokerStars Hand #254468916110:  Hold'em No Limit ($0.50/$1.00 USD) - 2025/01/20 15:47:28 WET [2025/01/20 10:47:28 ET]
Table 'Pallas IV' 6-max Seat #4 is the button
Seat 1: poker_soul11 ($108.01 in chips) 
Seat 2: papatango123 ($100 in chips) 
Seat 3: antey89 ($105.31 in chips) 
Seat 4: Haalleluja ($104.43 in chips) 
Seat 5: tintin641 ($103.50 in chips) 
Seat 6: BGS013 ($101 in chips) 
tintin641: posts small blind $0.50
BGS013: posts big blind $1
*** HOLE CARDS ***
poker_soul11: folds 
papatango123: folds 
antey89: folds 
Haalleluja: raises $1.50 to $2.50
tintin641: folds 
BGS013: folds 
Uncalled bet ($1.50) returned to Haalleluja
Haalleluja collected $2.50 from pot
*** SUMMARY ***
Total pot $2.50 | Rake $0 
Seat 1: poker_soul11 folded before Flop (didn't bet)
Seat 2: papatango123 folded before Flop (didn't bet)
Seat 3: antey89 folded before Flop (didn't bet)
Seat 4: Haalleluja (button) collected ($2.50)
Seat 5: tintin641 (small blind) folded before Flop
Seat 6: BGS013 (big blind) folded before Flop



PokerStars Hand #254468919590:  Hold'em No Limit ($0.50/$1.00 USD) - 2025/01/20 15:47:44 WET [2025/01/20 10:47:44 ET]
Table 'Pallas IV' 6-max Seat #5 is the button
Seat 1: poker_soul11 ($108.01 in chips) 
Seat 2: papatango123 ($100 in chips) 
Seat 3: antey89 ($105.31 in chips) 
Seat 4: Haalleluja ($105.93 in chips) 
Seat 5: tintin641 ($103 in chips) 
Seat 6: BGS013 ($100 in chips) 
BGS013: posts small blind $0.50
poker_soul11: posts big blind $1
*** HOLE CARDS ***
papatango123: folds 
antey89: folds 
Haalleluja: raises $1.50 to $2.50
tintin641: raises $5 to $7.50
BGS013: folds 
poker_soul11: folds 
Haalleluja: calls $5
*** FLOP *** [4h 5c 4s]
Haalleluja: checks 
tintin641: bets $7.84
Haalleluja: folds 
Uncalled bet ($7.84) returned to tintin641
tintin641 collected $15.68 from pot
tintin641: doesn't show hand 
*** SUMMARY ***
Total pot $16.50 | Rake $0.82 
Board [4h 5c 4s]
Seat 1: poker_soul11 (big blind) folded before Flop
Seat 2: papatango123 folded before Flop (didn't bet)
Seat 3: antey89 folded before Flop (didn't bet)
Seat 4: Haalleluja folded on the Flop
Seat 5: tintin641 (button) collected ($15.68)
Seat 6: BGS013 (small blind) folded before Flop



PokerStars Hand #254468930211:  Hold'em No Limit ($0.50/$1.00 USD) - 2025/01/20 15:48:33 WET [2025/01/20 10:48:33 ET]
Table 'Pallas IV' 6-max Seat #6 is the button
Seat 1: poker_soul11 ($107.01 in chips) 
Seat 2: papatango123 ($100 in chips) 
Seat 3: antey89 ($105.31 in chips) 
Seat 4: Haalleluja ($98.43 in chips) 
Seat 5: tintin641 ($111.18 in chips) 
Seat 6: BGS013 ($100 in chips) 
poker_soul11: posts small blind $0.50
papatango123: posts big blind $1
*** HOLE CARDS ***
antey89: folds 
Haalleluja: folds 
tintin641: folds 
BGS013: folds 
poker_soul11 has timed out
poker_soul11: folds 
Uncalled bet ($0.50) returned to papatango123
papatango123 collected $1 from pot
papatango123: doesn't show hand 
*** SUMMARY ***
Total pot $1 | Rake $0 
Seat 1: poker_soul11 (small blind) folded before Flop
Seat 2: papatango123 (big blind) collected ($1)
Seat 3: antey89 folded before Flop (didn't bet)
Seat 4: Haalleluja folded before Flop (didn't bet)
Seat 5: tintin641 folded before Flop (didn't bet)
Seat 6: BGS013 (button) folded before Flop (didn't bet)



PokerStars Hand #254468940405:  Hold'em No Limit ($0.50/$1.00 USD) - 2025/01/20 15:49:20 WET [2025/01/20 10:49:20 ET]
Table 'Pallas IV' 6-max Seat #2 is the button
Seat 1: poker_soul11 ($106.51 in chips) is sitting out
Seat 2: papatango123 ($100.50 in chips) 
Seat 3: antey89 ($105.31 in chips) 
Seat 4: Haalleluja ($98.43 in chips) 
Seat 5: tintin641 ($111.18 in chips) 
Seat 6: BGS013 ($100 in chips) 
antey89: posts small blind $0.50
Haalleluja: posts big blind $1
*** HOLE CARDS ***
tintin641: raises $1.50 to $2.50
BGS013: folds 
papatango123: folds 
antey89: folds 
Haalleluja: folds 
Uncalled bet ($1.50) returned to tintin641
tintin641 collected $2.50 from pot
tintin641: doesn't show hand 
*** SUMMARY ***
Total pot $2.50 | Rake $0 
Seat 1: poker_soul11
Seat 2: papatango123 (button) folded before Flop (didn't bet)
Seat 3: antey89 (small blind) folded before Flop
Seat 4: Haalleluja (big blind) folded before Flop
Seat 5: tintin641 collected ($2.50)
Seat 6: BGS013 folded before Flop (didn't bet)



PokerStars Hand #254468943051:  Hold'em No Limit ($0.50/$1.00 USD) - 2025/01/20 15:49:33 WET [2025/01/20 10:49:33 ET]
Table 'Pallas IV' 6-max Seat #3 is the button
Seat 1: poker_soul11 ($106.51 in chips) 
Seat 2: papatango123 ($100.50 in chips) 
Seat 3: antey89 ($104.81 in chips) 
Seat 4: Haalleluja ($97.43 in chips) 
Seat 5: tintin641 ($112.68 in chips) 
Seat 6: BGS013 ($100 in chips) 
Haalleluja: posts small blind $0.50
tintin641: posts big blind $1
*** HOLE CARDS ***
BGS013: folds 
poker_soul11: folds 
papatango123: folds 
antey89: raises $1.30 to $2.30
Haalleluja: calls $1.80
tintin641: folds 
*** FLOP *** [7h Th 5d]
Haalleluja: bets $8
antey89: folds 
Uncalled bet ($8) returned to Haalleluja
Haalleluja collected $5.32 from pot
*** SUMMARY ***
Total pot $5.60 | Rake $0.28 
Board [7h Th 5d]
Seat 1: poker_soul11 folded before Flop (didn't bet)
Seat 2: papatango123 folded before Flop (didn't bet)
Seat 3: antey89 (button) folded on the Flop
Seat 4: Haalleluja (small blind) collected ($5.32)
Seat 5: tintin641 (big blind) folded before Flop
Seat 6: BGS013 folded before Flop (didn't bet)



PokerStars Hand #254468954292:  Hold'em No Limit ($0.50/$1.00 USD) - 2025/01/20 15:50:25 WET [2025/01/20 10:50:25 ET]
Table 'Pallas IV' 6-max Seat #4 is the button
Seat 1: poker_soul11 ($106.51 in chips) 
Seat 2: papatango123 ($100.50 in chips) 
Seat 3: antey89 ($102.51 in chips) 
Seat 4: Haalleluja ($100.45 in chips) 
Seat 5: tintin641 ($111.68 in chips) 
Seat 6: BGS013 ($100 in chips) 
tintin641: posts small blind $0.50
BGS013: posts big blind $1
*** HOLE CARDS ***
poker_soul11: raises $1.20 to $2.20
papatango123: folds 
antey89: folds 
Haalleluja: folds 
tintin641: folds 
BGS013: folds 
Uncalled bet ($1.20) returned to poker_soul11
poker_soul11 collected $2.50 from pot
poker_soul11: doesn't show hand 
*** SUMMARY ***
Total pot $2.50 | Rake $0 
Seat 1: poker_soul11 collected ($2.50)
Seat 2: papatango123 folded before Flop (didn't bet)
Seat 3: antey89 folded before Flop (didn't bet)
Seat 4: Haalleluja (button) folded before Flop (didn't bet)
Seat 5: tintin641 (small blind) folded before Flop
Seat 6: BGS013 (big blind) folded before Flop



PokerStars Hand #254468957196:  Hold'em No Limit ($0.50/$1.00 USD) - 2025/01/20 15:50:38 WET [2025/01/20 10:50:38 ET]
Table 'Pallas IV' 6-max Seat #5 is the button
Seat 1: poker_soul11 ($108.01 in chips) is sitting out
Seat 4: Haalleluja ($100.45 in chips) is sitting out
Seat 2: papatango123 ($100.50 in chips) 
Seat 3: antey89 ($102.51 in chips) 
Seat 5: tintin641 ($111.18 in chips) 
Seat 6: BGS013 ($100 in chips) 
BGS013: posts small blind $0.50
poker_soul11: is sitting out 
papatango123: posts big blind $1
*** HOLE CARDS ***
Haalleluja leaves the table
poker_soul11 leaves the table
antey89: raises $1.10 to $2.10
tintin641: folds 
BGS013: folds 
papatango123: folds 
Uncalled bet ($1.10) returned to antey89
antey89 collected $2.50 from pot
antey89: doesn't show hand 
*** SUMMARY ***
Total pot $2.50 | Rake $0 
Seat 1: poker_soul11
Seat 4: Haalleluja
Seat 2: papatango123 (big blind) folded before Flop
Seat 3: antey89 collected ($2.50)
Seat 5: tintin641 (button) folded before Flop (didn't bet)
Seat 6: BGS013 (small blind) folded before Flop



