PokerStars Hand #254479951916:  Hold'em No Limit ($0.50/$1.00 USD) - 2025/01/20 3:40:54 WET [2025/01/20 22:40:54 ET]
Table 'Chow III' 6-max Seat #4 is the button
Seat 1: ImaPeppaPig ($100 in chips) is sitting out
Seat 2: ptolejmus ($10 in chips) 
Seat 3: CashfishT ($100 in chips) 
Seat 4: ddyyjj ($100 in chips) 
ptolejmus: posts small blind $0.50
CashfishT: posts big blind $1
*** HOLE CARDS ***
ddyyjj: folds 
ptolejmus: folds 
Uncalled bet ($0.50) returned to CashfishT
CashfishT collected $1 from pot
CashfishT: doesn't show hand 
*** SUMMARY ***
Total pot $1 | Rake $0 
Seat 1: ImaPeppaPig
Seat 2: ptolejmus (small blind) folded before Flop
Seat 3: CashfishT (big blind) collected ($1)
Seat 4: ddyyjj (button) folded before Flop (didn't bet)



PokerStars Hand #254479953730:  Hold'em No Limit ($0.50/$1.00 USD) - 2025/01/20 3:41:10 WET [2025/01/20 22:41:10 ET]
Table 'Chow III' 6-max Seat #2 is the button
Seat 1: ImaPeppaPig ($100 in chips) is sitting out
Seat 2: ptolejmus ($10 in chips) 
Seat 3: CashfishT ($100.50 in chips) 
Seat 4: ddyyjj ($100 in chips) 
CashfishT: posts small blind $0.50
ddyyjj: posts big blind $1
*** HOLE CARDS ***
ptolejmus: folds 
CashfishT: folds 
Uncalled bet ($0.50) returned to ddyyjj
ddyyjj collected $1 from pot
ddyyjj: doesn't show hand 
*** SUMMARY ***
Total pot $1 | Rake $0 
Seat 1: ImaPeppaPig
Seat 2: ptolejmus (button) folded before Flop (didn't bet)
Seat 3: CashfishT (small blind) folded before Flop
Seat 4: ddyyjj (big blind) collected ($1)



PokerStars Hand #254479955125:  Hold'em No Limit ($0.50/$1.00 USD) - 2025/01/20 3:41:22 WET [2025/01/20 22:41:22 ET]
Table 'Chow III' 6-max Seat #3 is the button
Seat 1: ImaPeppaPig ($100 in chips) is sitting out
Seat 2: ptolejmus ($10 in chips) 
Seat 3: CashfishT ($100 in chips) 
Seat 4: ddyyjj ($100.50 in chips) 
ddyyjj: posts small blind $0.50
ptolejmus: posts big blind $1
*** HOLE CARDS ***
CashfishT: raises $1.20 to $2.20
ddyyjj: folds 
ptolejmus: folds 
Uncalled bet ($1.20) returned to CashfishT
CashfishT collected $2.50 from pot
CashfishT: doesn't show hand 
*** SUMMARY ***
Total pot $2.50 | Rake $0 
Seat 1: ImaPeppaPig
Seat 2: ptolejmus (big blind) folded before Flop
Seat 3: CashfishT (button) collected ($2.50)
Seat 4: ddyyjj (small blind) folded before Flop



PokerStars Hand #254479958399:  Hold'em No Limit ($0.50/$1.00 USD) - 2025/01/20 3:41:52 WET [2025/01/20 22:41:52 ET]
Table 'Chow III' 6-max Seat #4 is the button
Seat 1: ImaPeppaPig ($100 in chips) is sitting out
Seat 2: ptolejmus ($10 in chips) 
Seat 3: CashfishT ($101.50 in chips) 
Seat 4: ddyyjj ($100 in chips) 
ptolejmus: posts small blind $0.50
CashfishT: posts big blind $1
*** HOLE CARDS ***
ddyyjj is connected 
ddyyjj: folds 
ptolejmus: raises $1.50 to $2.50
CashfishT: folds 
Uncalled bet ($1.50) returned to ptolejmus
ptolejmus collected $2 from pot
*** SUMMARY ***
Total pot $2 | Rake $0 
Seat 1: ImaPeppaPig
Seat 2: ptolejmus (small blind) collected ($2)
Seat 3: CashfishT (big blind) folded before Flop
Seat 4: ddyyjj (button) folded before Flop (didn't bet)



PokerStars Hand #254479960655:  Hold'em No Limit ($0.50/$1.00 USD) - 2025/01/20 3:42:12 WET [2025/01/20 22:42:12 ET]
Table 'Chow III' 6-max Seat #2 is the button
Seat 1: ImaPeppaPig ($100 in chips) is sitting out
Seat 2: ptolejmus ($11 in chips) 
Seat 3: CashfishT ($100.50 in chips) 
Seat 4: ddyyjj ($100 in chips) 
CashfishT: posts small blind $0.50
ddyyjj: posts big blind $1
*** HOLE CARDS ***
ptolejmus: folds 
CashfishT: folds 
Uncalled bet ($0.50) returned to ddyyjj
ddyyjj collected $1 from pot
ddyyjj: doesn't show hand 
*** SUMMARY ***
Total pot $1 | Rake $0 
Seat 1: ImaPeppaPig
Seat 2: ptolejmus (button) folded before Flop (didn't bet)
Seat 3: CashfishT (small blind) folded before Flop
Seat 4: ddyyjj (big blind) collected ($1)



PokerStars Hand #254479962459:  Hold'em No Limit ($0.50/$1.00 USD) - 2025/01/20 3:42:28 WET [2025/01/20 22:42:28 ET]
Table 'Chow III' 6-max Seat #3 is the button
Seat 1: ImaPeppaPig ($100 in chips) 
Seat 2: ptolejmus ($11 in chips) 
Seat 3: CashfishT ($100 in chips) 
Seat 4: ddyyjj ($100.50 in chips) 
ddyyjj: posts small blind $0.50
ImaPeppaPig: posts big blind $1
*** HOLE CARDS ***
Luqueta13 joins the table at seat #6 
ptolejmus: raises $10 to $11 and is all-in
CashfishT: folds 
magnumopus1702 joins the table at seat #5 
ddyyjj: folds 
ImaPeppaPig: folds 
Uncalled bet ($10) returned to ptolejmus
ptolejmus collected $2.50 from pot
*** SUMMARY ***
Total pot $2.50 | Rake $0 
Seat 1: ImaPeppaPig (big blind) folded before Flop
Seat 2: ptolejmus collected ($2.50)
Seat 3: CashfishT (button) folded before Flop (didn't bet)
Seat 4: ddyyjj (small blind) folded before Flop



PokerStars Hand #254479964287:  Hold'em No Limit ($0.50/$1.00 USD) - 2025/01/20 3:42:45 WET [2025/01/20 22:42:45 ET]
Table 'Chow III' 6-max Seat #4 is the button
Seat 5: magnumopus1702 ($10 in chips) is sitting out
Seat 6: Luqueta13 ($10 in chips) is sitting out
Seat 1: ImaPeppaPig ($100 in chips) 
Seat 2: ptolejmus ($12.50 in chips) 
Seat 3: CashfishT ($100 in chips) 
Seat 4: ddyyjj ($100 in chips) 
ImaPeppaPig: posts small blind $0.50
ptolejmus: posts big blind $1
*** HOLE CARDS ***
CashfishT: folds 
ddyyjj: folds 
ImaPeppaPig: folds 
Uncalled bet ($0.50) returned to ptolejmus
ptolejmus collected $1 from pot
*** SUMMARY ***
Total pot $1 | Rake $0 
Seat 5: magnumopus1702
Seat 6: Luqueta13
Seat 1: ImaPeppaPig (small blind) folded before Flop
Seat 2: ptolejmus (big blind) collected ($1)
Seat 3: CashfishT folded before Flop (didn't bet)
Seat 4: ddyyjj (button) folded before Flop (didn't bet)



PokerStars Hand #254479966220:  Hold'em No Limit ($0.50/$1.00 USD) - 2025/01/20 3:43:02 WET [2025/01/20 22:43:02 ET]
Table 'Chow III' 6-max Seat #1 is the button
Seat 5: magnumopus1702 ($10 in chips) is sitting out
Seat 1: ImaPeppaPig ($100 in chips) 
Seat 2: ptolejmus ($13 in chips) 
Seat 3: CashfishT ($100 in chips) 
Seat 4: ddyyjj ($100 in chips) 
Seat 6: Luqueta13 ($10 in chips) 
ptolejmus: posts small blind $0.50
CashfishT: posts big blind $1
magnumopus1702: sits out 
Luqueta13: posts big blind $1
*** HOLE CARDS ***
ddyyjj: raises $2 to $3
Luqueta13: calls $2
ImaPeppaPig: raises $12 to $15
ptolejmus: calls $12.50 and is all-in
CashfishT: folds 
ddyyjj: folds 
Luqueta13: folds 
Uncalled bet ($2) returned to ImaPeppaPig
*** FLOP *** [9h Ks Qd]
*** TURN *** [9h Ks Qd] [Qs]
*** RIVER *** [9h Ks Qd Qs] [Js]
*** SHOW DOWN ***
ptolejmus: shows [Qc Ad] (three of a kind, Queens)
ImaPeppaPig: shows [8h 8d] (two pair, Queens and Eights)
ptolejmus cashed out the hand for $13.75 | Cash Out Fee $0.28
*** SUMMARY ***
Total pot $33 | Rake $1.65 
Board [9h Ks Qd Qs Js]
Seat 5: magnumopus1702
Seat 1: ImaPeppaPig (button) showed [8h 8d] and lost with two pair, Queens and Eights
Seat 2: ptolejmus (small blind) showed [Qc Ad] and won ($31.35) with three of a kind, Queens (pot not awarded as player cashed out)
Seat 3: CashfishT (big blind) folded before Flop
Seat 4: ddyyjj folded before Flop
Seat 6: Luqueta13 folded before Flop



PokerStars Hand #254479972590:  Hold'em No Limit ($0.50/$1.00 USD) - 2025/01/20 3:43:58 WET [2025/01/20 22:43:58 ET]
Table 'Chow III' 6-max Seat #2 is the button
Seat 5: magnumopus1702 ($10 in chips) is sitting out
Seat 1: ImaPeppaPig ($100 in chips) 
Seat 2: ptolejmus ($13.75 in chips) 
Seat 3: CashfishT ($100 in chips) 
Seat 4: ddyyjj ($97 in chips) 
Seat 6: Luqueta13 ($7 in chips) 
CashfishT: posts small blind $0.50
ddyyjj: posts big blind $1
magnumopus1702: sits out 
*** HOLE CARDS ***
Luqueta13: folds 
ImaPeppaPig: folds 
ptolejmus: folds 
CashfishT: raises $2 to $3
ddyyjj: raises $6 to $9
CashfishT: folds 
Uncalled bet ($6) returned to ddyyjj
ddyyjj collected $6 from pot
ddyyjj: doesn't show hand 
*** SUMMARY ***
Total pot $6 | Rake $0 
Seat 5: magnumopus1702
Seat 1: ImaPeppaPig folded before Flop (didn't bet)
Seat 2: ptolejmus (button) folded before Flop (didn't bet)
Seat 3: CashfishT (small blind) folded before Flop
Seat 4: ddyyjj (big blind) collected ($6)
Seat 6: Luqueta13 folded before Flop (didn't bet)



PokerStars Hand #254479976115:  Hold'em No Limit ($0.50/$1.00 USD) - 2025/01/20 3:44:29 WET [2025/01/20 22:44:29 ET]
Table 'Chow III' 6-max Seat #3 is the button
Seat 1: ImaPeppaPig ($100 in chips) 
Seat 2: ptolejmus ($13.75 in chips) 
Seat 3: CashfishT ($100 in chips) 
Seat 4: ddyyjj ($100 in chips) 
Seat 5: magnumopus1702 ($10 in chips) 
Seat 6: Luqueta13 ($7 in chips) 
ddyyjj: posts small blind $0.50
magnumopus1702: posts big blind $1
*** HOLE CARDS ***
Luqueta13: folds 
ImaPeppaPig: folds 
ptolejmus: folds 
CashfishT: raises $1.20 to $2.20
ddyyjj: folds 
magnumopus1702: folds 
Uncalled bet ($1.20) returned to CashfishT
CashfishT collected $2.50 from pot
CashfishT: doesn't show hand 
*** SUMMARY ***
Total pot $2.50 | Rake $0 
Seat 1: ImaPeppaPig folded before Flop (didn't bet)
Seat 2: ptolejmus folded before Flop (didn't bet)
Seat 3: CashfishT (button) collected ($2.50)
Seat 4: ddyyjj (small blind) folded before Flop
Seat 5: magnumopus1702 (big blind) folded before Flop
Seat 6: Luqueta13 folded before Flop (didn't bet)



PokerStars Hand #254479978658:  Hold'em No Limit ($0.50/$1.00 USD) - 2025/01/20 3:44:52 WET [2025/01/20 22:44:52 ET]
Table 'Chow III' 6-max Seat #4 is the button
Seat 1: ImaPeppaPig ($100 in chips) 
Seat 2: ptolejmus ($13.75 in chips) 
Seat 3: CashfishT ($101.50 in chips) 
Seat 4: ddyyjj ($99.50 in chips) 
Seat 5: magnumopus1702 ($9 in chips) 
Seat 6: Luqueta13 ($7 in chips) 
magnumopus1702: posts small blind $0.50
Luqueta13: posts big blind $1
*** HOLE CARDS ***
ImaPeppaPig: folds 
ptolejmus: folds 
CashfishT: raises $1.20 to $2.20
ddyyjj: folds 
magnumopus1702: folds 
Luqueta13: calls $1.20
*** FLOP *** [2d Td Qc]
Luqueta13: checks 
CashfishT: bets $5
Luqueta13: calls $4.80 and is all-in
Uncalled bet ($0.20) returned to CashfishT
*** TURN *** [2d Td Qc] [3d]
*** RIVER *** [2d Td Qc 3d] [5d]
*** SHOW DOWN ***
Luqueta13: shows [9h Jc] (high card Queen)
CashfishT: shows [9d 8d] (a flush, Ten high)
CashfishT collected $13.78 from pot
Luqueta13 cashed out the hand for $7.48 | Cash Out Fee $0.15
*** SUMMARY ***
Total pot $14.50 | Rake $0.72 
Board [2d Td Qc 3d 5d]
Seat 1: ImaPeppaPig folded before Flop (didn't bet)
Seat 2: ptolejmus folded before Flop (didn't bet)
Seat 3: CashfishT showed [9d 8d] and won ($13.78) with a flush, Ten high
Seat 4: ddyyjj (button) folded before Flop (didn't bet)
Seat 5: magnumopus1702 (small blind) folded before Flop
Seat 6: Luqueta13 (big blind) showed [9h Jc] and lost with high card Queen (cashed out).



PokerStars Hand #254479983611:  Hold'em No Limit ($0.50/$1.00 USD) - 2025/01/20 3:45:36 WET [2025/01/20 22:45:36 ET]
Table 'Chow III' 6-max Seat #5 is the button
Seat 1: ImaPeppaPig ($100 in chips) 
Seat 2: ptolejmus ($13.75 in chips) 
Seat 3: CashfishT ($108.28 in chips) 
Seat 4: ddyyjj ($99.50 in chips) 
Seat 5: magnumopus1702 ($8.50 in chips) 
Seat 6: Luqueta13 ($7.48 in chips) 
Luqueta13: posts small blind $0.50
ImaPeppaPig: posts big blind $1
*** HOLE CARDS ***
ptolejmus: folds 
CashfishT: raises $1.20 to $2.20
ddyyjj: folds 
magnumopus1702: folds 
Luqueta13: folds 
ImaPeppaPig: folds 
Uncalled bet ($1.20) returned to CashfishT
CashfishT collected $2.50 from pot
CashfishT: doesn't show hand 
*** SUMMARY ***
Total pot $2.50 | Rake $0 
Seat 1: ImaPeppaPig (big blind) folded before Flop
Seat 2: ptolejmus folded before Flop (didn't bet)
Seat 3: CashfishT collected ($2.50)
Seat 4: ddyyjj folded before Flop (didn't bet)
Seat 5: magnumopus1702 (button) folded before Flop (didn't bet)
Seat 6: Luqueta13 (small blind) folded before Flop



PokerStars Hand #254479986201:  Hold'em No Limit ($0.50/$1.00 USD) - 2025/01/20 3:46:00 WET [2025/01/20 22:46:00 ET]
Table 'Chow III' 6-max Seat #6 is the button
Seat 2: ptolejmus ($13.75 in chips) is sitting out
Seat 1: ImaPeppaPig ($100 in chips) 
Seat 3: CashfishT ($109.78 in chips) 
Seat 4: ddyyjj ($99.50 in chips) 
Seat 5: magnumopus1702 ($8.50 in chips) 
Seat 6: Luqueta13 ($6.98 in chips) 
ImaPeppaPig: posts small blind $0.50
ptolejmus: is sitting out 
CashfishT: posts big blind $1
*** HOLE CARDS ***
ptolejmus leaves the table
ddyyjj: folds 
BumHuntKing joins the table at seat #2 
magnumopus1702: calls $1
Luqueta13: folds 
ImaPeppaPig: folds 
CashfishT: checks 
*** FLOP *** [3h 8s 9h]
CashfishT: checks 
magnumopus1702: checks 
*** TURN *** [3h 8s 9h] [6s]
CashfishT: bets $1.79
magnumopus1702: calls $1.79
*** RIVER *** [3h 8s 9h 6s] [Ad]
CashfishT: bets $7.23
magnumopus1702: folds 
Uncalled bet ($7.23) returned to CashfishT
CashfishT collected $5.78 from pot
CashfishT: doesn't show hand 
*** SUMMARY ***
Total pot $6.08 | Rake $0.30 
Board [3h 8s 9h 6s Ad]
Seat 2: ptolejmus
Seat 1: ImaPeppaPig (small blind) folded before Flop
Seat 3: CashfishT (big blind) collected ($5.78)
Seat 4: ddyyjj folded before Flop (didn't bet)
Seat 5: magnumopus1702 folded on the River
Seat 6: Luqueta13 (button) folded before Flop (didn't bet)



PokerStars Hand #254479992719:  Hold'em No Limit ($0.50/$1.00 USD) - 2025/01/20 3:47:00 WET [2025/01/20 22:47:00 ET]
Table 'Chow III' 6-max Seat #1 is the button
Seat 2: BumHuntKing ($100 in chips) is sitting out
Seat 1: ImaPeppaPig ($100 in chips) 
Seat 3: CashfishT ($112.77 in chips) 
Seat 4: ddyyjj ($99.50 in chips) 
Seat 5: magnumopus1702 ($5.71 in chips) 
Seat 6: Luqueta13 ($6.98 in chips) 
CashfishT: posts small blind $0.50
ddyyjj: posts big blind $1
*** HOLE CARDS ***
magnumopus1702: calls $1
Luqueta13: calls $1
ImaPeppaPig: folds 
CashfishT: folds 
ddyyjj: raises $3 to $4
magnumopus1702: calls $3
Luqueta13: calls $3
*** FLOP *** [5h Ks 2s]
ddyyjj: checks 
magnumopus1702: checks 
Luqueta13: checks 
*** TURN *** [5h Ks 2s] [Ad]
ddyyjj: bets $5.35
magnumopus1702: folds 
Luqueta13: calls $2.98 and is all-in
Uncalled bet ($2.37) returned to ddyyjj
*** RIVER *** [5h Ks 2s Ad] [9c]
*** SHOW DOWN ***
ddyyjj: shows [Jc Ah] (a pair of Aces)
Luqueta13: shows [Js Ts] (high card Ace)
ddyyjj collected $17.54 from pot
Luqueta13 cashed out the hand for $4.68 | Cash Out Fee $0.10
*** SUMMARY ***
Total pot $18.46 | Rake $0.92 
Board [5h Ks 2s Ad 9c]
Seat 2: BumHuntKing
Seat 1: ImaPeppaPig (button) folded before Flop (didn't bet)
Seat 3: CashfishT (small blind) folded before Flop
Seat 4: ddyyjj (big blind) showed [Jc Ah] and won ($17.54) with a pair of Aces
Seat 5: magnumopus1702 folded on the Turn
Seat 6: Luqueta13 showed [Js Ts] and lost with high card Ace (cashed out).



PokerStars Hand #254480000869:  Hold'em No Limit ($0.50/$1.00 USD) - 2025/01/20 3:48:14 WET [2025/01/20 22:48:14 ET]
Table 'Chow III' 6-max Seat #3 is the button
Seat 2: BumHuntKing ($100 in chips) is sitting out
Seat 1: ImaPeppaPig ($100 in chips) 
Seat 3: CashfishT ($112.27 in chips) 
Seat 4: ddyyjj ($110.06 in chips) 
Seat 5: magnumopus1702 ($1.71 in chips) 
Seat 6: Luqueta13 ($4.68 in chips) 
ddyyjj: posts small blind $0.50
magnumopus1702: posts big blind $1
BumHuntKing: sits out 
*** HOLE CARDS ***
Luqueta13: folds 
ImaPeppaPig: folds 
CashfishT: raises $1.20 to $2.20
ddyyjj: folds 
magnumopus1702: calls $0.71 and is all-in
Uncalled bet ($0.49) returned to CashfishT
*** FLOP *** [5c Jh 8d]
*** TURN *** [5c Jh 8d] [Tc]
*** RIVER *** [5c Jh 8d Tc] [Th]
*** SHOW DOWN ***
magnumopus1702: shows [Ad 7c] (a pair of Tens)
CashfishT: shows [Td Qh] (three of a kind, Tens)
CashfishT collected $3.72 from pot
*** SUMMARY ***
Total pot $3.92 | Rake $0.20 
Board [5c Jh 8d Tc Th]
Seat 2: BumHuntKing
Seat 1: ImaPeppaPig folded before Flop (didn't bet)
Seat 3: CashfishT (button) showed [Td Qh] and won ($3.72) with three of a kind, Tens
Seat 4: ddyyjj (small blind) folded before Flop
Seat 5: magnumopus1702 (big blind) showed [Ad 7c] and lost with a pair of Tens
Seat 6: Luqueta13 folded before Flop (didn't bet)



PokerStars Hand #254480005273:  Hold'em No Limit ($0.50/$1.00 USD) - 2025/01/20 3:48:54 WET [2025/01/20 22:48:54 ET]
Table 'Chow III' 6-max Seat #4 is the button
Seat 2: BumHuntKing ($100 in chips) is sitting out
Seat 5: magnumopus1702 ($0 in chips) is sitting out
Seat 1: ImaPeppaPig ($100 in chips) 
Seat 3: CashfishT ($114.28 in chips) 
Seat 4: ddyyjj ($109.56 in chips) 
Seat 6: Luqueta13 ($4.68 in chips) 
Luqueta13: posts small blind $0.50
ImaPeppaPig: posts big blind $1
BumHuntKing: sits out 
*** HOLE CARDS ***
CashfishT: raises $1.20 to $2.20
ddyyjj: folds 
Luqueta13: folds 
ImaPeppaPig: folds 
Uncalled bet ($1.20) returned to CashfishT
CashfishT collected $2.50 from pot
CashfishT: doesn't show hand 
*** SUMMARY ***
Total pot $2.50 | Rake $0 
Seat 2: BumHuntKing
Seat 5: magnumopus1702
Seat 1: ImaPeppaPig (big blind) folded before Flop
Seat 3: CashfishT collected ($2.50)
Seat 4: ddyyjj (button) folded before Flop (didn't bet)
Seat 6: Luqueta13 (small blind) folded before Flop



PokerStars Hand #254480006738:  Hold'em No Limit ($0.50/$1.00 USD) - 2025/01/20 3:49:07 WET [2025/01/20 22:49:07 ET]
Table 'Chow III' 6-max Seat #6 is the button
Seat 5: magnumopus1702 ($0 in chips) is sitting out
Seat 1: ImaPeppaPig ($100 in chips) 
Seat 2: BumHuntKing ($100 in chips) 
Seat 3: CashfishT ($115.78 in chips) 
Seat 4: ddyyjj ($109.56 in chips) 
Seat 6: Luqueta13 ($4.18 in chips) 
ImaPeppaPig: posts small blind $0.50
BumHuntKing: posts big blind $1
*** HOLE CARDS ***
CashfishT: folds 
ddyyjj: folds 
Luqueta13: calls $1
ImaPeppaPig: raises $4 to $5
BumHuntKing: folds 
Luqueta13: calls $3.18 and is all-in
Uncalled bet ($0.82) returned to ImaPeppaPig
*** FLOP *** [Td 8h 4s]
*** TURN *** [Td 8h 4s] [Ah]
*** RIVER *** [Td 8h 4s Ah] [3c]
*** SHOW DOWN ***
ImaPeppaPig: shows [Kd Jd] (high card Ace)
Luqueta13: shows [Ad 8s] (two pair, Aces and Eights)
Luqueta13 collected $8.89 from pot
*** SUMMARY ***
Total pot $9.36 | Rake $0.47 
Board [Td 8h 4s Ah 3c]
Seat 5: magnumopus1702
Seat 1: ImaPeppaPig (small blind) showed [Kd Jd] and lost with high card Ace
Seat 2: BumHuntKing (big blind) folded before Flop
Seat 3: CashfishT folded before Flop (didn't bet)
Seat 4: ddyyjj folded before Flop (didn't bet)
Seat 6: Luqueta13 (button) showed [Ad 8s] and won ($8.89) with two pair, Aces and Eights



PokerStars Hand #254480010013:  Hold'em No Limit ($0.50/$1.00 USD) - 2025/01/20 3:49:37 WET [2025/01/20 22:49:37 ET]
Table 'Chow III' 6-max Seat #1 is the button
Seat 5: magnumopus1702 ($0 in chips) is sitting out
Seat 1: ImaPeppaPig ($100 in chips) 
Seat 2: BumHuntKing ($100 in chips) 
Seat 3: CashfishT ($115.78 in chips) 
Seat 4: ddyyjj ($109.56 in chips) 
Seat 6: Luqueta13 ($8.89 in chips) 
BumHuntKing: posts small blind $0.50
CashfishT: posts big blind $1
*** HOLE CARDS ***
ddyyjj: folds 
Luqueta13: calls $1
ImaPeppaPig: folds 
BumHuntKing: raises $4 to $5
CashfishT: folds 
Luqueta13: calls $4
*** FLOP *** [3s 7h 6c]
BumHuntKing: checks 
Luqueta13: checks 
*** TURN *** [3s 7h 6c] [8d]
BumHuntKing: bets $7.84
Luqueta13: folds 
Uncalled bet ($7.84) returned to BumHuntKing
BumHuntKing collected $10.45 from pot
BumHuntKing: doesn't show hand 
*** SUMMARY ***
Total pot $11 | Rake $0.55 
Board [3s 7h 6c 8d]
Seat 5: magnumopus1702
Seat 1: ImaPeppaPig (button) folded before Flop (didn't bet)
Seat 2: BumHuntKing (small blind) collected ($10.45)
Seat 3: CashfishT (big blind) folded before Flop
Seat 4: ddyyjj folded before Flop (didn't bet)
Seat 6: Luqueta13 folded on the Turn



PokerStars Hand #254480014711:  Hold'em No Limit ($0.50/$1.00 USD) - 2025/01/20 3:50:19 WET [2025/01/20 22:50:19 ET]
Table 'Chow III' 6-max Seat #2 is the button
Seat 5: magnumopus1702 ($0 in chips) is sitting out
Seat 1: ImaPeppaPig ($100 in chips) 
Seat 2: BumHuntKing ($105.45 in chips) 
Seat 3: CashfishT ($114.78 in chips) 
Seat 4: ddyyjj ($109.56 in chips) 
Seat 6: Luqueta13 ($3.89 in chips) 
CashfishT: posts small blind $0.50
ddyyjj: posts big blind $1
*** HOLE CARDS ***
Luqueta13: folds 
ImaPeppaPig: raises $1.50 to $2.50
BumHuntKing: folds 
CashfishT: folds 
ddyyjj: folds 
Uncalled bet ($1.50) returned to ImaPeppaPig
ImaPeppaPig collected $2.50 from pot
ImaPeppaPig: doesn't show hand 
*** SUMMARY ***
Total pot $2.50 | Rake $0 
Seat 5: magnumopus1702
Seat 1: ImaPeppaPig collected ($2.50)
Seat 2: BumHuntKing (button) folded before Flop (didn't bet)
Seat 3: CashfishT (small blind) folded before Flop
Seat 4: ddyyjj (big blind) folded before Flop
Seat 6: Luqueta13 folded before Flop (didn't bet)



PokerStars Hand #254480016369:  Hold'em No Limit ($0.50/$1.00 USD) - 2025/01/20 3:50:34 WET [2025/01/20 22:50:34 ET]
Table 'Chow III' 6-max Seat #3 is the button
Seat 5: magnumopus1702 ($0 in chips) is sitting out
Seat 1: ImaPeppaPig ($101.50 in chips) 
Seat 2: BumHuntKing ($105.45 in chips) 
Seat 3: CashfishT ($114.28 in chips) 
Seat 4: ddyyjj ($108.56 in chips) 
Seat 6: Luqueta13 ($3.89 in chips) 
ddyyjj: posts small blind $0.50
Luqueta13: posts big blind $1
*** HOLE CARDS ***
ImaPeppaPig: folds 
BumHuntKing: folds 
CashfishT: folds 
ddyyjj: raises $1 to $2
Luqueta13: raises $1 to $3
ddyyjj: calls $1
*** FLOP *** [4c Ks 3h]
ddyyjj: checks 
Luqueta13: checks 
*** TURN *** [4c Ks 3h] [7d]
ddyyjj: checks 
Luqueta13: bets $0.89 and is all-in
ddyyjj: calls $0.89
ddyyjj has timed out
*** RIVER *** [4c Ks 3h 7d] [7c]
*** SHOW DOWN ***
ddyyjj: shows [9s 8c] (a pair of Sevens)
Luqueta13: shows [2c Jh] (a pair of Sevens - King+Jack kicker)
Luqueta13 cashed out the hand for $6.25 | Cash Out Fee $0.13
*** SUMMARY ***
Total pot $7.78 | Rake $0.39 
Board [4c Ks 3h 7d 7c]
Seat 5: magnumopus1702
Seat 1: ImaPeppaPig folded before Flop (didn't bet)
Seat 2: BumHuntKing folded before Flop (didn't bet)
Seat 3: CashfishT (button) folded before Flop (didn't bet)
Seat 4: ddyyjj (small blind) showed [9s 8c] and lost with a pair of Sevens
Seat 6: Luqueta13 (big blind) showed [2c Jh] and won ($7.39) with a pair of Sevens (pot not awarded as player cashed out)



PokerStars Hand #254480024217:  Hold'em No Limit ($0.50/$1.00 USD) - 2025/01/20 3:51:45 WET [2025/01/20 22:51:45 ET]
Table 'Chow III' 6-max Seat #4 is the button
Seat 5: magnumopus1702 ($0 in chips) is sitting out
Seat 1: ImaPeppaPig ($101.50 in chips) 
Seat 2: BumHuntKing ($105.45 in chips) 
Seat 3: CashfishT ($114.28 in chips) 
Seat 4: ddyyjj ($104.67 in chips) 
Seat 6: Luqueta13 ($6.25 in chips) 
Luqueta13: posts small blind $0.50
ImaPeppaPig: posts big blind $1
*** HOLE CARDS ***
BumHuntKing: folds 
CashfishT: folds 
ddyyjj: folds 
Luqueta13: folds 
Uncalled bet ($0.50) returned to ImaPeppaPig
ImaPeppaPig collected $1 from pot
ImaPeppaPig: doesn't show hand 
*** SUMMARY ***
Total pot $1 | Rake $0 
Seat 5: magnumopus1702
Seat 1: ImaPeppaPig (big blind) collected ($1)
Seat 2: BumHuntKing folded before Flop (didn't bet)
Seat 3: CashfishT folded before Flop (didn't bet)
Seat 4: ddyyjj (button) folded before Flop (didn't bet)
Seat 6: Luqueta13 (small blind) folded before Flop



PokerStars Hand #254480026257:  Hold'em No Limit ($0.50/$1.00 USD) - 2025/01/20 3:52:03 WET [2025/01/20 22:52:03 ET]
Table 'Chow III' 6-max Seat #6 is the button
Seat 5: magnumopus1702 ($0 in chips) is sitting out
Seat 1: ImaPeppaPig ($102 in chips) 
Seat 2: BumHuntKing ($105.45 in chips) 
Seat 3: CashfishT ($114.28 in chips) 
Seat 4: ddyyjj ($104.67 in chips) 
Seat 6: Luqueta13 ($5.75 in chips) 
ImaPeppaPig: posts small blind $0.50
BumHuntKing: posts big blind $1
*** HOLE CARDS ***
CashfishT: folds 
ddyyjj: folds 
Luqueta13: calls $1
ImaPeppaPig: folds 
BumHuntKing: checks 
*** FLOP *** [7c 4c Js]
BumHuntKing: checks 
Luqueta13: checks 
*** TURN *** [7c 4c Js] [Qh]
BumHuntKing: checks 
Luqueta13: bets $1
BumHuntKing: folds 
Uncalled bet ($1) returned to Luqueta13
Luqueta13 collected $2.38 from pot
Luqueta13: doesn't show hand 
*** SUMMARY ***
Total pot $2.50 | Rake $0.12 
Board [7c 4c Js Qh]
Seat 5: magnumopus1702
Seat 1: ImaPeppaPig (small blind) folded before Flop
Seat 2: BumHuntKing (big blind) folded on the Turn
Seat 3: CashfishT folded before Flop (didn't bet)
Seat 4: ddyyjj folded before Flop (didn't bet)
Seat 6: Luqueta13 (button) collected ($2.38)



