PokerStars Hand #254472385613:  Hold'em No Limit ($0.50/$1.00 USD) - 2025/01/20 19:41:49 WET [2025/01/20 14:41:49 ET]
Table 'Atossa IV' 6-max Seat #6 is the button
Seat 1: Manifestorr ($100 in chips) 
Seat 2: Alinyr ($100 in chips) 
Seat 3: gukii ($83.55 in chips) 
Seat 4: nastja336 ($115.45 in chips) 
Seat 5: aoish30 ($100 in chips) 
Seat 6: easy_sarcasm ($100 in chips) 
Manifestorr: posts small blind $0.50
Alinyr: posts big blind $1
*** HOLE CARDS ***
gukii: calls $1
nastja336: folds 
aoish30: folds 
easy_sarcasm: folds 
Manifestorr: folds 
Alinyr: raises $4 to $5
gukii: calls $4
*** FLOP *** [8c 4c 2s]
Alinyr: checks 
gukii: bets $8
Alinyr: folds 
Uncalled bet ($8) returned to gukii
gukii collected $9.98 from pot
*** SUMMARY ***
Total pot $10.50 | Rake $0.52 
Board [8c 4c 2s]
Seat 1: Manifestorr (small blind) folded before Flop
Seat 2: Alinyr (big blind) folded on the Flop
Seat 3: gukii collected ($9.98)
Seat 4: nastja336 folded before Flop (didn't bet)
Seat 5: aoish30 folded before Flop (didn't bet)
Seat 6: easy_sarcasm (button) folded before Flop (didn't bet)



PokerStars Hand #254472406754:  Hold'em No Limit ($0.50/$1.00 USD) - 2025/01/20 19:42:59 WET [2025/01/20 14:42:59 ET]
Table 'Atossa IV' 6-max Seat #1 is the button
Seat 1: Manifestorr ($100 in chips) 
Seat 2: Alinyr ($100 in chips) 
Seat 3: gukii ($88.53 in chips) 
Seat 4: nastja336 ($115.45 in chips) 
Seat 5: aoish30 ($100 in chips) 
Seat 6: easy_sarcasm ($100 in chips) 
Alinyr: posts small blind $0.50
gukii: posts big blind $1
*** HOLE CARDS ***
nastja336: folds 
aoish30: folds 
easy_sarcasm: raises $2 to $3
Manifestorr: folds 
Alinyr: folds 
gukii: calls $2
*** FLOP *** [9s Kd Ah]
gukii: checks 
easy_sarcasm: bets $2
gukii: calls $2
*** TURN *** [9s Kd Ah] [3c]
gukii: checks 
easy_sarcasm: bets $5.50
gukii: calls $5.50
*** RIVER *** [9s Kd Ah 3c] [Tc]
gukii: checks 
easy_sarcasm: checks 
*** SHOW DOWN ***
gukii: shows [Ks 2d] (a pair of Kings)
easy_sarcasm: shows [8c Ad] (a pair of Aces)
easy_sarcasm collected $20.42 from pot
*** SUMMARY ***
Total pot $21.50 | Rake $1.08 
Board [9s Kd Ah 3c Tc]
Seat 1: Manifestorr (button) folded before Flop (didn't bet)
Seat 2: Alinyr (small blind) folded before Flop
Seat 3: gukii (big blind) showed [Ks 2d] and lost with a pair of Kings
Seat 4: nastja336 folded before Flop (didn't bet)
Seat 5: aoish30 folded before Flop (didn't bet)
Seat 6: easy_sarcasm showed [8c Ad] and won ($20.42) with a pair of Aces



PokerStars Hand #254472421766:  Hold'em No Limit ($0.50/$1.00 USD) - 2025/01/20 19:43:50 WET [2025/01/20 14:43:50 ET]
Table 'Atossa IV' 6-max Seat #2 is the button
Seat 1: Manifestorr ($100 in chips) 
Seat 2: Alinyr ($100 in chips) 
Seat 3: gukii ($78.03 in chips) 
Seat 4: nastja336 ($115.45 in chips) 
Seat 5: aoish30 ($100 in chips) 
Seat 6: easy_sarcasm ($109.92 in chips) 
gukii: posts small blind $0.50
nastja336: posts big blind $1
*** HOLE CARDS ***
aoish30: folds 
easy_sarcasm: folds 
Manifestorr: raises $1.20 to $2.20
Alinyr: folds 
gukii: calls $1.70
nastja336: calls $1.20
*** FLOP *** [6h Qd 8c]
gukii: checks 
nastja336: checks 
Manifestorr: bets $2.07
gukii: calls $2.07
nastja336: folds 
*** TURN *** [6h Qd 8c] [8h]
gukii: checks 
Manifestorr: checks 
*** RIVER *** [6h Qd 8c 8h] [9s]
gukii: bets $5.10
Manifestorr: calls $5.10
*** SHOW DOWN ***
gukii: shows [8s 9d] (a full house, Eights full of Nines)
Manifestorr: mucks hand 
gukii collected $19.89 from pot
*** SUMMARY ***
Total pot $20.94 | Rake $1.05 
Board [6h Qd 8c 8h 9s]
Seat 1: Manifestorr mucked
Seat 2: Alinyr (button) folded before Flop (didn't bet)
Seat 3: gukii (small blind) showed [8s 9d] and won ($19.89) with a full house, Eights full of Nines
Seat 4: nastja336 (big blind) folded on the Flop
Seat 5: aoish30 folded before Flop (didn't bet)
Seat 6: easy_sarcasm folded before Flop (didn't bet)



PokerStars Hand #254472440103:  Hold'em No Limit ($0.50/$1.00 USD) - 2025/01/20 19:44:50 WET [2025/01/20 14:44:50 ET]
Table 'Atossa IV' 6-max Seat #3 is the button
Seat 1: Manifestorr ($100 in chips) 
Seat 2: Alinyr ($100 in chips) 
Seat 3: gukii ($88.55 in chips) 
Seat 4: nastja336 ($113.25 in chips) 
Seat 5: aoish30 ($100 in chips) 
Seat 6: easy_sarcasm ($109.92 in chips) 
nastja336: posts small blind $0.50
aoish30: posts big blind $1
*** HOLE CARDS ***
easy_sarcasm: folds 
Manifestorr: folds 
Alinyr: folds 
gukii: calls $1
nastja336: folds 
aoish30: checks 
*** FLOP *** [Qd 6h 6s]
aoish30: checks 
gukii: bets $2.38
aoish30: folds 
Uncalled bet ($2.38) returned to gukii
gukii collected $2.38 from pot
*** SUMMARY ***
Total pot $2.50 | Rake $0.12 
Board [Qd 6h 6s]
Seat 1: Manifestorr folded before Flop (didn't bet)
Seat 2: Alinyr folded before Flop (didn't bet)
Seat 3: gukii (button) collected ($2.38)
Seat 4: nastja336 (small blind) folded before Flop
Seat 5: aoish30 (big blind) folded on the Flop
Seat 6: easy_sarcasm folded before Flop (didn't bet)



PokerStars Hand #254472449600:  Hold'em No Limit ($0.50/$1.00 USD) - 2025/01/20 19:45:21 WET [2025/01/20 14:45:21 ET]
Table 'Atossa IV' 6-max Seat #4 is the button
Seat 1: Manifestorr ($100 in chips) 
Seat 2: Alinyr ($100 in chips) 
Seat 3: gukii ($89.93 in chips) 
Seat 4: nastja336 ($112.75 in chips) 
Seat 5: aoish30 ($100 in chips) 
Seat 6: easy_sarcasm ($109.92 in chips) 
aoish30: posts small blind $0.50
easy_sarcasm: posts big blind $1
*** HOLE CARDS ***
Manifestorr: folds 
Alinyr: raises $1.05 to $2.05
gukii: folds 
nastja336: folds 
aoish30: folds 
easy_sarcasm: folds 
Uncalled bet ($1.05) returned to Alinyr
Alinyr collected $2.50 from pot
Alinyr: doesn't show hand 
*** SUMMARY ***
Total pot $2.50 | Rake $0 
Seat 1: Manifestorr folded before Flop (didn't bet)
Seat 2: Alinyr collected ($2.50)
Seat 3: gukii folded before Flop (didn't bet)
Seat 4: nastja336 (button) folded before Flop (didn't bet)
Seat 5: aoish30 (small blind) folded before Flop
Seat 6: easy_sarcasm (big blind) folded before Flop



PokerStars Hand #254472455038:  Hold'em No Limit ($0.50/$1.00 USD) - 2025/01/20 19:45:39 WET [2025/01/20 14:45:39 ET]
Table 'Atossa IV' 6-max Seat #5 is the button
Seat 1: Manifestorr ($100 in chips) 
Seat 2: Alinyr ($101.50 in chips) 
Seat 3: gukii ($89.93 in chips) 
Seat 4: nastja336 ($112.75 in chips) 
Seat 5: aoish30 ($100 in chips) 
Seat 6: easy_sarcasm ($108.92 in chips) 
easy_sarcasm: posts small blind $0.50
Manifestorr: posts big blind $1
*** HOLE CARDS ***
Alinyr: folds 
gukii: folds 
nastja336: folds 
aoish30: raises $1.50 to $2.50
easy_sarcasm: folds 
Manifestorr: calls $1.50
*** FLOP *** [3d 8d 8c]
Manifestorr: checks 
aoish30: bets $1.72
Manifestorr: folds 
Uncalled bet ($1.72) returned to aoish30
aoish30 collected $5.22 from pot
aoish30: doesn't show hand 
*** SUMMARY ***
Total pot $5.50 | Rake $0.28 
Board [3d 8d 8c]
Seat 1: Manifestorr (big blind) folded on the Flop
Seat 2: Alinyr folded before Flop (didn't bet)
Seat 3: gukii folded before Flop (didn't bet)
Seat 4: nastja336 folded before Flop (didn't bet)
Seat 5: aoish30 (button) collected ($5.22)
Seat 6: easy_sarcasm (small blind) folded before Flop



PokerStars Hand #254472464629:  Hold'em No Limit ($0.50/$1.00 USD) - 2025/01/20 19:46:10 WET [2025/01/20 14:46:10 ET]
Table 'Atossa IV' 6-max Seat #6 is the button
Seat 1: Manifestorr ($100 in chips) 
Seat 2: Alinyr ($101.50 in chips) 
Seat 3: gukii ($89.93 in chips) 
Seat 4: nastja336 ($112.75 in chips) 
Seat 5: aoish30 ($102.72 in chips) 
Seat 6: easy_sarcasm ($108.42 in chips) 
Manifestorr: posts small blind $0.50
Alinyr: posts big blind $1
*** HOLE CARDS ***
gukii: calls $1
nastja336: raises $3 to $4
aoish30: raises $9.60 to $13.60
easy_sarcasm: folds 
Manifestorr: folds 
Alinyr: folds 
gukii: folds 
nastja336: folds 
Uncalled bet ($9.60) returned to aoish30
aoish30 collected $10.50 from pot
aoish30: doesn't show hand 
*** SUMMARY ***
Total pot $10.50 | Rake $0 
Seat 1: Manifestorr (small blind) folded before Flop
Seat 2: Alinyr (big blind) folded before Flop
Seat 3: gukii folded before Flop
Seat 4: nastja336 folded before Flop
Seat 5: aoish30 collected ($10.50)
Seat 6: easy_sarcasm (button) folded before Flop (didn't bet)



PokerStars Hand #254472471259:  Hold'em No Limit ($0.50/$1.00 USD) - 2025/01/20 19:46:32 WET [2025/01/20 14:46:32 ET]
Table 'Atossa IV' 6-max Seat #1 is the button
Seat 1: Manifestorr ($100 in chips) 
Seat 2: Alinyr ($100.50 in chips) 
Seat 3: gukii ($88.93 in chips) 
Seat 4: nastja336 ($108.75 in chips) 
Seat 5: aoish30 ($109.22 in chips) 
Seat 6: easy_sarcasm ($108.42 in chips) 
Alinyr: posts small blind $0.50
gukii: posts big blind $1
*** HOLE CARDS ***
nastja336: raises $1.50 to $2.50
aoish30: folds 
easy_sarcasm: folds 
Manifestorr: folds 
Alinyr: folds 
gukii: calls $1.50
*** FLOP *** [3s Qc Ac]
gukii: checks 
nastja336: bets $4.80
gukii: folds 
Uncalled bet ($4.80) returned to nastja336
nastja336 collected $5.22 from pot
nastja336: doesn't show hand 
*** SUMMARY ***
Total pot $5.50 | Rake $0.28 
Board [3s Qc Ac]
Seat 1: Manifestorr (button) folded before Flop (didn't bet)
Seat 2: Alinyr (small blind) folded before Flop
Seat 3: gukii (big blind) folded on the Flop
Seat 4: nastja336 collected ($5.22)
Seat 5: aoish30 folded before Flop (didn't bet)
Seat 6: easy_sarcasm folded before Flop (didn't bet)



PokerStars Hand #254472482186:  Hold'em No Limit ($0.50/$1.00 USD) - 2025/01/20 19:47:08 WET [2025/01/20 14:47:08 ET]
Table 'Atossa IV' 6-max Seat #2 is the button
Seat 1: Manifestorr ($100 in chips) 
Seat 2: Alinyr ($100 in chips) 
Seat 3: gukii ($86.43 in chips) 
Seat 4: nastja336 ($111.47 in chips) 
Seat 5: aoish30 ($109.22 in chips) 
Seat 6: easy_sarcasm ($108.42 in chips) 
gukii: posts small blind $0.50
nastja336: posts big blind $1
*** HOLE CARDS ***
aoish30: folds 
easy_sarcasm: raises $2 to $3
Manifestorr: folds 
Alinyr: folds 
gukii: calls $2.50
nastja336: raises $12 to $15
easy_sarcasm: calls $12
gukii: folds 
*** FLOP *** [Qd 7h 4s]
nastja336: checks 
easy_sarcasm: bets $10.35
nastja336: folds 
Uncalled bet ($10.35) returned to easy_sarcasm
easy_sarcasm collected $31.35 from pot
*** SUMMARY ***
Total pot $33 | Rake $1.65 
Board [Qd 7h 4s]
Seat 1: Manifestorr folded before Flop (didn't bet)
Seat 2: Alinyr (button) folded before Flop (didn't bet)
Seat 3: gukii (small blind) folded before Flop
Seat 4: nastja336 (big blind) folded on the Flop
Seat 5: aoish30 folded before Flop (didn't bet)
Seat 6: easy_sarcasm collected ($31.35)



PokerStars Hand #254472500533:  Hold'em No Limit ($0.50/$1.00 USD) - 2025/01/20 19:48:09 WET [2025/01/20 14:48:09 ET]
Table 'Atossa IV' 6-max Seat #3 is the button
Seat 1: Manifestorr ($100 in chips) 
Seat 2: Alinyr ($100 in chips) 
Seat 3: gukii ($83.43 in chips) 
Seat 4: nastja336 ($100 in chips) 
Seat 5: aoish30 ($109.22 in chips) 
Seat 6: easy_sarcasm ($124.77 in chips) 
nastja336: posts small blind $0.50
aoish30: posts big blind $1
*** HOLE CARDS ***
easy_sarcasm: folds 
Manifestorr: folds 
Alinyr: folds 
gukii: calls $1
nastja336: folds 
aoish30: checks 
*** FLOP *** [Qs Qc Kh]
aoish30: checks 
gukii: bets $1
aoish30: folds 
Uncalled bet ($1) returned to gukii
gukii collected $2.38 from pot
*** SUMMARY ***
Total pot $2.50 | Rake $0.12 
Board [Qs Qc Kh]
Seat 1: Manifestorr folded before Flop (didn't bet)
Seat 2: Alinyr folded before Flop (didn't bet)
Seat 3: gukii (button) collected ($2.38)
Seat 4: nastja336 (small blind) folded before Flop
Seat 5: aoish30 (big blind) folded on the Flop
Seat 6: easy_sarcasm folded before Flop (didn't bet)



PokerStars Hand #254472507481:  Hold'em No Limit ($0.50/$1.00 USD) - 2025/01/20 19:48:31 WET [2025/01/20 14:48:31 ET]
Table 'Atossa IV' 6-max Seat #4 is the button
Seat 1: Manifestorr ($100 in chips) 
Seat 2: Alinyr ($100 in chips) 
Seat 3: gukii ($84.81 in chips) 
Seat 4: nastja336 ($100 in chips) 
Seat 5: aoish30 ($108.22 in chips) 
Seat 6: easy_sarcasm ($124.77 in chips) 
aoish30: posts small blind $0.50
easy_sarcasm: posts big blind $1
*** HOLE CARDS ***
Manifestorr: raises $1.20 to $2.20
Alinyr: folds 
gukii: calls $2.20
nastja336: folds 
aoish30: folds 
easy_sarcasm: folds 
*** FLOP *** [7c 5c 7h]
Manifestorr: bets $1.85
gukii: calls $1.85
*** TURN *** [7c 5c 7h] [4d]
Manifestorr: bets $6.84
gukii: folds 
Uncalled bet ($6.84) returned to Manifestorr
Manifestorr collected $9.12 from pot
*** SUMMARY ***
Total pot $9.60 | Rake $0.48 
Board [7c 5c 7h 4d]
Seat 1: Manifestorr collected ($9.12)
Seat 2: Alinyr folded before Flop (didn't bet)
Seat 3: gukii folded on the Turn
Seat 4: nastja336 (button) folded before Flop (didn't bet)
Seat 5: aoish30 (small blind) folded before Flop
Seat 6: easy_sarcasm (big blind) folded before Flop



PokerStars Hand #254472517720:  Hold'em No Limit ($0.50/$1.00 USD) - 2025/01/20 19:49:04 WET [2025/01/20 14:49:04 ET]
Table 'Atossa IV' 6-max Seat #5 is the button
Seat 1: Manifestorr ($105.07 in chips) 
Seat 2: Alinyr ($100 in chips) 
Seat 3: gukii ($80.76 in chips) 
Seat 4: nastja336 ($100 in chips) 
Seat 5: aoish30 ($107.72 in chips) 
Seat 6: easy_sarcasm ($123.77 in chips) 
easy_sarcasm: posts small blind $0.50
Manifestorr: posts big blind $1
*** HOLE CARDS ***
Alinyr: folds 
gukii: raises $4 to $5
nastja336: folds 
aoish30: folds 
easy_sarcasm: folds 
Manifestorr: folds 
Uncalled bet ($4) returned to gukii
gukii collected $2.50 from pot
*** SUMMARY ***
Total pot $2.50 | Rake $0 
Seat 1: Manifestorr (big blind) folded before Flop
Seat 2: Alinyr folded before Flop (didn't bet)
Seat 3: gukii collected ($2.50)
Seat 4: nastja336 folded before Flop (didn't bet)
Seat 5: aoish30 (button) folded before Flop (didn't bet)
Seat 6: easy_sarcasm (small blind) folded before Flop



PokerStars Hand #254472522230:  Hold'em No Limit ($0.50/$1.00 USD) - 2025/01/20 19:49:19 WET [2025/01/20 14:49:19 ET]
Table 'Atossa IV' 6-max Seat #6 is the button
Seat 1: Manifestorr ($104.07 in chips) 
Seat 2: Alinyr ($100 in chips) 
Seat 3: gukii ($82.26 in chips) 
Seat 4: nastja336 ($100 in chips) 
Seat 5: aoish30 ($107.72 in chips) 
Seat 6: easy_sarcasm ($123.27 in chips) 
Manifestorr: posts small blind $0.50
Alinyr: posts big blind $1
*** HOLE CARDS ***
gukii: calls $1
nastja336: folds 
aoish30: raises $3 to $4
easy_sarcasm: folds 
Manifestorr: folds 
Alinyr: raises $12 to $16
gukii: folds 
aoish30: folds 
Uncalled bet ($12) returned to Alinyr
Alinyr collected $9.50 from pot
Alinyr: doesn't show hand 
*** SUMMARY ***
Total pot $9.50 | Rake $0 
Seat 1: Manifestorr (small blind) folded before Flop
Seat 2: Alinyr (big blind) collected ($9.50)
Seat 3: gukii folded before Flop
Seat 4: nastja336 folded before Flop (didn't bet)
Seat 5: aoish30 folded before Flop
Seat 6: easy_sarcasm (button) folded before Flop (didn't bet)



PokerStars Hand #254472531696:  Hold'em No Limit ($0.50/$1.00 USD) - 2025/01/20 19:49:50 WET [2025/01/20 14:49:50 ET]
Table 'Atossa IV' 6-max Seat #1 is the button
Seat 1: Manifestorr ($103.57 in chips) 
Seat 2: Alinyr ($105.50 in chips) 
Seat 3: gukii ($81.26 in chips) 
Seat 4: nastja336 ($100 in chips) 
Seat 5: aoish30 ($103.72 in chips) 
Seat 6: easy_sarcasm ($123.27 in chips) 
Alinyr: posts small blind $0.50
gukii: posts big blind $1
*** HOLE CARDS ***
nastja336: folds 
aoish30: folds 
easy_sarcasm: raises $2 to $3
Manifestorr: folds 
Alinyr: folds 
gukii: calls $2
*** FLOP *** [5s 3h Kd]
gukii: checks 
easy_sarcasm: bets $2
gukii: calls $2
*** TURN *** [5s 3h Kd] [Jd]
gukii: checks 
easy_sarcasm: bets $6.50
gukii: calls $6.50
*** RIVER *** [5s 3h Kd Jd] [7h]
gukii: checks 
easy_sarcasm: checks 
*** SHOW DOWN ***
gukii: shows [Ks 4h] (a pair of Kings)
easy_sarcasm: mucks hand 
gukii collected $22.32 from pot
*** SUMMARY ***
Total pot $23.50 | Rake $1.18 
Board [5s 3h Kd Jd 7h]
Seat 1: Manifestorr (button) folded before Flop (didn't bet)
Seat 2: Alinyr (small blind) folded before Flop
Seat 3: gukii (big blind) showed [Ks 4h] and won ($22.32) with a pair of Kings
Seat 4: nastja336 folded before Flop (didn't bet)
Seat 5: aoish30 folded before Flop (didn't bet)
Seat 6: easy_sarcasm mucked



PokerStars Hand #254472543751:  Hold'em No Limit ($0.50/$1.00 USD) - 2025/01/20 19:50:29 WET [2025/01/20 14:50:29 ET]
Table 'Atossa IV' 6-max Seat #2 is the button
Seat 1: Manifestorr ($103.57 in chips) 
Seat 2: Alinyr ($105 in chips) 
Seat 3: gukii ($92.08 in chips) 
Seat 4: nastja336 ($100 in chips) 
Seat 5: aoish30 ($103.72 in chips) 
Seat 6: easy_sarcasm ($111.77 in chips) 
gukii: posts small blind $0.50
nastja336: posts big blind $1
*** HOLE CARDS ***
aoish30: raises $1.10 to $2.10
easy_sarcasm: folds 
Manifestorr: folds 
Alinyr: folds 
gukii: calls $1.60
nastja336: calls $1.10
*** FLOP *** [Jd Kc 2s]
gukii: checks 
nastja336: checks 
aoish30: bets $1.97
gukii: calls $1.97
nastja336: calls $1.97
*** TURN *** [Jd Kc 2s] [6h]
gukii: checks 
nastja336: checks 
aoish30: checks 
*** RIVER *** [Jd Kc 2s 6h] [Tc]
gukii: bets $4
nastja336: calls $4
aoish30: calls $4
*** SHOW DOWN ***
gukii: shows [Ah Td] (a pair of Tens)
nastja336: shows [8d Kd] (a pair of Kings)
aoish30: mucks hand 
nastja336 collected $23 from pot
*** SUMMARY ***
Total pot $24.21 | Rake $1.21 
Board [Jd Kc 2s 6h Tc]
Seat 1: Manifestorr folded before Flop (didn't bet)
Seat 2: Alinyr (button) folded before Flop (didn't bet)
Seat 3: gukii (small blind) showed [Ah Td] and lost with a pair of Tens
Seat 4: nastja336 (big blind) showed [8d Kd] and won ($23) with a pair of Kings
Seat 5: aoish30 mucked
Seat 6: easy_sarcasm folded before Flop (didn't bet)



PokerStars Hand #254472559876:  Hold'em No Limit ($0.50/$1.00 USD) - 2025/01/20 19:51:20 WET [2025/01/20 14:51:20 ET]
Table 'Atossa IV' 6-max Seat #3 is the button
Seat 1: Manifestorr ($103.57 in chips) 
Seat 2: Alinyr ($105 in chips) 
Seat 3: gukii ($84.01 in chips) 
Seat 4: nastja336 ($114.93 in chips) 
Seat 5: aoish30 ($100 in chips) 
Seat 6: easy_sarcasm ($111.77 in chips) 
nastja336: posts small blind $0.50
aoish30: posts big blind $1
*** HOLE CARDS ***
easy_sarcasm: folds 
Manifestorr: folds 
Alinyr: raises $1.28 to $2.28
gukii: calls $2.28
nastja336: folds 
aoish30: folds 
*** FLOP *** [9h Qs 2c]
Alinyr: bets $1.90
gukii: calls $1.90
*** TURN *** [9h Qs 2c] [8h]
Alinyr: checks 
gukii: checks 
*** RIVER *** [9h Qs 2c 8h] [8s]
Alinyr: checks 
gukii: bets $9.37
Alinyr: folds 
Uncalled bet ($9.37) returned to gukii
gukii collected $9.37 from pot
*** SUMMARY ***
Total pot $9.86 | Rake $0.49 
Board [9h Qs 2c 8h 8s]
Seat 1: Manifestorr folded before Flop (didn't bet)
Seat 2: Alinyr folded on the River
Seat 3: gukii (button) collected ($9.37)
Seat 4: nastja336 (small blind) folded before Flop
Seat 5: aoish30 (big blind) folded before Flop
Seat 6: easy_sarcasm folded before Flop (didn't bet)



PokerStars Hand #254472574672:  Hold'em No Limit ($0.50/$1.00 USD) - 2025/01/20 19:52:09 WET [2025/01/20 14:52:09 ET]
Table 'Atossa IV' 6-max Seat #4 is the button
Seat 1: Manifestorr ($103.57 in chips) 
Seat 2: Alinyr ($100.82 in chips) 
Seat 3: gukii ($89.20 in chips) 
Seat 4: nastja336 ($114.43 in chips) 
Seat 5: aoish30 ($100 in chips) 
Seat 6: easy_sarcasm ($111.77 in chips) 
aoish30: posts small blind $0.50
easy_sarcasm: posts big blind $1
*** HOLE CARDS ***
Manifestorr: folds 
Alinyr: folds 
gukii: calls $1
nastja336: folds 
aoish30: raises $4 to $5
easy_sarcasm: folds 
gukii: calls $4
*** FLOP *** [As 7c 3s]
aoish30: bets $3.45
gukii: folds 
Uncalled bet ($3.45) returned to aoish30
aoish30 collected $10.45 from pot
aoish30: doesn't show hand 
*** SUMMARY ***
Total pot $11 | Rake $0.55 
Board [As 7c 3s]
Seat 1: Manifestorr folded before Flop (didn't bet)
Seat 2: Alinyr folded before Flop (didn't bet)
Seat 3: gukii folded on the Flop
Seat 4: nastja336 (button) folded before Flop (didn't bet)
Seat 5: aoish30 (small blind) collected ($10.45)
Seat 6: easy_sarcasm (big blind) folded before Flop



PokerStars Hand #254472583826:  Hold'em No Limit ($0.50/$1.00 USD) - 2025/01/20 19:52:38 WET [2025/01/20 14:52:38 ET]
Table 'Atossa IV' 6-max Seat #5 is the button
Seat 1: Manifestorr ($103.57 in chips) 
Seat 2: Alinyr ($100.82 in chips) 
Seat 3: gukii ($84.20 in chips) 
Seat 4: nastja336 ($114.43 in chips) 
Seat 5: aoish30 ($105.45 in chips) 
Seat 6: easy_sarcasm ($110.77 in chips) 
easy_sarcasm: posts small blind $0.50
Manifestorr: posts big blind $1
*** HOLE CARDS ***
Alinyr: folds 
gukii: calls $1
nastja336: raises $3 to $4
aoish30: folds 
easy_sarcasm: folds 
Manifestorr: folds 
gukii: calls $3
*** FLOP *** [2h 6c 8c]
gukii: bets $5
nastja336: folds 
Uncalled bet ($5) returned to gukii
gukii collected $9.02 from pot
*** SUMMARY ***
Total pot $9.50 | Rake $0.48 
Board [2h 6c 8c]
Seat 1: Manifestorr (big blind) folded before Flop
Seat 2: Alinyr folded before Flop (didn't bet)
Seat 3: gukii collected ($9.02)
Seat 4: nastja336 folded on the Flop
Seat 5: aoish30 (button) folded before Flop (didn't bet)
Seat 6: easy_sarcasm (small blind) folded before Flop



PokerStars Hand #254472593985:  Hold'em No Limit ($0.50/$1.00 USD) - 2025/01/20 19:53:11 WET [2025/01/20 14:53:11 ET]
Table 'Atossa IV' 6-max Seat #6 is the button
Seat 1: Manifestorr ($102.57 in chips) 
Seat 2: Alinyr ($100.82 in chips) 
Seat 3: gukii ($89.22 in chips) 
Seat 4: nastja336 ($110.43 in chips) 
Seat 5: aoish30 ($105.45 in chips) 
Seat 6: easy_sarcasm ($110.27 in chips) 
Manifestorr: posts small blind $0.50
Alinyr: posts big blind $1
*** HOLE CARDS ***
gukii: calls $1
nastja336: folds 
aoish30: folds 
easy_sarcasm: raises $3.50 to $4.50
Manifestorr: folds 
Alinyr: folds 
gukii: calls $3.50
*** FLOP *** [8s 6d 9s]
gukii: checks 
easy_sarcasm: bets $7.50
gukii: folds 
Uncalled bet ($7.50) returned to easy_sarcasm
easy_sarcasm collected $9.98 from pot
*** SUMMARY ***
Total pot $10.50 | Rake $0.52 
Board [8s 6d 9s]
Seat 1: Manifestorr (small blind) folded before Flop
Seat 2: Alinyr (big blind) folded before Flop
Seat 3: gukii folded on the Flop
Seat 4: nastja336 folded before Flop (didn't bet)
Seat 5: aoish30 folded before Flop (didn't bet)
Seat 6: easy_sarcasm (button) collected ($9.98)



PokerStars Hand #254472603420:  Hold'em No Limit ($0.50/$1.00 USD) - 2025/01/20 19:53:42 WET [2025/01/20 14:53:42 ET]
Table 'Atossa IV' 6-max Seat #1 is the button
Seat 1: Manifestorr ($102.07 in chips) 
Seat 2: Alinyr ($100 in chips) 
Seat 3: gukii ($84.72 in chips) 
Seat 4: nastja336 ($110.43 in chips) 
Seat 5: aoish30 ($105.45 in chips) 
Seat 6: easy_sarcasm ($115.75 in chips) 
Alinyr: posts small blind $0.50
gukii: posts big blind $1
*** HOLE CARDS ***
nastja336: folds 
aoish30: folds 
easy_sarcasm: raises $2 to $3
Manifestorr: folds 
Alinyr: raises $10 to $13
gukii: folds 
easy_sarcasm: folds 
Uncalled bet ($10) returned to Alinyr
Alinyr collected $7 from pot
Alinyr: doesn't show hand 
*** SUMMARY ***
Total pot $7 | Rake $0 
Seat 1: Manifestorr (button) folded before Flop (didn't bet)
Seat 2: Alinyr (small blind) collected ($7)
Seat 3: gukii (big blind) folded before Flop
Seat 4: nastja336 folded before Flop (didn't bet)
Seat 5: aoish30 folded before Flop (didn't bet)
Seat 6: easy_sarcasm folded before Flop



PokerStars Hand #254472610317:  Hold'em No Limit ($0.50/$1.00 USD) - 2025/01/20 19:54:04 WET [2025/01/20 14:54:04 ET]
Table 'Atossa IV' 6-max Seat #2 is the button
Seat 1: Manifestorr ($102.07 in chips) 
Seat 2: Alinyr ($104 in chips) 
Seat 3: gukii ($83.72 in chips) 
Seat 4: nastja336 ($110.43 in chips) 
Seat 5: aoish30 ($105.45 in chips) 
Seat 6: easy_sarcasm ($112.75 in chips) 
gukii: posts small blind $0.50
nastja336: posts big blind $1
*** HOLE CARDS ***
aoish30: raises $1.10 to $2.10
easy_sarcasm: folds 
Manifestorr: folds 
Alinyr: folds 
gukii: calls $1.60
nastja336: calls $1.10
*** FLOP *** [2c 6c 9c]
gukii: checks 
nastja336: bets $1.50
aoish30: folds 
gukii: calls $1.50
*** TURN *** [2c 6c 9c] [4s]
gukii: checks 
nastja336: bets $2.92
gukii: calls $2.92
*** RIVER *** [2c 6c 9c 4s] [Jd]
gukii: checks 
nastja336: checks 
*** SHOW DOWN ***
gukii: shows [2h 7h] (a pair of Deuces)
nastja336: shows [7c 7s] (a pair of Sevens)
nastja336 collected $14.38 from pot
*** SUMMARY ***
Total pot $15.14 | Rake $0.76 
Board [2c 6c 9c 4s Jd]
Seat 1: Manifestorr folded before Flop (didn't bet)
Seat 2: Alinyr (button) folded before Flop (didn't bet)
Seat 3: gukii (small blind) showed [2h 7h] and lost with a pair of Deuces
Seat 4: nastja336 (big blind) showed [7c 7s] and won ($14.38) with a pair of Sevens
Seat 5: aoish30 folded on the Flop
Seat 6: easy_sarcasm folded before Flop (didn't bet)



PokerStars Hand #254472620865:  Hold'em No Limit ($0.50/$1.00 USD) - 2025/01/20 19:54:38 WET [2025/01/20 14:54:38 ET]
Table 'Atossa IV' 6-max Seat #3 is the button
Seat 1: Manifestorr ($102.07 in chips) 
Seat 2: Alinyr ($104 in chips) 
Seat 3: gukii ($77.20 in chips) 
Seat 4: nastja336 ($118.29 in chips) 
Seat 5: aoish30 ($103.35 in chips) 
Seat 6: easy_sarcasm ($112.75 in chips) 
nastja336: posts small blind $0.50
aoish30: posts big blind $1
*** HOLE CARDS ***
easy_sarcasm: folds 
Manifestorr: folds 
Alinyr: raises $1.28 to $2.28
gukii: calls $2.28
nastja336: raises $11.72 to $14
aoish30: folds 
Alinyr: folds 
gukii: calls $11.72
*** FLOP *** [3s 7c 8c]
nastja336: checks 
gukii: checks 
*** TURN *** [3s 7c 8c] [9c]
nastja336: checks 
gukii: bets $13
nastja336: calls $13
*** RIVER *** [3s 7c 8c 9c] [Qc]
nastja336: bets $18.08
gukii: folds 
Uncalled bet ($18.08) returned to nastja336
nastja336 collected $54.78 from pot
nastja336: doesn't show hand 
*** SUMMARY ***
Total pot $57.28 | Rake $2.50 
Board [3s 7c 8c 9c Qc]
Seat 1: Manifestorr folded before Flop (didn't bet)
Seat 2: Alinyr folded before Flop
Seat 3: gukii (button) folded on the River
Seat 4: nastja336 (small blind) collected ($54.78)
Seat 5: aoish30 (big blind) folded before Flop
Seat 6: easy_sarcasm folded before Flop (didn't bet)



PokerStars Hand #254472635734:  Hold'em No Limit ($0.50/$1.00 USD) - 2025/01/20 19:55:36 WET [2025/01/20 14:55:36 ET]
Table 'Atossa IV' 6-max Seat #4 is the button
Seat 1: Manifestorr ($102.07 in chips) 
Seat 2: Alinyr ($101.72 in chips) 
Seat 3: gukii ($50.20 in chips) 
Seat 4: nastja336 ($146.07 in chips) 
Seat 5: aoish30 ($102.35 in chips) 
Seat 6: easy_sarcasm ($112.75 in chips) 
aoish30: posts small blind $0.50
easy_sarcasm: posts big blind $1
*** HOLE CARDS ***
Manifestorr: raises $1.20 to $2.20
Alinyr: raises $5.30 to $7.50
gukii: calls $7.50
nastja336: raises $16.50 to $24
aoish30: folds 
easy_sarcasm: folds 
Manifestorr: folds 
Alinyr: folds 
gukii: calls $16.50
*** FLOP *** [Ac Ah 2d]
gukii: checks 
nastja336: bets $14.25
gukii: folds 
Uncalled bet ($14.25) returned to nastja336
nastja336 collected $56.70 from pot
nastja336: doesn't show hand 
*** SUMMARY ***
Total pot $59.20 | Rake $2.50 
Board [Ac Ah 2d]
Seat 1: Manifestorr folded before Flop
Seat 2: Alinyr folded before Flop
Seat 3: gukii folded on the Flop
Seat 4: nastja336 (button) collected ($56.70)
Seat 5: aoish30 (small blind) folded before Flop
Seat 6: easy_sarcasm (big blind) folded before Flop



PokerStars Hand #254472649727:  Hold'em No Limit ($0.50/$1.00 USD) - 2025/01/20 19:56:39 WET [2025/01/20 14:56:39 ET]
Table 'Atossa IV' 6-max Seat #5 is the button
Seat 1: Manifestorr ($100 in chips) 
Seat 2: Alinyr ($100 in chips) 
Seat 3: gukii ($26.20 in chips) 
Seat 4: nastja336 ($178.77 in chips) 
Seat 5: aoish30 ($101.85 in chips) 
Seat 6: easy_sarcasm ($111.75 in chips) 
easy_sarcasm: posts small blind $0.50
Manifestorr: posts big blind $1
*** HOLE CARDS ***
Alinyr: folds 
gukii: raises $4 to $5
nastja336: folds 
aoish30: folds 
easy_sarcasm: folds 
Manifestorr: folds 
Uncalled bet ($4) returned to gukii
gukii collected $2.50 from pot
*** SUMMARY ***
Total pot $2.50 | Rake $0 
Seat 1: Manifestorr (big blind) folded before Flop
Seat 2: Alinyr folded before Flop (didn't bet)
Seat 3: gukii collected ($2.50)
Seat 4: nastja336 folded before Flop (didn't bet)
Seat 5: aoish30 (button) folded before Flop (didn't bet)
Seat 6: easy_sarcasm (small blind) folded before Flop



PokerStars Hand #254472654132:  Hold'em No Limit ($0.50/$1.00 USD) - 2025/01/20 19:57:00 WET [2025/01/20 14:57:00 ET]
Table 'Atossa IV' 6-max Seat #6 is the button
Seat 1: Manifestorr ($100 in chips) 
Seat 2: Alinyr ($100 in chips) 
Seat 3: gukii ($27.70 in chips) 
Seat 4: nastja336 ($178.77 in chips) 
Seat 5: aoish30 ($101.85 in chips) 
Seat 6: easy_sarcasm ($111.25 in chips) 
Manifestorr: posts small blind $0.50
Alinyr: posts big blind $1
*** HOLE CARDS ***
gukii: folds 
nastja336: raises $1.50 to $2.50
aoish30: folds 
easy_sarcasm: folds 
Manifestorr: folds 
Alinyr: folds 
Uncalled bet ($1.50) returned to nastja336
nastja336 collected $2.50 from pot
nastja336: doesn't show hand 
*** SUMMARY ***
Total pot $2.50 | Rake $0 
Seat 1: Manifestorr (small blind) folded before Flop
Seat 2: Alinyr (big blind) folded before Flop
Seat 3: gukii folded before Flop (didn't bet)
Seat 4: nastja336 collected ($2.50)
Seat 5: aoish30 folded before Flop (didn't bet)
Seat 6: easy_sarcasm (button) folded before Flop (didn't bet)



PokerStars Hand #254472657696:  Hold'em No Limit ($0.50/$1.00 USD) - 2025/01/20 19:57:16 WET [2025/01/20 14:57:16 ET]
Table 'Atossa IV' 6-max Seat #1 is the button
Seat 1: Manifestorr ($100 in chips) 
Seat 2: Alinyr ($100 in chips) 
Seat 3: gukii ($27.70 in chips) 
Seat 4: nastja336 ($180.27 in chips) 
Seat 5: aoish30 ($101.85 in chips) 
Seat 6: easy_sarcasm ($111.25 in chips) 
Alinyr: posts small blind $0.50
gukii: posts big blind $1
*** HOLE CARDS ***
nastja336: folds 
aoish30: raises $1.10 to $2.10
easy_sarcasm: raises $5.90 to $8
Manifestorr: folds 
Alinyr: folds 
gukii: calls $7
aoish30: folds 
*** FLOP *** [8s Qc 4h]
gukii: bets $19.70 and is all-in
easy_sarcasm: folds 
Uncalled bet ($19.70) returned to gukii
gukii collected $17.67 from pot
*** SUMMARY ***
Total pot $18.60 | Rake $0.93 
Board [8s Qc 4h]
Seat 1: Manifestorr (button) folded before Flop (didn't bet)
Seat 2: Alinyr (small blind) folded before Flop
Seat 3: gukii (big blind) collected ($17.67)
Seat 4: nastja336 folded before Flop (didn't bet)
Seat 5: aoish30 folded before Flop
Seat 6: easy_sarcasm folded on the Flop



PokerStars Hand #254472668089:  Hold'em No Limit ($0.50/$1.00 USD) - 2025/01/20 19:58:03 WET [2025/01/20 14:58:03 ET]
Table 'Atossa IV' 6-max Seat #2 is the button
Seat 1: Manifestorr ($100 in chips) 
Seat 2: Alinyr ($100 in chips) 
Seat 3: gukii ($37.37 in chips) 
Seat 4: nastja336 ($180.27 in chips) 
Seat 5: aoish30 ($100 in chips) 
Seat 6: easy_sarcasm ($103.25 in chips) 
gukii: posts small blind $0.50
nastja336: posts big blind $1
*** HOLE CARDS ***
aoish30: folds 
easy_sarcasm: raises $2 to $3
Manifestorr: folds 
Alinyr: calls $3
gukii: raises $10 to $13
nastja336: folds 
easy_sarcasm: folds 
Alinyr: raises $87 to $100 and is all-in
gukii: calls $24.37 and is all-in
Uncalled bet ($62.63) returned to Alinyr
*** FLOP *** [5c Jd 5d]
*** TURN *** [5c Jd 5d] [As]
*** RIVER *** [5c Jd 5d As] [2h]
*** SHOW DOWN ***
gukii: shows [Qd Qh] (two pair, Queens and Fives)
Alinyr: shows [8c 8h] (two pair, Eights and Fives)
gukii collected $76.24 from pot
*** SUMMARY ***
Total pot $78.74 | Rake $2.50 
Board [5c Jd 5d As 2h]
Seat 1: Manifestorr folded before Flop (didn't bet)
Seat 2: Alinyr (button) showed [8c 8h] and lost with two pair, Eights and Fives
Seat 3: gukii (small blind) showed [Qd Qh] and won ($76.24) with two pair, Queens and Fives
Seat 4: nastja336 (big blind) folded before Flop
Seat 5: aoish30 folded before Flop (didn't bet)
Seat 6: easy_sarcasm folded before Flop



PokerStars Hand #254472678469:  Hold'em No Limit ($0.50/$1.00 USD) - 2025/01/20 19:58:50 WET [2025/01/20 14:58:50 ET]
Table 'Atossa IV' 6-max Seat #3 is the button
Seat 1: Manifestorr ($100 in chips) 
Seat 2: Alinyr ($100 in chips) 
Seat 3: gukii ($76.24 in chips) 
Seat 4: nastja336 ($179.27 in chips) 
Seat 5: aoish30 ($100 in chips) 
Seat 6: easy_sarcasm ($100.25 in chips) 
nastja336: posts small blind $0.50
aoish30: posts big blind $1
*** HOLE CARDS ***
easy_sarcasm: folds 
Manifestorr: folds 
Alinyr: folds 
gukii: folds 
nastja336: raises $2 to $3
aoish30: raises $6.50 to $9.50
nastja336: folds 
Uncalled bet ($6.50) returned to aoish30
aoish30 collected $6 from pot
aoish30: doesn't show hand 
*** SUMMARY ***
Total pot $6 | Rake $0 
Seat 1: Manifestorr folded before Flop (didn't bet)
Seat 2: Alinyr folded before Flop (didn't bet)
Seat 3: gukii (button) folded before Flop (didn't bet)
Seat 4: nastja336 (small blind) folded before Flop
Seat 5: aoish30 (big blind) collected ($6)
Seat 6: easy_sarcasm folded before Flop (didn't bet)



PokerStars Hand #254472684077:  Hold'em No Limit ($0.50/$1.00 USD) - 2025/01/20 19:59:15 WET [2025/01/20 14:59:15 ET]
Table 'Atossa IV' 6-max Seat #4 is the button
Seat 1: Manifestorr ($100 in chips) 
Seat 2: Alinyr ($100 in chips) 
Seat 3: gukii ($76.24 in chips) 
Seat 4: nastja336 ($176.27 in chips) 
Seat 5: aoish30 ($103 in chips) 
Seat 6: easy_sarcasm ($100.25 in chips) 
aoish30: posts small blind $0.50
easy_sarcasm: posts big blind $1
*** HOLE CARDS ***
Manifestorr: folds 
Alinyr: folds 
gukii: calls $1
nastja336: raises $5 to $6
aoish30: folds 
easy_sarcasm: folds 
gukii: folds 
Uncalled bet ($5) returned to nastja336
nastja336 collected $3.50 from pot
nastja336: doesn't show hand 
*** SUMMARY ***
Total pot $3.50 | Rake $0 
Seat 1: Manifestorr folded before Flop (didn't bet)
Seat 2: Alinyr folded before Flop (didn't bet)
Seat 3: gukii folded before Flop
Seat 4: nastja336 (button) collected ($3.50)
Seat 5: aoish30 (small blind) folded before Flop
Seat 6: easy_sarcasm (big blind) folded before Flop



PokerStars Hand #254472688018:  Hold'em No Limit ($0.50/$1.00 USD) - 2025/01/20 19:59:33 WET [2025/01/20 14:59:33 ET]
Table 'Atossa IV' 6-max Seat #5 is the button
Seat 1: Manifestorr ($100 in chips) 
Seat 2: Alinyr ($100 in chips) 
Seat 3: gukii ($75.24 in chips) 
Seat 4: nastja336 ($178.77 in chips) 
Seat 5: aoish30 ($102.50 in chips) 
Seat 6: easy_sarcasm ($100 in chips) 
easy_sarcasm: posts small blind $0.50
Manifestorr: posts big blind $1
*** HOLE CARDS ***
Alinyr: folds 
gukii: folds 
nastja336: folds 
aoish30: folds 
easy_sarcasm: folds 
Uncalled bet ($0.50) returned to Manifestorr
Manifestorr collected $1 from pot
*** SUMMARY ***
Total pot $1 | Rake $0 
Seat 1: Manifestorr (big blind) collected ($1)
Seat 2: Alinyr folded before Flop (didn't bet)
Seat 3: gukii folded before Flop (didn't bet)
Seat 4: nastja336 folded before Flop (didn't bet)
Seat 5: aoish30 (button) folded before Flop (didn't bet)
Seat 6: easy_sarcasm (small blind) folded before Flop



PokerStars Hand #254472691014:  Hold'em No Limit ($0.50/$1.00 USD) - 2025/01/20 19:59:46 WET [2025/01/20 14:59:46 ET]
Table 'Atossa IV' 6-max Seat #6 is the button
Seat 1: Manifestorr ($100.50 in chips) 
Seat 2: Alinyr ($100 in chips) 
Seat 3: gukii ($75.24 in chips) 
Seat 4: nastja336 ($178.77 in chips) 
Seat 5: aoish30 ($102.50 in chips) 
Seat 6: easy_sarcasm ($100 in chips) 
Manifestorr: posts small blind $0.50
Alinyr: posts big blind $1
*** HOLE CARDS ***
gukii: folds 
nastja336: folds 
aoish30: folds 
easy_sarcasm: raises $1.20 to $2.20
Manifestorr: folds 
Alinyr: folds 
Uncalled bet ($1.20) returned to easy_sarcasm
easy_sarcasm collected $2.50 from pot
*** SUMMARY ***
Total pot $2.50 | Rake $0 
Seat 1: Manifestorr (small blind) folded before Flop
Seat 2: Alinyr (big blind) folded before Flop
Seat 3: gukii folded before Flop (didn't bet)
Seat 4: nastja336 folded before Flop (didn't bet)
Seat 5: aoish30 folded before Flop (didn't bet)
Seat 6: easy_sarcasm (button) collected ($2.50)



PokerStars Hand #254472696963:  Hold'em No Limit ($0.50/$1.00 USD) - 2025/01/20 20:00:10 WET [2025/01/20 15:00:10 ET]
Table 'Atossa IV' 6-max Seat #1 is the button
Seat 1: Manifestorr ($100 in chips) 
Seat 2: Alinyr ($100 in chips) 
Seat 3: gukii ($75.24 in chips) 
Seat 4: nastja336 ($178.77 in chips) 
Seat 5: aoish30 ($102.50 in chips) 
Seat 6: easy_sarcasm ($101.50 in chips) 
Alinyr: posts small blind $0.50
gukii: posts big blind $1
*** HOLE CARDS ***
nastja336: folds 
aoish30: raises $1.10 to $2.10
easy_sarcasm: folds 
Manifestorr: folds 
Alinyr: folds 
gukii: calls $1.10
*** FLOP *** [7d As 5c]
gukii: checks 
aoish30: bets $2.23
gukii: raises $2.23 to $4.46
aoish30: calls $2.23
*** TURN *** [7d As 5c] [Kc]
gukii: checks 
aoish30: bets $12.94
gukii: raises $55.74 to $68.68 and is all-in
aoish30: calls $55.74
*** RIVER *** [7d As 5c Kc] [8d]
*** SHOW DOWN ***
gukii: shows [5s Ad] (two pair, Aces and Fives)
aoish30: shows [Qc Ac] (a pair of Aces)
gukii collected $148.48 from pot
*** SUMMARY ***
Total pot $150.98 | Rake $2.50 
Board [7d As 5c Kc 8d]
Seat 1: Manifestorr (button) folded before Flop (didn't bet)
Seat 2: Alinyr (small blind) folded before Flop
Seat 3: gukii (big blind) showed [5s Ad] and won ($148.48) with two pair, Aces and Fives
Seat 4: nastja336 folded before Flop (didn't bet)
Seat 5: aoish30 showed [Qc Ac] and lost with a pair of Aces
Seat 6: easy_sarcasm folded before Flop (didn't bet)



PokerStars Hand #254472709562:  Hold'em No Limit ($0.50/$1.00 USD) - 2025/01/20 20:01:01 WET [2025/01/20 15:01:01 ET]
Table 'Atossa IV' 6-max Seat #2 is the button
Seat 1: Manifestorr ($100 in chips) 
Seat 2: Alinyr ($100 in chips) 
Seat 3: gukii ($148.48 in chips) 
Seat 4: nastja336 ($178.77 in chips) 
Seat 5: aoish30 ($100 in chips) 
Seat 6: easy_sarcasm ($101.50 in chips) 
gukii: posts small blind $0.50
nastja336: posts big blind $1
*** HOLE CARDS ***
aoish30: folds 
easy_sarcasm: raises $2 to $3
Manifestorr: folds 
Alinyr: folds 
gukii: calls $2.50
nastja336: folds 
*** FLOP *** [Ah Th 3c]
gukii: checks 
easy_sarcasm: bets $3.33
gukii: raises $3.33 to $6.66
easy_sarcasm: calls $3.33
*** TURN *** [Ah Th 3c] [3s]
gukii: bets $10
easy_sarcasm: folds 
Uncalled bet ($10) returned to gukii
gukii collected $19.30 from pot
*** SUMMARY ***
Total pot $20.32 | Rake $1.02 
Board [Ah Th 3c 3s]
Seat 1: Manifestorr folded before Flop (didn't bet)
Seat 2: Alinyr (button) folded before Flop (didn't bet)
Seat 3: gukii (small blind) collected ($19.30)
Seat 4: nastja336 (big blind) folded before Flop
Seat 5: aoish30 folded before Flop (didn't bet)
Seat 6: easy_sarcasm folded on the Turn



PokerStars Hand #254472723343:  Hold'em No Limit ($0.50/$1.00 USD) - 2025/01/20 20:01:49 WET [2025/01/20 15:01:49 ET]
Table 'Atossa IV' 6-max Seat #3 is the button
Seat 1: Manifestorr ($100 in chips) 
Seat 2: Alinyr ($100 in chips) 
Seat 3: gukii ($158.12 in chips) 
Seat 4: nastja336 ($177.77 in chips) 
Seat 5: aoish30 ($100 in chips) 
Seat 6: easy_sarcasm ($100 in chips) 
nastja336: posts small blind $0.50
aoish30: posts big blind $1
*** HOLE CARDS ***
easy_sarcasm: folds 
Manifestorr: folds 
Alinyr: raises $1.28 to $2.28
gukii: calls $2.28
nastja336: folds 
aoish30: folds 
*** FLOP *** [2c 4d 7h]
Alinyr: checks 
gukii: checks 
*** TURN *** [2c 4d 7h] [Tc]
Alinyr: checks 
gukii: bets $2
Alinyr: calls $2
*** RIVER *** [2c 4d 7h Tc] [Ad]
Alinyr: checks 
gukii: bets $7
Alinyr: folds 
Uncalled bet ($7) returned to gukii
gukii collected $9.56 from pot
*** SUMMARY ***
Total pot $10.06 | Rake $0.50 
Board [2c 4d 7h Tc Ad]
Seat 1: Manifestorr folded before Flop (didn't bet)
Seat 2: Alinyr folded on the River
Seat 3: gukii (button) collected ($9.56)
Seat 4: nastja336 (small blind) folded before Flop
Seat 5: aoish30 (big blind) folded before Flop
Seat 6: easy_sarcasm folded before Flop (didn't bet)



PokerStars Hand #254472736389:  Hold'em No Limit ($0.50/$1.00 USD) - 2025/01/20 20:02:31 WET [2025/01/20 15:02:31 ET]
Table 'Atossa IV' 6-max Seat #4 is the button
Seat 1: Manifestorr ($100 in chips) 
Seat 2: Alinyr ($100 in chips) 
Seat 3: gukii ($163.40 in chips) 
Seat 4: nastja336 ($177.27 in chips) 
Seat 5: aoish30 ($100 in chips) 
Seat 6: easy_sarcasm ($100 in chips) 
aoish30: posts small blind $0.50
easy_sarcasm: posts big blind $1
*** HOLE CARDS ***
Manifestorr: folds 
Alinyr: folds 
gukii: calls $1
nastja336: folds 
aoish30: raises $4.50 to $5.50
easy_sarcasm: folds 
gukii: calls $4.50
*** FLOP *** [6d Ts 7c]
aoish30: bets $3.76
gukii: calls $3.76
*** TURN *** [6d Ts 7c] [7d]
aoish30: checks 
gukii: checks 
*** RIVER *** [6d Ts 7c 7d] [2s]
aoish30: checks 
gukii: bets $18.54
aoish30: calls $18.54
*** SHOW DOWN ***
gukii: shows [Js 7s] (three of a kind, Sevens)
aoish30: mucks hand 
gukii collected $54.10 from pot
*** SUMMARY ***
Total pot $56.60 | Rake $2.50 
Board [6d Ts 7c 7d 2s]
Seat 1: Manifestorr folded before Flop (didn't bet)
Seat 2: Alinyr folded before Flop (didn't bet)
Seat 3: gukii showed [Js 7s] and won ($54.10) with three of a kind, Sevens
Seat 4: nastja336 (button) folded before Flop (didn't bet)
Seat 5: aoish30 (small blind) mucked
Seat 6: easy_sarcasm (big blind) folded before Flop



PokerStars Hand #254472754331:  Hold'em No Limit ($0.50/$1.00 USD) - 2025/01/20 20:03:27 WET [2025/01/20 15:03:27 ET]
Table 'Atossa IV' 6-max Seat #5 is the button
Seat 1: Manifestorr ($100 in chips) 
Seat 2: Alinyr ($100 in chips) 
Seat 3: gukii ($189.70 in chips) 
Seat 4: nastja336 ($177.27 in chips) 
Seat 5: aoish30 ($100 in chips) 
Seat 6: easy_sarcasm ($100 in chips) 
easy_sarcasm: posts small blind $0.50
Manifestorr: posts big blind $1
*** HOLE CARDS ***
Alinyr: folds 
gukii: folds 
nastja336: folds 
aoish30: folds 
easy_sarcasm: folds 
Uncalled bet ($0.50) returned to Manifestorr
Manifestorr collected $1 from pot
*** SUMMARY ***
Total pot $1 | Rake $0 
Seat 1: Manifestorr (big blind) collected ($1)
Seat 2: Alinyr folded before Flop (didn't bet)
Seat 3: gukii folded before Flop (didn't bet)
Seat 4: nastja336 folded before Flop (didn't bet)
Seat 5: aoish30 (button) folded before Flop (didn't bet)
Seat 6: easy_sarcasm (small blind) folded before Flop



PokerStars Hand #254472757852:  Hold'em No Limit ($0.50/$1.00 USD) - 2025/01/20 20:03:38 WET [2025/01/20 15:03:38 ET]
Table 'Atossa IV' 6-max Seat #6 is the button
Seat 1: Manifestorr ($100.50 in chips) 
Seat 2: Alinyr ($100 in chips) 
Seat 3: gukii ($189.70 in chips) 
Seat 4: nastja336 ($177.27 in chips) 
Seat 5: aoish30 ($100 in chips) 
Seat 6: easy_sarcasm ($100 in chips) 
Manifestorr: posts small blind $0.50
Alinyr: posts big blind $1
*** HOLE CARDS ***
gukii: folds 
nastja336: folds 
aoish30: folds 
easy_sarcasm: folds 
Manifestorr: folds 
Uncalled bet ($0.50) returned to Alinyr
Alinyr collected $1 from pot
Alinyr: doesn't show hand 
*** SUMMARY ***
Total pot $1 | Rake $0 
Seat 1: Manifestorr (small blind) folded before Flop
Seat 2: Alinyr (big blind) collected ($1)
Seat 3: gukii folded before Flop (didn't bet)
Seat 4: nastja336 folded before Flop (didn't bet)
Seat 5: aoish30 folded before Flop (didn't bet)
Seat 6: easy_sarcasm (button) folded before Flop (didn't bet)



PokerStars Hand #254472762597:  Hold'em No Limit ($0.50/$1.00 USD) - 2025/01/20 20:03:53 WET [2025/01/20 15:03:53 ET]
Table 'Atossa IV' 6-max Seat #1 is the button
Seat 1: Manifestorr ($100 in chips) 
Seat 2: Alinyr ($100.50 in chips) 
Seat 3: gukii ($189.70 in chips) 
Seat 4: nastja336 ($177.27 in chips) 
Seat 5: aoish30 ($100 in chips) 
Seat 6: easy_sarcasm ($100 in chips) 
Alinyr: posts small blind $0.50
gukii: posts big blind $1
*** HOLE CARDS ***
nastja336: folds 
aoish30: folds 
easy_sarcasm: folds 
Manifestorr: raises $1.20 to $2.20
Alinyr: raises $9.80 to $12
gukii: folds 
Manifestorr: folds 
Uncalled bet ($9.80) returned to Alinyr
Alinyr collected $5.40 from pot
Alinyr: doesn't show hand 
*** SUMMARY ***
Total pot $5.40 | Rake $0 
Seat 1: Manifestorr (button) folded before Flop
Seat 2: Alinyr (small blind) collected ($5.40)
Seat 3: gukii (big blind) folded before Flop
Seat 4: nastja336 folded before Flop (didn't bet)
Seat 5: aoish30 folded before Flop (didn't bet)
Seat 6: easy_sarcasm folded before Flop (didn't bet)



PokerStars Hand #254472769527:  Hold'em No Limit ($0.50/$1.00 USD) - 2025/01/20 20:04:14 WET [2025/01/20 15:04:14 ET]
Table 'Atossa IV' 6-max Seat #2 is the button
Seat 1: Manifestorr ($100 in chips) 
Seat 2: Alinyr ($103.70 in chips) 
Seat 3: gukii ($188.70 in chips) 
Seat 4: nastja336 ($177.27 in chips) 
Seat 5: aoish30 ($100 in chips) 
Seat 6: easy_sarcasm ($100 in chips) 
gukii: posts small blind $0.50
nastja336: posts big blind $1
*** HOLE CARDS ***
aoish30: folds 
easy_sarcasm: folds 
Manifestorr: folds 
Alinyr: folds 
gukii: calls $0.50
nastja336: raises $3 to $4
gukii: calls $3
*** FLOP *** [Kc Ts 6s]
gukii: checks 
nastja336: bets $4
gukii: folds 
Uncalled bet ($4) returned to nastja336
nastja336 collected $7.60 from pot
nastja336: doesn't show hand 
*** SUMMARY ***
Total pot $8 | Rake $0.40 
Board [Kc Ts 6s]
Seat 1: Manifestorr folded before Flop (didn't bet)
Seat 2: Alinyr (button) folded before Flop (didn't bet)
Seat 3: gukii (small blind) folded on the Flop
Seat 4: nastja336 (big blind) collected ($7.60)
Seat 5: aoish30 folded before Flop (didn't bet)
Seat 6: easy_sarcasm folded before Flop (didn't bet)



PokerStars Hand #254472779223:  Hold'em No Limit ($0.50/$1.00 USD) - 2025/01/20 20:04:44 WET [2025/01/20 15:04:44 ET]
Table 'Atossa IV' 6-max Seat #3 is the button
Seat 1: Manifestorr ($100 in chips) 
Seat 2: Alinyr ($103.70 in chips) 
Seat 3: gukii ($184.70 in chips) 
Seat 4: nastja336 ($180.87 in chips) 
Seat 5: aoish30 ($100 in chips) 
Seat 6: easy_sarcasm ($100 in chips) 
nastja336: posts small blind $0.50
aoish30: posts big blind $1
*** HOLE CARDS ***
easy_sarcasm: folds 
Manifestorr: folds 
Alinyr: folds 
gukii: calls $1
nastja336: raises $3 to $4
aoish30: calls $3
gukii: calls $3
*** FLOP *** [7c 9h 9d]
nastja336: bets $5.70
aoish30: folds 
gukii: folds 
Uncalled bet ($5.70) returned to nastja336
nastja336 collected $11.40 from pot
nastja336: doesn't show hand 
*** SUMMARY ***
Total pot $12 | Rake $0.60 
Board [7c 9h 9d]
Seat 1: Manifestorr folded before Flop (didn't bet)
Seat 2: Alinyr folded before Flop (didn't bet)
Seat 3: gukii (button) folded on the Flop
Seat 4: nastja336 (small blind) collected ($11.40)
Seat 5: aoish30 (big blind) folded on the Flop
Seat 6: easy_sarcasm folded before Flop (didn't bet)



PokerStars Hand #254472795156:  Hold'em No Limit ($0.50/$1.00 USD) - 2025/01/20 20:05:32 WET [2025/01/20 15:05:32 ET]
Table 'Atossa IV' 6-max Seat #4 is the button
Seat 1: Manifestorr ($100 in chips) 
Seat 2: Alinyr ($103.70 in chips) 
Seat 3: gukii ($180.70 in chips) 
Seat 4: nastja336 ($188.27 in chips) 
Seat 5: aoish30 ($100 in chips) 
Seat 6: easy_sarcasm ($100 in chips) 
aoish30: posts small blind $0.50
easy_sarcasm: posts big blind $1
*** HOLE CARDS ***
Manifestorr: folds 
Alinyr: raises $1.05 to $2.05
gukii: folds 
nastja336: raises $5.45 to $7.50
aoish30: raises $12.50 to $20
easy_sarcasm: folds 
Alinyr: raises $83.70 to $103.70 and is all-in
nastja336: folds 
aoish30: calls $80 and is all-in
Uncalled bet ($3.70) returned to Alinyr
*** FLOP *** [As 8h 9h]
*** TURN *** [As 8h 9h] [2h]
*** RIVER *** [As 8h 9h 2h] [2c]
*** SHOW DOWN ***
aoish30: shows [Kd Ks] (two pair, Kings and Deuces)
Alinyr: shows [Ah Ac] (a full house, Aces full of Deuces)
Alinyr collected $206 from pot
*** SUMMARY ***
Total pot $208.50 | Rake $2.50 
Board [As 8h 9h 2h 2c]
Seat 1: Manifestorr folded before Flop (didn't bet)
Seat 2: Alinyr showed [Ah Ac] and won ($206) with a full house, Aces full of Deuces
Seat 3: gukii folded before Flop (didn't bet)
Seat 4: nastja336 (button) folded before Flop
Seat 5: aoish30 (small blind) showed [Kd Ks] and lost with two pair, Kings and Deuces
Seat 6: easy_sarcasm (big blind) folded before Flop



PokerStars Hand #254472811941:  Hold'em No Limit ($0.50/$1.00 USD) - 2025/01/20 20:06:23 WET [2025/01/20 15:06:23 ET]
Table 'Atossa IV' 6-max Seat #5 is the button
Seat 1: Manifestorr ($100 in chips) 
Seat 2: Alinyr ($209.70 in chips) 
Seat 3: gukii ($180.70 in chips) 
Seat 4: nastja336 ($180.77 in chips) 
Seat 5: aoish30 ($100 in chips) 
Seat 6: easy_sarcasm ($100 in chips) 
easy_sarcasm: posts small blind $0.50
Manifestorr: posts big blind $1
*** HOLE CARDS ***
Alinyr: raises $1.05 to $2.05
gukii: folds 
nastja336: folds 
aoish30: calls $2.05
easy_sarcasm: folds 
Manifestorr: folds 
*** FLOP *** [Ah 8h Td]
Alinyr: checks 
aoish30: bets $1.76
Alinyr: folds 
Uncalled bet ($1.76) returned to aoish30
aoish30 collected $5.32 from pot
aoish30: doesn't show hand 
*** SUMMARY ***
Total pot $5.60 | Rake $0.28 
Board [Ah 8h Td]
Seat 1: Manifestorr (big blind) folded before Flop
Seat 2: Alinyr folded on the Flop
Seat 3: gukii folded before Flop (didn't bet)
Seat 4: nastja336 folded before Flop (didn't bet)
Seat 5: aoish30 (button) collected ($5.32)
Seat 6: easy_sarcasm (small blind) folded before Flop



PokerStars Hand #254472821091:  Hold'em No Limit ($0.50/$1.00 USD) - 2025/01/20 20:06:50 WET [2025/01/20 15:06:50 ET]
Table 'Atossa IV' 6-max Seat #6 is the button
Seat 1: Manifestorr ($100 in chips) 
Seat 2: Alinyr ($207.65 in chips) 
Seat 3: gukii ($180.70 in chips) 
Seat 4: nastja336 ($180.77 in chips) 
Seat 5: aoish30 ($103.27 in chips) 
Seat 6: easy_sarcasm ($100 in chips) 
Manifestorr: posts small blind $0.50
Alinyr: posts big blind $1
*** HOLE CARDS ***
gukii: folds 
nastja336: folds 
aoish30: folds 
easy_sarcasm: raises $1.20 to $2.20
Manifestorr: folds 
Alinyr: folds 
Uncalled bet ($1.20) returned to easy_sarcasm
easy_sarcasm collected $2.50 from pot
*** SUMMARY ***
Total pot $2.50 | Rake $0 
Seat 1: Manifestorr (small blind) folded before Flop
Seat 2: Alinyr (big blind) folded before Flop
Seat 3: gukii folded before Flop (didn't bet)
Seat 4: nastja336 folded before Flop (didn't bet)
Seat 5: aoish30 folded before Flop (didn't bet)
Seat 6: easy_sarcasm (button) collected ($2.50)



PokerStars Hand #254472826824:  Hold'em No Limit ($0.50/$1.00 USD) - 2025/01/20 20:07:08 WET [2025/01/20 15:07:08 ET]
Table 'Atossa IV' 6-max Seat #1 is the button
Seat 1: Manifestorr ($100 in chips) 
Seat 2: Alinyr ($206.65 in chips) 
Seat 3: gukii ($180.70 in chips) 
Seat 4: nastja336 ($180.77 in chips) 
Seat 5: aoish30 ($103.27 in chips) 
Seat 6: easy_sarcasm ($101.50 in chips) 
Alinyr: posts small blind $0.50
gukii: posts big blind $1
*** HOLE CARDS ***
nastja336: folds 
aoish30: folds 
easy_sarcasm: folds 
Manifestorr: folds 
Alinyr: raises $2 to $3
gukii: raises $7 to $10
Alinyr: folds 
Uncalled bet ($7) returned to gukii
gukii collected $6 from pot
*** SUMMARY ***
Total pot $6 | Rake $0 
Seat 1: Manifestorr (button) folded before Flop (didn't bet)
Seat 2: Alinyr (small blind) folded before Flop
Seat 3: gukii (big blind) collected ($6)
Seat 4: nastja336 folded before Flop (didn't bet)
Seat 5: aoish30 folded before Flop (didn't bet)
Seat 6: easy_sarcasm folded before Flop (didn't bet)



PokerStars Hand #254472832732:  Hold'em No Limit ($0.50/$1.00 USD) - 2025/01/20 20:07:26 WET [2025/01/20 15:07:26 ET]
Table 'Atossa IV' 6-max Seat #2 is the button
Seat 1: Manifestorr ($100 in chips) 
Seat 2: Alinyr ($203.65 in chips) 
Seat 3: gukii ($183.70 in chips) 
Seat 4: nastja336 ($180.77 in chips) 
Seat 5: aoish30 ($103.27 in chips) 
Seat 6: easy_sarcasm ($101.50 in chips) 
gukii: posts small blind $0.50
nastja336: posts big blind $1
*** HOLE CARDS ***
aoish30: folds 
easy_sarcasm: folds 
Manifestorr: folds 
Alinyr: folds 
gukii: calls $0.50
nastja336: raises $4 to $5
gukii: folds 
Uncalled bet ($4) returned to nastja336
nastja336 collected $2 from pot
nastja336: doesn't show hand 
*** SUMMARY ***
Total pot $2 | Rake $0 
Seat 1: Manifestorr folded before Flop (didn't bet)
Seat 2: Alinyr (button) folded before Flop (didn't bet)
Seat 3: gukii (small blind) folded before Flop
Seat 4: nastja336 (big blind) collected ($2)
Seat 5: aoish30 folded before Flop (didn't bet)
Seat 6: easy_sarcasm folded before Flop (didn't bet)



PokerStars Hand #254472838517:  Hold'em No Limit ($0.50/$1.00 USD) - 2025/01/20 20:07:43 WET [2025/01/20 15:07:43 ET]
Table 'Atossa IV' 6-max Seat #3 is the button
Seat 1: Manifestorr ($100 in chips) 
Seat 2: Alinyr ($203.65 in chips) 
Seat 3: gukii ($182.70 in chips) 
Seat 4: nastja336 ($181.77 in chips) 
Seat 5: aoish30 ($103.27 in chips) 
Seat 6: easy_sarcasm ($101.50 in chips) 
nastja336: posts small blind $0.50
aoish30: posts big blind $1
*** HOLE CARDS ***
easy_sarcasm: folds 
Manifestorr: folds 
Alinyr: folds 
gukii: calls $1
nastja336: raises $3 to $4
aoish30: folds 
gukii: calls $3
*** FLOP *** [3s Kh Ks]
nastja336: bets $2.82
gukii: raises $2.82 to $5.64
nastja336: calls $2.82
*** TURN *** [3s Kh Ks] [Ah]
nastja336: checks 
gukii: bets $10
nastja336: calls $10
*** RIVER *** [3s Kh Ks Ah] [9c]
nastja336: checks 
gukii: bets $22
nastja336: calls $22
*** SHOW DOWN ***
gukii: shows [8h 6d] (a pair of Kings)
nastja336: shows [Kc 4c] (three of a kind, Kings)
nastja336 collected $81.78 from pot
*** SUMMARY ***
Total pot $84.28 | Rake $2.50 
Board [3s Kh Ks Ah 9c]
Seat 1: Manifestorr folded before Flop (didn't bet)
Seat 2: Alinyr folded before Flop (didn't bet)
Seat 3: gukii (button) showed [8h 6d] and lost with a pair of Kings
Seat 4: nastja336 (small blind) showed [Kc 4c] and won ($81.78) with three of a kind, Kings
Seat 5: aoish30 (big blind) folded before Flop
Seat 6: easy_sarcasm folded before Flop (didn't bet)



PokerStars Hand #254472853334:  Hold'em No Limit ($0.50/$1.00 USD) - 2025/01/20 20:08:29 WET [2025/01/20 15:08:29 ET]
Table 'Atossa IV' 6-max Seat #4 is the button
Seat 1: Manifestorr ($100 in chips) 
Seat 2: Alinyr ($203.65 in chips) 
Seat 3: gukii ($141.06 in chips) 
Seat 4: nastja336 ($221.91 in chips) 
Seat 5: aoish30 ($102.27 in chips) 
Seat 6: easy_sarcasm ($101.50 in chips) 
aoish30: posts small blind $0.50
easy_sarcasm: posts big blind $1
*** HOLE CARDS ***
Manifestorr: folds 
Alinyr: folds 
gukii: calls $1
nastja336: raises $3 to $4
aoish30: folds 
easy_sarcasm: folds 
gukii: calls $3
*** FLOP *** [Qh 4d 5h]
gukii: checks 
nastja336: checks 
*** TURN *** [Qh 4d 5h] [2s]
gukii: checks 
nastja336: checks 
*** RIVER *** [Qh 4d 5h 2s] [Ah]
gukii: bets $11.02
nastja336: folds 
Uncalled bet ($11.02) returned to gukii
gukii collected $9.02 from pot
*** SUMMARY ***
Total pot $9.50 | Rake $0.48 
Board [Qh 4d 5h 2s Ah]
Seat 1: Manifestorr folded before Flop (didn't bet)
Seat 2: Alinyr folded before Flop (didn't bet)
Seat 3: gukii collected ($9.02)
Seat 4: nastja336 (button) folded on the River
Seat 5: aoish30 (small blind) folded before Flop
Seat 6: easy_sarcasm (big blind) folded before Flop



PokerStars Hand #254472864956:  Hold'em No Limit ($0.50/$1.00 USD) - 2025/01/20 20:09:04 WET [2025/01/20 15:09:04 ET]
Table 'Atossa IV' 6-max Seat #5 is the button
Seat 1: Manifestorr ($100 in chips) 
Seat 2: Alinyr ($203.65 in chips) 
Seat 3: gukii ($146.08 in chips) 
Seat 4: nastja336 ($217.91 in chips) 
Seat 5: aoish30 ($101.77 in chips) 
Seat 6: easy_sarcasm ($100.50 in chips) 
easy_sarcasm: posts small blind $0.50
Manifestorr: posts big blind $1
*** HOLE CARDS ***
Alinyr: raises $1.05 to $2.05
gukii: folds 
nastja336: folds 
aoish30: folds 
easy_sarcasm: folds 
Manifestorr: raises $9.95 to $12
Alinyr: calls $9.95
*** FLOP *** [5h Ks Jd]
Manifestorr: checks 
Alinyr: bets $7.68
Manifestorr: calls $7.68
*** TURN *** [5h Ks Jd] [8c]
Manifestorr: checks 
Alinyr: bets $24.99
Manifestorr: raises $55.33 to $80.32 and is all-in
Alinyr: calls $55.33
*** FIRST RIVER *** [5h Ks Jd 8c] [Qh]
*** SECOND RIVER *** [5h Ks Jd 8c] [Jc]
*** FIRST SHOW DOWN ***
Manifestorr: shows [Kc Kd] (three of a kind, Kings)
Alinyr: shows [Kh Ad] (a pair of Kings)
Manifestorr collected $99 from pot
*** SECOND SHOW DOWN ***
Manifestorr: shows [Kc Kd] (a full house, Kings full of Jacks)
Alinyr: shows [Kh Ad] (two pair, Kings and Jacks)
Manifestorr collected $99 from pot
*** SUMMARY ***
Total pot $200.50 | Rake $2.50 
Hand was run twice
FIRST Board [5h Ks Jd 8c Qh]
SECOND Board [5h Ks Jd 8c Jc]
Seat 1: Manifestorr (big blind) showed [Kc Kd] and won ($99) with three of a kind, Kings, and won ($99) with a full house, Kings full of Jacks
Seat 2: Alinyr showed [Kh Ad] and lost with a pair of Kings, and lost with two pair, Kings and Jacks
Seat 3: gukii folded before Flop (didn't bet)
Seat 4: nastja336 folded before Flop (didn't bet)
Seat 5: aoish30 (button) folded before Flop (didn't bet)
Seat 6: easy_sarcasm (small blind) folded before Flop



PokerStars Hand #254472900707:  Hold'em No Limit ($0.50/$1.00 USD) - 2025/01/20 20:10:53 WET [2025/01/20 15:10:53 ET]
Table 'Atossa IV' 6-max Seat #6 is the button
Seat 1: Manifestorr ($198 in chips) 
Seat 2: Alinyr ($103.65 in chips) 
Seat 3: gukii ($146.08 in chips) 
Seat 4: nastja336 ($217.91 in chips) 
Seat 5: aoish30 ($101.77 in chips) 
Seat 6: easy_sarcasm ($100 in chips) 
Manifestorr: posts small blind $0.50
Alinyr: posts big blind $1
*** HOLE CARDS ***
gukii: folds 
nastja336: folds 
aoish30: folds 
easy_sarcasm: raises $1.20 to $2.20
Manifestorr: folds 
Alinyr: folds 
Uncalled bet ($1.20) returned to easy_sarcasm
easy_sarcasm collected $2.50 from pot
*** SUMMARY ***
Total pot $2.50 | Rake $0 
Seat 1: Manifestorr (small blind) folded before Flop
Seat 2: Alinyr (big blind) folded before Flop
Seat 3: gukii folded before Flop (didn't bet)
Seat 4: nastja336 folded before Flop (didn't bet)
Seat 5: aoish30 folded before Flop (didn't bet)
Seat 6: easy_sarcasm (button) collected ($2.50)



PokerStars Hand #254472912125:  Hold'em No Limit ($0.50/$1.00 USD) - 2025/01/20 20:11:28 WET [2025/01/20 15:11:28 ET]
Table 'Atossa IV' 6-max Seat #1 is the button
Seat 1: Manifestorr ($197.50 in chips) 
Seat 2: Alinyr ($102.65 in chips) 
Seat 3: gukii ($146.08 in chips) 
Seat 4: nastja336 ($217.91 in chips) 
Seat 5: aoish30 ($101.77 in chips) 
Seat 6: easy_sarcasm ($101.50 in chips) 
Alinyr: posts small blind $0.50
gukii: posts big blind $1
*** HOLE CARDS ***
nastja336: folds 
aoish30: folds 
easy_sarcasm: raises $2 to $3
Manifestorr: folds 
Alinyr: folds 
gukii: calls $2
*** FLOP *** [6c 8h 9s]
gukii: checks 
easy_sarcasm: checks 
*** TURN *** [6c 8h 9s] [4s]
gukii: checks 
easy_sarcasm: checks 
*** RIVER *** [6c 8h 9s 4s] [Ah]
gukii: checks 
easy_sarcasm: bets $4.50
gukii: folds 
Uncalled bet ($4.50) returned to easy_sarcasm
easy_sarcasm collected $6.18 from pot
*** SUMMARY ***
Total pot $6.50 | Rake $0.32 
Board [6c 8h 9s 4s Ah]
Seat 1: Manifestorr (button) folded before Flop (didn't bet)
Seat 2: Alinyr (small blind) folded before Flop
Seat 3: gukii (big blind) folded on the River
Seat 4: nastja336 folded before Flop (didn't bet)
Seat 5: aoish30 folded before Flop (didn't bet)
Seat 6: easy_sarcasm collected ($6.18)



PokerStars Hand #254472928484:  Hold'em No Limit ($0.50/$1.00 USD) - 2025/01/20 20:12:17 WET [2025/01/20 15:12:17 ET]
Table 'Atossa IV' 6-max Seat #2 is the button
Seat 1: Manifestorr ($197.50 in chips) 
Seat 2: Alinyr ($102.15 in chips) 
Seat 3: gukii ($143.08 in chips) 
Seat 4: nastja336 ($217.91 in chips) 
Seat 5: aoish30 ($101.77 in chips) 
Seat 6: easy_sarcasm ($104.68 in chips) 
gukii: posts small blind $0.50
nastja336: posts big blind $1
*** HOLE CARDS ***
aoish30: folds 
easy_sarcasm: raises $2 to $3
Manifestorr: folds 
Alinyr: folds 
gukii: folds 
nastja336: calls $2
*** FLOP *** [Jd Ks Js]
nastja336: checks 
easy_sarcasm: bets $3.50
nastja336: calls $3.50
*** TURN *** [Jd Ks Js] [9d]
nastja336: checks 
easy_sarcasm: bets $8.50
nastja336: folds 
Uncalled bet ($8.50) returned to easy_sarcasm
easy_sarcasm collected $12.82 from pot
*** SUMMARY ***
Total pot $13.50 | Rake $0.68 
Board [Jd Ks Js 9d]
Seat 1: Manifestorr folded before Flop (didn't bet)
Seat 2: Alinyr (button) folded before Flop (didn't bet)
Seat 3: gukii (small blind) folded before Flop
Seat 4: nastja336 (big blind) folded on the Turn
Seat 5: aoish30 folded before Flop (didn't bet)
Seat 6: easy_sarcasm collected ($12.82)



PokerStars Hand #254472942909:  Hold'em No Limit ($0.50/$1.00 USD) - 2025/01/20 20:13:01 WET [2025/01/20 15:13:01 ET]
Table 'Atossa IV' 6-max Seat #3 is the button
Seat 1: Manifestorr ($197.50 in chips) 
Seat 2: Alinyr ($102.15 in chips) 
Seat 3: gukii ($142.58 in chips) 
Seat 4: nastja336 ($211.41 in chips) 
Seat 5: aoish30 ($101.77 in chips) 
Seat 6: easy_sarcasm ($111 in chips) 
nastja336: posts small blind $0.50
aoish30: posts big blind $1
*** HOLE CARDS ***
easy_sarcasm: folds 
Manifestorr: folds 
Alinyr: folds 
gukii: calls $1
nastja336: raises $3 to $4
aoish30: raises $10 to $14
gukii: folds 
nastja336: folds 
Uncalled bet ($10) returned to aoish30
aoish30 collected $9 from pot
aoish30: doesn't show hand 
*** SUMMARY ***
Total pot $9 | Rake $0 
Seat 1: Manifestorr folded before Flop (didn't bet)
Seat 2: Alinyr folded before Flop (didn't bet)
Seat 3: gukii (button) folded before Flop
Seat 4: nastja336 (small blind) folded before Flop
Seat 5: aoish30 (big blind) collected ($9)
Seat 6: easy_sarcasm folded before Flop (didn't bet)



PokerStars Hand #254472951322:  Hold'em No Limit ($0.50/$1.00 USD) - 2025/01/20 20:13:26 WET [2025/01/20 15:13:26 ET]
Table 'Atossa IV' 6-max Seat #4 is the button
Seat 1: Manifestorr ($197.50 in chips) 
Seat 2: Alinyr ($102.15 in chips) 
Seat 3: gukii ($141.58 in chips) 
Seat 4: nastja336 ($207.41 in chips) 
Seat 5: aoish30 ($106.77 in chips) 
Seat 6: easy_sarcasm ($111 in chips) 
aoish30: posts small blind $0.50
easy_sarcasm: posts big blind $1
*** HOLE CARDS ***
Manifestorr: folds 
Alinyr: folds 
gukii: calls $1
nastja336: raises $3 to $4
aoish30: folds 
easy_sarcasm: folds 
gukii: calls $3
*** FLOP *** [Qc 3h 6s]
gukii: checks 
nastja336: bets $2.98
gukii: raises $2.98 to $5.96
nastja336: folds 
Uncalled bet ($2.98) returned to gukii
gukii collected $14.69 from pot
*** SUMMARY ***
Total pot $15.46 | Rake $0.77 
Board [Qc 3h 6s]
Seat 1: Manifestorr folded before Flop (didn't bet)
Seat 2: Alinyr folded before Flop (didn't bet)
Seat 3: gukii collected ($14.69)
Seat 4: nastja336 (button) folded on the Flop
Seat 5: aoish30 (small blind) folded before Flop
Seat 6: easy_sarcasm (big blind) folded before Flop



PokerStars Hand #254472962480:  Hold'em No Limit ($0.50/$1.00 USD) - 2025/01/20 20:14:00 WET [2025/01/20 15:14:00 ET]
Table 'Atossa IV' 6-max Seat #5 is the button
Seat 1: Manifestorr ($197.50 in chips) 
Seat 2: Alinyr ($102.15 in chips) 
Seat 3: gukii ($149.29 in chips) 
Seat 4: nastja336 ($200.43 in chips) 
Seat 5: aoish30 ($106.27 in chips) 
Seat 6: easy_sarcasm ($110 in chips) 
easy_sarcasm: posts small blind $0.50
Manifestorr: posts big blind $1
*** HOLE CARDS ***
Alinyr: folds 
gukii: calls $1
nastja336: folds 
aoish30: raises $3 to $4
easy_sarcasm: raises $8.50 to $12.50
Manifestorr: folds 
gukii: calls $11.50
aoish30: folds 
*** FLOP *** [6h 8h 2c]
easy_sarcasm: checks 
gukii: checks 
*** TURN *** [6h 8h 2c] [4s]
easy_sarcasm: checks 
gukii: checks 
*** RIVER *** [6h 8h 2c 4s] [5c]
easy_sarcasm: checks 
gukii: bets $28.50
easy_sarcasm: folds 
Uncalled bet ($28.50) returned to gukii
gukii collected $28.50 from pot
*** SUMMARY ***
Total pot $30 | Rake $1.50 
Board [6h 8h 2c 4s 5c]
Seat 1: Manifestorr (big blind) folded before Flop
Seat 2: Alinyr folded before Flop (didn't bet)
Seat 3: gukii collected ($28.50)
Seat 4: nastja336 folded before Flop (didn't bet)
Seat 5: aoish30 (button) folded before Flop
Seat 6: easy_sarcasm (small blind) folded on the River



PokerStars Hand #254472982909:  Hold'em No Limit ($0.50/$1.00 USD) - 2025/01/20 20:15:02 WET [2025/01/20 15:15:02 ET]
Table 'Atossa IV' 6-max Seat #6 is the button
Seat 1: Manifestorr ($196.50 in chips) 
Seat 2: Alinyr ($102.15 in chips) 
Seat 3: gukii ($165.29 in chips) 
Seat 4: nastja336 ($200.43 in chips) 
Seat 5: aoish30 ($102.27 in chips) 
Seat 6: easy_sarcasm ($100 in chips) 
Manifestorr: posts small blind $0.50
Alinyr: posts big blind $1
*** HOLE CARDS ***
gukii: calls $1
nastja336: folds 
aoish30: folds 
easy_sarcasm: raises $3.50 to $4.50
Manifestorr: folds 
Alinyr: folds 
gukii: calls $3.50
*** FLOP *** [8d 7s 8c]
gukii: bets $9.98
easy_sarcasm: calls $9.98
*** TURN *** [8d 7s 8c] [Jd]
gukii: checks 
easy_sarcasm: checks 
*** RIVER *** [8d 7s 8c Jd] [8h]
gukii: bets $28.94
easy_sarcasm: calls $28.94
*** SHOW DOWN ***
gukii: shows [4s 5h] (three of a kind, Eights)
easy_sarcasm: shows [6c 7c] (a full house, Eights full of Sevens)
easy_sarcasm collected $85.84 from pot
*** SUMMARY ***
Total pot $88.34 | Rake $2.50 
Board [8d 7s 8c Jd 8h]
Seat 1: Manifestorr (small blind) folded before Flop
Seat 2: Alinyr (big blind) folded before Flop
Seat 3: gukii showed [4s 5h] and lost with three of a kind, Eights
Seat 4: nastja336 folded before Flop (didn't bet)
Seat 5: aoish30 folded before Flop (didn't bet)
Seat 6: easy_sarcasm (button) showed [6c 7c] and won ($85.84) with a full house, Eights full of Sevens



PokerStars Hand #254473004525:  Hold'em No Limit ($0.50/$1.00 USD) - 2025/01/20 20:16:07 WET [2025/01/20 15:16:07 ET]
Table 'Atossa IV' 6-max Seat #1 is the button
Seat 1: Manifestorr ($196 in chips) 
Seat 2: Alinyr ($101.15 in chips) 
Seat 3: gukii ($121.87 in chips) 
Seat 4: nastja336 ($200.43 in chips) 
Seat 5: aoish30 ($102.27 in chips) 
Seat 6: easy_sarcasm ($142.42 in chips) 
Alinyr: posts small blind $0.50
gukii: posts big blind $1
*** HOLE CARDS ***
nastja336: folds 
aoish30: raises $1.10 to $2.10
easy_sarcasm: folds 
Manifestorr: calls $2.10
Alinyr: folds 
gukii: calls $1.10
*** FLOP *** [Qd 3d 4h]
gukii: checks 
aoish30: bets $3.23
Manifestorr: folds 
gukii: calls $3.23
*** TURN *** [Qd 3d 4h] [7c]
gukii: checks 
aoish30: bets $9.45
gukii: folds 
Uncalled bet ($9.45) returned to aoish30
aoish30 collected $12.60 from pot
aoish30: doesn't show hand 
*** SUMMARY ***
Total pot $13.26 | Rake $0.66 
Board [Qd 3d 4h 7c]
Seat 1: Manifestorr (button) folded on the Flop
Seat 2: Alinyr (small blind) folded before Flop
Seat 3: gukii (big blind) folded on the Turn
Seat 4: nastja336 folded before Flop (didn't bet)
Seat 5: aoish30 collected ($12.60)
Seat 6: easy_sarcasm folded before Flop (didn't bet)



PokerStars Hand #254473018612:  Hold'em No Limit ($0.50/$1.00 USD) - 2025/01/20 20:16:50 WET [2025/01/20 15:16:50 ET]
Table 'Atossa IV' 6-max Seat #2 is the button
Seat 1: Manifestorr ($193.90 in chips) 
Seat 2: Alinyr ($100.65 in chips) 
Seat 3: gukii ($116.54 in chips) 
Seat 4: nastja336 ($200.43 in chips) 
Seat 5: aoish30 ($109.54 in chips) 
Seat 6: easy_sarcasm ($142.42 in chips) 
gukii: posts small blind $0.50
nastja336: posts big blind $1
*** HOLE CARDS ***
aoish30: folds 
easy_sarcasm: folds 
Manifestorr: raises $1.20 to $2.20
Alinyr: folds 
gukii: calls $1.70
nastja336: folds 
*** FLOP *** [Kd 5d 2h]
gukii: checks 
Manifestorr: bets $3.85
gukii: calls $3.85
*** TURN *** [Kd 5d 2h] [5h]
gukii: checks 
Manifestorr: bets $9.33
gukii: folds 
Uncalled bet ($9.33) returned to Manifestorr
Manifestorr collected $12.44 from pot
*** SUMMARY ***
Total pot $13.10 | Rake $0.66 
Board [Kd 5d 2h 5h]
Seat 1: Manifestorr collected ($12.44)
Seat 2: Alinyr (button) folded before Flop (didn't bet)
Seat 3: gukii (small blind) folded on the Turn
Seat 4: nastja336 (big blind) folded before Flop
Seat 5: aoish30 folded before Flop (didn't bet)
Seat 6: easy_sarcasm folded before Flop (didn't bet)



PokerStars Hand #254473028058:  Hold'em No Limit ($0.50/$1.00 USD) - 2025/01/20 20:17:18 WET [2025/01/20 15:17:18 ET]
Table 'Atossa IV' 6-max Seat #3 is the button
Seat 1: Manifestorr ($200.29 in chips) 
Seat 2: Alinyr ($100.65 in chips) 
Seat 3: gukii ($110.49 in chips) 
Seat 4: nastja336 ($199.43 in chips) 
Seat 5: aoish30 ($109.54 in chips) 
Seat 6: easy_sarcasm ($142.42 in chips) 
nastja336: posts small blind $0.50
aoish30: posts big blind $1
*** HOLE CARDS ***
easy_sarcasm: folds 
Manifestorr: folds 
Alinyr: raises $1.28 to $2.28
gukii: calls $2.28
nastja336: folds 
aoish30: calls $1.28
*** FLOP *** [7h Qd 4h]
aoish30: checks 
Alinyr: checks 
gukii: checks 
*** TURN *** [7h Qd 4h] [Qc]
aoish30: bets $5.23
Alinyr: folds 
gukii: folds 
Uncalled bet ($5.23) returned to aoish30
aoish30 collected $6.97 from pot
aoish30: doesn't show hand 
*** SUMMARY ***
Total pot $7.34 | Rake $0.37 
Board [7h Qd 4h Qc]
Seat 1: Manifestorr folded before Flop (didn't bet)
Seat 2: Alinyr folded on the Turn
Seat 3: gukii (button) folded on the Turn
Seat 4: nastja336 (small blind) folded before Flop
Seat 5: aoish30 (big blind) collected ($6.97)
Seat 6: easy_sarcasm folded before Flop (didn't bet)



PokerStars Hand #254473042961:  Hold'em No Limit ($0.50/$1.00 USD) - 2025/01/20 20:18:04 WET [2025/01/20 15:18:04 ET]
Table 'Atossa IV' 6-max Seat #4 is the button
Seat 1: Manifestorr ($200.29 in chips) 
Seat 2: Alinyr ($100 in chips) 
Seat 3: gukii ($108.21 in chips) 
Seat 4: nastja336 ($198.93 in chips) 
Seat 5: aoish30 ($114.23 in chips) 
Seat 6: easy_sarcasm ($142.42 in chips) 
aoish30: posts small blind $0.50
easy_sarcasm: posts big blind $1
*** HOLE CARDS ***
Manifestorr: folds 
Alinyr: raises $1.05 to $2.05
gukii: folds 
gukii leaves the table
nastja336: folds 
aoish30: folds 
easy_sarcasm: folds 
Uncalled bet ($1.05) returned to Alinyr
nastja336 leaves the table
michasia joins the table at seat #3 
Alinyr collected $2.50 from pot
Alinyr: doesn't show hand 
*** SUMMARY ***
Total pot $2.50 | Rake $0 
Seat 1: Manifestorr folded before Flop (didn't bet)
Seat 2: Alinyr collected ($2.50)
Seat 3: gukii folded before Flop (didn't bet)
Seat 4: nastja336 (button) folded before Flop (didn't bet)
Seat 5: aoish30 (small blind) folded before Flop
Seat 6: easy_sarcasm (big blind) folded before Flop



PokerStars Hand #254473048508:  Hold'em No Limit ($0.50/$1.00 USD) - 2025/01/20 20:18:20 WET [2025/01/20 15:18:20 ET]
Table 'Atossa IV' 6-max Seat #5 is the button
Seat 3: michasia ($100 in chips) is sitting out
Seat 1: Manifestorr ($200.29 in chips) 
Seat 2: Alinyr ($101.50 in chips) 
Seat 5: aoish30 ($113.73 in chips) 
Seat 6: easy_sarcasm ($141.42 in chips) 
easy_sarcasm: posts small blind $0.50
Manifestorr: posts big blind $1
michasia: sits out 
*** HOLE CARDS ***
Alinyr: raises $1.28 to $2.28
aoish30: folds 
easy_sarcasm: folds 
Manifestorr: folds 
Uncalled bet ($1.28) returned to Alinyr
Alinyr collected $2.50 from pot
Alinyr: doesn't show hand 
*** SUMMARY ***
Total pot $2.50 | Rake $0 
Seat 3: michasia
Seat 1: Manifestorr (big blind) folded before Flop
Seat 2: Alinyr collected ($2.50)
Seat 5: aoish30 (button) folded before Flop (didn't bet)
Seat 6: easy_sarcasm (small blind) folded before Flop



PokerStars Hand #254473051676:  Hold'em No Limit ($0.50/$1.00 USD) - 2025/01/20 20:18:30 WET [2025/01/20 15:18:30 ET]
Table 'Atossa IV' 6-max Seat #6 is the button
Seat 2: Alinyr ($103 in chips) is sitting out
Seat 1: Manifestorr ($199.29 in chips) 
Seat 3: michasia ($100 in chips) 
Seat 5: aoish30 ($113.73 in chips) 
Seat 6: easy_sarcasm ($140.92 in chips) 
Manifestorr: posts small blind $0.50
Alinyr: is sitting out 
michasia: posts big blind $1
*** HOLE CARDS ***
Supermegopro joins the table at seat #4 
aoish30: raises $1.50 to $2.50
easy_sarcasm: folds 
Manifestorr: folds 
michasia: folds 
Uncalled bet ($1.50) returned to aoish30
aoish30 collected $2.50 from pot
aoish30: doesn't show hand 
Alinyr leaves the table
*** SUMMARY ***
Total pot $2.50 | Rake $0 
Seat 2: Alinyr
Seat 1: Manifestorr (small blind) folded before Flop
Seat 3: michasia (big blind) folded before Flop
Seat 5: aoish30 collected ($2.50)
Seat 6: easy_sarcasm (button) folded before Flop (didn't bet)



PokerStars Hand #254473055157:  Hold'em No Limit ($0.50/$1.00 USD) - 2025/01/20 20:18:40 WET [2025/01/20 15:18:40 ET]
Table 'Atossa IV' 6-max Seat #1 is the button
Seat 1: Manifestorr ($198.79 in chips) 
Seat 3: michasia ($100 in chips) 
Seat 4: Supermegopro ($100 in chips) 
Seat 5: aoish30 ($115.23 in chips) 
Seat 6: easy_sarcasm ($140.92 in chips) 
michasia: posts small blind $0.50
Supermegopro: posts big blind $1
*** HOLE CARDS ***
aoish30: folds 
easy_sarcasm: folds 
Manifestorr: folds 
michasia: raises $2 to $3
Supermegopro: raises $7 to $10
michasia: folds 
Uncalled bet ($7) returned to Supermegopro
Supermegopro collected $6 from pot
Supermegopro: doesn't show hand 
*** SUMMARY ***
Total pot $6 | Rake $0 
Seat 1: Manifestorr (button) folded before Flop (didn't bet)
Seat 3: michasia (small blind) folded before Flop
Seat 4: Supermegopro (big blind) collected ($6)
Seat 5: aoish30 folded before Flop (didn't bet)
Seat 6: easy_sarcasm folded before Flop (didn't bet)



PokerStars Hand #254473062149:  Hold'em No Limit ($0.50/$1.00 USD) - 2025/01/20 20:19:02 WET [2025/01/20 15:19:02 ET]
Table 'Atossa IV' 6-max Seat #4 is the button
Seat 1: Manifestorr ($198.79 in chips) is sitting out
Seat 5: aoish30 ($115.23 in chips) is sitting out
Seat 6: easy_sarcasm ($140.92 in chips) is sitting out
Seat 3: michasia ($100 in chips) 
Seat 4: Supermegopro ($103 in chips) 
Supermegopro: posts small blind $0.50
aoish30: is sitting out 
easy_sarcasm: is sitting out 
Manifestorr: is sitting out 
michasia: posts big blind $1
*** HOLE CARDS ***
easy_sarcasm leaves the table
Manifestorr leaves the table
Supermegopro: folds 
Uncalled bet ($0.50) returned to michasia
aoish30 leaves the table
michasia collected $1 from pot
michasia: doesn't show hand 
*** SUMMARY ***
Total pot $1 | Rake $0 
Seat 1: Manifestorr
Seat 5: aoish30
Seat 6: easy_sarcasm
Seat 3: michasia (big blind) collected ($1)
Seat 4: Supermegopro (button) (small blind) folded before Flop



PokerStars Hand #254473065689:  Hold'em No Limit ($0.50/$1.00 USD) - 2025/01/20 20:19:12 WET [2025/01/20 15:19:12 ET]
Table 'Atossa IV' 6-max Seat #3 is the button
Seat 3: michasia ($100.50 in chips) 
Seat 4: Supermegopro ($102.50 in chips) 
michasia: posts small blind $0.50
Supermegopro: posts big blind $1
*** HOLE CARDS ***
michasia: folds 
Uncalled bet ($0.50) returned to Supermegopro
Supermegopro collected $1 from pot
Supermegopro: doesn't show hand 
*** SUMMARY ***
Total pot $1 | Rake $0 
Seat 3: michasia (button) (small blind) folded before Flop
Seat 4: Supermegopro (big blind) collected ($1)



