PokerStars Hand #254467211303:  Hold'em No Limit ($0.50/$1.00 USD) - 2025/01/20 13:10:24 WET [2025/01/20 8:10:24 ET]
Table 'Sabik III' 6-max Seat #2 is the button
Seat 1: Evelexy1 ($106.44 in chips) 
Seat 2: Rysiff ($104.38 in chips) 
Seat 3: Pon4uk.ua ($100.80 in chips) 
Seat 4: GuigaMan ($100 in chips) 
Seat 5: Iospirate ($74.90 in chips) 
Seat 6: MrAdris9 ($117.12 in chips) 
Pon4uk.ua: posts small blind $0.50
GuigaMan: posts big blind $1
*** HOLE CARDS ***
Iospirate: folds 
MrAdris9: raises $1.20 to $2.20
Evelexy1: folds 
Rysiff: folds 
Pon4uk.ua: folds 
GuigaMan: calls $1.20
*** FLOP *** [6d Js Ts]
GuigaMan: checks 
MrAdris9: bets $3.50
GuigaMan: calls $3.50
*** TURN *** [6d Js Ts] [Qd]
GuigaMan: checks 
MrAdris9: bets $16.95
GuigaMan: calls $16.95
*** RIVER *** [6d Js Ts Qd] [5s]
GuigaMan: checks 
MrAdris9: checks 
*** SHOW DOWN ***
GuigaMan: shows [Qh Kd] (a pair of Queens)
MrAdris9: shows [Kc Kh] (a pair of Kings)
MrAdris9 collected $43.51 from pot
*** SUMMARY ***
Total pot $45.80 | Rake $2.29 
Board [6d Js Ts Qd 5s]
Seat 1: Evelexy1 folded before Flop (didn't bet)
Seat 2: Rysiff (button) folded before Flop (didn't bet)
Seat 3: Pon4uk.ua (small blind) folded before Flop
Seat 4: GuigaMan (big blind) showed [Qh Kd] and lost with a pair of Queens
Seat 5: Iospirate folded before Flop (didn't bet)
Seat 6: MrAdris9 showed [Kc Kh] and won ($43.51) with a pair of Kings



PokerStars Hand #254467220934:  Hold'em No Limit ($0.50/$1.00 USD) - 2025/01/20 13:11:27 WET [2025/01/20 8:11:27 ET]
Table 'Sabik III' 6-max Seat #3 is the button
Seat 1: Evelexy1 ($106.44 in chips) 
Seat 2: Rysiff ($104.38 in chips) 
Seat 3: Pon4uk.ua ($100.30 in chips) 
Seat 4: GuigaMan ($100 in chips) 
Seat 5: Iospirate ($74.90 in chips) 
Seat 6: MrAdris9 ($137.98 in chips) 
GuigaMan: posts small blind $0.50
Iospirate: posts big blind $1
*** HOLE CARDS ***
MrAdris9: raises $1.20 to $2.20
Evelexy1: folds 
Rysiff: folds 
Pon4uk.ua: folds 
GuigaMan: folds 
Iospirate: folds 
Uncalled bet ($1.20) returned to MrAdris9
MrAdris9 collected $2.50 from pot
MrAdris9: doesn't show hand 
*** SUMMARY ***
Total pot $2.50 | Rake $0 
Seat 1: Evelexy1 folded before Flop (didn't bet)
Seat 2: Rysiff folded before Flop (didn't bet)
Seat 3: Pon4uk.ua (button) folded before Flop (didn't bet)
Seat 4: GuigaMan (small blind) folded before Flop
Seat 5: Iospirate (big blind) folded before Flop
Seat 6: MrAdris9 collected ($2.50)



PokerStars Hand #254467222344:  Hold'em No Limit ($0.50/$1.00 USD) - 2025/01/20 13:11:36 WET [2025/01/20 8:11:36 ET]
Table 'Sabik III' 6-max Seat #4 is the button
Seat 1: Evelexy1 ($106.44 in chips) 
Seat 2: Rysiff ($104.38 in chips) 
Seat 3: Pon4uk.ua ($100.30 in chips) 
Seat 4: GuigaMan ($100 in chips) 
Seat 5: Iospirate ($73.90 in chips) 
Seat 6: MrAdris9 ($139.48 in chips) 
Iospirate: posts small blind $0.50
MrAdris9: posts big blind $1
*** HOLE CARDS ***
Evelexy1: folds 
Rysiff: raises $1.50 to $2.50
Pon4uk.ua: folds 
GuigaMan: raises $5.50 to $8
Iospirate: folds 
MrAdris9: folds 
Rysiff: folds 
Uncalled bet ($5.50) returned to GuigaMan
GuigaMan collected $6.50 from pot
*** SUMMARY ***
Total pot $6.50 | Rake $0 
Seat 1: Evelexy1 folded before Flop (didn't bet)
Seat 2: Rysiff folded before Flop
Seat 3: Pon4uk.ua folded before Flop (didn't bet)
Seat 4: GuigaMan (button) collected ($6.50)
Seat 5: Iospirate (small blind) folded before Flop
Seat 6: MrAdris9 (big blind) folded before Flop



PokerStars Hand #254467226633:  Hold'em No Limit ($0.50/$1.00 USD) - 2025/01/20 13:12:03 WET [2025/01/20 8:12:03 ET]
Table 'Sabik III' 6-max Seat #5 is the button
Seat 1: Evelexy1 ($106.44 in chips) 
Seat 2: Rysiff ($101.88 in chips) 
Seat 3: Pon4uk.ua ($100.30 in chips) 
Seat 4: GuigaMan ($104 in chips) 
Seat 5: Iospirate ($73.40 in chips) 
Seat 6: MrAdris9 ($138.48 in chips) 
MrAdris9: posts small blind $0.50
Evelexy1: posts big blind $1
*** HOLE CARDS ***
Rysiff: folds 
Pon4uk.ua: folds 
GuigaMan: folds 
Iospirate: calls $1
MrAdris9: folds 
Evelexy1: checks 
*** FLOP *** [4d Qs Ts]
Evelexy1: checks 
Iospirate: checks 
*** TURN *** [4d Qs Ts] [Kc]
Evelexy1: checks 
Iospirate: bets $2
Evelexy1: folds 
Uncalled bet ($2) returned to Iospirate
Iospirate collected $2.38 from pot
*** SUMMARY ***
Total pot $2.50 | Rake $0.12 
Board [4d Qs Ts Kc]
Seat 1: Evelexy1 (big blind) folded on the Turn
Seat 2: Rysiff folded before Flop (didn't bet)
Seat 3: Pon4uk.ua folded before Flop (didn't bet)
Seat 4: GuigaMan folded before Flop (didn't bet)
Seat 5: Iospirate (button) collected ($2.38)
Seat 6: MrAdris9 (small blind) folded before Flop



PokerStars Hand #254467230841:  Hold'em No Limit ($0.50/$1.00 USD) - 2025/01/20 13:12:31 WET [2025/01/20 8:12:31 ET]
Table 'Sabik III' 6-max Seat #6 is the button
Seat 1: Evelexy1 ($105.44 in chips) 
Seat 2: Rysiff ($101.88 in chips) 
Seat 3: Pon4uk.ua ($100.30 in chips) 
Seat 4: GuigaMan ($104 in chips) 
Seat 5: Iospirate ($74.78 in chips) 
Seat 6: MrAdris9 ($137.98 in chips) 
Evelexy1: posts small blind $0.50
Rysiff: posts big blind $1
*** HOLE CARDS ***
Pon4uk.ua: folds 
GuigaMan: raises $1.10 to $2.10
Iospirate: calls $2.10
MrAdris9: folds 
Evelexy1: folds 
Rysiff: folds 
*** FLOP *** [5d 9s 9d]
GuigaMan: checks 
Iospirate: checks 
*** TURN *** [5d 9s 9d] [7s]
GuigaMan: checks 
Iospirate: checks 
*** RIVER *** [5d 9s 9d 7s] [6c]
GuigaMan: checks 
Iospirate: checks 
*** SHOW DOWN ***
GuigaMan: shows [As Qh] (a pair of Nines)
Iospirate: shows [Qs Ah] (a pair of Nines)
GuigaMan collected $2.71 from pot
Iospirate collected $2.71 from pot
*** SUMMARY ***
Total pot $5.70 | Rake $0.28 
Board [5d 9s 9d 7s 6c]
Seat 1: Evelexy1 (small blind) folded before Flop
Seat 2: Rysiff (big blind) folded before Flop
Seat 3: Pon4uk.ua folded before Flop (didn't bet)
Seat 4: GuigaMan showed [As Qh] and won ($2.71) with a pair of Nines
Seat 5: Iospirate showed [Qs Ah] and won ($2.71) with a pair of Nines
Seat 6: MrAdris9 (button) folded before Flop (didn't bet)



PokerStars Hand #254467235832:  Hold'em No Limit ($0.50/$1.00 USD) - 2025/01/20 13:13:03 WET [2025/01/20 8:13:03 ET]
Table 'Sabik III' 6-max Seat #1 is the button
Seat 1: Evelexy1 ($104.94 in chips) 
Seat 2: Rysiff ($100.88 in chips) 
Seat 3: Pon4uk.ua ($100.30 in chips) 
Seat 4: GuigaMan ($104.61 in chips) 
Seat 5: Iospirate ($75.39 in chips) 
Seat 6: MrAdris9 ($137.98 in chips) 
Rysiff: posts small blind $0.50
Pon4uk.ua: posts big blind $1
*** HOLE CARDS ***
GuigaMan: raises $1.10 to $2.10
Iospirate: folds 
MrAdris9: folds 
Evelexy1: raises $4.20 to $6.30
Rysiff: folds 
Pon4uk.ua: folds 
GuigaMan: folds 
Uncalled bet ($4.20) returned to Evelexy1
Evelexy1 collected $5.70 from pot
Evelexy1: doesn't show hand 
*** SUMMARY ***
Total pot $5.70 | Rake $0 
Seat 1: Evelexy1 (button) collected ($5.70)
Seat 2: Rysiff (small blind) folded before Flop
Seat 3: Pon4uk.ua (big blind) folded before Flop
Seat 4: GuigaMan folded before Flop
Seat 5: Iospirate folded before Flop (didn't bet)
Seat 6: MrAdris9 folded before Flop (didn't bet)



PokerStars Hand #254467237995:  Hold'em No Limit ($0.50/$1.00 USD) - 2025/01/20 13:13:17 WET [2025/01/20 8:13:17 ET]
Table 'Sabik III' 6-max Seat #2 is the button
Seat 1: Evelexy1 ($108.54 in chips) 
Seat 2: Rysiff ($100.38 in chips) 
Seat 3: Pon4uk.ua ($100 in chips) 
Seat 4: GuigaMan ($102.51 in chips) 
Seat 5: Iospirate ($75.39 in chips) 
Seat 6: MrAdris9 ($137.98 in chips) 
Pon4uk.ua: posts small blind $0.50
GuigaMan: posts big blind $1
*** HOLE CARDS ***
Iospirate: folds 
MrAdris9: raises $1.20 to $2.20
Evelexy1: folds 
Rysiff: folds 
Pon4uk.ua: folds 
GuigaMan: calls $1.20
*** FLOP *** [8c 3d 8s]
GuigaMan: checks 
MrAdris9: bets $1.17
GuigaMan: folds 
Uncalled bet ($1.17) returned to MrAdris9
MrAdris9 collected $4.66 from pot
MrAdris9: doesn't show hand 
*** SUMMARY ***
Total pot $4.90 | Rake $0.24 
Board [8c 3d 8s]
Seat 1: Evelexy1 folded before Flop (didn't bet)
Seat 2: Rysiff (button) folded before Flop (didn't bet)
Seat 3: Pon4uk.ua (small blind) folded before Flop
Seat 4: GuigaMan (big blind) folded on the Flop
Seat 5: Iospirate folded before Flop (didn't bet)
Seat 6: MrAdris9 collected ($4.66)



PokerStars Hand #254467243209:  Hold'em No Limit ($0.50/$1.00 USD) - 2025/01/20 13:13:50 WET [2025/01/20 8:13:50 ET]
Table 'Sabik III' 6-max Seat #3 is the button
Seat 1: Evelexy1 ($108.54 in chips) 
Seat 2: Rysiff ($100.38 in chips) 
Seat 3: Pon4uk.ua ($100 in chips) 
Seat 4: GuigaMan ($100.31 in chips) 
Seat 5: Iospirate ($75.39 in chips) 
Seat 6: MrAdris9 ($140.44 in chips) 
GuigaMan: posts small blind $0.50
Iospirate: posts big blind $1
*** HOLE CARDS ***
MrAdris9: folds 
Evelexy1: folds 
Rysiff: folds 
Pon4uk.ua: folds 
GuigaMan: raises $2 to $3
Iospirate: folds 
Uncalled bet ($2) returned to GuigaMan
GuigaMan collected $2 from pot
*** SUMMARY ***
Total pot $2 | Rake $0 
Seat 1: Evelexy1 folded before Flop (didn't bet)
Seat 2: Rysiff folded before Flop (didn't bet)
Seat 3: Pon4uk.ua (button) folded before Flop (didn't bet)
Seat 4: GuigaMan (small blind) collected ($2)
Seat 5: Iospirate (big blind) folded before Flop
Seat 6: MrAdris9 folded before Flop (didn't bet)



PokerStars Hand #254467245219:  Hold'em No Limit ($0.50/$1.00 USD) - 2025/01/20 13:14:03 WET [2025/01/20 8:14:03 ET]
Table 'Sabik III' 6-max Seat #4 is the button
Seat 1: Evelexy1 ($108.54 in chips) 
Seat 2: Rysiff ($100.38 in chips) 
Seat 3: Pon4uk.ua ($100 in chips) 
Seat 4: GuigaMan ($101.31 in chips) 
Seat 5: Iospirate ($74.39 in chips) 
Seat 6: MrAdris9 ($140.44 in chips) 
Iospirate: posts small blind $0.50
MrAdris9: posts big blind $1
*** HOLE CARDS ***
Evelexy1: folds 
Rysiff: folds 
Pon4uk.ua: folds 
GuigaMan: folds 
Iospirate: raises $1 to $2
MrAdris9: calls $1
*** FLOP *** [Ks Ah Js]
Iospirate: bets $3.80
MrAdris9: calls $3.80
*** TURN *** [Ks Ah Js] [3h]
Iospirate: bets $5.51
MrAdris9: calls $5.51
*** RIVER *** [Ks Ah Js 3h] [9h]
Iospirate: checks 
MrAdris9: checks 
*** SHOW DOWN ***
Iospirate: shows [7c Kc] (a pair of Kings)
MrAdris9: shows [Ad 8s] (a pair of Aces)
MrAdris9 collected $21.49 from pot
*** SUMMARY ***
Total pot $22.62 | Rake $1.13 
Board [Ks Ah Js 3h 9h]
Seat 1: Evelexy1 folded before Flop (didn't bet)
Seat 2: Rysiff folded before Flop (didn't bet)
Seat 3: Pon4uk.ua folded before Flop (didn't bet)
Seat 4: GuigaMan (button) folded before Flop (didn't bet)
Seat 5: Iospirate (small blind) showed [7c Kc] and lost with a pair of Kings
Seat 6: MrAdris9 (big blind) showed [Ad 8s] and won ($21.49) with a pair of Aces



PokerStars Hand #254467254537:  Hold'em No Limit ($0.50/$1.00 USD) - 2025/01/20 13:15:03 WET [2025/01/20 8:15:03 ET]
Table 'Sabik III' 6-max Seat #5 is the button
Seat 1: Evelexy1 ($108.54 in chips) 
Seat 2: Rysiff ($100.38 in chips) 
Seat 3: Pon4uk.ua ($100 in chips) 
Seat 4: GuigaMan ($101.31 in chips) 
Seat 5: Iospirate ($63.08 in chips) 
Seat 6: MrAdris9 ($150.62 in chips) 
MrAdris9: posts small blind $0.50
Evelexy1: posts big blind $1
*** HOLE CARDS ***
Rysiff: folds 
Pon4uk.ua: raises $1 to $2
GuigaMan: folds 
Iospirate: folds 
MrAdris9: folds 
Evelexy1: calls $1
*** FLOP *** [9d Ah 2s]
Evelexy1: checks 
Pon4uk.ua: bets $2
Evelexy1: raises $4.50 to $6.50
Pon4uk.ua: calls $4.50
*** TURN *** [9d Ah 2s] [7d]
Evelexy1: bets $10.97
Pon4uk.ua: folds 
Uncalled bet ($10.97) returned to Evelexy1
Evelexy1 collected $16.62 from pot
Evelexy1: doesn't show hand 
*** SUMMARY ***
Total pot $17.50 | Rake $0.88 
Board [9d Ah 2s 7d]
Seat 1: Evelexy1 (big blind) collected ($16.62)
Seat 2: Rysiff folded before Flop (didn't bet)
Seat 3: Pon4uk.ua folded on the Turn
Seat 4: GuigaMan folded before Flop (didn't bet)
Seat 5: Iospirate (button) folded before Flop (didn't bet)
Seat 6: MrAdris9 (small blind) folded before Flop



PokerStars Hand #254467260472:  Hold'em No Limit ($0.50/$1.00 USD) - 2025/01/20 13:15:41 WET [2025/01/20 8:15:41 ET]
Table 'Sabik III' 6-max Seat #6 is the button
Seat 1: Evelexy1 ($116.66 in chips) 
Seat 2: Rysiff ($100.38 in chips) 
Seat 3: Pon4uk.ua ($100 in chips) 
Seat 4: GuigaMan ($101.31 in chips) 
Seat 5: Iospirate ($63.08 in chips) 
Seat 6: MrAdris9 ($150.12 in chips) 
Evelexy1: posts small blind $0.50
Rysiff: posts big blind $1
*** HOLE CARDS ***
Pon4uk.ua: folds 
GuigaMan: folds 
Iospirate: folds 
MrAdris9: raises $1.50 to $2.50
Evelexy1: folds 
Rysiff: folds 
Uncalled bet ($1.50) returned to MrAdris9
MrAdris9 collected $2.50 from pot
MrAdris9: doesn't show hand 
*** SUMMARY ***
Total pot $2.50 | Rake $0 
Seat 1: Evelexy1 (small blind) folded before Flop
Seat 2: Rysiff (big blind) folded before Flop
Seat 3: Pon4uk.ua folded before Flop (didn't bet)
Seat 4: GuigaMan folded before Flop (didn't bet)
Seat 5: Iospirate folded before Flop (didn't bet)
Seat 6: MrAdris9 (button) collected ($2.50)



PokerStars Hand #254467264871:  Hold'em No Limit ($0.50/$1.00 USD) - 2025/01/20 13:16:09 WET [2025/01/20 8:16:09 ET]
Table 'Sabik III' 6-max Seat #1 is the button
Seat 1: Evelexy1 ($116.16 in chips) 
Seat 2: Rysiff ($100 in chips) 
Seat 3: Pon4uk.ua ($100 in chips) 
Seat 4: GuigaMan ($101.31 in chips) 
Seat 5: Iospirate ($63.08 in chips) 
Seat 6: MrAdris9 ($151.62 in chips) 
Rysiff: posts small blind $0.50
Pon4uk.ua: posts big blind $1
*** HOLE CARDS ***
GuigaMan: raises $1.10 to $2.10
Iospirate: folds 
MrAdris9: folds 
Evelexy1: folds 
Rysiff: folds 
Pon4uk.ua: folds 
Uncalled bet ($1.10) returned to GuigaMan
GuigaMan collected $2.50 from pot
*** SUMMARY ***
Total pot $2.50 | Rake $0 
Seat 1: Evelexy1 (button) folded before Flop (didn't bet)
Seat 2: Rysiff (small blind) folded before Flop
Seat 3: Pon4uk.ua (big blind) folded before Flop
Seat 4: GuigaMan collected ($2.50)
Seat 5: Iospirate folded before Flop (didn't bet)
Seat 6: MrAdris9 folded before Flop (didn't bet)



PokerStars Hand #254467267472:  Hold'em No Limit ($0.50/$1.00 USD) - 2025/01/20 13:16:25 WET [2025/01/20 8:16:25 ET]
Table 'Sabik III' 6-max Seat #2 is the button
Seat 1: Evelexy1 ($116.16 in chips) 
Seat 2: Rysiff ($100 in chips) 
Seat 3: Pon4uk.ua ($100 in chips) 
Seat 4: GuigaMan ($102.81 in chips) 
Seat 5: Iospirate ($63.08 in chips) 
Seat 6: MrAdris9 ($151.62 in chips) 
Pon4uk.ua: posts small blind $0.50
GuigaMan: posts big blind $1
*** HOLE CARDS ***
Iospirate: folds 
MrAdris9: raises $1.20 to $2.20
Evelexy1: folds 
Rysiff: folds 
Pon4uk.ua: folds 
GuigaMan: folds 
Uncalled bet ($1.20) returned to MrAdris9
MrAdris9 collected $2.50 from pot
MrAdris9: doesn't show hand 
*** SUMMARY ***
Total pot $2.50 | Rake $0 
Seat 1: Evelexy1 folded before Flop (didn't bet)
Seat 2: Rysiff (button) folded before Flop (didn't bet)
Seat 3: Pon4uk.ua (small blind) folded before Flop
Seat 4: GuigaMan (big blind) folded before Flop
Seat 5: Iospirate folded before Flop (didn't bet)
Seat 6: MrAdris9 collected ($2.50)



PokerStars Hand #254467271248:  Hold'em No Limit ($0.50/$1.00 USD) - 2025/01/20 13:16:49 WET [2025/01/20 8:16:49 ET]
Table 'Sabik III' 6-max Seat #3 is the button
Seat 1: Evelexy1 ($116.16 in chips) 
Seat 2: Rysiff ($100 in chips) 
Seat 3: Pon4uk.ua ($100 in chips) 
Seat 4: GuigaMan ($101.81 in chips) 
Seat 5: Iospirate ($63.08 in chips) 
Seat 6: MrAdris9 ($153.12 in chips) 
GuigaMan: posts small blind $0.50
Iospirate: posts big blind $1
*** HOLE CARDS ***
MrAdris9: folds 
Evelexy1: folds 
Rysiff: folds 
Pon4uk.ua: folds 
GuigaMan: folds 
Uncalled bet ($0.50) returned to Iospirate
Iospirate collected $1 from pot
*** SUMMARY ***
Total pot $1 | Rake $0 
Seat 1: Evelexy1 folded before Flop (didn't bet)
Seat 2: Rysiff folded before Flop (didn't bet)
Seat 3: Pon4uk.ua (button) folded before Flop (didn't bet)
Seat 4: GuigaMan (small blind) folded before Flop
Seat 5: Iospirate (big blind) collected ($1)
Seat 6: MrAdris9 folded before Flop (didn't bet)



PokerStars Hand #254467272988:  Hold'em No Limit ($0.50/$1.00 USD) - 2025/01/20 13:17:00 WET [2025/01/20 8:17:00 ET]
Table 'Sabik III' 6-max Seat #4 is the button
Seat 1: Evelexy1 ($116.16 in chips) 
Seat 2: Rysiff ($100 in chips) 
Seat 3: Pon4uk.ua ($100 in chips) 
Seat 4: GuigaMan ($101.31 in chips) 
Seat 5: Iospirate ($63.58 in chips) 
Seat 6: MrAdris9 ($153.12 in chips) 
Iospirate: posts small blind $0.50
MrAdris9: posts big blind $1
*** HOLE CARDS ***
Evelexy1: folds 
Rysiff: folds 
Pon4uk.ua: folds 
GuigaMan: folds 
Iospirate: folds 
Uncalled bet ($0.50) returned to MrAdris9
MrAdris9 collected $1 from pot
MrAdris9: doesn't show hand 
*** SUMMARY ***
Total pot $1 | Rake $0 
Seat 1: Evelexy1 folded before Flop (didn't bet)
Seat 2: Rysiff folded before Flop (didn't bet)
Seat 3: Pon4uk.ua folded before Flop (didn't bet)
Seat 4: GuigaMan (button) folded before Flop (didn't bet)
Seat 5: Iospirate (small blind) folded before Flop
Seat 6: MrAdris9 (big blind) collected ($1)



PokerStars Hand #254467275006:  Hold'em No Limit ($0.50/$1.00 USD) - 2025/01/20 13:17:13 WET [2025/01/20 8:17:13 ET]
Table 'Sabik III' 6-max Seat #5 is the button
Seat 1: Evelexy1 ($116.16 in chips) 
Seat 2: Rysiff ($100 in chips) 
Seat 3: Pon4uk.ua ($100 in chips) 
Seat 4: GuigaMan ($101.31 in chips) 
Seat 5: Iospirate ($63.08 in chips) 
Seat 6: MrAdris9 ($153.62 in chips) 
MrAdris9: posts small blind $0.50
Evelexy1: posts big blind $1
*** HOLE CARDS ***
Rysiff: folds 
Pon4uk.ua: folds 
GuigaMan: folds 
Iospirate: folds 
MrAdris9: raises $2 to $3
Evelexy1: raises $6.50 to $9.50
MrAdris9: folds 
Uncalled bet ($6.50) returned to Evelexy1
Evelexy1 collected $6 from pot
Evelexy1: doesn't show hand 
*** SUMMARY ***
Total pot $6 | Rake $0 
Seat 1: Evelexy1 (big blind) collected ($6)
Seat 2: Rysiff folded before Flop (didn't bet)
Seat 3: Pon4uk.ua folded before Flop (didn't bet)
Seat 4: GuigaMan folded before Flop (didn't bet)
Seat 5: Iospirate (button) folded before Flop (didn't bet)
Seat 6: MrAdris9 (small blind) folded before Flop



PokerStars Hand #254467278698:  Hold'em No Limit ($0.50/$1.00 USD) - 2025/01/20 13:17:36 WET [2025/01/20 8:17:36 ET]
Table 'Sabik III' 6-max Seat #6 is the button
Seat 1: Evelexy1 ($119.16 in chips) 
Seat 2: Rysiff ($100 in chips) 
Seat 3: Pon4uk.ua ($100 in chips) 
Seat 4: GuigaMan ($101.31 in chips) 
Seat 5: Iospirate ($63.08 in chips) 
Seat 6: MrAdris9 ($150.62 in chips) 
Evelexy1: posts small blind $0.50
Rysiff: posts big blind $1
*** HOLE CARDS ***
Pon4uk.ua: folds 
GuigaMan: raises $1.10 to $2.10
Iospirate: calls $2.10
MrAdris9: folds 
Evelexy1: folds 
Rysiff: raises $11.90 to $14
GuigaMan: calls $11.90
Iospirate: calls $11.90
*** FLOP *** [3h 2c 8s]
Rysiff: bets $13.33
GuigaMan: calls $13.33
Iospirate: calls $13.33
*** TURN *** [3h 2c 8s] [Qc]
Rysiff: bets $20
GuigaMan: folds 
Iospirate: calls $20
*** RIVER *** [3h 2c 8s Qc] [Ac]
Rysiff: bets $24
Iospirate: calls $15.75 and is all-in
Uncalled bet ($8.25) returned to Rysiff
*** SHOW DOWN ***
Rysiff: shows [Kd Ah] (a pair of Aces)
Iospirate: shows [Kc 8c] (a flush, Ace high)
Iospirate collected $151.49 from pot
*** SUMMARY ***
Total pot $153.99 | Rake $2.50 
Board [3h 2c 8s Qc Ac]
Seat 1: Evelexy1 (small blind) folded before Flop
Seat 2: Rysiff (big blind) showed [Kd Ah] and lost with a pair of Aces
Seat 3: Pon4uk.ua folded before Flop (didn't bet)
Seat 4: GuigaMan folded on the Turn
Seat 5: Iospirate showed [Kc 8c] and won ($151.49) with a flush, Ace high
Seat 6: MrAdris9 (button) folded before Flop (didn't bet)



PokerStars Hand #254467290449:  Hold'em No Limit ($0.50/$1.00 USD) - 2025/01/20 13:18:48 WET [2025/01/20 8:18:48 ET]
Table 'Sabik III' 6-max Seat #1 is the button
Seat 1: Evelexy1 ($118.66 in chips) 
Seat 2: Rysiff ($100 in chips) 
Seat 3: Pon4uk.ua ($100 in chips) 
Seat 4: GuigaMan ($100 in chips) 
Seat 5: Iospirate ($151.49 in chips) 
Seat 6: MrAdris9 ($150.62 in chips) 
Rysiff: posts small blind $0.50
Pon4uk.ua: posts big blind $1
*** HOLE CARDS ***
GuigaMan: folds 
Iospirate: calls $1
MrAdris9: folds 
Evelexy1: folds 
Rysiff: raises $9 to $10
Pon4uk.ua: folds 
Iospirate: calls $9
*** FLOP *** [7h 9d Ks]
Rysiff: bets $9.98
Iospirate: folds 
Uncalled bet ($9.98) returned to Rysiff
Rysiff collected $19.95 from pot
Rysiff: doesn't show hand 
*** SUMMARY ***
Total pot $21 | Rake $1.05 
Board [7h 9d Ks]
Seat 1: Evelexy1 (button) folded before Flop (didn't bet)
Seat 2: Rysiff (small blind) collected ($19.95)
Seat 3: Pon4uk.ua (big blind) folded before Flop
Seat 4: GuigaMan folded before Flop (didn't bet)
Seat 5: Iospirate folded on the Flop
Seat 6: MrAdris9 folded before Flop (didn't bet)



PokerStars Hand #254467294593:  Hold'em No Limit ($0.50/$1.00 USD) - 2025/01/20 13:19:15 WET [2025/01/20 8:19:15 ET]
Table 'Sabik III' 6-max Seat #2 is the button
Seat 1: Evelexy1 ($118.66 in chips) 
Seat 2: Rysiff ($109.95 in chips) 
Seat 3: Pon4uk.ua ($100 in chips) 
Seat 4: GuigaMan ($100 in chips) 
Seat 5: Iospirate ($141.49 in chips) 
Seat 6: MrAdris9 ($150.62 in chips) 
Pon4uk.ua: posts small blind $0.50
GuigaMan: posts big blind $1
*** HOLE CARDS ***
Iospirate: folds 
MrAdris9: folds 
Evelexy1: folds 
Rysiff: raises $1.50 to $2.50
Iospirate leaves the table
Pon4uk.ua: folds 
GuigaMan: folds 
Uncalled bet ($1.50) returned to Rysiff
Rysiff collected $2.50 from pot
Rysiff: doesn't show hand 
*** SUMMARY ***
Total pot $2.50 | Rake $0 
Seat 1: Evelexy1 folded before Flop (didn't bet)
Seat 2: Rysiff (button) collected ($2.50)
Seat 3: Pon4uk.ua (small blind) folded before Flop
Seat 4: GuigaMan (big blind) folded before Flop
Seat 5: Iospirate folded before Flop (didn't bet)
Seat 6: MrAdris9 folded before Flop (didn't bet)



PokerStars Hand #254467298173:  Hold'em No Limit ($0.50/$1.00 USD) - 2025/01/20 13:19:37 WET [2025/01/20 8:19:37 ET]
Table 'Sabik III' 6-max Seat #3 is the button
Seat 6: MrAdris9 ($150.62 in chips) is sitting out
Seat 1: Evelexy1 ($118.66 in chips) 
Seat 2: Rysiff ($111.45 in chips) 
Seat 3: Pon4uk.ua ($100 in chips) 
Seat 4: GuigaMan ($100 in chips) 
GuigaMan: posts small blind $0.50
MrAdris9: is sitting out 
Evelexy1: posts big blind $1
*** HOLE CARDS ***
Rysiff: raises $1.50 to $2.50
MrAdris9 leaves the table
Pon4uk.ua: folds 
GuigaMan: folds 
Evelexy1: folds 
Uncalled bet ($1.50) returned to Rysiff
Rysiff collected $2.50 from pot
Rysiff: doesn't show hand 
*** SUMMARY ***
Total pot $2.50 | Rake $0 
Seat 6: MrAdris9
Seat 1: Evelexy1 (big blind) folded before Flop
Seat 2: Rysiff collected ($2.50)
Seat 3: Pon4uk.ua (button) folded before Flop (didn't bet)
Seat 4: GuigaMan (small blind) folded before Flop



PokerStars Hand #254467299921:  Hold'em No Limit ($0.50/$1.00 USD) - 2025/01/20 13:19:48 WET [2025/01/20 8:19:48 ET]
Table 'Sabik III' 6-max Seat #4 is the button
Seat 1: Evelexy1 ($117.66 in chips) 
Seat 2: Rysiff ($112.95 in chips) 
Seat 3: Pon4uk.ua ($100 in chips) 
Seat 4: GuigaMan ($100 in chips) 
Evelexy1: posts small blind $0.50
Rysiff: posts big blind $1
*** HOLE CARDS ***
Pon4uk.ua: folds 
GuigaMan: folds 
Evelexy1: folds 
Uncalled bet ($0.50) returned to Rysiff
Rysiff collected $1 from pot
Rysiff: doesn't show hand 
*** SUMMARY ***
Total pot $1 | Rake $0 
Seat 1: Evelexy1 (small blind) folded before Flop
Seat 2: Rysiff (big blind) collected ($1)
Seat 3: Pon4uk.ua folded before Flop (didn't bet)
Seat 4: GuigaMan (button) folded before Flop (didn't bet)



PokerStars Hand #254467301469:  Hold'em No Limit ($0.50/$1.00 USD) - 2025/01/20 13:19:59 WET [2025/01/20 8:19:59 ET]
Table 'Sabik III' 6-max Seat #1 is the button
Seat 3: Pon4uk.ua ($100 in chips) is sitting out
Seat 1: Evelexy1 ($117.16 in chips) 
Seat 2: Rysiff ($113.45 in chips) 
Seat 4: GuigaMan ($100 in chips) 
Rysiff: posts small blind $0.50
Pon4uk.ua: is sitting out 
GuigaMan: posts big blind $1
*** HOLE CARDS ***
Evelexy1: folds 
Rysiff: raises $2 to $3
GuigaMan: calls $2
*** FLOP *** [7d 6c 4h]
Pon4uk.ua leaves the table
Rysiff: bets $4.56
GuigaMan: calls $4.56
*** TURN *** [7d 6c 4h] [4c]
Evelexy1 leaves the table
Rysiff: bets $11.49
GuigaMan: folds 
Uncalled bet ($11.49) returned to Rysiff
Rysiff collected $14.36 from pot
Rysiff: doesn't show hand 
*** SUMMARY ***
Total pot $15.12 | Rake $0.76 
Board [7d 6c 4h 4c]
Seat 3: Pon4uk.ua
Seat 1: Evelexy1 (button) folded before Flop (didn't bet)
Seat 2: Rysiff (small blind) collected ($14.36)
Seat 4: GuigaMan (big blind) folded on the Turn



PokerStars Hand #254467098694:  Hold'em No Limit ($0.50/$1.00 USD) - 2025/01/20 12:57:49 WET [2025/01/20 7:57:49 ET]
Table 'Sabik III' 6-max Seat #5 is the button
Seat 4: GuigaMan ($100 in chips) is sitting out
Seat 6: MrAdris9 ($100 in chips) is sitting out
Seat 1: Evelexy1 ($100 in chips) 
Seat 2: Rysiff ($103.70 in chips) 
Seat 3: Pon4uk.ua ($100 in chips) 
Seat 5: Iospirate ($96.44 in chips) 
Evelexy1: posts small blind $0.50
Rysiff: posts big blind $1
GuigaMan: sits out 
*** HOLE CARDS ***
Pon4uk.ua: raises $1.50 to $2.50
Iospirate: calls $2.50
Evelexy1: folds 
Rysiff: folds 
*** FLOP *** [6c 9c Js]
Pon4uk.ua: checks 
Iospirate: checks 
*** TURN *** [6c 9c Js] [9d]
Pon4uk.ua: checks 
Iospirate: checks 
*** RIVER *** [6c 9c Js 9d] [4s]
Pon4uk.ua: checks 
Iospirate: checks 
*** SHOW DOWN ***
Pon4uk.ua: shows [Ad 8h] (a pair of Nines)
Iospirate: mucks hand 
Pon4uk.ua collected $6.18 from pot
*** SUMMARY ***
Total pot $6.50 | Rake $0.32 
Board [6c 9c Js 9d 4s]
Seat 4: GuigaMan
Seat 6: MrAdris9
Seat 1: Evelexy1 (small blind) folded before Flop
Seat 2: Rysiff (big blind) folded before Flop
Seat 3: Pon4uk.ua showed [Ad 8h] and won ($6.18) with a pair of Nines
Seat 5: Iospirate (button) mucked



PokerStars Hand #254467113028:  Hold'em No Limit ($0.50/$1.00 USD) - 2025/01/20 12:59:45 WET [2025/01/20 7:59:45 ET]
Table 'Sabik III' 6-max Seat #3 is the button
Seat 6: MrAdris9 ($100 in chips) is sitting out
Seat 1: Evelexy1 ($100 in chips) 
Seat 2: Rysiff ($102.20 in chips) 
Seat 3: Pon4uk.ua ($102.47 in chips) 
Seat 4: GuigaMan ($100 in chips) 
Seat 5: Iospirate ($97.76 in chips) 
GuigaMan: posts small blind $0.50
Iospirate: posts big blind $1
MrAdris9: sits out 
*** HOLE CARDS ***
Evelexy1: folds 
Rysiff: raises $1.50 to $2.50
Pon4uk.ua: calls $2.50
GuigaMan: folds 
Iospirate: folds 
*** FLOP *** [8s 5c 5s]
Rysiff: bets $3.09
Pon4uk.ua: folds 
Uncalled bet ($3.09) returned to Rysiff
Rysiff collected $6.18 from pot
Rysiff: doesn't show hand 
*** SUMMARY ***
Total pot $6.50 | Rake $0.32 
Board [8s 5c 5s]
Seat 6: MrAdris9
Seat 1: Evelexy1 folded before Flop (didn't bet)
Seat 2: Rysiff collected ($6.18)
Seat 3: Pon4uk.ua (button) folded on the Flop
Seat 4: GuigaMan (small blind) folded before Flop
Seat 5: Iospirate (big blind) folded before Flop



PokerStars Hand #254467117249:  Hold'em No Limit ($0.50/$1.00 USD) - 2025/01/20 13:00:18 WET [2025/01/20 8:00:18 ET]
Table 'Sabik III' 6-max Seat #4 is the button
Seat 1: Evelexy1 ($100 in chips) 
Seat 2: Rysiff ($105.88 in chips) 
Seat 3: Pon4uk.ua ($100 in chips) 
Seat 4: GuigaMan ($100 in chips) 
Seat 5: Iospirate ($96.76 in chips) 
Seat 6: MrAdris9 ($100 in chips) 
Iospirate: posts small blind $0.50
MrAdris9: posts big blind $1
*** HOLE CARDS ***
Evelexy1: raises $1 to $2
Rysiff: folds 
Pon4uk.ua: folds 
GuigaMan: folds 
Iospirate: folds 
MrAdris9: folds 
Uncalled bet ($1) returned to Evelexy1
Evelexy1 collected $2.50 from pot
Evelexy1: doesn't show hand 
*** SUMMARY ***
Total pot $2.50 | Rake $0 
Seat 1: Evelexy1 collected ($2.50)
Seat 2: Rysiff folded before Flop (didn't bet)
Seat 3: Pon4uk.ua folded before Flop (didn't bet)
Seat 4: GuigaMan (button) folded before Flop (didn't bet)
Seat 5: Iospirate (small blind) folded before Flop
Seat 6: MrAdris9 (big blind) folded before Flop



PokerStars Hand #254467118906:  Hold'em No Limit ($0.50/$1.00 USD) - 2025/01/20 13:00:31 WET [2025/01/20 8:00:31 ET]
Table 'Sabik III' 6-max Seat #5 is the button
Seat 1: Evelexy1 ($101.50 in chips) 
Seat 2: Rysiff ($105.88 in chips) 
Seat 3: Pon4uk.ua ($100 in chips) 
Seat 4: GuigaMan ($100 in chips) 
Seat 5: Iospirate ($96.26 in chips) 
Seat 6: MrAdris9 ($100 in chips) 
MrAdris9: posts small blind $0.50
Evelexy1: posts big blind $1
*** HOLE CARDS ***
Rysiff: folds 
Pon4uk.ua: folds 
GuigaMan: folds 
Iospirate: raises $1 to $2
MrAdris9: raises $7 to $9
Evelexy1: folds 
Iospirate: folds 
Uncalled bet ($7) returned to MrAdris9
MrAdris9 collected $5 from pot
MrAdris9: doesn't show hand 
*** SUMMARY ***
Total pot $5 | Rake $0 
Seat 1: Evelexy1 (big blind) folded before Flop
Seat 2: Rysiff folded before Flop (didn't bet)
Seat 3: Pon4uk.ua folded before Flop (didn't bet)
Seat 4: GuigaMan folded before Flop (didn't bet)
Seat 5: Iospirate (button) folded before Flop
Seat 6: MrAdris9 (small blind) collected ($5)



PokerStars Hand #254467121871:  Hold'em No Limit ($0.50/$1.00 USD) - 2025/01/20 13:00:52 WET [2025/01/20 8:00:52 ET]
Table 'Sabik III' 6-max Seat #6 is the button
Seat 1: Evelexy1 ($100.50 in chips) 
Seat 2: Rysiff ($105.88 in chips) 
Seat 3: Pon4uk.ua ($100 in chips) 
Seat 4: GuigaMan ($100 in chips) 
Seat 5: Iospirate ($94.26 in chips) 
Seat 6: MrAdris9 ($103 in chips) 
Evelexy1: posts small blind $0.50
Rysiff: posts big blind $1
*** HOLE CARDS ***
Pon4uk.ua: folds 
GuigaMan: folds 
Iospirate: calls $1
MrAdris9: folds 
Evelexy1: raises $4 to $5
Rysiff: folds 
Iospirate: calls $4
*** FLOP *** [Qs Th Jc]
Evelexy1: checks 
Iospirate: checks 
*** TURN *** [Qs Th Jc] [Td]
Evelexy1: bets $3.48
Iospirate: folds 
Uncalled bet ($3.48) returned to Evelexy1
Evelexy1 collected $10.45 from pot
Evelexy1: doesn't show hand 
*** SUMMARY ***
Total pot $11 | Rake $0.55 
Board [Qs Th Jc Td]
Seat 1: Evelexy1 (small blind) collected ($10.45)
Seat 2: Rysiff (big blind) folded before Flop
Seat 3: Pon4uk.ua folded before Flop (didn't bet)
Seat 4: GuigaMan folded before Flop (didn't bet)
Seat 5: Iospirate folded on the Turn
Seat 6: MrAdris9 (button) folded before Flop (didn't bet)



PokerStars Hand #254467129351:  Hold'em No Limit ($0.50/$1.00 USD) - 2025/01/20 13:01:41 WET [2025/01/20 8:01:41 ET]
Table 'Sabik III' 6-max Seat #1 is the button
Seat 1: Evelexy1 ($105.95 in chips) 
Seat 2: Rysiff ($104.88 in chips) 
Seat 3: Pon4uk.ua ($100 in chips) 
Seat 4: GuigaMan ($100 in chips) 
Seat 5: Iospirate ($89.26 in chips) 
Seat 6: MrAdris9 ($103 in chips) 
Rysiff: posts small blind $0.50
Pon4uk.ua: posts big blind $1
*** HOLE CARDS ***
GuigaMan: folds 
Iospirate: folds 
MrAdris9: folds 
Evelexy1: folds 
Rysiff: folds 
Uncalled bet ($0.50) returned to Pon4uk.ua
Pon4uk.ua collected $1 from pot
Pon4uk.ua: doesn't show hand 
*** SUMMARY ***
Total pot $1 | Rake $0 
Seat 1: Evelexy1 (button) folded before Flop (didn't bet)
Seat 2: Rysiff (small blind) folded before Flop
Seat 3: Pon4uk.ua (big blind) collected ($1)
Seat 4: GuigaMan folded before Flop (didn't bet)
Seat 5: Iospirate folded before Flop (didn't bet)
Seat 6: MrAdris9 folded before Flop (didn't bet)



PokerStars Hand #254467131147:  Hold'em No Limit ($0.50/$1.00 USD) - 2025/01/20 13:01:53 WET [2025/01/20 8:01:53 ET]
Table 'Sabik III' 6-max Seat #2 is the button
Seat 1: Evelexy1 ($105.95 in chips) 
Seat 2: Rysiff ($104.38 in chips) 
Seat 3: Pon4uk.ua ($100.50 in chips) 
Seat 4: GuigaMan ($100 in chips) 
Seat 5: Iospirate ($89.26 in chips) 
Seat 6: MrAdris9 ($103 in chips) 
Pon4uk.ua: posts small blind $0.50
GuigaMan: posts big blind $1
*** HOLE CARDS ***
Iospirate: folds 
MrAdris9: folds 
Evelexy1: folds 
Rysiff: folds 
Pon4uk.ua: folds 
Uncalled bet ($0.50) returned to GuigaMan
GuigaMan collected $1 from pot
*** SUMMARY ***
Total pot $1 | Rake $0 
Seat 1: Evelexy1 folded before Flop (didn't bet)
Seat 2: Rysiff (button) folded before Flop (didn't bet)
Seat 3: Pon4uk.ua (small blind) folded before Flop
Seat 4: GuigaMan (big blind) collected ($1)
Seat 5: Iospirate folded before Flop (didn't bet)
Seat 6: MrAdris9 folded before Flop (didn't bet)



PokerStars Hand #254467132798:  Hold'em No Limit ($0.50/$1.00 USD) - 2025/01/20 13:02:03 WET [2025/01/20 8:02:03 ET]
Table 'Sabik III' 6-max Seat #3 is the button
Seat 1: Evelexy1 ($105.95 in chips) 
Seat 2: Rysiff ($104.38 in chips) 
Seat 3: Pon4uk.ua ($100 in chips) 
Seat 4: GuigaMan ($100.50 in chips) 
Seat 5: Iospirate ($89.26 in chips) 
Seat 6: MrAdris9 ($103 in chips) 
GuigaMan: posts small blind $0.50
Iospirate: posts big blind $1
*** HOLE CARDS ***
MrAdris9: folds 
Evelexy1: folds 
Rysiff: raises $1.50 to $2.50
Pon4uk.ua: folds 
GuigaMan: folds 
Iospirate: folds 
Uncalled bet ($1.50) returned to Rysiff
Rysiff collected $2.50 from pot
Rysiff: doesn't show hand 
*** SUMMARY ***
Total pot $2.50 | Rake $0 
Seat 1: Evelexy1 folded before Flop (didn't bet)
Seat 2: Rysiff collected ($2.50)
Seat 3: Pon4uk.ua (button) folded before Flop (didn't bet)
Seat 4: GuigaMan (small blind) folded before Flop
Seat 5: Iospirate (big blind) folded before Flop
Seat 6: MrAdris9 folded before Flop (didn't bet)



PokerStars Hand #254467135810:  Hold'em No Limit ($0.50/$1.00 USD) - 2025/01/20 13:02:22 WET [2025/01/20 8:02:22 ET]
Table 'Sabik III' 6-max Seat #4 is the button
Seat 1: Evelexy1 ($105.95 in chips) 
Seat 2: Rysiff ($105.88 in chips) 
Seat 3: Pon4uk.ua ($100 in chips) 
Seat 4: GuigaMan ($100 in chips) 
Seat 5: Iospirate ($88.26 in chips) 
Seat 6: MrAdris9 ($103 in chips) 
Iospirate: posts small blind $0.50
MrAdris9: posts big blind $1
*** HOLE CARDS ***
Evelexy1: folds 
Rysiff: folds 
Pon4uk.ua: folds 
GuigaMan: folds 
Iospirate: folds 
Uncalled bet ($0.50) returned to MrAdris9
MrAdris9 collected $1 from pot
MrAdris9: doesn't show hand 
*** SUMMARY ***
Total pot $1 | Rake $0 
Seat 1: Evelexy1 folded before Flop (didn't bet)
Seat 2: Rysiff folded before Flop (didn't bet)
Seat 3: Pon4uk.ua folded before Flop (didn't bet)
Seat 4: GuigaMan (button) folded before Flop (didn't bet)
Seat 5: Iospirate (small blind) folded before Flop
Seat 6: MrAdris9 (big blind) collected ($1)



PokerStars Hand #254467138046:  Hold'em No Limit ($0.50/$1.00 USD) - 2025/01/20 13:02:37 WET [2025/01/20 8:02:37 ET]
Table 'Sabik III' 6-max Seat #5 is the button
Seat 1: Evelexy1 ($105.95 in chips) 
Seat 2: Rysiff ($105.88 in chips) 
Seat 3: Pon4uk.ua ($100 in chips) 
Seat 4: GuigaMan ($100 in chips) 
Seat 5: Iospirate ($87.76 in chips) 
Seat 6: MrAdris9 ($103.50 in chips) 
MrAdris9: posts small blind $0.50
Evelexy1: posts big blind $1
*** HOLE CARDS ***
Rysiff: folds 
Pon4uk.ua: raises $1 to $2
GuigaMan: folds 
Iospirate: calls $2
MrAdris9: folds 
Evelexy1: folds 
*** FLOP *** [Kd Td Jc]
Pon4uk.ua: bets $1.72
Iospirate: calls $1.72
*** TURN *** [Kd Td Jc] [Tc]
Pon4uk.ua: checks 
Iospirate: bets $4.25
Pon4uk.ua: calls $4.25
*** RIVER *** [Kd Td Jc Tc] [6c]
Pon4uk.ua: checks 
Iospirate: checks 
*** SHOW DOWN ***
Pon4uk.ua: shows [Ac Jh] (two pair, Jacks and Tens)
Iospirate: mucks hand 
Pon4uk.ua collected $16.57 from pot
*** SUMMARY ***
Total pot $17.44 | Rake $0.87 
Board [Kd Td Jc Tc 6c]
Seat 1: Evelexy1 (big blind) folded before Flop
Seat 2: Rysiff folded before Flop (didn't bet)
Seat 3: Pon4uk.ua showed [Ac Jh] and won ($16.57) with two pair, Jacks and Tens
Seat 4: GuigaMan folded before Flop (didn't bet)
Seat 5: Iospirate (button) mucked
Seat 6: MrAdris9 (small blind) folded before Flop



PokerStars Hand #254467144052:  Hold'em No Limit ($0.50/$1.00 USD) - 2025/01/20 13:03:14 WET [2025/01/20 8:03:14 ET]
Table 'Sabik III' 6-max Seat #6 is the button
Seat 1: Evelexy1 ($104.95 in chips) 
Seat 2: Rysiff ($105.88 in chips) 
Seat 3: Pon4uk.ua ($108.60 in chips) 
Seat 4: GuigaMan ($100 in chips) 
Seat 5: Iospirate ($79.79 in chips) 
Seat 6: MrAdris9 ($103 in chips) 
Evelexy1: posts small blind $0.50
Rysiff: posts big blind $1
*** HOLE CARDS ***
Pon4uk.ua: folds 
GuigaMan: folds 
Iospirate: folds 
MrAdris9: folds 
Evelexy1: folds 
Uncalled bet ($0.50) returned to Rysiff
Rysiff collected $1 from pot
Rysiff: doesn't show hand 
*** SUMMARY ***
Total pot $1 | Rake $0 
Seat 1: Evelexy1 (small blind) folded before Flop
Seat 2: Rysiff (big blind) collected ($1)
Seat 3: Pon4uk.ua folded before Flop (didn't bet)
Seat 4: GuigaMan folded before Flop (didn't bet)
Seat 5: Iospirate folded before Flop (didn't bet)
Seat 6: MrAdris9 (button) folded before Flop (didn't bet)



PokerStars Hand #254467148756:  Hold'em No Limit ($0.50/$1.00 USD) - 2025/01/20 13:03:44 WET [2025/01/20 8:03:44 ET]
Table 'Sabik III' 6-max Seat #1 is the button
Seat 1: Evelexy1 ($104.45 in chips) 
Seat 2: Rysiff ($106.38 in chips) 
Seat 3: Pon4uk.ua ($108.60 in chips) 
Seat 4: GuigaMan ($100 in chips) 
Seat 5: Iospirate ($79.79 in chips) 
Seat 6: MrAdris9 ($103 in chips) 
Rysiff: posts small blind $0.50
Pon4uk.ua: posts big blind $1
*** HOLE CARDS ***
GuigaMan: folds 
Iospirate: folds 
MrAdris9: folds 
Evelexy1: raises $1.50 to $2.50
Rysiff: folds 
Pon4uk.ua: calls $1.50
*** FLOP *** [Kd Ks Ah]
Pon4uk.ua: checks 
Evelexy1: bets $1.30
Pon4uk.ua: calls $1.30
*** TURN *** [Kd Ks Ah] [3c]
Pon4uk.ua: checks 
Evelexy1: bets $5.78
Pon4uk.ua: folds 
Uncalled bet ($5.78) returned to Evelexy1
Evelexy1 collected $7.70 from pot
Evelexy1: doesn't show hand 
*** SUMMARY ***
Total pot $8.10 | Rake $0.40 
Board [Kd Ks Ah 3c]
Seat 1: Evelexy1 (button) collected ($7.70)
Seat 2: Rysiff (small blind) folded before Flop
Seat 3: Pon4uk.ua (big blind) folded on the Turn
Seat 4: GuigaMan folded before Flop (didn't bet)
Seat 5: Iospirate folded before Flop (didn't bet)
Seat 6: MrAdris9 folded before Flop (didn't bet)



PokerStars Hand #254467155906:  Hold'em No Limit ($0.50/$1.00 USD) - 2025/01/20 13:04:30 WET [2025/01/20 8:04:30 ET]
Table 'Sabik III' 6-max Seat #2 is the button
Seat 1: Evelexy1 ($108.35 in chips) 
Seat 2: Rysiff ($105.88 in chips) 
Seat 3: Pon4uk.ua ($104.80 in chips) 
Seat 4: GuigaMan ($100 in chips) 
Seat 5: Iospirate ($79.79 in chips) 
Seat 6: MrAdris9 ($103 in chips) 
Pon4uk.ua: posts small blind $0.50
GuigaMan: posts big blind $1
*** HOLE CARDS ***
Iospirate: folds 
MrAdris9: raises $1.20 to $2.20
Evelexy1: folds 
Rysiff: folds 
Pon4uk.ua: folds 
GuigaMan: folds 
Uncalled bet ($1.20) returned to MrAdris9
MrAdris9 collected $2.50 from pot
MrAdris9: doesn't show hand 
*** SUMMARY ***
Total pot $2.50 | Rake $0 
Seat 1: Evelexy1 folded before Flop (didn't bet)
Seat 2: Rysiff (button) folded before Flop (didn't bet)
Seat 3: Pon4uk.ua (small blind) folded before Flop
Seat 4: GuigaMan (big blind) folded before Flop
Seat 5: Iospirate folded before Flop (didn't bet)
Seat 6: MrAdris9 collected ($2.50)



PokerStars Hand #254467159039:  Hold'em No Limit ($0.50/$1.00 USD) - 2025/01/20 13:04:50 WET [2025/01/20 8:04:50 ET]
Table 'Sabik III' 6-max Seat #3 is the button
Seat 1: Evelexy1 ($108.35 in chips) 
Seat 2: Rysiff ($105.88 in chips) 
Seat 3: Pon4uk.ua ($104.30 in chips) 
Seat 4: GuigaMan ($100 in chips) 
Seat 5: Iospirate ($79.79 in chips) 
Seat 6: MrAdris9 ($104.50 in chips) 
GuigaMan: posts small blind $0.50
Iospirate: posts big blind $1
*** HOLE CARDS ***
MrAdris9: folds 
Evelexy1: raises $2 to $3
Rysiff: folds 
Pon4uk.ua: folds 
GuigaMan: folds 
Iospirate: folds 
Uncalled bet ($2) returned to Evelexy1
Evelexy1 collected $2.50 from pot
Evelexy1: doesn't show hand 
*** SUMMARY ***
Total pot $2.50 | Rake $0 
Seat 1: Evelexy1 collected ($2.50)
Seat 2: Rysiff folded before Flop (didn't bet)
Seat 3: Pon4uk.ua (button) folded before Flop (didn't bet)
Seat 4: GuigaMan (small blind) folded before Flop
Seat 5: Iospirate (big blind) folded before Flop
Seat 6: MrAdris9 folded before Flop (didn't bet)



PokerStars Hand #254467161473:  Hold'em No Limit ($0.50/$1.00 USD) - 2025/01/20 13:05:06 WET [2025/01/20 8:05:06 ET]
Table 'Sabik III' 6-max Seat #4 is the button
Seat 1: Evelexy1 ($109.85 in chips) 
Seat 2: Rysiff ($105.88 in chips) 
Seat 3: Pon4uk.ua ($104.30 in chips) 
Seat 4: GuigaMan ($100 in chips) 
Seat 5: Iospirate ($78.79 in chips) 
Seat 6: MrAdris9 ($104.50 in chips) 
Iospirate: posts small blind $0.50
MrAdris9: posts big blind $1
*** HOLE CARDS ***
Evelexy1: folds 
Rysiff: folds 
Pon4uk.ua: folds 
GuigaMan: folds 
Iospirate: raises $1 to $2
MrAdris9: raises $7 to $9
Iospirate: calls $7
*** FLOP *** [9d 8s 8d]
Iospirate: checks 
MrAdris9: bets $5.64
Iospirate: folds 
Uncalled bet ($5.64) returned to MrAdris9
MrAdris9 collected $17.10 from pot
MrAdris9: doesn't show hand 
*** SUMMARY ***
Total pot $18 | Rake $0.90 
Board [9d 8s 8d]
Seat 1: Evelexy1 folded before Flop (didn't bet)
Seat 2: Rysiff folded before Flop (didn't bet)
Seat 3: Pon4uk.ua folded before Flop (didn't bet)
Seat 4: GuigaMan (button) folded before Flop (didn't bet)
Seat 5: Iospirate (small blind) folded on the Flop
Seat 6: MrAdris9 (big blind) collected ($17.10)



PokerStars Hand #254467169610:  Hold'em No Limit ($0.50/$1.00 USD) - 2025/01/20 13:05:59 WET [2025/01/20 8:05:59 ET]
Table 'Sabik III' 6-max Seat #5 is the button
Seat 1: Evelexy1 ($109.85 in chips) 
Seat 2: Rysiff ($105.88 in chips) 
Seat 3: Pon4uk.ua ($104.30 in chips) 
Seat 4: GuigaMan ($100 in chips) 
Seat 5: Iospirate ($69.79 in chips) 
Seat 6: MrAdris9 ($112.60 in chips) 
MrAdris9: posts small blind $0.50
Evelexy1: posts big blind $1
*** HOLE CARDS ***
Rysiff: folds 
Pon4uk.ua: folds 
GuigaMan: raises $1.10 to $2.10
Iospirate: calls $2.10
MrAdris9: folds 
Evelexy1: calls $1.10
*** FLOP *** [3c 5d 4d]
Evelexy1: bets $2.15
GuigaMan: calls $2.15
Iospirate: raises $2.15 to $4.30
Evelexy1: raises $11.20 to $15.50
GuigaMan: folds 
Iospirate: folds 
Uncalled bet ($11.20) returned to Evelexy1
Evelexy1 collected $16.67 from pot
Evelexy1: doesn't show hand 
*** SUMMARY ***
Total pot $17.55 | Rake $0.88 
Board [3c 5d 4d]
Seat 1: Evelexy1 (big blind) collected ($16.67)
Seat 2: Rysiff folded before Flop (didn't bet)
Seat 3: Pon4uk.ua folded before Flop (didn't bet)
Seat 4: GuigaMan folded on the Flop
Seat 5: Iospirate (button) folded on the Flop
Seat 6: MrAdris9 (small blind) folded before Flop



PokerStars Hand #254467179645:  Hold'em No Limit ($0.50/$1.00 USD) - 2025/01/20 13:07:03 WET [2025/01/20 8:07:03 ET]
Table 'Sabik III' 6-max Seat #6 is the button
Seat 1: Evelexy1 ($120.12 in chips) 
Seat 2: Rysiff ($105.88 in chips) 
Seat 3: Pon4uk.ua ($104.30 in chips) 
Seat 4: GuigaMan ($100 in chips) 
Seat 5: Iospirate ($63.39 in chips) 
Seat 6: MrAdris9 ($112.10 in chips) 
Evelexy1: posts small blind $0.50
Rysiff: posts big blind $1
*** HOLE CARDS ***
Pon4uk.ua: folds 
GuigaMan: raises $1.10 to $2.10
Iospirate: folds 
MrAdris9: folds 
Evelexy1: folds 
Rysiff: folds 
Uncalled bet ($1.10) returned to GuigaMan
GuigaMan collected $2.50 from pot
*** SUMMARY ***
Total pot $2.50 | Rake $0 
Seat 1: Evelexy1 (small blind) folded before Flop
Seat 2: Rysiff (big blind) folded before Flop
Seat 3: Pon4uk.ua folded before Flop (didn't bet)
Seat 4: GuigaMan collected ($2.50)
Seat 5: Iospirate folded before Flop (didn't bet)
Seat 6: MrAdris9 (button) folded before Flop (didn't bet)



PokerStars Hand #254467181812:  Hold'em No Limit ($0.50/$1.00 USD) - 2025/01/20 13:07:17 WET [2025/01/20 8:07:17 ET]
Table 'Sabik III' 6-max Seat #1 is the button
Seat 1: Evelexy1 ($119.62 in chips) 
Seat 2: Rysiff ($104.88 in chips) 
Seat 3: Pon4uk.ua ($104.30 in chips) 
Seat 4: GuigaMan ($101.50 in chips) 
Seat 5: Iospirate ($63.39 in chips) 
Seat 6: MrAdris9 ($112.10 in chips) 
Rysiff: posts small blind $0.50
Pon4uk.ua: posts big blind $1
*** HOLE CARDS ***
GuigaMan: folds 
Iospirate: calls $1
MrAdris9: raises $3 to $4
Evelexy1: folds 
Rysiff: folds 
Pon4uk.ua: folds 
Iospirate: calls $3
*** FLOP *** [3c 5h 2d]
Iospirate: checks 
MrAdris9: bets $2.98
Iospirate: folds [Qh]
Uncalled bet ($2.98) returned to MrAdris9
MrAdris9 collected $9.02 from pot
MrAdris9: doesn't show hand 
*** SUMMARY ***
Total pot $9.50 | Rake $0.48 
Board [3c 5h 2d]
Seat 1: Evelexy1 (button) folded before Flop (didn't bet)
Seat 2: Rysiff (small blind) folded before Flop
Seat 3: Pon4uk.ua (big blind) folded before Flop
Seat 4: GuigaMan folded before Flop (didn't bet)
Seat 5: Iospirate folded on the Flop
Seat 6: MrAdris9 collected ($9.02)



PokerStars Hand #254467191249:  Hold'em No Limit ($0.50/$1.00 USD) - 2025/01/20 13:08:17 WET [2025/01/20 8:08:17 ET]
Table 'Sabik III' 6-max Seat #2 is the button
Seat 1: Evelexy1 ($119.62 in chips) 
Seat 2: Rysiff ($104.38 in chips) 
Seat 3: Pon4uk.ua ($103.30 in chips) 
Seat 4: GuigaMan ($101.50 in chips) 
Seat 5: Iospirate ($59.39 in chips) 
Seat 6: MrAdris9 ($117.12 in chips) 
Pon4uk.ua: posts small blind $0.50
GuigaMan: posts big blind $1
*** HOLE CARDS ***
Iospirate: folds 
MrAdris9: folds 
Evelexy1: raises $1.50 to $2.50
Rysiff: folds 
Pon4uk.ua: folds 
GuigaMan: folds 
Uncalled bet ($1.50) returned to Evelexy1
Evelexy1 collected $2.50 from pot
Evelexy1: doesn't show hand 
*** SUMMARY ***
Total pot $2.50 | Rake $0 
Seat 1: Evelexy1 collected ($2.50)
Seat 2: Rysiff (button) folded before Flop (didn't bet)
Seat 3: Pon4uk.ua (small blind) folded before Flop
Seat 4: GuigaMan (big blind) folded before Flop
Seat 5: Iospirate folded before Flop (didn't bet)
Seat 6: MrAdris9 folded before Flop (didn't bet)



PokerStars Hand #254467193150:  Hold'em No Limit ($0.50/$1.00 USD) - 2025/01/20 13:08:29 WET [2025/01/20 8:08:29 ET]
Table 'Sabik III' 6-max Seat #3 is the button
Seat 1: Evelexy1 ($121.12 in chips) 
Seat 2: Rysiff ($104.38 in chips) 
Seat 3: Pon4uk.ua ($102.80 in chips) 
Seat 4: GuigaMan ($100.50 in chips) 
Seat 5: Iospirate ($59.39 in chips) 
Seat 6: MrAdris9 ($117.12 in chips) 
GuigaMan: posts small blind $0.50
Iospirate: posts big blind $1
*** HOLE CARDS ***
MrAdris9: folds 
Evelexy1: folds 
Rysiff: folds 
Pon4uk.ua: raises $1.50 to $2.50
GuigaMan: folds 
Iospirate: folds 
Uncalled bet ($1.50) returned to Pon4uk.ua
Pon4uk.ua collected $2.50 from pot
Pon4uk.ua: doesn't show hand 
*** SUMMARY ***
Total pot $2.50 | Rake $0 
Seat 1: Evelexy1 folded before Flop (didn't bet)
Seat 2: Rysiff folded before Flop (didn't bet)
Seat 3: Pon4uk.ua (button) collected ($2.50)
Seat 4: GuigaMan (small blind) folded before Flop
Seat 5: Iospirate (big blind) folded before Flop
Seat 6: MrAdris9 folded before Flop (didn't bet)



PokerStars Hand #254467194805:  Hold'em No Limit ($0.50/$1.00 USD) - 2025/01/20 13:08:40 WET [2025/01/20 8:08:40 ET]
Table 'Sabik III' 6-max Seat #4 is the button
Seat 1: Evelexy1 ($121.12 in chips) 
Seat 2: Rysiff ($104.38 in chips) 
Seat 3: Pon4uk.ua ($104.30 in chips) 
Seat 4: GuigaMan ($100 in chips) 
Seat 5: Iospirate ($58.39 in chips) 
Seat 6: MrAdris9 ($117.12 in chips) 
Iospirate: posts small blind $0.50
MrAdris9: posts big blind $1
*** HOLE CARDS ***
Evelexy1: folds 
Rysiff: folds 
Pon4uk.ua: folds 
GuigaMan: folds 
Iospirate: folds 
Uncalled bet ($0.50) returned to MrAdris9
MrAdris9 collected $1 from pot
MrAdris9: doesn't show hand 
*** SUMMARY ***
Total pot $1 | Rake $0 
Seat 1: Evelexy1 folded before Flop (didn't bet)
Seat 2: Rysiff folded before Flop (didn't bet)
Seat 3: Pon4uk.ua folded before Flop (didn't bet)
Seat 4: GuigaMan (button) folded before Flop (didn't bet)
Seat 5: Iospirate (small blind) folded before Flop
Seat 6: MrAdris9 (big blind) collected ($1)



PokerStars Hand #254467196390:  Hold'em No Limit ($0.50/$1.00 USD) - 2025/01/20 13:08:50 WET [2025/01/20 8:08:50 ET]
Table 'Sabik III' 6-max Seat #5 is the button
Seat 1: Evelexy1 ($121.12 in chips) 
Seat 2: Rysiff ($104.38 in chips) 
Seat 3: Pon4uk.ua ($104.30 in chips) 
Seat 4: GuigaMan ($100 in chips) 
Seat 5: Iospirate ($57.89 in chips) 
Seat 6: MrAdris9 ($117.62 in chips) 
MrAdris9: posts small blind $0.50
Evelexy1: posts big blind $1
*** HOLE CARDS ***
Rysiff: folds 
Pon4uk.ua: folds 
GuigaMan: folds 
Iospirate: folds 
MrAdris9: folds 
Uncalled bet ($0.50) returned to Evelexy1
Evelexy1 collected $1 from pot
Evelexy1: doesn't show hand 
*** SUMMARY ***
Total pot $1 | Rake $0 
Seat 1: Evelexy1 (big blind) collected ($1)
Seat 2: Rysiff folded before Flop (didn't bet)
Seat 3: Pon4uk.ua folded before Flop (didn't bet)
Seat 4: GuigaMan folded before Flop (didn't bet)
Seat 5: Iospirate (button) folded before Flop (didn't bet)
Seat 6: MrAdris9 (small blind) folded before Flop



PokerStars Hand #254467200407:  Hold'em No Limit ($0.50/$1.00 USD) - 2025/01/20 13:09:15 WET [2025/01/20 8:09:15 ET]
Table 'Sabik III' 6-max Seat #6 is the button
Seat 1: Evelexy1 ($121.62 in chips) 
Seat 2: Rysiff ($104.38 in chips) 
Seat 3: Pon4uk.ua ($104.30 in chips) 
Seat 4: GuigaMan ($100 in chips) 
Seat 5: Iospirate ($57.89 in chips) 
Seat 6: MrAdris9 ($117.12 in chips) 
Evelexy1: posts small blind $0.50
Rysiff: posts big blind $1
*** HOLE CARDS ***
Pon4uk.ua: folds 
GuigaMan: folds 
Iospirate: folds 
MrAdris9: folds 
Evelexy1: folds 
Uncalled bet ($0.50) returned to Rysiff
Rysiff collected $1 from pot
Rysiff: doesn't show hand 
*** SUMMARY ***
Total pot $1 | Rake $0 
Seat 1: Evelexy1 (small blind) folded before Flop
Seat 2: Rysiff (big blind) collected ($1)
Seat 3: Pon4uk.ua folded before Flop (didn't bet)
Seat 4: GuigaMan folded before Flop (didn't bet)
Seat 5: Iospirate folded before Flop (didn't bet)
Seat 6: MrAdris9 (button) folded before Flop (didn't bet)



PokerStars Hand #254467203482:  Hold'em No Limit ($0.50/$1.00 USD) - 2025/01/20 13:09:35 WET [2025/01/20 8:09:35 ET]
Table 'Sabik III' 6-max Seat #1 is the button
Seat 1: Evelexy1 ($121.12 in chips) 
Seat 2: Rysiff ($104.88 in chips) 
Seat 3: Pon4uk.ua ($104.30 in chips) 
Seat 4: GuigaMan ($100 in chips) 
Seat 5: Iospirate ($57.89 in chips) 
Seat 6: MrAdris9 ($117.12 in chips) 
Rysiff: posts small blind $0.50
Pon4uk.ua: posts big blind $1
*** HOLE CARDS ***
GuigaMan: folds 
Iospirate: calls $1
MrAdris9: folds 
Evelexy1: raises $2.50 to $3.50
Rysiff: folds 
Pon4uk.ua: calls $2.50
Iospirate: calls $2.50
*** FLOP *** [3s 8s Ts]
Pon4uk.ua: checks 
Iospirate: checks 
Evelexy1: bets $2.09
Pon4uk.ua: folds 
Iospirate: raises $2.09 to $4.18
Evelexy1: calls $2.09
*** TURN *** [3s 8s Ts] [Qd]
Iospirate: bets $7
Evelexy1: calls $7
*** RIVER *** [3s 8s Ts Qd] [2c]
Iospirate: bets $43.21 and is all-in
Evelexy1: folds 
Uncalled bet ($43.21) returned to Iospirate
Iospirate collected $31.69 from pot
*** SUMMARY ***
Total pot $33.36 | Rake $1.67 
Board [3s 8s Ts Qd 2c]
Seat 1: Evelexy1 (button) folded on the River
Seat 2: Rysiff (small blind) folded before Flop
Seat 3: Pon4uk.ua (big blind) folded on the Flop
Seat 4: GuigaMan folded before Flop (didn't bet)
Seat 5: Iospirate collected ($31.69)
Seat 6: MrAdris9 folded before Flop (didn't bet)



