PokerStars Hand #254467000702:  Hold'em No Limit ($0.50/$1.00 USD) - 2025/01/20 12:46:37 WET [2025/01/20 7:46:37 ET]
Table 'Katanga III' 6-max Seat #1 is the button
Seat 1: v.sting ($100 in chips) 
Seat 2: Marineiro1988 ($11.37 in chips) 
Seat 3: MrAdris9 ($100 in chips) 
Seat 4: B1GBankroll ($100 in chips) 
Seat 5: Slami4 ($100 in chips) 
Seat 6: Rysiff ($145 in chips) 
Marineiro1988: posts small blind $0.50
MrAdris9: posts big blind $1
*** HOLE CARDS ***
B1GBankroll: folds 
Slami4: raises $1.50 to $2.50
Rysiff: folds 
B1GBankroll leaves the table
v.sting: folds 
Marineiro1988: calls $2
MrAdris9: folds 
*** FLOP *** [2s 8c Jc]
Pippa83 joins the table at seat #4 
Marineiro1988: bets $8.87 and is all-in
Slami4: folds 
Uncalled bet ($8.87) returned to Marineiro1988
Marineiro1988 collected $5.70 from pot
Marineiro1988: doesn't show hand 
*** SUMMARY ***
Total pot $6 | Rake $0.30 
Board [2s 8c Jc]
Seat 1: v.sting (button) folded before Flop (didn't bet)
Seat 2: Marineiro1988 (small blind) collected ($5.70)
Seat 3: MrAdris9 (big blind) folded before Flop
Seat 4: B1GBankroll folded before Flop (didn't bet)
Seat 5: Slami4 folded on the Flop
Seat 6: Rysiff folded before Flop (didn't bet)



PokerStars Hand #254467006217:  Hold'em No Limit ($0.50/$1.00 USD) - 2025/01/20 12:47:12 WET [2025/01/20 7:47:12 ET]
Table 'Katanga III' 6-max Seat #2 is the button
Seat 1: v.sting ($100 in chips) 
Seat 2: Marineiro1988 ($14.57 in chips) 
Seat 3: MrAdris9 ($100 in chips) 
Seat 4: Pippa83 ($100 in chips) 
Seat 5: Slami4 ($100 in chips) 
Seat 6: Rysiff ($145 in chips) 
MrAdris9: posts small blind $0.50
Pippa83: posts big blind $1
*** HOLE CARDS ***
Slami4: folds 
Rysiff: folds 
v.sting: folds 
Marineiro1988: folds 
MrAdris9: folds 
Uncalled bet ($0.50) returned to Pippa83
Pippa83 collected $1 from pot
Pippa83: doesn't show hand 
*** SUMMARY ***
Total pot $1 | Rake $0 
Seat 1: v.sting folded before Flop (didn't bet)
Seat 2: Marineiro1988 (button) folded before Flop (didn't bet)
Seat 3: MrAdris9 (small blind) folded before Flop
Seat 4: Pippa83 (big blind) collected ($1)
Seat 5: Slami4 folded before Flop (didn't bet)
Seat 6: Rysiff folded before Flop (didn't bet)



PokerStars Hand #254467008004:  Hold'em No Limit ($0.50/$1.00 USD) - 2025/01/20 12:47:24 WET [2025/01/20 7:47:24 ET]
Table 'Katanga III' 6-max Seat #3 is the button
Seat 1: v.sting ($100 in chips) 
Seat 2: Marineiro1988 ($14.57 in chips) 
Seat 3: MrAdris9 ($100 in chips) 
Seat 4: Pippa83 ($100.50 in chips) 
Seat 5: Slami4 ($100 in chips) 
Seat 6: Rysiff ($145 in chips) 
Pippa83: posts small blind $0.50
Slami4: posts big blind $1
*** HOLE CARDS ***
Rysiff: folds 
v.sting: folds 
Marineiro1988: raises $1 to $2
MrAdris9: folds 
Pippa83: folds 
Slami4: folds 
Uncalled bet ($1) returned to Marineiro1988
Marineiro1988 collected $2.50 from pot
Marineiro1988: doesn't show hand 
*** SUMMARY ***
Total pot $2.50 | Rake $0 
Seat 1: v.sting folded before Flop (didn't bet)
Seat 2: Marineiro1988 collected ($2.50)
Seat 3: MrAdris9 (button) folded before Flop (didn't bet)
Seat 4: Pippa83 (small blind) folded before Flop
Seat 5: Slami4 (big blind) folded before Flop
Seat 6: Rysiff folded before Flop (didn't bet)



PokerStars Hand #254467010098:  Hold'em No Limit ($0.50/$1.00 USD) - 2025/01/20 12:47:37 WET [2025/01/20 7:47:37 ET]
Table 'Katanga III' 6-max Seat #4 is the button
Seat 1: v.sting ($100 in chips) 
Seat 2: Marineiro1988 ($16.07 in chips) 
Seat 3: MrAdris9 ($100 in chips) 
Seat 4: Pippa83 ($100 in chips) 
Seat 5: Slami4 ($100 in chips) 
Seat 6: Rysiff ($145 in chips) 
Slami4: posts small blind $0.50
Rysiff: posts big blind $1
*** HOLE CARDS ***
v.sting: folds 
Marineiro1988: folds 
MrAdris9: raises $1.20 to $2.20
Pippa83: folds 
Slami4: folds 
Rysiff: folds 
Uncalled bet ($1.20) returned to MrAdris9
MrAdris9 collected $2.50 from pot
MrAdris9: doesn't show hand 
*** SUMMARY ***
Total pot $2.50 | Rake $0 
Seat 1: v.sting folded before Flop (didn't bet)
Seat 2: Marineiro1988 folded before Flop (didn't bet)
Seat 3: MrAdris9 collected ($2.50)
Seat 4: Pippa83 (button) folded before Flop (didn't bet)
Seat 5: Slami4 (small blind) folded before Flop
Seat 6: Rysiff (big blind) folded before Flop



PokerStars Hand #254467012113:  Hold'em No Limit ($0.50/$1.00 USD) - 2025/01/20 12:47:50 WET [2025/01/20 7:47:50 ET]
Table 'Katanga III' 6-max Seat #5 is the button
Seat 1: v.sting ($100 in chips) is sitting out
Seat 2: Marineiro1988 ($16.07 in chips) 
Seat 3: MrAdris9 ($101.50 in chips) 
Seat 4: Pippa83 ($100 in chips) 
Seat 5: Slami4 ($100 in chips) 
Seat 6: Rysiff ($144 in chips) 
Rysiff: posts small blind $0.50
v.sting: is sitting out 
Marineiro1988: posts big blind $1
*** HOLE CARDS ***
MrAdris9: folds 
Pippa83: folds 
Slami4: folds 
v.sting leaves the table
Rysiff: raises $2 to $3
Marineiro1988: folds 
Uncalled bet ($2) returned to Rysiff
Rysiff collected $2 from pot
Rysiff: doesn't show hand 
*** SUMMARY ***
Total pot $2 | Rake $0 
Seat 1: v.sting
Seat 2: Marineiro1988 (big blind) folded before Flop
Seat 3: MrAdris9 folded before Flop (didn't bet)
Seat 4: Pippa83 folded before Flop (didn't bet)
Seat 5: Slami4 (button) folded before Flop (didn't bet)
Seat 6: Rysiff (small blind) collected ($2)



PokerStars Hand #254467013863:  Hold'em No Limit ($0.50/$1.00 USD) - 2025/01/20 12:48:02 WET [2025/01/20 7:48:02 ET]
Table 'Katanga III' 6-max Seat #6 is the button
Seat 2: Marineiro1988 ($15.07 in chips) 
Seat 3: MrAdris9 ($101.50 in chips) 
Seat 4: Pippa83 ($100 in chips) 
Seat 5: Slami4 ($100 in chips) 
Seat 6: Rysiff ($145 in chips) 
Marineiro1988: posts small blind $0.50
MrAdris9: posts big blind $1
*** HOLE CARDS ***
Pippa83: raises $1.20 to $2.20
Slami4: folds 
Rysiff: folds 
Marineiro1988: calls $1.70
MrAdris9: raises $10.30 to $12.50
GuigaMan joins the table at seat #1 
Pippa83: raises $14.50 to $27
Marineiro1988: calls $12.87 and is all-in
MrAdris9: raises $74.50 to $101.50 and is all-in
Pippa83: calls $73 and is all-in
Uncalled bet ($1.50) returned to MrAdris9
*** FLOP *** [5c 6s 6d]
*** TURN *** [5c 6s 6d] [4s]
*** RIVER *** [5c 6s 6d 4s] [6h]
*** SHOW DOWN ***
MrAdris9: shows [Ad Ac] (a full house, Sixes full of Aces)
Pippa83: shows [Kh Ks] (a full house, Sixes full of Kings)
MrAdris9 collected $169.62 from side pot
Marineiro1988: shows [8h 8s] (a full house, Sixes full of Eights)
MrAdris9 collected $42.95 from main pot
*** SUMMARY ***
Total pot $215.07 Main pot $42.95. Side pot $169.62. | Rake $2.50 
Board [5c 6s 6d 4s 6h]
Seat 2: Marineiro1988 (small blind) showed [8h 8s] and lost with a full house, Sixes full of Eights
Seat 3: MrAdris9 (big blind) showed [Ad Ac] and won ($212.57) with a full house, Sixes full of Aces
Seat 4: Pippa83 showed [Kh Ks] and lost with a full house, Sixes full of Kings
Seat 5: Slami4 folded before Flop (didn't bet)
Seat 6: Rysiff (button) folded before Flop (didn't bet)



PokerStars Hand #254467022800:  Hold'em No Limit ($0.50/$1.00 USD) - 2025/01/20 12:49:01 WET [2025/01/20 7:49:01 ET]
Table 'Katanga III' 6-max Seat #3 is the button
Seat 1: GuigaMan ($100 in chips) is sitting out
Seat 2: Marineiro1988 ($0 in chips) is sitting out
Seat 5: Slami4 ($100 in chips) is sitting out
Seat 3: MrAdris9 ($214.07 in chips) 
Seat 4: Pippa83 ($100 in chips) 
Seat 6: Rysiff ($145 in chips) 
Pippa83: posts small blind $0.50
Slami4: is sitting out 
Rysiff: posts big blind $1
GuigaMan: sits out 
*** HOLE CARDS ***
MrAdris9: folds 
Pippa83: folds 
Uncalled bet ($0.50) returned to Rysiff
Rysiff collected $1 from pot
Rysiff: doesn't show hand 
Slami4 leaves the table
Marineiro1988 leaves the table
*** SUMMARY ***
Total pot $1 | Rake $0 
Seat 1: GuigaMan
Seat 2: Marineiro1988
Seat 5: Slami4
Seat 3: MrAdris9 (button) folded before Flop (didn't bet)
Seat 4: Pippa83 (small blind) folded before Flop
Seat 6: Rysiff (big blind) collected ($1)



PokerStars Hand #254467024111:  Hold'em No Limit ($0.50/$1.00 USD) - 2025/01/20 12:49:09 WET [2025/01/20 7:49:09 ET]
Table 'Katanga III' 6-max Seat #4 is the button
Seat 1: GuigaMan ($100 in chips) 
Seat 3: MrAdris9 ($214.07 in chips) 
Seat 4: Pippa83 ($100 in chips) 
Seat 6: Rysiff ($145.50 in chips) 
Rysiff: posts small blind $0.50
GuigaMan: posts big blind $1
*** HOLE CARDS ***
MrAdris9: folds 
Pippa83: folds 
Rysiff: folds 
Uncalled bet ($0.50) returned to GuigaMan
GuigaMan collected $1 from pot
*** SUMMARY ***
Total pot $1 | Rake $0 
Seat 1: GuigaMan (big blind) collected ($1)
Seat 3: MrAdris9 folded before Flop (didn't bet)
Seat 4: Pippa83 (button) folded before Flop (didn't bet)
Seat 6: Rysiff (small blind) folded before Flop



PokerStars Hand #254467025276:  Hold'em No Limit ($0.50/$1.00 USD) - 2025/01/20 12:49:17 WET [2025/01/20 7:49:17 ET]
Table 'Katanga III' 6-max Seat #6 is the button
Seat 3: MrAdris9 ($214.07 in chips) is sitting out
Seat 1: GuigaMan ($100.50 in chips) 
Seat 4: Pippa83 ($100 in chips) 
Seat 6: Rysiff ($145 in chips) 
GuigaMan: posts small blind $0.50
MrAdris9: is sitting out 
Pippa83: posts big blind $1
*** HOLE CARDS ***
Rysiff: raises $1.50 to $2.50
GuigaMan: folds 
MrAdris9 leaves the table
Pippa83: folds 
Uncalled bet ($1.50) returned to Rysiff
Rysiff collected $2.50 from pot
Rysiff: doesn't show hand 
*** SUMMARY ***
Total pot $2.50 | Rake $0 
Seat 3: MrAdris9
Seat 1: GuigaMan (small blind) folded before Flop
Seat 4: Pippa83 (big blind) folded before Flop
Seat 6: Rysiff (button) collected ($2.50)



PokerStars Hand #254467026807:  Hold'em No Limit ($0.50/$1.00 USD) - 2025/01/20 12:49:27 WET [2025/01/20 7:49:27 ET]
Table 'Katanga III' 6-max Seat #4 is the button
Seat 6: Rysiff ($146.50 in chips) is sitting out
Seat 1: GuigaMan ($100 in chips) 
Seat 4: Pippa83 ($100 in chips) 
Pippa83: posts small blind $0.50
Rysiff: is sitting out 
GuigaMan: posts big blind $1
*** HOLE CARDS ***
Pippa83: folds 
Uncalled bet ($0.50) returned to GuigaMan
GuigaMan collected $1 from pot
Pippa83 leaves the table
*** SUMMARY ***
Total pot $1 | Rake $0 
Seat 6: Rysiff
Seat 1: GuigaMan (big blind) collected ($1)
Seat 4: Pippa83 (button) (small blind) folded before Flop



