PokerStars Hand #254470764416:  Hold'em No Limit ($0.50/$1.00 USD) - 2025/01/20 18:04:44 WET [2025/01/20 13:04:44 ET]
Table 'Fides IV' 6-max Seat #4 is the button
Seat 6: elcutez ($149.50 in chips) is sitting out
Seat 1: app1e_j@ck ($100 in chips) 
Seat 2: Eredar5 ($102.72 in chips) 
Seat 3: Supermegopro ($105.75 in chips) 
Seat 4: Espada Fish ($104.77 in chips) 
Seat 5: coeeeelho ($100 in chips) 
coeeeelho: posts small blind $0.50
app1e_j@ck: posts big blind $1
*** HOLE CARDS ***
Eredar5: folds 
Supermegopro: folds 
Espada Fish: raises $1.50 to $2.50
elcutez is disconnected 
coeeeelho: folds 
app1e_j@ck: folds 
Uncalled bet ($1.50) returned to Espada Fish
Espada Fish collected $2.50 from pot
Espada Fish: doesn't show hand 
*** SUMMARY ***
Total pot $2.50 | Rake $0 
Seat 6: elcutez
Seat 1: app1e_j@ck (big blind) folded before Flop
Seat 2: Eredar5 folded before Flop (didn't bet)
Seat 3: Supermegopro folded before Flop (didn't bet)
Seat 4: Espada Fish (button) collected ($2.50)
Seat 5: coeeeelho (small blind) folded before Flop



PokerStars Hand #254470772088:  Hold'em No Limit ($0.50/$1.00 USD) - 2025/01/20 18:05:13 WET [2025/01/20 13:05:13 ET]
Table 'Fides IV' 6-max Seat #1 is the button
Seat 2: Eredar5 ($102.72 in chips) is sitting out
Seat 3: Supermegopro ($105.75 in chips) is sitting out
Seat 4: Espada Fish ($106.27 in chips) is sitting out
Seat 6: elcutez ($149.50 in chips) is sitting out
Seat 1: app1e_j@ck ($100 in chips) 
Seat 5: coeeeelho ($100 in chips) 
app1e_j@ck: posts small blind $0.50
Eredar5: is sitting out 
Supermegopro: is sitting out 
Espada Fish: is sitting out 
coeeeelho: posts big blind $1
*** HOLE CARDS ***
Supermegopro leaves the table
app1e_j@ck: folds 
Uncalled bet ($0.50) returned to coeeeelho
coeeeelho collected $1 from pot
*** SUMMARY ***
Total pot $1 | Rake $0 
Seat 2: Eredar5
Seat 3: Supermegopro
Seat 4: Espada Fish
Seat 6: elcutez
Seat 1: app1e_j@ck (button) (small blind) folded before Flop
Seat 5: coeeeelho (big blind) collected ($1)



PokerStars Hand #254470612682:  Hold'em No Limit ($0.50/$1.00 USD) - 2025/01/20 17:53:22 WET [2025/01/20 12:53:22 ET]
Table 'Fides IV' 6-max Seat #1 is the button
Seat 4: KarP93 ($100 in chips) is sitting out
Seat 1: Pigumelis ($100 in chips) 
Seat 3: Supermegopro ($100 in chips) 
Pigumelis: posts small blind $0.50
Supermegopro: posts big blind $1
*** HOLE CARDS ***
Pigumelis: raises $1.50 to $2.50
Supermegopro: folds 
Uncalled bet ($1.50) returned to Pigumelis
Pigumelis collected $2 from pot
Pigumelis: doesn't show hand 
*** SUMMARY ***
Total pot $2 | Rake $0 
Seat 4: KarP93
Seat 1: Pigumelis (button) (small blind) collected ($2)
Seat 3: Supermegopro (big blind) folded before Flop



PokerStars Hand #254470615674:  Hold'em No Limit ($0.50/$1.00 USD) - 2025/01/20 17:53:34 WET [2025/01/20 12:53:34 ET]
Table 'Fides IV' 6-max Seat #3 is the button
Seat 4: KarP93 ($100 in chips) is sitting out
Seat 1: Pigumelis ($101 in chips) 
Seat 3: Supermegopro ($100 in chips) 
Supermegopro: posts small blind $0.50
Pigumelis: posts big blind $1
*** HOLE CARDS ***
Supermegopro: raises $1.50 to $2.50
Pigumelis: folds 
Uncalled bet ($1.50) returned to Supermegopro
Supermegopro collected $2 from pot
Supermegopro: doesn't show hand 
*** SUMMARY ***
Total pot $2 | Rake $0 
Seat 4: KarP93
Seat 1: Pigumelis (big blind) folded before Flop
Seat 3: Supermegopro (button) (small blind) collected ($2)



PokerStars Hand #254470634947:  Hold'em No Limit ($0.50/$1.00 USD) - 2025/01/20 17:54:51 WET [2025/01/20 12:54:51 ET]
Table 'Fides IV' 6-max Seat #5 is the button
Seat 1: Pigumelis ($100 in chips) is sitting out
Seat 4: KarP93 ($100 in chips) is sitting out
Seat 3: Supermegopro ($101 in chips) 
Seat 5: worker0k ($100 in chips) 
Seat 6: nastja336 ($100 in chips) 
nastja336: posts small blind $0.50
Supermegopro: posts big blind $1
*** HOLE CARDS ***
worker0k: folds 
nastja336: raises $2 to $3
Supermegopro: folds 
Uncalled bet ($2) returned to nastja336
nastja336 collected $2 from pot
nastja336: doesn't show hand 
*** SUMMARY ***
Total pot $2 | Rake $0 
Seat 1: Pigumelis
Seat 4: KarP93
Seat 3: Supermegopro (big blind) folded before Flop
Seat 5: worker0k (button) folded before Flop (didn't bet)
Seat 6: nastja336 (small blind) collected ($2)



PokerStars Hand #254470637945:  Hold'em No Limit ($0.50/$1.00 USD) - 2025/01/20 17:55:03 WET [2025/01/20 12:55:03 ET]
Table 'Fides IV' 6-max Seat #6 is the button
Seat 1: Pigumelis ($100 in chips) is sitting out
Seat 4: KarP93 ($100 in chips) is sitting out
Seat 3: Supermegopro ($100 in chips) 
Seat 5: worker0k ($100 in chips) 
Seat 6: nastja336 ($101 in chips) 
Supermegopro: posts small blind $0.50
worker0k: posts big blind $1
*** HOLE CARDS ***
nastja336: raises $1.50 to $2.50
Supermegopro: folds 
worker0k: folds 
Uncalled bet ($1.50) returned to nastja336
nastja336 collected $2.50 from pot
nastja336: doesn't show hand 
*** SUMMARY ***
Total pot $2.50 | Rake $0 
Seat 1: Pigumelis
Seat 4: KarP93
Seat 3: Supermegopro (small blind) folded before Flop
Seat 5: worker0k (big blind) folded before Flop
Seat 6: nastja336 (button) collected ($2.50)



PokerStars Hand #254470639404:  Hold'em No Limit ($0.50/$1.00 USD) - 2025/01/20 17:55:10 WET [2025/01/20 12:55:10 ET]
Table 'Fides IV' 6-max Seat #3 is the button
Seat 1: Pigumelis ($100 in chips) is sitting out
Seat 4: KarP93 ($100 in chips) is sitting out
Seat 3: Supermegopro ($100 in chips) 
Seat 5: worker0k ($100 in chips) 
Seat 6: nastja336 ($102.50 in chips) 
worker0k: posts small blind $0.50
nastja336: posts big blind $1
*** HOLE CARDS ***
Supermegopro: raises $1.50 to $2.50
worker0k: raises $9.50 to $12
nastja336: folds 
Supermegopro: folds 
Uncalled bet ($9.50) returned to worker0k
worker0k collected $6 from pot
*** SUMMARY ***
Total pot $6 | Rake $0 
Seat 1: Pigumelis
Seat 4: KarP93
Seat 3: Supermegopro (button) folded before Flop
Seat 5: worker0k (small blind) collected ($6)
Seat 6: nastja336 (big blind) folded before Flop



PokerStars Hand #254470642813:  Hold'em No Limit ($0.50/$1.00 USD) - 2025/01/20 17:55:28 WET [2025/01/20 12:55:28 ET]
Table 'Fides IV' 6-max Seat #6 is the button
Seat 4: KarP93 ($100 in chips) is sitting out
Seat 5: worker0k ($103.50 in chips) is sitting out
Seat 3: Supermegopro ($100 in chips) 
Seat 6: nastja336 ($101.50 in chips) 
nastja336: posts small blind $0.50
Pigumelis leaves the table
Supermegopro: posts big blind $1
*** HOLE CARDS ***
worker0k leaves the table
nastja336: folds 
Uncalled bet ($0.50) returned to Supermegopro
Supermegopro collected $1 from pot
Supermegopro: doesn't show hand 
*** SUMMARY ***
Total pot $1 | Rake $0 
Seat 4: KarP93
Seat 5: worker0k
Seat 3: Supermegopro (big blind) collected ($1)
Seat 6: nastja336 (button) (small blind) folded before Flop



PokerStars Hand #254470710366:  Hold'em No Limit ($0.50/$1.00 USD) - 2025/01/20 18:01:10 WET [2025/01/20 13:01:10 ET]
Table 'Fides IV' 6-max Seat #1 is the button
Seat 1: app1e_j@ck ($100 in chips) 
Seat 3: Supermegopro ($100.50 in chips) 
Seat 6: elcutez ($100 in chips) 
Supermegopro: posts small blind $0.50
elcutez: posts big blind $1
*** HOLE CARDS ***
Espada Fish joins the table at seat #4 
Eredar5 joins the table at seat #2 
app1e_j@ck: folds 
Supermegopro: raises $2 to $3
elcutez: raises $6 to $9
coeeeelho joins the table at seat #5 
Supermegopro: calls $6
*** FLOP *** [2s Qc 7s]
Supermegopro: checks 
elcutez: bets $15
Supermegopro: calls $15
*** TURN *** [2s Qc 7s] [8s]
Supermegopro: checks 
elcutez: checks 
*** RIVER *** [2s Qc 7s 8s] [4h]
Supermegopro: bets $1
elcutez: raises $34 to $35
Supermegopro: calls $34
*** SHOW DOWN ***
elcutez: shows [As Qs] (a flush, Ace high)
Supermegopro: mucks hand 
elcutez collected $117 from pot
*** SUMMARY ***
Total pot $118 | Rake $1 
Board [2s Qc 7s 8s 4h]
Seat 1: app1e_j@ck (button) folded before Flop (didn't bet)
Seat 3: Supermegopro (small blind) mucked
Seat 6: elcutez (big blind) showed [As Qs] and won ($117) with a flush, Ace high



PokerStars Hand #254470722802:  Hold'em No Limit ($0.50/$1.00 USD) - 2025/01/20 18:02:01 WET [2025/01/20 13:02:01 ET]
Table 'Fides IV' 6-max Seat #3 is the button
Seat 2: Eredar5 ($100 in chips) is sitting out
Seat 4: Espada Fish ($100 in chips) is sitting out
Seat 5: coeeeelho ($100 in chips) is sitting out
Seat 1: app1e_j@ck ($100 in chips) 
Seat 3: Supermegopro ($100 in chips) 
Seat 6: elcutez ($158 in chips) 
elcutez: posts small blind $0.50
app1e_j@ck: posts big blind $1
Eredar5: sits out 
*** HOLE CARDS ***
Supermegopro: raises $1.50 to $2.50
elcutez: raises $6 to $8.50
app1e_j@ck: folds 
Supermegopro: calls $6
*** FLOP *** [Th 4d Ts]
elcutez: checks 
Supermegopro: bets $11.40
elcutez: folds 
Uncalled bet ($11.40) returned to Supermegopro
Supermegopro collected $17.10 from pot
Supermegopro: doesn't show hand 
*** SUMMARY ***
Total pot $18 | Rake $0.90 
Board [Th 4d Ts]
Seat 2: Eredar5
Seat 4: Espada Fish
Seat 5: coeeeelho
Seat 1: app1e_j@ck (big blind) folded before Flop
Seat 3: Supermegopro (button) collected ($17.10)
Seat 6: elcutez (small blind) folded on the Flop



PokerStars Hand #254470731430:  Hold'em No Limit ($0.50/$1.00 USD) - 2025/01/20 18:02:35 WET [2025/01/20 13:02:35 ET]
Table 'Fides IV' 6-max Seat #6 is the button
Seat 4: Espada Fish ($100 in chips) is sitting out
Seat 5: coeeeelho ($100 in chips) is sitting out
Seat 1: app1e_j@ck ($100 in chips) 
Seat 2: Eredar5 ($100 in chips) 
Seat 3: Supermegopro ($108.60 in chips) 
Seat 6: elcutez ($149.50 in chips) 
app1e_j@ck: posts small blind $0.50
Eredar5: posts big blind $1
Espada Fish: sits out 
coeeeelho: sits out 
*** HOLE CARDS ***
Supermegopro: folds 
elcutez: folds 
app1e_j@ck: folds 
Uncalled bet ($0.50) returned to Eredar5
Eredar5 collected $1 from pot
Eredar5: doesn't show hand 
*** SUMMARY ***
Total pot $1 | Rake $0 
Seat 4: Espada Fish
Seat 5: coeeeelho
Seat 1: app1e_j@ck (small blind) folded before Flop
Seat 2: Eredar5 (big blind) collected ($1)
Seat 3: Supermegopro folded before Flop (didn't bet)
Seat 6: elcutez (button) folded before Flop (didn't bet)



PokerStars Hand #254470733488:  Hold'em No Limit ($0.50/$1.00 USD) - 2025/01/20 18:02:43 WET [2025/01/20 13:02:43 ET]
Table 'Fides IV' 6-max Seat #1 is the button
Seat 4: Espada Fish ($100 in chips) is sitting out
Seat 5: coeeeelho ($100 in chips) is sitting out
Seat 1: app1e_j@ck ($100 in chips) 
Seat 2: Eredar5 ($100.50 in chips) 
Seat 3: Supermegopro ($108.60 in chips) 
Seat 6: elcutez ($149.50 in chips) 
Eredar5: posts small blind $0.50
Supermegopro: posts big blind $1
Espada Fish: sits out 
coeeeelho: sits out 
*** HOLE CARDS ***
elcutez: folds 
app1e_j@ck: raises $1.50 to $2.50
Eredar5: folds 
Supermegopro: raises $9.50 to $12
app1e_j@ck: folds 
Uncalled bet ($9.50) returned to Supermegopro
Supermegopro collected $5.50 from pot
Supermegopro: doesn't show hand 
*** SUMMARY ***
Total pot $5.50 | Rake $0 
Seat 4: Espada Fish
Seat 5: coeeeelho
Seat 1: app1e_j@ck (button) folded before Flop
Seat 2: Eredar5 (small blind) folded before Flop
Seat 3: Supermegopro (big blind) collected ($5.50)
Seat 6: elcutez folded before Flop (didn't bet)



PokerStars Hand #254470737949:  Hold'em No Limit ($0.50/$1.00 USD) - 2025/01/20 18:03:01 WET [2025/01/20 13:03:01 ET]
Table 'Fides IV' 6-max Seat #2 is the button
Seat 5: coeeeelho ($100 in chips) is sitting out
Seat 1: app1e_j@ck ($100 in chips) 
Seat 2: Eredar5 ($100 in chips) 
Seat 3: Supermegopro ($111.60 in chips) 
Seat 4: Espada Fish ($100 in chips) 
Seat 6: elcutez ($149.50 in chips) 
Supermegopro: posts small blind $0.50
Espada Fish: posts big blind $1
coeeeelho: sits out 
*** HOLE CARDS ***
elcutez: folds 
app1e_j@ck: folds 
Eredar5: folds 
Supermegopro: raises $2 to $3
Espada Fish: calls $2
*** FLOP *** [3s 5c Js]
Supermegopro: checks 
Espada Fish: checks 
*** TURN *** [3s 5c Js] [7h]
Supermegopro: checks 
Espada Fish: checks 
*** RIVER *** [3s 5c Js 7h] [3h]
Supermegopro: bets $2.85
Espada Fish: calls $2.85
*** SHOW DOWN ***
Supermegopro: shows [9d Ks] (a pair of Threes)
Espada Fish: shows [2s 2d] (two pair, Threes and Deuces)
Espada Fish collected $11.12 from pot
*** SUMMARY ***
Total pot $11.70 | Rake $0.58 
Board [3s 5c Js 7h 3h]
Seat 5: coeeeelho
Seat 1: app1e_j@ck folded before Flop (didn't bet)
Seat 2: Eredar5 (button) folded before Flop (didn't bet)
Seat 3: Supermegopro (small blind) showed [9d Ks] and lost with a pair of Threes
Seat 4: Espada Fish (big blind) showed [2s 2d] and won ($11.12) with two pair, Threes and Deuces
Seat 6: elcutez folded before Flop (didn't bet)



PokerStars Hand #254470754804:  Hold'em No Limit ($0.50/$1.00 USD) - 2025/01/20 18:04:07 WET [2025/01/20 13:04:07 ET]
Table 'Fides IV' 6-max Seat #3 is the button
Seat 1: app1e_j@ck ($100 in chips) 
Seat 2: Eredar5 ($100 in chips) 
Seat 3: Supermegopro ($105.75 in chips) 
Seat 4: Espada Fish ($105.27 in chips) 
Seat 5: coeeeelho ($100 in chips) 
Seat 6: elcutez ($149.50 in chips) 
Espada Fish: posts small blind $0.50
coeeeelho: posts big blind $1
*** HOLE CARDS ***
elcutez: folds 
app1e_j@ck: folds 
Eredar5: raises $1.50 to $2.50
Supermegopro: folds 
Espada Fish: folds 
coeeeelho: calls $1.50
*** FLOP *** [Qh 6h Td]
coeeeelho: checks 
Eredar5: bets $3.50
coeeeelho: folds 
Uncalled bet ($3.50) returned to Eredar5
Eredar5 collected $5.22 from pot
Eredar5: doesn't show hand 
*** SUMMARY ***
Total pot $5.50 | Rake $0.28 
Board [Qh 6h Td]
Seat 1: app1e_j@ck folded before Flop (didn't bet)
Seat 2: Eredar5 collected ($5.22)
Seat 3: Supermegopro (button) folded before Flop (didn't bet)
Seat 4: Espada Fish (small blind) folded before Flop
Seat 5: coeeeelho (big blind) folded on the Flop
Seat 6: elcutez folded before Flop (didn't bet)



