PokerStars Hand #254474046240:  Hold'em No Limit ($0.50/$1.00 USD) - 2025/01/20 21:11:05 WET [2025/01/20 16:11:05 ET]
Table 'Scabiosa IV' 6-max Seat #6 is the button
Seat 1: Supermegopro ($102.46 in chips) 
Seat 2: gee4real ($98.98 in chips) 
Seat 3: Poker9803 ($100 in chips) 
Seat 4: Espada Fish ($100 in chips) 
Seat 5: easy_sarcasm ($100 in chips) 
Seat 6: mariofcd ($100 in chips) 
Supermegopro: posts small blind $0.50
gee4real: posts big blind $1
*** HOLE CARDS ***
Poker9803: folds 
Espada Fish: folds 
easy_sarcasm: raises $2 to $3
mariofcd: raises $4 to $7
Supermegopro: folds 
gee4real: folds 
easy_sarcasm: folds 
Uncalled bet ($4) returned to mariofcd
mariofcd collected $7.50 from pot
mariofcd: doesn't show hand 
*** SUMMARY ***
Total pot $7.50 | Rake $0 
Seat 1: Supermegopro (small blind) folded before Flop
Seat 2: gee4real (big blind) folded before Flop
Seat 3: Poker9803 folded before Flop (didn't bet)
Seat 4: Espada Fish folded before Flop (didn't bet)
Seat 5: easy_sarcasm folded before Flop
Seat 6: mariofcd (button) collected ($7.50)



PokerStars Hand #254474058272:  Hold'em No Limit ($0.50/$1.00 USD) - 2025/01/20 21:11:41 WET [2025/01/20 16:11:41 ET]
Table 'Scabiosa IV' 6-max Seat #1 is the button
Seat 1: Supermegopro ($101.96 in chips) 
Seat 2: gee4real ($97.98 in chips) 
Seat 3: Poker9803 ($100 in chips) 
Seat 4: Espada Fish ($100 in chips) 
Seat 5: easy_sarcasm ($100 in chips) 
Seat 6: mariofcd ($104.50 in chips) 
gee4real: posts small blind $0.50
Poker9803: posts big blind $1
*** HOLE CARDS ***
Espada Fish: folds 
easy_sarcasm: raises $2 to $3
mariofcd: folds 
Supermegopro: folds 
gee4real: folds 
Poker9803: calls $2
*** FLOP *** [Ah 5h Tc]
Poker9803: checks 
easy_sarcasm: bets $3.09
Poker9803: folds 
Uncalled bet ($3.09) returned to easy_sarcasm
easy_sarcasm collected $6.18 from pot
*** SUMMARY ***
Total pot $6.50 | Rake $0.32 
Board [Ah 5h Tc]
Seat 1: Supermegopro (button) folded before Flop (didn't bet)
Seat 2: gee4real (small blind) folded before Flop
Seat 3: Poker9803 (big blind) folded on the Flop
Seat 4: Espada Fish folded before Flop (didn't bet)
Seat 5: easy_sarcasm collected ($6.18)
Seat 6: mariofcd folded before Flop (didn't bet)



PokerStars Hand #254474065174:  Hold'em No Limit ($0.50/$1.00 USD) - 2025/01/20 21:12:02 WET [2025/01/20 16:12:02 ET]
Table 'Scabiosa IV' 6-max Seat #2 is the button
Seat 1: Supermegopro ($101.96 in chips) 
Seat 2: gee4real ($97.48 in chips) 
Seat 3: Poker9803 ($100 in chips) 
Seat 4: Espada Fish ($100 in chips) 
Seat 5: easy_sarcasm ($103.18 in chips) 
Seat 6: mariofcd ($104.50 in chips) 
Poker9803: posts small blind $0.50
Espada Fish: posts big blind $1
*** HOLE CARDS ***
easy_sarcasm: folds 
mariofcd: folds 
Supermegopro: raises $1.50 to $2.50
gee4real: folds 
Poker9803: folds 
Espada Fish: folds 
Uncalled bet ($1.50) returned to Supermegopro
Supermegopro collected $2.50 from pot
Supermegopro: doesn't show hand 
*** SUMMARY ***
Total pot $2.50 | Rake $0 
Seat 1: Supermegopro collected ($2.50)
Seat 2: gee4real (button) folded before Flop (didn't bet)
Seat 3: Poker9803 (small blind) folded before Flop
Seat 4: Espada Fish (big blind) folded before Flop
Seat 5: easy_sarcasm folded before Flop (didn't bet)
Seat 6: mariofcd folded before Flop (didn't bet)



PokerStars Hand #254474070302:  Hold'em No Limit ($0.50/$1.00 USD) - 2025/01/20 21:12:17 WET [2025/01/20 16:12:17 ET]
Table 'Scabiosa IV' 6-max Seat #3 is the button
Seat 1: Supermegopro ($103.46 in chips) 
Seat 2: gee4real ($97.48 in chips) 
Seat 3: Poker9803 ($100 in chips) 
Seat 4: Espada Fish ($100 in chips) 
Seat 5: easy_sarcasm ($103.18 in chips) 
Seat 6: mariofcd ($104.50 in chips) 
Espada Fish: posts small blind $0.50
easy_sarcasm: posts big blind $1
*** HOLE CARDS ***
mariofcd: folds 
Supermegopro: folds 
gee4real: folds 
Poker9803: raises $1.50 to $2.50
Espada Fish: folds 
easy_sarcasm: folds 
Uncalled bet ($1.50) returned to Poker9803
Poker9803 collected $2.50 from pot
Poker9803: doesn't show hand 
*** SUMMARY ***
Total pot $2.50 | Rake $0 
Seat 1: Supermegopro folded before Flop (didn't bet)
Seat 2: gee4real folded before Flop (didn't bet)
Seat 3: Poker9803 (button) collected ($2.50)
Seat 4: Espada Fish (small blind) folded before Flop
Seat 5: easy_sarcasm (big blind) folded before Flop
Seat 6: mariofcd folded before Flop (didn't bet)



PokerStars Hand #254474077822:  Hold'em No Limit ($0.50/$1.00 USD) - 2025/01/20 21:12:40 WET [2025/01/20 16:12:40 ET]
Table 'Scabiosa IV' 6-max Seat #4 is the button
Seat 6: mariofcd ($104.50 in chips) is sitting out
Seat 1: Supermegopro ($103.46 in chips) 
Seat 2: gee4real ($97.48 in chips) 
Seat 3: Poker9803 ($101.50 in chips) 
Seat 4: Espada Fish ($100 in chips) 
Seat 5: easy_sarcasm ($102.18 in chips) 
easy_sarcasm: posts small blind $0.50
mariofcd: is sitting out 
Supermegopro: posts big blind $1
*** HOLE CARDS ***
mariofcd leaves the table
gee4real: raises $1.50 to $2.50
Poker9803: folds 
Espada Fish: folds 
easy_sarcasm: raises $8.50 to $11
Supermegopro: folds 
gee4real: calls $8.50
*** FLOP *** [9h 8s Ks]
easy_sarcasm: checks 
gee4real: checks 
*** TURN *** [9h 8s Ks] [Qc]
Cositorto joins the table at seat #6 
easy_sarcasm: bets $11.14
gee4real: raises $11.14 to $22.28
easy_sarcasm: calls $11.14
*** RIVER *** [9h 8s Ks Qc] [9c]
easy_sarcasm: checks 
gee4real: bets $64.20 and is all-in
easy_sarcasm: folds 
Uncalled bet ($64.20) returned to gee4real
gee4real collected $65.06 from pot
*** SUMMARY ***
Total pot $67.56 | Rake $2.50 
Board [9h 8s Ks Qc 9c]
Seat 6: mariofcd
Seat 1: Supermegopro (big blind) folded before Flop
Seat 2: gee4real collected ($65.06)
Seat 3: Poker9803 folded before Flop (didn't bet)
Seat 4: Espada Fish (button) folded before Flop (didn't bet)
Seat 5: easy_sarcasm (small blind) folded on the River



PokerStars Hand #254474100406:  Hold'em No Limit ($0.50/$1.00 USD) - 2025/01/20 21:13:48 WET [2025/01/20 16:13:48 ET]
Table 'Scabiosa IV' 6-max Seat #5 is the button
Seat 6: Cositorto ($100 in chips) is sitting out
Seat 1: Supermegopro ($102.46 in chips) 
Seat 2: gee4real ($129.26 in chips) 
Seat 3: Poker9803 ($101.50 in chips) 
Seat 4: Espada Fish ($100 in chips) 
Seat 5: easy_sarcasm ($100 in chips) 
Supermegopro: posts small blind $0.50
gee4real: posts big blind $1
*** HOLE CARDS ***
Poker9803: folds 
Poker9803 leaves the table
Espada Fish: raises $1.20 to $2.20
easy_sarcasm: folds 
Supermegopro: folds 
gee4real: folds 
Uncalled bet ($1.20) returned to Espada Fish
Espada Fish collected $2.50 from pot
Espada Fish: doesn't show hand 
*** SUMMARY ***
Total pot $2.50 | Rake $0 
Seat 6: Cositorto
Seat 1: Supermegopro (small blind) folded before Flop
Seat 2: gee4real (big blind) folded before Flop
Seat 3: Poker9803 folded before Flop (didn't bet)
Seat 4: Espada Fish collected ($2.50)
Seat 5: easy_sarcasm (button) folded before Flop (didn't bet)



PokerStars Hand #254474108015:  Hold'em No Limit ($0.50/$1.00 USD) - 2025/01/20 21:14:11 WET [2025/01/20 16:14:11 ET]
Table 'Scabiosa IV' 6-max Seat #1 is the button
Seat 4: Espada Fish ($101.50 in chips) is sitting out
Seat 5: easy_sarcasm ($100 in chips) is sitting out
Seat 1: Supermegopro ($101.96 in chips) 
Seat 2: gee4real ($128.26 in chips) 
Seat 6: Cositorto ($100 in chips) 
gee4real: posts small blind $0.50
Espada Fish: is sitting out 
easy_sarcasm: is sitting out 
Cositorto: posts big blind $1
*** HOLE CARDS ***
easy_sarcasm leaves the table
Supermegopro: raises $1.50 to $2.50
gee4real: folds 
Cositorto: calls $1.50
*** FLOP *** [2c As 7d]
Cositorto: checks 
michasia joins the table at seat #3 
Supermegopro: bets $1.72
Cositorto: folds 
Uncalled bet ($1.72) returned to Supermegopro
Supermegopro collected $5.22 from pot
Supermegopro: doesn't show hand 
*** SUMMARY ***
Total pot $5.50 | Rake $0.28 
Board [2c As 7d]
Seat 4: Espada Fish
Seat 5: easy_sarcasm
Seat 1: Supermegopro (button) collected ($5.22)
Seat 2: gee4real (small blind) folded before Flop
Seat 6: Cositorto (big blind) folded on the Flop



PokerStars Hand #254474114752:  Hold'em No Limit ($0.50/$1.00 USD) - 2025/01/20 21:14:31 WET [2025/01/20 16:14:31 ET]
Table 'Scabiosa IV' 6-max Seat #2 is the button
Seat 3: michasia ($100 in chips) is sitting out
Seat 1: Supermegopro ($104.68 in chips) 
Seat 2: gee4real ($127.76 in chips) 
Seat 6: Cositorto ($100 in chips) 
Espada Fish leaves the table
Cositorto: posts small blind $0.50
Supermegopro: posts big blind $1
*** HOLE CARDS ***
gee4real: raises $1.50 to $2.50
Cositorto: folds 
Supermegopro: calls $1.50
*** FLOP *** [3c 7s Ac]
Supermegopro: checks 
gee4real: bets $3.61
CichiChanMarian joins the table at seat #5 
Supermegopro: folds 
Uncalled bet ($3.61) returned to gee4real
gee4real collected $5.22 from pot
*** SUMMARY ***
Total pot $5.50 | Rake $0.28 
Board [3c 7s Ac]
Seat 3: michasia
Seat 1: Supermegopro (big blind) folded on the Flop
Seat 2: gee4real (button) collected ($5.22)
Seat 6: Cositorto (small blind) folded before Flop



PokerStars Hand #254474123434:  Hold'em No Limit ($0.50/$1.00 USD) - 2025/01/20 21:14:56 WET [2025/01/20 16:14:56 ET]
Table 'Scabiosa IV' 6-max Seat #6 is the button
Seat 3: michasia ($100 in chips) is sitting out
Seat 5: CichiChanMarian ($100 in chips) is sitting out
Seat 1: Supermegopro ($102.18 in chips) 
Seat 2: gee4real ($130.48 in chips) 
Seat 6: Cositorto ($100 in chips) 
Supermegopro: posts small blind $0.50
gee4real: posts big blind $1
michasia: sits out 
CichiChanMarian: sits out 
*** HOLE CARDS ***
Cositorto: raises $1.50 to $2.50
Supermegopro: folds 
gee4real: folds 
Uncalled bet ($1.50) returned to Cositorto
Cositorto collected $2.50 from pot
Cositorto: doesn't show hand 
*** SUMMARY ***
Total pot $2.50 | Rake $0 
Seat 3: michasia
Seat 5: CichiChanMarian
Seat 1: Supermegopro (small blind) folded before Flop
Seat 2: gee4real (big blind) folded before Flop
Seat 6: Cositorto (button) collected ($2.50)



PokerStars Hand #254474126985:  Hold'em No Limit ($0.50/$1.00 USD) - 2025/01/20 21:15:07 WET [2025/01/20 16:15:07 ET]
Table 'Scabiosa IV' 6-max Seat #1 is the button
Seat 5: CichiChanMarian ($100 in chips) is sitting out
Seat 1: Supermegopro ($101.68 in chips) 
Seat 2: gee4real ($129.48 in chips) 
Seat 3: michasia ($100 in chips) 
Seat 6: Cositorto ($101.50 in chips) 
gee4real: posts small blind $0.50
michasia: posts big blind $1
CichiChanMarian: sits out 
*** HOLE CARDS ***
Cositorto: folds 
Supermegopro: raises $1.50 to $2.50
gee4real: folds 
michasia: folds 
Uncalled bet ($1.50) returned to Supermegopro
Supermegopro collected $2.50 from pot
Supermegopro: doesn't show hand 
*** SUMMARY ***
Total pot $2.50 | Rake $0 
Seat 5: CichiChanMarian
Seat 1: Supermegopro (button) collected ($2.50)
Seat 2: gee4real (small blind) folded before Flop
Seat 3: michasia (big blind) folded before Flop
Seat 6: Cositorto folded before Flop (didn't bet)



PokerStars Hand #254474135092:  Hold'em No Limit ($0.50/$1.00 USD) - 2025/01/20 21:15:31 WET [2025/01/20 16:15:31 ET]
Table 'Scabiosa IV' 6-max Seat #2 is the button
Seat 1: Supermegopro ($103.18 in chips) 
Seat 2: gee4real ($128.98 in chips) 
Seat 3: michasia ($100 in chips) 
Seat 5: CichiChanMarian ($100 in chips) 
Seat 6: Cositorto ($101.50 in chips) 
michasia: posts small blind $0.50
CichiChanMarian: posts big blind $1
*** HOLE CARDS ***
Cositorto: folds 
Supermegopro: folds 
gee4real: folds 
michasia: folds 
Uncalled bet ($0.50) returned to CichiChanMarian
CichiChanMarian collected $1 from pot
CichiChanMarian: doesn't show hand 
*** SUMMARY ***
Total pot $1 | Rake $0 
Seat 1: Supermegopro folded before Flop (didn't bet)
Seat 2: gee4real (button) folded before Flop (didn't bet)
Seat 3: michasia (small blind) folded before Flop
Seat 5: CichiChanMarian (big blind) collected ($1)
Seat 6: Cositorto folded before Flop (didn't bet)



PokerStars Hand #254474142894:  Hold'em No Limit ($0.50/$1.00 USD) - 2025/01/20 21:15:55 WET [2025/01/20 16:15:55 ET]
Table 'Scabiosa IV' 6-max Seat #3 is the button
Seat 1: Supermegopro ($103.18 in chips) 
Seat 2: gee4real ($128.98 in chips) 
Seat 3: michasia ($100 in chips) 
Seat 5: CichiChanMarian ($100.50 in chips) 
Seat 6: Cositorto ($101.50 in chips) 
CichiChanMarian: posts small blind $0.50
Cositorto: posts big blind $1
*** HOLE CARDS ***
Supermegopro: raises $1.50 to $2.50
gee4real: folds 
michasia: folds 
CichiChanMarian: folds 
RBJ_RBJ joins the table at seat #4 
Cositorto: folds 
Uncalled bet ($1.50) returned to Supermegopro
Supermegopro collected $2.50 from pot
Supermegopro: doesn't show hand 
*** SUMMARY ***
Total pot $2.50 | Rake $0 
Seat 1: Supermegopro collected ($2.50)
Seat 2: gee4real folded before Flop (didn't bet)
Seat 3: michasia (button) folded before Flop (didn't bet)
Seat 5: CichiChanMarian (small blind) folded before Flop
Seat 6: Cositorto (big blind) folded before Flop



PokerStars Hand #254474149542:  Hold'em No Limit ($0.50/$1.00 USD) - 2025/01/20 21:16:15 WET [2025/01/20 16:16:15 ET]
Table 'Scabiosa IV' 6-max Seat #5 is the button
Seat 4: RBJ_RBJ ($80 in chips) is sitting out
Seat 1: Supermegopro ($104.68 in chips) 
Seat 2: gee4real ($128.98 in chips) 
Seat 3: michasia ($100 in chips) 
Seat 5: CichiChanMarian ($100 in chips) 
Seat 6: Cositorto ($100.50 in chips) 
Cositorto: posts small blind $0.50
Supermegopro: posts big blind $1
RBJ_RBJ: sits out 
*** HOLE CARDS ***
gee4real: folds 
michasia: folds 
CichiChanMarian: raises $1.50 to $2.50
Cositorto: raises $8.75 to $11.25
Supermegopro: folds 
CichiChanMarian: raises $13.50 to $24.75
Cositorto: calls $13.50
*** FLOP *** [Qs Ah 3d]
Cositorto: checks 
CichiChanMarian: bets $12
Cositorto: folds 
Uncalled bet ($12) returned to CichiChanMarian
CichiChanMarian collected $48 from pot
CichiChanMarian: doesn't show hand 
*** SUMMARY ***
Total pot $50.50 | Rake $2.50 
Board [Qs Ah 3d]
Seat 4: RBJ_RBJ
Seat 1: Supermegopro (big blind) folded before Flop
Seat 2: gee4real folded before Flop (didn't bet)
Seat 3: michasia folded before Flop (didn't bet)
Seat 5: CichiChanMarian (button) collected ($48)
Seat 6: Cositorto (small blind) folded on the Flop



PokerStars Hand #254474163412:  Hold'em No Limit ($0.50/$1.00 USD) - 2025/01/20 21:16:57 WET [2025/01/20 16:16:57 ET]
Table 'Scabiosa IV' 6-max Seat #6 is the button
Seat 4: RBJ_RBJ ($80 in chips) is sitting out
Seat 1: Supermegopro ($103.68 in chips) 
Seat 2: gee4real ($128.98 in chips) 
Seat 3: michasia ($100 in chips) 
Seat 5: CichiChanMarian ($123.25 in chips) 
Seat 6: Cositorto ($100 in chips) 
Supermegopro: posts small blind $0.50
gee4real: posts big blind $1
RBJ_RBJ: sits out 
*** HOLE CARDS ***
michasia: folds 
CichiChanMarian: folds 
Cositorto: raises $1.50 to $2.50
Supermegopro: folds 
gee4real: folds 
Uncalled bet ($1.50) returned to Cositorto
Cositorto collected $2.50 from pot
Cositorto: doesn't show hand 
*** SUMMARY ***
Total pot $2.50 | Rake $0 
Seat 4: RBJ_RBJ
Seat 1: Supermegopro (small blind) folded before Flop
Seat 2: gee4real (big blind) folded before Flop
Seat 3: michasia folded before Flop (didn't bet)
Seat 5: CichiChanMarian folded before Flop (didn't bet)
Seat 6: Cositorto (button) collected ($2.50)



PokerStars Hand #254474167897:  Hold'em No Limit ($0.50/$1.00 USD) - 2025/01/20 21:17:11 WET [2025/01/20 16:17:11 ET]
Table 'Scabiosa IV' 6-max Seat #1 is the button
Seat 4: RBJ_RBJ ($80 in chips) is sitting out
Seat 1: Supermegopro ($103.18 in chips) 
Seat 2: gee4real ($127.98 in chips) 
Seat 3: michasia ($100 in chips) 
Seat 5: CichiChanMarian ($123.25 in chips) 
Seat 6: Cositorto ($101.50 in chips) 
gee4real: posts small blind $0.50
michasia: posts big blind $1
RBJ_RBJ: sits out 
*** HOLE CARDS ***
CichiChanMarian: raises $1.50 to $2.50
Cositorto: folds 
Supermegopro: folds 
gee4real: calls $2
michasia: folds 
*** FLOP *** [Ac 2c 2h]
gee4real: checks 
CichiChanMarian: bets $1.88
gee4real: calls $1.88
*** TURN *** [Ac 2c 2h] [Qc]
gee4real: checks 
CichiChanMarian: checks 
*** RIVER *** [Ac 2c 2h Qc] [Kh]
gee4real: checks 
CichiChanMarian: checks 
*** SHOW DOWN ***
gee4real: shows [6c 6d] (two pair, Sixes and Deuces)
CichiChanMarian: shows [9h 9d] (two pair, Nines and Deuces)
CichiChanMarian collected $9.27 from pot
*** SUMMARY ***
Total pot $9.76 | Rake $0.49 
Board [Ac 2c 2h Qc Kh]
Seat 4: RBJ_RBJ
Seat 1: Supermegopro (button) folded before Flop (didn't bet)
Seat 2: gee4real (small blind) showed [6c 6d] and lost with two pair, Sixes and Deuces
Seat 3: michasia (big blind) folded before Flop
Seat 5: CichiChanMarian showed [9h 9d] and won ($9.27) with two pair, Nines and Deuces
Seat 6: Cositorto folded before Flop (didn't bet)



PokerStars Hand #254474182343:  Hold'em No Limit ($0.50/$1.00 USD) - 2025/01/20 21:17:54 WET [2025/01/20 16:17:54 ET]
Table 'Scabiosa IV' 6-max Seat #2 is the button
Seat 1: Supermegopro ($103.18 in chips) 
Seat 2: gee4real ($123.60 in chips) 
Seat 3: michasia ($100 in chips) 
Seat 4: RBJ_RBJ ($80 in chips) 
Seat 5: CichiChanMarian ($128.14 in chips) 
Seat 6: Cositorto ($101.50 in chips) 
michasia: posts small blind $0.50
RBJ_RBJ: posts big blind $1
*** HOLE CARDS ***
CichiChanMarian: folds 
Cositorto: folds 
Supermegopro: folds 
gee4real: folds 
michasia: folds 
Uncalled bet ($0.50) returned to RBJ_RBJ
RBJ_RBJ collected $1 from pot
RBJ_RBJ: doesn't show hand 
*** SUMMARY ***
Total pot $1 | Rake $0 
Seat 1: Supermegopro folded before Flop (didn't bet)
Seat 2: gee4real (button) folded before Flop (didn't bet)
Seat 3: michasia (small blind) folded before Flop
Seat 4: RBJ_RBJ (big blind) collected ($1)
Seat 5: CichiChanMarian folded before Flop (didn't bet)
Seat 6: Cositorto folded before Flop (didn't bet)



PokerStars Hand #254474187948:  Hold'em No Limit ($0.50/$1.00 USD) - 2025/01/20 21:18:11 WET [2025/01/20 16:18:11 ET]
Table 'Scabiosa IV' 6-max Seat #3 is the button
Seat 1: Supermegopro ($103.18 in chips) 
Seat 2: gee4real ($123.60 in chips) 
Seat 3: michasia ($100 in chips) 
Seat 4: RBJ_RBJ ($80.50 in chips) 
Seat 5: CichiChanMarian ($128.14 in chips) 
Seat 6: Cositorto ($101.50 in chips) 
RBJ_RBJ: posts small blind $0.50
CichiChanMarian: posts big blind $1
*** HOLE CARDS ***
Cositorto: folds 
Supermegopro: raises $1.50 to $2.50
gee4real: folds 
michasia: raises $5 to $7.50
RBJ_RBJ: folds 
CichiChanMarian: folds 
Supermegopro: calls $5
*** FLOP *** [2s 5d 7h]
Supermegopro: checks 
michasia: checks 
*** TURN *** [2s 5d 7h] [2h]
Supermegopro: bets $10.45
michasia: calls $10.45
*** RIVER *** [2s 5d 7h 2h] [4c]
Supermegopro: bets $8.88
michasia: folds 
Uncalled bet ($8.88) returned to Supermegopro
Supermegopro collected $35.53 from pot
Supermegopro: doesn't show hand 
*** SUMMARY ***
Total pot $37.40 | Rake $1.87 
Board [2s 5d 7h 2h 4c]
Seat 1: Supermegopro collected ($35.53)
Seat 2: gee4real folded before Flop (didn't bet)
Seat 3: michasia (button) folded on the River
Seat 4: RBJ_RBJ (small blind) folded before Flop
Seat 5: CichiChanMarian (big blind) folded before Flop
Seat 6: Cositorto folded before Flop (didn't bet)



PokerStars Hand #254474205947:  Hold'em No Limit ($0.50/$1.00 USD) - 2025/01/20 21:19:05 WET [2025/01/20 16:19:05 ET]
Table 'Scabiosa IV' 6-max Seat #4 is the button
Seat 1: Supermegopro ($120.76 in chips) 
Seat 2: gee4real ($123.60 in chips) 
Seat 3: michasia ($100 in chips) 
Seat 4: RBJ_RBJ ($80 in chips) 
Seat 5: CichiChanMarian ($127.14 in chips) 
Seat 6: Cositorto ($101.50 in chips) 
CichiChanMarian: posts small blind $0.50
Cositorto: posts big blind $1
*** HOLE CARDS ***
Supermegopro: folds 
gee4real: folds 
michasia: folds 
RBJ_RBJ: folds 
CichiChanMarian: raises $2 to $3
Cositorto: folds 
Uncalled bet ($2) returned to CichiChanMarian
CichiChanMarian collected $2 from pot
CichiChanMarian: doesn't show hand 
*** SUMMARY ***
Total pot $2 | Rake $0 
Seat 1: Supermegopro folded before Flop (didn't bet)
Seat 2: gee4real folded before Flop (didn't bet)
Seat 3: michasia folded before Flop (didn't bet)
Seat 4: RBJ_RBJ (button) folded before Flop (didn't bet)
Seat 5: CichiChanMarian (small blind) collected ($2)
Seat 6: Cositorto (big blind) folded before Flop



PokerStars Hand #254474214005:  Hold'em No Limit ($0.50/$1.00 USD) - 2025/01/20 21:19:29 WET [2025/01/20 16:19:29 ET]
Table 'Scabiosa IV' 6-max Seat #5 is the button
Seat 1: Supermegopro ($120.76 in chips) 
Seat 2: gee4real ($123.60 in chips) 
Seat 3: michasia ($100 in chips) 
Seat 4: RBJ_RBJ ($80 in chips) 
Seat 5: CichiChanMarian ($128.14 in chips) 
Seat 6: Cositorto ($100.50 in chips) 
Cositorto: posts small blind $0.50
Supermegopro: posts big blind $1
*** HOLE CARDS ***
gee4real: folds 
michasia: folds 
RBJ_RBJ: folds 
CichiChanMarian: folds 
Cositorto: folds 
Uncalled bet ($0.50) returned to Supermegopro
Supermegopro collected $1 from pot
Supermegopro: doesn't show hand 
*** SUMMARY ***
Total pot $1 | Rake $0 
Seat 1: Supermegopro (big blind) collected ($1)
Seat 2: gee4real folded before Flop (didn't bet)
Seat 3: michasia folded before Flop (didn't bet)
Seat 4: RBJ_RBJ folded before Flop (didn't bet)
Seat 5: CichiChanMarian (button) folded before Flop (didn't bet)
Seat 6: Cositorto (small blind) folded before Flop



PokerStars Hand #254474218691:  Hold'em No Limit ($0.50/$1.00 USD) - 2025/01/20 21:19:43 WET [2025/01/20 16:19:43 ET]
Table 'Scabiosa IV' 6-max Seat #6 is the button
Seat 1: Supermegopro ($121.26 in chips) 
Seat 2: gee4real ($123.60 in chips) 
Seat 3: michasia ($100 in chips) 
Seat 4: RBJ_RBJ ($80 in chips) 
Seat 5: CichiChanMarian ($128.14 in chips) 
Seat 6: Cositorto ($100 in chips) 
Supermegopro: posts small blind $0.50
gee4real: posts big blind $1
*** HOLE CARDS ***
michasia: raises $1.60 to $2.60
RBJ_RBJ: calls $2.60
CichiChanMarian: folds 
Cositorto: calls $2.60
Supermegopro: calls $2.10
gee4real: folds 
*** FLOP *** [9c 2s Th]
Supermegopro: checks 
michasia: checks 
RBJ_RBJ: bets $4
Cositorto: calls $4
Supermegopro: folds 
michasia: folds 
*** TURN *** [9c 2s Th] [Jh]
RBJ_RBJ: bets $10.77
Cositorto: calls $10.77
*** RIVER *** [9c 2s Th Jh] [9s]
RBJ_RBJ: bets $23.55
Cositorto: folds 
Uncalled bet ($23.55) returned to RBJ_RBJ
RBJ_RBJ collected $38.38 from pot
RBJ_RBJ: doesn't show hand 
*** SUMMARY ***
Total pot $40.94 | Rake $2.56 
Board [9c 2s Th Jh 9s]
Seat 1: Supermegopro (small blind) folded on the Flop
Seat 2: gee4real (big blind) folded before Flop
Seat 3: michasia folded on the Flop
Seat 4: RBJ_RBJ collected ($38.38)
Seat 5: CichiChanMarian folded before Flop (didn't bet)
Seat 6: Cositorto (button) folded on the River



PokerStars Hand #254474244878:  Hold'em No Limit ($0.50/$1.00 USD) - 2025/01/20 21:21:01 WET [2025/01/20 16:21:01 ET]
Table 'Scabiosa IV' 6-max Seat #1 is the button
Seat 1: Supermegopro ($118.66 in chips) 
Seat 2: gee4real ($122.60 in chips) 
Seat 3: michasia ($100 in chips) 
Seat 4: RBJ_RBJ ($101.01 in chips) 
Seat 5: CichiChanMarian ($128.14 in chips) 
Seat 6: Cositorto ($100 in chips) 
gee4real: posts small blind $0.50
michasia: posts big blind $1
*** HOLE CARDS ***
RBJ_RBJ: raises $1 to $2
CichiChanMarian: folds 
Cositorto: folds 
Supermegopro: folds 
gee4real: folds 
michasia: folds 
Uncalled bet ($1) returned to RBJ_RBJ
RBJ_RBJ collected $2.50 from pot
RBJ_RBJ: doesn't show hand 
*** SUMMARY ***
Total pot $2.50 | Rake $0 
Seat 1: Supermegopro (button) folded before Flop (didn't bet)
Seat 2: gee4real (small blind) folded before Flop
Seat 3: michasia (big blind) folded before Flop
Seat 4: RBJ_RBJ collected ($2.50)
Seat 5: CichiChanMarian folded before Flop (didn't bet)
Seat 6: Cositorto folded before Flop (didn't bet)



PokerStars Hand #254474250902:  Hold'em No Limit ($0.50/$1.00 USD) - 2025/01/20 21:21:19 WET [2025/01/20 16:21:19 ET]
Table 'Scabiosa IV' 6-max Seat #2 is the button
Seat 1: Supermegopro ($118.66 in chips) 
Seat 2: gee4real ($122.10 in chips) 
Seat 3: michasia ($100 in chips) 
Seat 4: RBJ_RBJ ($102.51 in chips) 
Seat 5: CichiChanMarian ($128.14 in chips) 
Seat 6: Cositorto ($100 in chips) 
michasia: posts small blind $0.50
RBJ_RBJ: posts big blind $1
*** HOLE CARDS ***
CichiChanMarian: folds 
Cositorto: raises $1 to $2
Supermegopro: raises $5.50 to $7.50
gee4real: folds 
michasia: folds 
RBJ_RBJ: folds 
Cositorto: folds 
Uncalled bet ($5.50) returned to Supermegopro
Supermegopro collected $5.50 from pot
Supermegopro: doesn't show hand 
*** SUMMARY ***
Total pot $5.50 | Rake $0 
Seat 1: Supermegopro collected ($5.50)
Seat 2: gee4real (button) folded before Flop (didn't bet)
Seat 3: michasia (small blind) folded before Flop
Seat 4: RBJ_RBJ (big blind) folded before Flop
Seat 5: CichiChanMarian folded before Flop (didn't bet)
Seat 6: Cositorto folded before Flop



PokerStars Hand #254474261845:  Hold'em No Limit ($0.50/$1.00 USD) - 2025/01/20 21:21:52 WET [2025/01/20 16:21:52 ET]
Table 'Scabiosa IV' 6-max Seat #3 is the button
Seat 1: Supermegopro ($122.16 in chips) 
Seat 2: gee4real ($122.10 in chips) 
Seat 3: michasia ($100 in chips) 
Seat 4: RBJ_RBJ ($101.51 in chips) 
Seat 5: CichiChanMarian ($128.14 in chips) 
Seat 6: Cositorto ($100 in chips) 
RBJ_RBJ: posts small blind $0.50
CichiChanMarian: posts big blind $1
*** HOLE CARDS ***
Cositorto: raises $1 to $2
Supermegopro: folds 
gee4real: folds 
michasia: folds 
RBJ_RBJ: folds 
CichiChanMarian: folds 
Uncalled bet ($1) returned to Cositorto
Cositorto collected $2.50 from pot
Cositorto: doesn't show hand 
*** SUMMARY ***
Total pot $2.50 | Rake $0 
Seat 1: Supermegopro folded before Flop (didn't bet)
Seat 2: gee4real folded before Flop (didn't bet)
Seat 3: michasia (button) folded before Flop (didn't bet)
Seat 4: RBJ_RBJ (small blind) folded before Flop
Seat 5: CichiChanMarian (big blind) folded before Flop
Seat 6: Cositorto collected ($2.50)



PokerStars Hand #254474269545:  Hold'em No Limit ($0.50/$1.00 USD) - 2025/01/20 21:22:15 WET [2025/01/20 16:22:15 ET]
Table 'Scabiosa IV' 6-max Seat #4 is the button
Seat 1: Supermegopro ($122.16 in chips) 
Seat 2: gee4real ($122.10 in chips) 
Seat 3: michasia ($100 in chips) 
Seat 4: RBJ_RBJ ($101.01 in chips) 
Seat 5: CichiChanMarian ($127.14 in chips) 
Seat 6: Cositorto ($101.50 in chips) 
CichiChanMarian: posts small blind $0.50
Cositorto: posts big blind $1
*** HOLE CARDS ***
Supermegopro: folds 
gee4real: folds 
michasia: folds 
RBJ_RBJ: folds 
CichiChanMarian: folds 
Uncalled bet ($0.50) returned to Cositorto
Cositorto collected $1 from pot
Cositorto: doesn't show hand 
*** SUMMARY ***
Total pot $1 | Rake $0 
Seat 1: Supermegopro folded before Flop (didn't bet)
Seat 2: gee4real folded before Flop (didn't bet)
Seat 3: michasia folded before Flop (didn't bet)
Seat 4: RBJ_RBJ (button) folded before Flop (didn't bet)
Seat 5: CichiChanMarian (small blind) folded before Flop
Seat 6: Cositorto (big blind) collected ($1)



PokerStars Hand #254474275793:  Hold'em No Limit ($0.50/$1.00 USD) - 2025/01/20 21:22:34 WET [2025/01/20 16:22:34 ET]
Table 'Scabiosa IV' 6-max Seat #5 is the button
Seat 1: Supermegopro ($122.16 in chips) 
Seat 2: gee4real ($122.10 in chips) 
Seat 3: michasia ($100 in chips) 
Seat 4: RBJ_RBJ ($101.01 in chips) 
Seat 5: CichiChanMarian ($126.64 in chips) 
Seat 6: Cositorto ($102 in chips) 
Cositorto: posts small blind $0.50
Supermegopro: posts big blind $1
*** HOLE CARDS ***
gee4real: folds 
michasia: folds 
RBJ_RBJ: raises $1 to $2
CichiChanMarian: folds 
Cositorto: folds 
Supermegopro: calls $1
*** FLOP *** [8s 5c 9c]
Supermegopro: checks 
RBJ_RBJ: checks 
*** TURN *** [8s 5c 9c] [6s]
Supermegopro: bets $2.85
RBJ_RBJ: folds 
Uncalled bet ($2.85) returned to Supermegopro
Supermegopro collected $4.28 from pot
Supermegopro: doesn't show hand 
*** SUMMARY ***
Total pot $4.50 | Rake $0.22 
Board [8s 5c 9c 6s]
Seat 1: Supermegopro (big blind) collected ($4.28)
Seat 2: gee4real folded before Flop (didn't bet)
Seat 3: michasia folded before Flop (didn't bet)
Seat 4: RBJ_RBJ folded on the Turn
Seat 5: CichiChanMarian (button) folded before Flop (didn't bet)
Seat 6: Cositorto (small blind) folded before Flop



PokerStars Hand #254474287236:  Hold'em No Limit ($0.50/$1.00 USD) - 2025/01/20 21:23:08 WET [2025/01/20 16:23:08 ET]
Table 'Scabiosa IV' 6-max Seat #6 is the button
Seat 1: Supermegopro ($124.44 in chips) 
Seat 2: gee4real ($122.10 in chips) 
Seat 3: michasia ($100 in chips) 
Seat 4: RBJ_RBJ ($99.01 in chips) 
Seat 5: CichiChanMarian ($126.64 in chips) 
Seat 6: Cositorto ($101.50 in chips) 
Supermegopro: posts small blind $0.50
gee4real: posts big blind $1
*** HOLE CARDS ***
michasia: raises $1.60 to $2.60
RBJ_RBJ: folds 
CichiChanMarian: folds 
Cositorto: folds 
Supermegopro: folds 
gee4real: calls $1.60
*** FLOP *** [7c 8c 6s]
gee4real: checks 
michasia: bets $1.79
gee4real: raises $8 to $9.79
michasia: folds 
Uncalled bet ($8) returned to gee4real
gee4real collected $8.82 from pot
*** SUMMARY ***
Total pot $9.28 | Rake $0.46 
Board [7c 8c 6s]
Seat 1: Supermegopro (small blind) folded before Flop
Seat 2: gee4real (big blind) collected ($8.82)
Seat 3: michasia folded on the Flop
Seat 4: RBJ_RBJ folded before Flop (didn't bet)
Seat 5: CichiChanMarian folded before Flop (didn't bet)
Seat 6: Cositorto (button) folded before Flop (didn't bet)



PokerStars Hand #254474302859:  Hold'em No Limit ($0.50/$1.00 USD) - 2025/01/20 21:23:54 WET [2025/01/20 16:23:54 ET]
Table 'Scabiosa IV' 6-max Seat #1 is the button
Seat 1: Supermegopro ($123.94 in chips) 
Seat 2: gee4real ($126.53 in chips) 
Seat 3: michasia ($100 in chips) 
Seat 4: RBJ_RBJ ($99.01 in chips) 
Seat 5: CichiChanMarian ($126.64 in chips) 
Seat 6: Cositorto ($101.50 in chips) 
gee4real: posts small blind $0.50
michasia: posts big blind $1
*** HOLE CARDS ***
RBJ_RBJ: folds 
CichiChanMarian: folds 
Cositorto: folds 
Supermegopro: raises $1.50 to $2.50
gee4real: folds 
michasia: calls $1.50
*** FLOP *** [2h 2s Ad]
michasia: checks 
Supermegopro: bets $2
michasia: folds 
Uncalled bet ($2) returned to Supermegopro
Supermegopro collected $5.22 from pot
Supermegopro: doesn't show hand 
*** SUMMARY ***
Total pot $5.50 | Rake $0.28 
Board [2h 2s Ad]
Seat 1: Supermegopro (button) collected ($5.22)
Seat 2: gee4real (small blind) folded before Flop
Seat 3: michasia (big blind) folded on the Flop
Seat 4: RBJ_RBJ folded before Flop (didn't bet)
Seat 5: CichiChanMarian folded before Flop (didn't bet)
Seat 6: Cositorto folded before Flop (didn't bet)



PokerStars Hand #254474312246:  Hold'em No Limit ($0.50/$1.00 USD) - 2025/01/20 21:24:23 WET [2025/01/20 16:24:23 ET]
Table 'Scabiosa IV' 6-max Seat #2 is the button
Seat 1: Supermegopro ($126.66 in chips) 
Seat 2: gee4real ($126.03 in chips) 
Seat 3: michasia ($100 in chips) 
Seat 4: RBJ_RBJ ($99.01 in chips) 
Seat 5: CichiChanMarian ($126.64 in chips) 
Seat 6: Cositorto ($101.50 in chips) 
michasia: posts small blind $0.50
RBJ_RBJ: posts big blind $1
*** HOLE CARDS ***
CichiChanMarian: raises $1.50 to $2.50
Cositorto: folds 
Supermegopro: folds 
gee4real: folds 
michasia: folds 
RBJ_RBJ: calls $1.50
*** FLOP *** [4h Tc Jh]
RBJ_RBJ: checks 
CichiChanMarian: bets $1.72
RBJ_RBJ: folds 
Uncalled bet ($1.72) returned to CichiChanMarian
CichiChanMarian collected $5.22 from pot
CichiChanMarian: doesn't show hand 
*** SUMMARY ***
Total pot $5.50 | Rake $0.28 
Board [4h Tc Jh]
Seat 1: Supermegopro folded before Flop (didn't bet)
Seat 2: gee4real (button) folded before Flop (didn't bet)
Seat 3: michasia (small blind) folded before Flop
Seat 4: RBJ_RBJ (big blind) folded on the Flop
Seat 5: CichiChanMarian collected ($5.22)
Seat 6: Cositorto folded before Flop (didn't bet)



PokerStars Hand #254474323839:  Hold'em No Limit ($0.50/$1.00 USD) - 2025/01/20 21:24:58 WET [2025/01/20 16:24:58 ET]
Table 'Scabiosa IV' 6-max Seat #3 is the button
Seat 1: Supermegopro ($126.66 in chips) 
Seat 2: gee4real ($126.03 in chips) 
Seat 3: michasia ($100 in chips) 
Seat 4: RBJ_RBJ ($96.51 in chips) 
Seat 5: CichiChanMarian ($129.36 in chips) 
Seat 6: Cositorto ($101.50 in chips) 
RBJ_RBJ: posts small blind $0.50
CichiChanMarian: posts big blind $1
*** HOLE CARDS ***
Cositorto: folds 
Supermegopro: folds 
gee4real: folds 
michasia: folds 
RBJ_RBJ: calls $0.50
CichiChanMarian: raises $4 to $5
RBJ_RBJ: folds 
Uncalled bet ($4) returned to CichiChanMarian
CichiChanMarian collected $2 from pot
CichiChanMarian: doesn't show hand 
*** SUMMARY ***
Total pot $2 | Rake $0 
Seat 1: Supermegopro folded before Flop (didn't bet)
Seat 2: gee4real folded before Flop (didn't bet)
Seat 3: michasia (button) folded before Flop (didn't bet)
Seat 4: RBJ_RBJ (small blind) folded before Flop
Seat 5: CichiChanMarian (big blind) collected ($2)
Seat 6: Cositorto folded before Flop (didn't bet)



PokerStars Hand #254474330626:  Hold'em No Limit ($0.50/$1.00 USD) - 2025/01/20 21:25:18 WET [2025/01/20 16:25:18 ET]
Table 'Scabiosa IV' 6-max Seat #4 is the button
Seat 1: Supermegopro ($126.66 in chips) 
Seat 2: gee4real ($126.03 in chips) 
Seat 3: michasia ($100 in chips) 
Seat 4: RBJ_RBJ ($95.51 in chips) 
Seat 5: CichiChanMarian ($130.36 in chips) 
Seat 6: Cositorto ($101.50 in chips) 
CichiChanMarian: posts small blind $0.50
Cositorto: posts big blind $1
*** HOLE CARDS ***
Supermegopro: folds 
gee4real: folds 
michasia: folds 
RBJ_RBJ: raises $1 to $2
CichiChanMarian: folds 
Cositorto: folds 
Uncalled bet ($1) returned to RBJ_RBJ
RBJ_RBJ collected $2.50 from pot
RBJ_RBJ: doesn't show hand 
*** SUMMARY ***
Total pot $2.50 | Rake $0 
Seat 1: Supermegopro folded before Flop (didn't bet)
Seat 2: gee4real folded before Flop (didn't bet)
Seat 3: michasia folded before Flop (didn't bet)
Seat 4: RBJ_RBJ (button) collected ($2.50)
Seat 5: CichiChanMarian (small blind) folded before Flop
Seat 6: Cositorto (big blind) folded before Flop



PokerStars Hand #254474340081:  Hold'em No Limit ($0.50/$1.00 USD) - 2025/01/20 21:25:47 WET [2025/01/20 16:25:47 ET]
Table 'Scabiosa IV' 6-max Seat #5 is the button
Seat 1: Supermegopro ($126.66 in chips) 
Seat 2: gee4real ($126.03 in chips) 
Seat 3: michasia ($100 in chips) 
Seat 4: RBJ_RBJ ($97.01 in chips) 
Seat 5: CichiChanMarian ($129.86 in chips) 
Seat 6: Cositorto ($100.50 in chips) 
Cositorto: posts small blind $0.50
Supermegopro: posts big blind $1
*** HOLE CARDS ***
gee4real: folds 
michasia: folds 
RBJ_RBJ: raises $2 to $3
CichiChanMarian: raises $6.60 to $9.60
Cositorto: folds 
Supermegopro: folds 
RBJ_RBJ: calls $6.60
*** FLOP *** [7c Ts 6h]
RBJ_RBJ: checks 
CichiChanMarian: checks 
*** TURN *** [7c Ts 6h] [4s]
RBJ_RBJ: checks 
CichiChanMarian: checks 
*** RIVER *** [7c Ts 6h 4s] [3d]
RBJ_RBJ: bets $5
CichiChanMarian: folds 
Uncalled bet ($5) returned to RBJ_RBJ
RBJ_RBJ collected $19.40 from pot
RBJ_RBJ: doesn't show hand 
*** SUMMARY ***
Total pot $20.70 | Rake $1.30 
Board [7c Ts 6h 4s 3d]
Seat 1: Supermegopro (big blind) folded before Flop
Seat 2: gee4real folded before Flop (didn't bet)
Seat 3: michasia folded before Flop (didn't bet)
Seat 4: RBJ_RBJ collected ($19.40)
Seat 5: CichiChanMarian (button) folded on the River
Seat 6: Cositorto (small blind) folded before Flop



PokerStars Hand #254474359312:  Hold'em No Limit ($0.50/$1.00 USD) - 2025/01/20 21:26:45 WET [2025/01/20 16:26:45 ET]
Table 'Scabiosa IV' 6-max Seat #6 is the button
Seat 1: Supermegopro ($125.66 in chips) 
Seat 2: gee4real ($126.03 in chips) 
Seat 3: michasia ($100 in chips) 
Seat 4: RBJ_RBJ ($106.81 in chips) 
Seat 5: CichiChanMarian ($120.26 in chips) 
Seat 6: Cositorto ($100 in chips) 
Supermegopro: posts small blind $0.50
gee4real: posts big blind $1
*** HOLE CARDS ***
michasia: folds 
RBJ_RBJ: folds 
CichiChanMarian: raises $1.50 to $2.50
Cositorto: folds 
Supermegopro: calls $2
gee4real: folds 
*** FLOP *** [Ks 6c 7d]
Supermegopro: checks 
CichiChanMarian: bets $1.88
Supermegopro: folds 
Uncalled bet ($1.88) returned to CichiChanMarian
CichiChanMarian collected $5.70 from pot
CichiChanMarian: doesn't show hand 
*** SUMMARY ***
Total pot $6 | Rake $0.30 
Board [Ks 6c 7d]
Seat 1: Supermegopro (small blind) folded on the Flop
Seat 2: gee4real (big blind) folded before Flop
Seat 3: michasia folded before Flop (didn't bet)
Seat 4: RBJ_RBJ folded before Flop (didn't bet)
Seat 5: CichiChanMarian collected ($5.70)
Seat 6: Cositorto (button) folded before Flop (didn't bet)



PokerStars Hand #254474372839:  Hold'em No Limit ($0.50/$1.00 USD) - 2025/01/20 21:27:27 WET [2025/01/20 16:27:27 ET]
Table 'Scabiosa IV' 6-max Seat #1 is the button
Seat 1: Supermegopro ($123.16 in chips) 
Seat 2: gee4real ($125.03 in chips) 
Seat 3: michasia ($100 in chips) 
Seat 4: RBJ_RBJ ($106.81 in chips) 
Seat 5: CichiChanMarian ($123.46 in chips) 
Seat 6: Cositorto ($100 in chips) 
gee4real: posts small blind $0.50
michasia: posts big blind $1
*** HOLE CARDS ***
RBJ_RBJ: raises $1 to $2
CichiChanMarian: folds 
Cositorto: folds 
Supermegopro: raises $5 to $7
gee4real: folds 
michasia: folds 
RBJ_RBJ: calls $5
*** FLOP *** [7d Kd 9s]
RBJ_RBJ: checks 
Supermegopro: checks 
*** TURN *** [7d Kd 9s] [6c]
RBJ_RBJ: bets $8.36
Supermegopro: calls $8.36
*** RIVER *** [7d Kd 9s 6c] [Ts]
RBJ_RBJ: checks 
Supermegopro: checks 
*** SHOW DOWN ***
RBJ_RBJ: shows [2s Ah] (high card Ace)
Supermegopro: shows [Th Jh] (a pair of Tens)
Supermegopro collected $30.61 from pot
*** SUMMARY ***
Total pot $32.22 | Rake $1.61 
Board [7d Kd 9s 6c Ts]
Seat 1: Supermegopro (button) showed [Th Jh] and won ($30.61) with a pair of Tens
Seat 2: gee4real (small blind) folded before Flop
Seat 3: michasia (big blind) folded before Flop
Seat 4: RBJ_RBJ showed [2s Ah] and lost with high card Ace
Seat 5: CichiChanMarian folded before Flop (didn't bet)
Seat 6: Cositorto folded before Flop (didn't bet)



PokerStars Hand #254474386988:  Hold'em No Limit ($0.50/$1.00 USD) - 2025/01/20 21:28:10 WET [2025/01/20 16:28:10 ET]
Table 'Scabiosa IV' 6-max Seat #2 is the button
Seat 1: Supermegopro ($138.41 in chips) 
Seat 2: gee4real ($124.53 in chips) 
Seat 3: michasia ($100 in chips) 
Seat 4: RBJ_RBJ ($91.45 in chips) 
Seat 5: CichiChanMarian ($123.46 in chips) 
Seat 6: Cositorto ($100 in chips) 
michasia: posts small blind $0.50
RBJ_RBJ: posts big blind $1
*** HOLE CARDS ***
CichiChanMarian: folds 
Cositorto: raises $1 to $2
Supermegopro: folds 
gee4real: folds 
michasia: folds 
RBJ_RBJ: calls $1
*** FLOP *** [3d Jd 2s]
RBJ_RBJ: checks 
Cositorto: bets $1.16
RBJ_RBJ: calls $1.16
*** TURN *** [3d Jd 2s] [9s]
RBJ_RBJ: checks 
Cositorto: checks 
*** RIVER *** [3d Jd 2s 9s] [5h]
RBJ_RBJ: bets $3.24
Cositorto: calls $3.24
*** SHOW DOWN ***
RBJ_RBJ: shows [Qd 9h] (a pair of Nines)
Cositorto: mucks hand 
RBJ_RBJ collected $12.48 from pot
*** SUMMARY ***
Total pot $13.30 | Rake $0.82 
Board [3d Jd 2s 9s 5h]
Seat 1: Supermegopro folded before Flop (didn't bet)
Seat 2: gee4real (button) folded before Flop (didn't bet)
Seat 3: michasia (small blind) folded before Flop
Seat 4: RBJ_RBJ (big blind) showed [Qd 9h] and won ($12.48) with a pair of Nines
Seat 5: CichiChanMarian folded before Flop (didn't bet)
Seat 6: Cositorto mucked



PokerStars Hand #254474404547:  Hold'em No Limit ($0.50/$1.00 USD) - 2025/01/20 21:29:04 WET [2025/01/20 16:29:04 ET]
Table 'Scabiosa IV' 6-max Seat #4 is the button
Seat 3: michasia ($100 in chips) is sitting out
Seat 1: Supermegopro ($138.41 in chips) 
Seat 2: gee4real ($124.53 in chips) 
Seat 4: RBJ_RBJ ($97.53 in chips) 
Seat 5: CichiChanMarian ($123.46 in chips) 
Seat 6: Cositorto ($100 in chips) 
CichiChanMarian: posts small blind $0.50
Cositorto: posts big blind $1
*** HOLE CARDS ***
Supermegopro: folds 
gee4real: folds 
RBJ_RBJ: folds 
CichiChanMarian: raises $2 to $3
Cositorto: folds 
Uncalled bet ($2) returned to CichiChanMarian
CichiChanMarian collected $2 from pot
CichiChanMarian: doesn't show hand 
*** SUMMARY ***
Total pot $2 | Rake $0 
Seat 3: michasia
Seat 1: Supermegopro folded before Flop (didn't bet)
Seat 2: gee4real folded before Flop (didn't bet)
Seat 4: RBJ_RBJ (button) folded before Flop (didn't bet)
Seat 5: CichiChanMarian (small blind) collected ($2)
Seat 6: Cositorto (big blind) folded before Flop



PokerStars Hand #254474409167:  Hold'em No Limit ($0.50/$1.00 USD) - 2025/01/20 21:29:18 WET [2025/01/20 16:29:18 ET]
Table 'Scabiosa IV' 6-max Seat #5 is the button
Seat 3: michasia ($100 in chips) is sitting out
Seat 1: Supermegopro ($138.41 in chips) 
Seat 2: gee4real ($124.53 in chips) 
Seat 4: RBJ_RBJ ($97.53 in chips) 
Seat 5: CichiChanMarian ($124.46 in chips) 
Seat 6: Cositorto ($100 in chips) 
Cositorto: posts small blind $0.50
Supermegopro: posts big blind $1
*** HOLE CARDS ***
gee4real: folds 
RBJ_RBJ: raises $2 to $3
CichiChanMarian: raises $6.60 to $9.60
Cositorto: raises $15.90 to $25.50
Supermegopro: folds 
RBJ_RBJ: folds 
CichiChanMarian: folds 
Uncalled bet ($15.90) returned to Cositorto
Cositorto collected $23.20 from pot
Cositorto: doesn't show hand 
*** SUMMARY ***
Total pot $23.20 | Rake $0 
Seat 3: michasia
Seat 1: Supermegopro (big blind) folded before Flop
Seat 2: gee4real folded before Flop (didn't bet)
Seat 4: RBJ_RBJ folded before Flop
Seat 5: CichiChanMarian (button) folded before Flop
Seat 6: Cositorto (small blind) collected ($23.20)



PokerStars Hand #254474418597:  Hold'em No Limit ($0.50/$1.00 USD) - 2025/01/20 21:29:47 WET [2025/01/20 16:29:47 ET]
Table 'Scabiosa IV' 6-max Seat #6 is the button
Seat 3: michasia ($100 in chips) is sitting out
Seat 1: Supermegopro ($137.41 in chips) 
Seat 2: gee4real ($124.53 in chips) 
Seat 4: RBJ_RBJ ($94.53 in chips) 
Seat 5: CichiChanMarian ($114.86 in chips) 
Seat 6: Cositorto ($113.60 in chips) 
Supermegopro: posts small blind $0.50
gee4real: posts big blind $1
*** HOLE CARDS ***
RBJ_RBJ: calls $1
CichiChanMarian: raises $5 to $6
Cositorto: folds 
Supermegopro: folds 
gee4real: folds 
RBJ_RBJ: folds 
Uncalled bet ($5) returned to CichiChanMarian
CichiChanMarian collected $3.50 from pot
CichiChanMarian: doesn't show hand 
*** SUMMARY ***
Total pot $3.50 | Rake $0 
Seat 3: michasia
Seat 1: Supermegopro (small blind) folded before Flop
Seat 2: gee4real (big blind) folded before Flop
Seat 4: RBJ_RBJ folded before Flop
Seat 5: CichiChanMarian collected ($3.50)
Seat 6: Cositorto (button) folded before Flop (didn't bet)



PokerStars Hand #254474425746:  Hold'em No Limit ($0.50/$1.00 USD) - 2025/01/20 21:30:09 WET [2025/01/20 16:30:09 ET]
Table 'Scabiosa IV' 6-max Seat #1 is the button
Seat 3: michasia ($100 in chips) is sitting out
Seat 1: Supermegopro ($136.91 in chips) 
Seat 2: gee4real ($123.53 in chips) 
Seat 4: RBJ_RBJ ($93.53 in chips) 
Seat 5: CichiChanMarian ($117.36 in chips) 
Seat 6: Cositorto ($113.60 in chips) 
gee4real: posts small blind $0.50
RBJ_RBJ: posts big blind $1
*** HOLE CARDS ***
CichiChanMarian: folds 
Cositorto: raises $1 to $2
Supermegopro: folds 
gee4real: raises $4 to $6
RBJ_RBJ: folds 
Cositorto: calls $4
*** FLOP *** [9h 3h Qs]
gee4real: bets $12.35
Cositorto: folds 
Uncalled bet ($12.35) returned to gee4real
gee4real collected $12.35 from pot
*** SUMMARY ***
Total pot $13 | Rake $0.65 
Board [9h 3h Qs]
Seat 3: michasia
Seat 1: Supermegopro (button) folded before Flop (didn't bet)
Seat 2: gee4real (small blind) collected ($12.35)
Seat 4: RBJ_RBJ (big blind) folded before Flop
Seat 5: CichiChanMarian folded before Flop (didn't bet)
Seat 6: Cositorto folded on the Flop



PokerStars Hand #254474435118:  Hold'em No Limit ($0.50/$1.00 USD) - 2025/01/20 21:30:37 WET [2025/01/20 16:30:37 ET]
Table 'Scabiosa IV' 6-max Seat #2 is the button
Seat 3: michasia ($100 in chips) is sitting out
Seat 1: Supermegopro ($136.91 in chips) 
Seat 2: gee4real ($129.88 in chips) 
Seat 4: RBJ_RBJ ($92.53 in chips) 
Seat 5: CichiChanMarian ($117.36 in chips) 
Seat 6: Cositorto ($107.60 in chips) 
RBJ_RBJ: posts small blind $0.50
CichiChanMarian: posts big blind $1
*** HOLE CARDS ***
Cositorto: folds 
Supermegopro: folds 
gee4real: folds 
RBJ_RBJ: calls $0.50
CichiChanMarian: checks 
*** FLOP *** [9h 9s Ac]
RBJ_RBJ: checks 
CichiChanMarian: bets $1
RBJ_RBJ: calls $1
*** TURN *** [9h 9s Ac] [Tc]
RBJ_RBJ: checks 
CichiChanMarian: bets $2.85
RBJ_RBJ: folds 
Uncalled bet ($2.85) returned to CichiChanMarian
CichiChanMarian collected $3.80 from pot
CichiChanMarian: doesn't show hand 
*** SUMMARY ***
Total pot $4 | Rake $0.20 
Board [9h 9s Ac Tc]
Seat 3: michasia
Seat 1: Supermegopro folded before Flop (didn't bet)
Seat 2: gee4real (button) folded before Flop (didn't bet)
Seat 4: RBJ_RBJ (small blind) folded on the Turn
Seat 5: CichiChanMarian (big blind) collected ($3.80)
Seat 6: Cositorto folded before Flop (didn't bet)



PokerStars Hand #254474446777:  Hold'em No Limit ($0.50/$1.00 USD) - 2025/01/20 21:31:12 WET [2025/01/20 16:31:12 ET]
Table 'Scabiosa IV' 6-max Seat #4 is the button
Seat 3: michasia ($100 in chips) is sitting out
Seat 1: Supermegopro ($136.91 in chips) 
Seat 2: gee4real ($129.88 in chips) 
Seat 4: RBJ_RBJ ($90.53 in chips) 
Seat 5: CichiChanMarian ($119.16 in chips) 
Seat 6: Cositorto ($107.60 in chips) 
CichiChanMarian: posts small blind $0.50
Cositorto: posts big blind $1
*** HOLE CARDS ***
Supermegopro: folds 
gee4real: folds 
RBJ_RBJ: folds 
CichiChanMarian: folds 
Uncalled bet ($0.50) returned to Cositorto
Cositorto collected $1 from pot
Cositorto: doesn't show hand 
*** SUMMARY ***
Total pot $1 | Rake $0 
Seat 3: michasia
Seat 1: Supermegopro folded before Flop (didn't bet)
Seat 2: gee4real folded before Flop (didn't bet)
Seat 4: RBJ_RBJ (button) folded before Flop (didn't bet)
Seat 5: CichiChanMarian (small blind) folded before Flop
Seat 6: Cositorto (big blind) collected ($1)



PokerStars Hand #254474449647:  Hold'em No Limit ($0.50/$1.00 USD) - 2025/01/20 21:31:21 WET [2025/01/20 16:31:21 ET]
Table 'Scabiosa IV' 6-max Seat #5 is the button
Seat 3: michasia ($100 in chips) is sitting out
Seat 1: Supermegopro ($136.91 in chips) 
Seat 2: gee4real ($129.88 in chips) 
Seat 4: RBJ_RBJ ($90.53 in chips) 
Seat 5: CichiChanMarian ($118.66 in chips) 
Seat 6: Cositorto ($108.10 in chips) 
Cositorto: posts small blind $0.50
Supermegopro: posts big blind $1
michasia: sits out 
*** HOLE CARDS ***
gee4real: folds 
RBJ_RBJ: raises $2 to $3
CichiChanMarian: folds 
Cositorto: folds 
Supermegopro: folds 
Uncalled bet ($2) returned to RBJ_RBJ
RBJ_RBJ collected $2.50 from pot
RBJ_RBJ: doesn't show hand 
*** SUMMARY ***
Total pot $2.50 | Rake $0 
Seat 3: michasia
Seat 1: Supermegopro (big blind) folded before Flop
Seat 2: gee4real folded before Flop (didn't bet)
Seat 4: RBJ_RBJ collected ($2.50)
Seat 5: CichiChanMarian (button) folded before Flop (didn't bet)
Seat 6: Cositorto (small blind) folded before Flop



PokerStars Hand #254474457267:  Hold'em No Limit ($0.50/$1.00 USD) - 2025/01/20 21:31:44 WET [2025/01/20 16:31:44 ET]
Table 'Scabiosa IV' 6-max Seat #6 is the button
Seat 3: michasia ($100 in chips) is sitting out
Seat 1: Supermegopro ($135.91 in chips) 
Seat 2: gee4real ($129.88 in chips) 
Seat 4: RBJ_RBJ ($92.03 in chips) 
Seat 5: CichiChanMarian ($118.66 in chips) 
Seat 6: Cositorto ($107.60 in chips) 
Supermegopro: posts small blind $0.50
gee4real: posts big blind $1
michasia: sits out 
*** HOLE CARDS ***
RBJ_RBJ: calls $1
CichiChanMarian: folds 
Cositorto: folds 
Supermegopro: folds 
gee4real: checks 
*** FLOP *** [8d Jh Kc]
gee4real: checks 
RBJ_RBJ: bets $1.55
gee4real: folds 
Uncalled bet ($1.55) returned to RBJ_RBJ
RBJ_RBJ collected $2.35 from pot
RBJ_RBJ: doesn't show hand 
*** SUMMARY ***
Total pot $2.50 | Rake $0.15 
Board [8d Jh Kc]
Seat 3: michasia
Seat 1: Supermegopro (small blind) folded before Flop
Seat 2: gee4real (big blind) folded on the Flop
Seat 4: RBJ_RBJ collected ($2.35)
Seat 5: CichiChanMarian folded before Flop (didn't bet)
Seat 6: Cositorto (button) folded before Flop (didn't bet)



PokerStars Hand #254474475870:  Hold'em No Limit ($0.50/$1.00 USD) - 2025/01/20 21:32:41 WET [2025/01/20 16:32:41 ET]
Table 'Scabiosa IV' 6-max Seat #1 is the button
Seat 1: Supermegopro ($135.41 in chips) 
Seat 2: gee4real ($128.88 in chips) 
Seat 3: michasia ($100 in chips) 
Seat 4: RBJ_RBJ ($93.38 in chips) 
Seat 5: CichiChanMarian ($118.66 in chips) 
Seat 6: Cositorto ($107.60 in chips) 
gee4real: posts small blind $0.50
michasia: posts big blind $1
*** HOLE CARDS ***
RBJ_RBJ: folds 
CichiChanMarian: folds 
Cositorto: folds 
Supermegopro: raises $2 to $3
gee4real: folds 
michasia: folds 
Uncalled bet ($2) returned to Supermegopro
Supermegopro collected $2.50 from pot
Supermegopro: doesn't show hand 
*** SUMMARY ***
Total pot $2.50 | Rake $0 
Seat 1: Supermegopro (button) collected ($2.50)
Seat 2: gee4real (small blind) folded before Flop
Seat 3: michasia (big blind) folded before Flop
Seat 4: RBJ_RBJ folded before Flop (didn't bet)
Seat 5: CichiChanMarian folded before Flop (didn't bet)
Seat 6: Cositorto folded before Flop (didn't bet)



PokerStars Hand #254474482046:  Hold'em No Limit ($0.50/$1.00 USD) - 2025/01/20 21:33:00 WET [2025/01/20 16:33:00 ET]
Table 'Scabiosa IV' 6-max Seat #2 is the button
Seat 1: Supermegopro ($136.91 in chips) 
Seat 2: gee4real ($128.38 in chips) 
Seat 3: michasia ($100 in chips) 
Seat 4: RBJ_RBJ ($93.38 in chips) 
Seat 5: CichiChanMarian ($118.66 in chips) 
Seat 6: Cositorto ($107.60 in chips) 
michasia: posts small blind $0.50
RBJ_RBJ: posts big blind $1
*** HOLE CARDS ***
CichiChanMarian: folds 
Cositorto: raises $1 to $2
Supermegopro: folds 
gee4real: folds 
michasia: folds 
RBJ_RBJ: calls $1
*** FLOP *** [Qs 3c 7c]
RBJ_RBJ: checks 
Cositorto: bets $1.16
RBJ_RBJ: folds 
Uncalled bet ($1.16) returned to Cositorto
Cositorto collected $4.28 from pot
Cositorto: doesn't show hand 
*** SUMMARY ***
Total pot $4.50 | Rake $0.22 
Board [Qs 3c 7c]
Seat 1: Supermegopro folded before Flop (didn't bet)
Seat 2: gee4real (button) folded before Flop (didn't bet)
Seat 3: michasia (small blind) folded before Flop
Seat 4: RBJ_RBJ (big blind) folded on the Flop
Seat 5: CichiChanMarian folded before Flop (didn't bet)
Seat 6: Cositorto collected ($4.28)



PokerStars Hand #254474491247:  Hold'em No Limit ($0.50/$1.00 USD) - 2025/01/20 21:33:28 WET [2025/01/20 16:33:28 ET]
Table 'Scabiosa IV' 6-max Seat #3 is the button
Seat 1: Supermegopro ($136.91 in chips) 
Seat 2: gee4real ($128.38 in chips) 
Seat 3: michasia ($100 in chips) 
Seat 4: RBJ_RBJ ($91.38 in chips) 
Seat 5: CichiChanMarian ($118.66 in chips) 
Seat 6: Cositorto ($109.88 in chips) 
RBJ_RBJ: posts small blind $0.50
CichiChanMarian: posts big blind $1
*** HOLE CARDS ***
Cositorto: raises $1 to $2
Supermegopro: folds 
gee4real: folds 
michasia: folds 
RBJ_RBJ: folds 
CichiChanMarian: calls $1
*** FLOP *** [9c 7d Ad]
CichiChanMarian: checks 
Supermegopro leaves the table
Cositorto: bets $1.16
CichiChanMarian: folds 
Uncalled bet ($1.16) returned to Cositorto
Cositorto collected $4.28 from pot
Cositorto: doesn't show hand 
*** SUMMARY ***
Total pot $4.50 | Rake $0.22 
Board [9c 7d Ad]
Seat 1: Supermegopro folded before Flop (didn't bet)
Seat 2: gee4real folded before Flop (didn't bet)
Seat 3: michasia (button) folded before Flop (didn't bet)
Seat 4: RBJ_RBJ (small blind) folded before Flop
Seat 5: CichiChanMarian (big blind) folded on the Flop
Seat 6: Cositorto collected ($4.28)



PokerStars Hand #254474497642:  Hold'em No Limit ($0.50/$1.00 USD) - 2025/01/20 21:33:48 WET [2025/01/20 16:33:48 ET]
Table 'Scabiosa IV' 6-max Seat #4 is the button
Seat 2: gee4real ($128.38 in chips) 
Seat 3: michasia ($100 in chips) 
Seat 4: RBJ_RBJ ($90.88 in chips) 
Seat 5: CichiChanMarian ($116.66 in chips) 
Seat 6: Cositorto ($112.16 in chips) 
CichiChanMarian: posts small blind $0.50
Cositorto: posts big blind $1
*** HOLE CARDS ***
gee4real: folds 
michasia: raises $1.80 to $2.80
RBJ_RBJ: folds 
CichiChanMarian: folds 
Cositorto: calls $1.80
*** FLOP *** [Jd 6c 7c]
XneferX joins the table at seat #1 
Cositorto: checks 
michasia: bets $1.91
Cositorto: folds 
Uncalled bet ($1.91) returned to michasia
michasia collected $5.80 from pot
michasia: doesn't show hand 
*** SUMMARY ***
Total pot $6.10 | Rake $0.30 
Board [Jd 6c 7c]
Seat 2: gee4real folded before Flop (didn't bet)
Seat 3: michasia collected ($5.80)
Seat 4: RBJ_RBJ (button) folded before Flop (didn't bet)
Seat 5: CichiChanMarian (small blind) folded before Flop
Seat 6: Cositorto (big blind) folded on the Flop



PokerStars Hand #254474507058:  Hold'em No Limit ($0.50/$1.00 USD) - 2025/01/20 21:34:16 WET [2025/01/20 16:34:16 ET]
Table 'Scabiosa IV' 6-max Seat #5 is the button
Seat 1: XneferX ($100 in chips) 
Seat 2: gee4real ($128.38 in chips) 
Seat 3: michasia ($103 in chips) 
Seat 4: RBJ_RBJ ($90.88 in chips) 
Seat 5: CichiChanMarian ($116.16 in chips) 
Seat 6: Cositorto ($109.36 in chips) 
Cositorto: posts small blind $0.50
XneferX: posts big blind $1
*** HOLE CARDS ***
gee4real: folds 
michasia: folds 
RBJ_RBJ: raises $2 to $3
CichiChanMarian is disconnected 
CichiChanMarian is connected 
CichiChanMarian: folds 
Cositorto: folds 
XneferX: folds 
Uncalled bet ($2) returned to RBJ_RBJ
RBJ_RBJ collected $2.50 from pot
RBJ_RBJ: doesn't show hand 
*** SUMMARY ***
Total pot $2.50 | Rake $0 
Seat 1: XneferX (big blind) folded before Flop
Seat 2: gee4real folded before Flop (didn't bet)
Seat 3: michasia folded before Flop (didn't bet)
Seat 4: RBJ_RBJ collected ($2.50)
Seat 5: CichiChanMarian (button) folded before Flop (didn't bet)
Seat 6: Cositorto (small blind) folded before Flop



PokerStars Hand #254474523403:  Hold'em No Limit ($0.50/$1.00 USD) - 2025/01/20 21:35:06 WET [2025/01/20 16:35:06 ET]
Table 'Scabiosa IV' 6-max Seat #6 is the button
Seat 1: XneferX ($100 in chips) 
Seat 2: gee4real ($128.38 in chips) 
Seat 3: michasia ($103 in chips) 
Seat 4: RBJ_RBJ ($92.38 in chips) 
Seat 5: CichiChanMarian ($116.16 in chips) 
Seat 6: Cositorto ($108.86 in chips) 
XneferX: posts small blind $0.50
gee4real: posts big blind $1
*** HOLE CARDS ***
michasia: folds 
RBJ_RBJ: folds 
CichiChanMarian: folds 
Cositorto: folds 
XneferX: folds 
Uncalled bet ($0.50) returned to gee4real
gee4real collected $1 from pot
*** SUMMARY ***
Total pot $1 | Rake $0 
Seat 1: XneferX (small blind) folded before Flop
Seat 2: gee4real (big blind) collected ($1)
Seat 3: michasia folded before Flop (didn't bet)
Seat 4: RBJ_RBJ folded before Flop (didn't bet)
Seat 5: CichiChanMarian folded before Flop (didn't bet)
Seat 6: Cositorto (button) folded before Flop (didn't bet)



PokerStars Hand #254474529880:  Hold'em No Limit ($0.50/$1.00 USD) - 2025/01/20 21:35:27 WET [2025/01/20 16:35:27 ET]
Table 'Scabiosa IV' 6-max Seat #1 is the button
Seat 1: XneferX ($100 in chips) 
Seat 2: gee4real ($128.88 in chips) 
Seat 3: michasia ($103 in chips) 
Seat 4: RBJ_RBJ ($92.38 in chips) 
Seat 5: CichiChanMarian ($116.16 in chips) 
Seat 6: Cositorto ($108.86 in chips) 
gee4real: posts small blind $0.50
michasia: posts big blind $1
*** HOLE CARDS ***
RBJ_RBJ: folds 
CichiChanMarian: folds 
Cositorto: raises $1 to $2
XneferX: raises $4 to $6
gee4real: folds 
michasia: folds 
Cositorto: calls $4
*** FLOP *** [Qh 4h Kc]
Cositorto: checks 
XneferX: bets $3.33
Cositorto: calls $3.33
*** TURN *** [Qh 4h Kc] [3h]
Cositorto: checks 
XneferX: checks 
*** RIVER *** [Qh 4h Kc 3h] [3c]
Cositorto: checks 
XneferX: checks 
*** SHOW DOWN ***
Cositorto: shows [Ad 4d] (two pair, Fours and Threes)
XneferX: mucks hand 
Cositorto collected $19.15 from pot
*** SUMMARY ***
Total pot $20.16 | Rake $1.01 
Board [Qh 4h Kc 3h 3c]
Seat 1: XneferX (button) mucked
Seat 2: gee4real (small blind) folded before Flop
Seat 3: michasia (big blind) folded before Flop
Seat 4: RBJ_RBJ folded before Flop (didn't bet)
Seat 5: CichiChanMarian folded before Flop (didn't bet)
Seat 6: Cositorto showed [Ad 4d] and won ($19.15) with two pair, Fours and Threes



PokerStars Hand #254474557967:  Hold'em No Limit ($0.50/$1.00 USD) - 2025/01/20 21:36:53 WET [2025/01/20 16:36:53 ET]
Table 'Scabiosa IV' 6-max Seat #2 is the button
Seat 1: XneferX ($100 in chips) 
Seat 2: gee4real ($128.38 in chips) 
Seat 3: michasia ($102 in chips) 
Seat 4: RBJ_RBJ ($92.38 in chips) 
Seat 5: CichiChanMarian ($116.16 in chips) 
Seat 6: Cositorto ($118.68 in chips) 
michasia: posts small blind $0.50
RBJ_RBJ: posts big blind $1
*** HOLE CARDS ***
CichiChanMarian: folds 
Cositorto: raises $1 to $2
XneferX: folds 
gee4real: raises $4 to $6
michasia: folds 
RBJ_RBJ: folds 
Cositorto: raises $10.50 to $16.50
gee4real: calls $10.50
*** FLOP *** [3c 6d 3d]
Cositorto: bets $8.85
gee4real: calls $8.85
*** TURN *** [3c 6d 3d] [Js]
Cositorto: bets $16.40
gee4real: raises $86.63 to $103.03 and is all-in
Cositorto: calls $76.93 and is all-in
Uncalled bet ($9.70) returned to gee4real
*** RIVER *** [3c 6d 3d Js] [9d]
*** SHOW DOWN ***
Cositorto: shows [Kd Ad] (a flush, Ace high)
gee4real: shows [Jd Ac] (two pair, Jacks and Threes)
Cositorto collected $236.36 from pot
*** SUMMARY ***
Total pot $238.86 | Rake $2.50 
Board [3c 6d 3d Js 9d]
Seat 1: XneferX folded before Flop (didn't bet)
Seat 2: gee4real (button) showed [Jd Ac] and lost with two pair, Jacks and Threes
Seat 3: michasia (small blind) folded before Flop
Seat 4: RBJ_RBJ (big blind) folded before Flop
Seat 5: CichiChanMarian folded before Flop (didn't bet)
Seat 6: Cositorto showed [Kd Ad] and won ($236.36) with a flush, Ace high



PokerStars Hand #254474588213:  Hold'em No Limit ($0.50/$1.00 USD) - 2025/01/20 21:38:26 WET [2025/01/20 16:38:26 ET]
Table 'Scabiosa IV' 6-max Seat #3 is the button
Seat 1: XneferX ($100 in chips) 
Seat 2: gee4real ($9.70 in chips) 
Seat 3: michasia ($101.50 in chips) 
Seat 4: RBJ_RBJ ($91.38 in chips) 
Seat 5: CichiChanMarian ($116.16 in chips) 
Seat 6: Cositorto ($236.36 in chips) 
RBJ_RBJ: posts small blind $0.50
CichiChanMarian: posts big blind $1
*** HOLE CARDS ***
Cositorto: folds 
XneferX: folds 
gee4real: raises $8.70 to $9.70 and is all-in
michasia: folds 
RBJ_RBJ: calls $9.20
CichiChanMarian: raises $106.46 to $116.16 and is all-in
RBJ_RBJ: folds 
Uncalled bet ($106.46) returned to CichiChanMarian
*** FLOP *** [7s 9c 6d]
*** TURN *** [7s 9c 6d] [5h]
*** RIVER *** [7s 9c 6d 5h] [Jd]
*** SHOW DOWN ***
CichiChanMarian: shows [Kc Ks] (a pair of Kings)
gee4real: shows [7d 8h] (a straight, Five to Nine)
gee4real collected $27.64 from pot
*** SUMMARY ***
Total pot $29.10 | Rake $1.46 
Board [7s 9c 6d 5h Jd]
Seat 1: XneferX folded before Flop (didn't bet)
Seat 2: gee4real showed [7d 8h] and won ($27.64) with a straight, Five to Nine
Seat 3: michasia (button) folded before Flop (didn't bet)
Seat 4: RBJ_RBJ (small blind) folded before Flop
Seat 5: CichiChanMarian (big blind) showed [Kc Ks] and lost with a pair of Kings
Seat 6: Cositorto folded before Flop (didn't bet)



PokerStars Hand #254474600229:  Hold'em No Limit ($0.50/$1.00 USD) - 2025/01/20 21:39:03 WET [2025/01/20 16:39:03 ET]
Table 'Scabiosa IV' 6-max Seat #4 is the button
Seat 1: XneferX ($100 in chips) 
Seat 2: gee4real ($27.64 in chips) 
Seat 3: michasia ($101.50 in chips) 
Seat 4: RBJ_RBJ ($81.68 in chips) 
Seat 5: CichiChanMarian ($106.46 in chips) 
Seat 6: Cositorto ($236.36 in chips) 
CichiChanMarian: posts small blind $0.50
Cositorto: posts big blind $1
*** HOLE CARDS ***
XneferX: folds 
gee4real: raises $2.50 to $3.50
michasia: folds 
RBJ_RBJ: folds 
CichiChanMarian: folds 
Cositorto: folds 
Uncalled bet ($2.50) returned to gee4real
gee4real collected $2.50 from pot
*** SUMMARY ***
Total pot $2.50 | Rake $0 
Seat 1: XneferX folded before Flop (didn't bet)
Seat 2: gee4real collected ($2.50)
Seat 3: michasia folded before Flop (didn't bet)
Seat 4: RBJ_RBJ (button) folded before Flop (didn't bet)
Seat 5: CichiChanMarian (small blind) folded before Flop
Seat 6: Cositorto (big blind) folded before Flop



PokerStars Hand #254474606286:  Hold'em No Limit ($0.50/$1.00 USD) - 2025/01/20 21:39:22 WET [2025/01/20 16:39:22 ET]
Table 'Scabiosa IV' 6-max Seat #5 is the button
Seat 1: XneferX ($100 in chips) is sitting out
Seat 2: gee4real ($29.14 in chips) 
Seat 3: michasia ($101.50 in chips) 
Seat 4: RBJ_RBJ ($81.68 in chips) 
Seat 5: CichiChanMarian ($105.96 in chips) 
Seat 6: Cositorto ($235.36 in chips) 
Cositorto: posts small blind $0.50
XneferX: is sitting out 
gee4real: posts big blind $1
*** HOLE CARDS ***
michasia: raises $1.60 to $2.60
RBJ_RBJ: calls $2.60
CichiChanMarian: folds 
Cositorto: folds 
gee4real: calls $1.60
*** FLOP *** [Kd 3h Js]
XneferX leaves the table
gee4real: bets $7.88
michasia: calls $7.88
BoyLoc0 joins the table at seat #1 
RBJ_RBJ: calls $7.88
*** TURN *** [Kd 3h Js] [Td]
gee4real: bets $18.66 and is all-in
michasia: calls $18.66
RBJ_RBJ: calls $18.66
*** RIVER *** [Kd 3h Js Td] [2s]
michasia: bets $56.95
RBJ_RBJ: folds 
Uncalled bet ($56.95) returned to michasia
*** SHOW DOWN ***
michasia: shows [3c 3d] (three of a kind, Threes)
gee4real: shows [Th 9c] (a pair of Tens)
michasia collected $85.42 from pot
*** SUMMARY ***
Total pot $87.92 | Rake $2.50 
Board [Kd 3h Js Td 2s]
Seat 1: XneferX
Seat 2: gee4real (big blind) showed [Th 9c] and lost with a pair of Tens
Seat 3: michasia showed [3c 3d] and won ($85.42) with three of a kind, Threes
Seat 4: RBJ_RBJ folded on the River
Seat 5: CichiChanMarian (button) folded before Flop (didn't bet)
Seat 6: Cositorto (small blind) folded before Flop



PokerStars Hand #254474619737:  Hold'em No Limit ($0.50/$1.00 USD) - 2025/01/20 21:40:04 WET [2025/01/20 16:40:04 ET]
Table 'Scabiosa IV' 6-max Seat #6 is the button
Seat 1: BoyLoc0 ($100 in chips) is sitting out
Seat 2: gee4real ($0 in chips) is sitting out
Seat 3: michasia ($157.78 in chips) 
Seat 4: RBJ_RBJ ($52.54 in chips) 
Seat 5: CichiChanMarian ($105.96 in chips) 
Seat 6: Cositorto ($234.86 in chips) 
michasia: posts small blind $0.50
RBJ_RBJ: posts big blind $1
*** HOLE CARDS ***
gee4real leaves the table
CichiChanMarian: folds 
Cositorto: folds 
michasia: folds 
Uncalled bet ($0.50) returned to RBJ_RBJ
RBJ_RBJ collected $1 from pot
RBJ_RBJ: doesn't show hand 
*** SUMMARY ***
Total pot $1 | Rake $0 
Seat 1: BoyLoc0
Seat 2: gee4real
Seat 3: michasia (small blind) folded before Flop
Seat 4: RBJ_RBJ (big blind) collected ($1)
Seat 5: CichiChanMarian folded before Flop (didn't bet)
Seat 6: Cositorto (button) folded before Flop (didn't bet)



PokerStars Hand #254474625449:  Hold'em No Limit ($0.50/$1.00 USD) - 2025/01/20 21:40:22 WET [2025/01/20 16:40:22 ET]
Table 'Scabiosa IV' 6-max Seat #3 is the button
Seat 1: BoyLoc0 ($100 in chips) is sitting out
Seat 3: michasia ($157.28 in chips) 
Seat 4: RBJ_RBJ ($53.04 in chips) 
Seat 5: CichiChanMarian ($105.96 in chips) 
Seat 6: Cositorto ($234.86 in chips) 
RBJ_RBJ: posts small blind $0.50
CichiChanMarian: posts big blind $1
BoyLoc0: sits out 
*** HOLE CARDS ***
Cositorto: raises $1 to $2
michasia: folds 
RBJ_RBJ: raises $5 to $7
CichiChanMarian: folds 
Cositorto: calls $5
*** FLOP *** [Ac 2d Tc]
RBJ_RBJ: bets $4.55
Cositorto: raises $11.68 to $16.23
RBJ_RBJ: calls $11.68
*** TURN *** [Ac 2d Tc] [Qs]
RBJ_RBJ: checks 
Cositorto: bets $34.84
RBJ_RBJ: folds 
Uncalled bet ($34.84) returned to Cositorto
Cositorto collected $46.46 from pot
Cositorto: doesn't show hand 
*** SUMMARY ***
Total pot $47.46 | Rake $1 
Board [Ac 2d Tc Qs]
Seat 1: BoyLoc0
Seat 3: michasia (button) folded before Flop (didn't bet)
Seat 4: RBJ_RBJ (small blind) folded on the Turn
Seat 5: CichiChanMarian (big blind) folded before Flop
Seat 6: Cositorto collected ($46.46)



PokerStars Hand #254474641806:  Hold'em No Limit ($0.50/$1.00 USD) - 2025/01/20 21:41:13 WET [2025/01/20 16:41:13 ET]
Table 'Scabiosa IV' 6-max Seat #4 is the button
Seat 1: BoyLoc0 ($100 in chips) is sitting out
Seat 3: michasia ($157.28 in chips) 
Seat 4: RBJ_RBJ ($29.81 in chips) 
Seat 5: CichiChanMarian ($104.96 in chips) 
Seat 6: Cositorto ($258.09 in chips) 
CichiChanMarian: posts small blind $0.50
Cositorto: posts big blind $1
BoyLoc0: sits out 
*** HOLE CARDS ***
michasia: folds 
RBJ_RBJ: folds 
CichiChanMarian: folds 
Uncalled bet ($0.50) returned to Cositorto
Cositorto collected $1 from pot
Cositorto: doesn't show hand 
*** SUMMARY ***
Total pot $1 | Rake $0 
Seat 1: BoyLoc0
Seat 3: michasia folded before Flop (didn't bet)
Seat 4: RBJ_RBJ (button) folded before Flop (didn't bet)
Seat 5: CichiChanMarian (small blind) folded before Flop
Seat 6: Cositorto (big blind) collected ($1)



PokerStars Hand #254474645678:  Hold'em No Limit ($0.50/$1.00 USD) - 2025/01/20 21:41:25 WET [2025/01/20 16:41:25 ET]
Table 'Scabiosa IV' 6-max Seat #5 is the button
Seat 1: BoyLoc0 ($100 in chips) 
Seat 3: michasia ($157.28 in chips) 
Seat 4: RBJ_RBJ ($69.81 in chips) 
Seat 5: CichiChanMarian ($104.46 in chips) 
Seat 6: Cositorto ($258.59 in chips) 
Cositorto: posts small blind $0.50
BoyLoc0: posts big blind $1
*** HOLE CARDS ***
michasia: folds 
RBJ_RBJ: raises $2 to $3
CichiChanMarian: folds 
Cositorto: folds 
BoyLoc0: folds 
Uncalled bet ($2) returned to RBJ_RBJ
RBJ_RBJ collected $2.50 from pot
RBJ_RBJ: doesn't show hand 
*** SUMMARY ***
Total pot $2.50 | Rake $0 
Seat 1: BoyLoc0 (big blind) folded before Flop
Seat 3: michasia folded before Flop (didn't bet)
Seat 4: RBJ_RBJ collected ($2.50)
Seat 5: CichiChanMarian (button) folded before Flop (didn't bet)
Seat 6: Cositorto (small blind) folded before Flop



PokerStars Hand #254474650885:  Hold'em No Limit ($0.50/$1.00 USD) - 2025/01/20 21:41:42 WET [2025/01/20 16:41:42 ET]
Table 'Scabiosa IV' 6-max Seat #6 is the button
Seat 1: BoyLoc0 ($100 in chips) 
Seat 3: michasia ($157.28 in chips) 
Seat 4: RBJ_RBJ ($71.31 in chips) 
Seat 5: CichiChanMarian ($104.46 in chips) 
Seat 6: Cositorto ($258.09 in chips) 
BoyLoc0: posts small blind $0.50
michasia: posts big blind $1
*** HOLE CARDS ***
RBJ_RBJ: folds 
CichiChanMarian: folds 
Cositorto: raises $1.50 to $2.50
vadjkeee joins the table at seat #2 
BoyLoc0: folds 
michasia: calls $1.50
*** FLOP *** [8h Qc 6s]
michasia: checks 
Cositorto: bets $1.41
michasia: calls $1.41
*** TURN *** [8h Qc 6s] [7c]
michasia: checks 
Cositorto: checks 
*** RIVER *** [8h Qc 6s 7c] [8d]
michasia: bets $5.27
Cositorto: folds 
Uncalled bet ($5.27) returned to michasia
michasia collected $7.90 from pot
michasia: doesn't show hand 
*** SUMMARY ***
Total pot $8.32 | Rake $0.42 
Board [8h Qc 6s 7c 8d]
Seat 1: BoyLoc0 (small blind) folded before Flop
Seat 3: michasia (big blind) collected ($7.90)
Seat 4: RBJ_RBJ folded before Flop (didn't bet)
Seat 5: CichiChanMarian folded before Flop (didn't bet)
Seat 6: Cositorto (button) folded on the River



PokerStars Hand #254474666244:  Hold'em No Limit ($0.50/$1.00 USD) - 2025/01/20 21:42:29 WET [2025/01/20 16:42:29 ET]
Table 'Scabiosa IV' 6-max Seat #1 is the button
Seat 2: vadjkeee ($100 in chips) is sitting out
Seat 1: BoyLoc0 ($100 in chips) 
Seat 3: michasia ($161.27 in chips) 
Seat 4: RBJ_RBJ ($71.31 in chips) 
Seat 5: CichiChanMarian ($104.46 in chips) 
Seat 6: Cositorto ($254.18 in chips) 
michasia: posts small blind $0.50
RBJ_RBJ: posts big blind $1
*** HOLE CARDS ***
CichiChanMarian: raises $1.50 to $2.50
Cositorto: folds 
BoyLoc0: folds 
michasia: folds 
RBJ_RBJ: calls $1.50
*** FLOP *** [Th 9h As]
RBJ_RBJ: checks 
CichiChanMarian: bets $1.72
RBJ_RBJ: calls $1.72
*** TURN *** [Th 9h As] [Qh]
RBJ_RBJ: checks 
CichiChanMarian: checks 
*** RIVER *** [Th 9h As Qh] [Ac]
RBJ_RBJ: bets $4.25
CichiChanMarian: calls $4.25
*** SHOW DOWN ***
RBJ_RBJ: shows [6s Ks] (a pair of Aces)
CichiChanMarian: shows [Jh Qd] (two pair, Aces and Queens)
CichiChanMarian collected $16.57 from pot
*** SUMMARY ***
Total pot $17.44 | Rake $0.87 
Board [Th 9h As Qh Ac]
Seat 2: vadjkeee
Seat 1: BoyLoc0 (button) folded before Flop (didn't bet)
Seat 3: michasia (small blind) folded before Flop
Seat 4: RBJ_RBJ (big blind) showed [6s Ks] and lost with a pair of Aces
Seat 5: CichiChanMarian showed [Jh Qd] and won ($16.57) with two pair, Aces and Queens
Seat 6: Cositorto folded before Flop (didn't bet)



PokerStars Hand #254474684014:  Hold'em No Limit ($0.50/$1.00 USD) - 2025/01/20 21:43:25 WET [2025/01/20 16:43:25 ET]
Table 'Scabiosa IV' 6-max Seat #3 is the button
Seat 2: vadjkeee ($100 in chips) is sitting out
Seat 5: CichiChanMarian ($112.56 in chips) is sitting out
Seat 1: BoyLoc0 ($100 in chips) 
Seat 3: michasia ($160.77 in chips) 
Seat 4: RBJ_RBJ ($62.84 in chips) 
Seat 6: Cositorto ($254.18 in chips) 
RBJ_RBJ: posts small blind $0.50
CichiChanMarian: is sitting out 
Cositorto: posts big blind $1
vadjkeee: sits out 
*** HOLE CARDS ***
BoyLoc0: folds 
michasia: folds 
RBJ_RBJ: raises $2 to $3
CichiChanMarian leaves the table
YeeesMan joins the table at seat #5 
Cositorto: folds 
Uncalled bet ($2) returned to RBJ_RBJ
RBJ_RBJ collected $2 from pot
RBJ_RBJ: doesn't show hand 
*** SUMMARY ***
Total pot $2 | Rake $0 
Seat 2: vadjkeee
Seat 5: CichiChanMarian
Seat 1: BoyLoc0 folded before Flop (didn't bet)
Seat 3: michasia (button) folded before Flop (didn't bet)
Seat 4: RBJ_RBJ (small blind) collected ($2)
Seat 6: Cositorto (big blind) folded before Flop



PokerStars Hand #254474697180:  Hold'em No Limit ($0.50/$1.00 USD) - 2025/01/20 21:44:06 WET [2025/01/20 16:44:06 ET]
Table 'Scabiosa IV' 6-max Seat #4 is the button
Seat 2: vadjkeee ($100 in chips) is sitting out
Seat 5: YeeesMan ($100 in chips) is sitting out
Seat 1: BoyLoc0 ($100 in chips) 
Seat 3: michasia ($160.77 in chips) 
Seat 4: RBJ_RBJ ($63.84 in chips) 
Seat 6: Cositorto ($253.18 in chips) 
Cositorto: posts small blind $0.50
BoyLoc0: posts big blind $1
vadjkeee: sits out 
*** HOLE CARDS ***
michasia: folds 
RBJ_RBJ: raises $2 to $3
Cositorto: folds 
BoyLoc0: raises $7 to $10
RBJ_RBJ: calls $7
*** FLOP *** [Ts Qs 2c]
BoyLoc0: bets $6.44
RBJ_RBJ: folds 
Uncalled bet ($6.44) returned to BoyLoc0
BoyLoc0 collected $19.50 from pot
BoyLoc0: doesn't show hand 
*** SUMMARY ***
Total pot $20.50 | Rake $1 
Board [Ts Qs 2c]
Seat 2: vadjkeee
Seat 5: YeeesMan
Seat 1: BoyLoc0 (big blind) collected ($19.50)
Seat 3: michasia folded before Flop (didn't bet)
Seat 4: RBJ_RBJ (button) folded on the Flop
Seat 6: Cositorto (small blind) folded before Flop



PokerStars Hand #254474711315:  Hold'em No Limit ($0.50/$1.00 USD) - 2025/01/20 21:44:50 WET [2025/01/20 16:44:50 ET]
Table 'Scabiosa IV' 6-max Seat #6 is the button
Seat 5: YeeesMan ($100 in chips) is sitting out
Seat 1: BoyLoc0 ($109.50 in chips) 
Seat 2: vadjkeee ($100 in chips) 
Seat 3: michasia ($160.77 in chips) 
Seat 4: RBJ_RBJ ($53.84 in chips) 
Seat 6: Cositorto ($252.68 in chips) 
BoyLoc0: posts small blind $0.50
vadjkeee: posts big blind $1
YeeesMan: sits out 
*** HOLE CARDS ***
michasia: folds 
RBJ_RBJ: folds 
Cositorto: raises $1.50 to $2.50
BoyLoc0: folds 
vadjkeee: folds 
Uncalled bet ($1.50) returned to Cositorto
Cositorto collected $2.50 from pot
Cositorto: doesn't show hand 
*** SUMMARY ***
Total pot $2.50 | Rake $0 
Seat 5: YeeesMan
Seat 1: BoyLoc0 (small blind) folded before Flop
Seat 2: vadjkeee (big blind) folded before Flop
Seat 3: michasia folded before Flop (didn't bet)
Seat 4: RBJ_RBJ folded before Flop (didn't bet)
Seat 6: Cositorto (button) collected ($2.50)



PokerStars Hand #254474715158:  Hold'em No Limit ($0.50/$1.00 USD) - 2025/01/20 21:45:02 WET [2025/01/20 16:45:02 ET]
Table 'Scabiosa IV' 6-max Seat #1 is the button
Seat 5: YeeesMan ($100 in chips) is sitting out
Seat 1: BoyLoc0 ($109 in chips) 
Seat 2: vadjkeee ($100 in chips) 
Seat 3: michasia ($160.77 in chips) 
Seat 4: RBJ_RBJ ($53.84 in chips) 
Seat 6: Cositorto ($254.18 in chips) 
vadjkeee: posts small blind $0.50
michasia: posts big blind $1
YeeesMan: sits out 
*** HOLE CARDS ***
RBJ_RBJ: calls $1
Cositorto: folds 
BoyLoc0: raises $3 to $4
vadjkeee: folds 
michasia: folds 
RBJ_RBJ: calls $3
*** FLOP *** [3s 9h Ks]
RBJ_RBJ: checks 
BoyLoc0: checks 
*** TURN *** [3s 9h Ks] [4h]
RBJ_RBJ: checks 
BoyLoc0: bets $4.51
RBJ_RBJ: calls $4.51
*** RIVER *** [3s 9h Ks 4h] [7h]
RBJ_RBJ: checks 
BoyLoc0: checks 
*** SHOW DOWN ***
RBJ_RBJ: shows [6h 7c] (a pair of Sevens)
BoyLoc0: shows [8d 8c] (a pair of Eights)
BoyLoc0 collected $17.59 from pot
*** SUMMARY ***
Total pot $18.52 | Rake $0.93 
Board [3s 9h Ks 4h 7h]
Seat 5: YeeesMan
Seat 1: BoyLoc0 (button) showed [8d 8c] and won ($17.59) with a pair of Eights
Seat 2: vadjkeee (small blind) folded before Flop
Seat 3: michasia (big blind) folded before Flop
Seat 4: RBJ_RBJ showed [6h 7c] and lost with a pair of Sevens
Seat 6: Cositorto folded before Flop (didn't bet)



PokerStars Hand #254474732730:  Hold'em No Limit ($0.50/$1.00 USD) - 2025/01/20 21:45:57 WET [2025/01/20 16:45:57 ET]
Table 'Scabiosa IV' 6-max Seat #2 is the button
Seat 5: YeeesMan ($100 in chips) is sitting out
Seat 1: BoyLoc0 ($118.08 in chips) 
Seat 2: vadjkeee ($100 in chips) 
Seat 3: michasia ($159.77 in chips) 
Seat 4: RBJ_RBJ ($45.33 in chips) 
Seat 6: Cositorto ($254.18 in chips) 
michasia: posts small blind $0.50
RBJ_RBJ: posts big blind $1
YeeesMan: sits out 
*** HOLE CARDS ***
Cositorto: folds 
BoyLoc0: folds 
vadjkeee: raises $2 to $3
michasia: folds 
RBJ_RBJ: calls $2
*** FLOP *** [6c 5s 9s]
RBJ_RBJ: checks 
vadjkeee: checks 
*** TURN *** [6c 5s 9s] [Jd]
RBJ_RBJ: checks 
vadjkeee: bets $4.14
RBJ_RBJ: folds 
Uncalled bet ($4.14) returned to vadjkeee
vadjkeee collected $6.18 from pot
vadjkeee: doesn't show hand 
*** SUMMARY ***
Total pot $6.50 | Rake $0.32 
Board [6c 5s 9s Jd]
Seat 5: YeeesMan
Seat 1: BoyLoc0 folded before Flop (didn't bet)
Seat 2: vadjkeee (button) collected ($6.18)
Seat 3: michasia (small blind) folded before Flop
Seat 4: RBJ_RBJ (big blind) folded on the Turn
Seat 6: Cositorto folded before Flop (didn't bet)



PokerStars Hand #254474746108:  Hold'em No Limit ($0.50/$1.00 USD) - 2025/01/20 21:46:39 WET [2025/01/20 16:46:39 ET]
Table 'Scabiosa IV' 6-max Seat #3 is the button
Seat 1: BoyLoc0 ($118.08 in chips) 
Seat 2: vadjkeee ($103.18 in chips) 
Seat 3: michasia ($159.27 in chips) 
Seat 4: RBJ_RBJ ($42.33 in chips) 
Seat 5: YeeesMan ($100 in chips) 
Seat 6: Cositorto ($254.18 in chips) 
RBJ_RBJ: posts small blind $0.50
YeeesMan: posts big blind $1
*** HOLE CARDS ***
Cositorto: folds 
BoyLoc0: folds 
vadjkeee: folds 
michasia: folds 
RBJ_RBJ: calls $0.50
YeeesMan: checks 
*** FLOP *** [As Ah 4s]
RBJ_RBJ: checks 
YeeesMan: checks 
*** TURN *** [As Ah 4s] [6h]
RBJ_RBJ: bets $1
YeeesMan: folds 
Uncalled bet ($1) returned to RBJ_RBJ
RBJ_RBJ collected $1.88 from pot
RBJ_RBJ: doesn't show hand 
*** SUMMARY ***
Total pot $2 | Rake $0.12 
Board [As Ah 4s 6h]
Seat 1: BoyLoc0 folded before Flop (didn't bet)
Seat 2: vadjkeee folded before Flop (didn't bet)
Seat 3: michasia (button) folded before Flop (didn't bet)
Seat 4: RBJ_RBJ (small blind) collected ($1.88)
Seat 5: YeeesMan (big blind) folded on the Turn
Seat 6: Cositorto folded before Flop (didn't bet)



PokerStars Hand #254474759461:  Hold'em No Limit ($0.50/$1.00 USD) - 2025/01/20 21:47:21 WET [2025/01/20 16:47:21 ET]
Table 'Scabiosa IV' 6-max Seat #4 is the button
Seat 1: BoyLoc0 ($118.08 in chips) 
Seat 2: vadjkeee ($103.18 in chips) 
Seat 3: michasia ($159.27 in chips) 
Seat 4: RBJ_RBJ ($43.21 in chips) 
Seat 5: YeeesMan ($100 in chips) 
Seat 6: Cositorto ($254.18 in chips) 
YeeesMan: posts small blind $0.50
Cositorto: posts big blind $1
*** HOLE CARDS ***
BoyLoc0: folds 
vadjkeee: folds 
michasia: folds 
RBJ_RBJ: folds 
YeeesMan: folds 
Uncalled bet ($0.50) returned to Cositorto
Cositorto collected $1 from pot
Cositorto: doesn't show hand 
*** SUMMARY ***
Total pot $1 | Rake $0 
Seat 1: BoyLoc0 folded before Flop (didn't bet)
Seat 2: vadjkeee folded before Flop (didn't bet)
Seat 3: michasia folded before Flop (didn't bet)
Seat 4: RBJ_RBJ (button) folded before Flop (didn't bet)
Seat 5: YeeesMan (small blind) folded before Flop
Seat 6: Cositorto (big blind) collected ($1)



PokerStars Hand #254474764040:  Hold'em No Limit ($0.50/$1.00 USD) - 2025/01/20 21:47:35 WET [2025/01/20 16:47:35 ET]
Table 'Scabiosa IV' 6-max Seat #5 is the button
Seat 1: BoyLoc0 ($118.08 in chips) 
Seat 2: vadjkeee ($103.18 in chips) 
Seat 3: michasia ($159.27 in chips) 
Seat 4: RBJ_RBJ ($43.21 in chips) 
Seat 5: YeeesMan ($100 in chips) 
Seat 6: Cositorto ($254.68 in chips) 
Cositorto: posts small blind $0.50
BoyLoc0: posts big blind $1
*** HOLE CARDS ***
vadjkeee: folds 
michasia: folds 
RBJ_RBJ: folds 
YeeesMan: folds 
Cositorto: folds 
Uncalled bet ($0.50) returned to BoyLoc0
BoyLoc0 collected $1 from pot
BoyLoc0: doesn't show hand 
*** SUMMARY ***
Total pot $1 | Rake $0 
Seat 1: BoyLoc0 (big blind) collected ($1)
Seat 2: vadjkeee folded before Flop (didn't bet)
Seat 3: michasia folded before Flop (didn't bet)
Seat 4: RBJ_RBJ folded before Flop (didn't bet)
Seat 5: YeeesMan (button) folded before Flop (didn't bet)
Seat 6: Cositorto (small blind) folded before Flop



PokerStars Hand #254474768889:  Hold'em No Limit ($0.50/$1.00 USD) - 2025/01/20 21:47:50 WET [2025/01/20 16:47:50 ET]
Table 'Scabiosa IV' 6-max Seat #6 is the button
Seat 1: BoyLoc0 ($118.58 in chips) 
Seat 2: vadjkeee ($103.18 in chips) 
Seat 3: michasia ($159.27 in chips) 
Seat 4: RBJ_RBJ ($43.21 in chips) 
Seat 5: YeeesMan ($100 in chips) 
Seat 6: Cositorto ($254.18 in chips) 
BoyLoc0: posts small blind $0.50
vadjkeee: posts big blind $1
*** HOLE CARDS ***
michasia: folds 
RBJ_RBJ: folds 
YeeesMan: folds 
Cositorto: raises $1.50 to $2.50
BoyLoc0: folds 
vadjkeee: folds 
Uncalled bet ($1.50) returned to Cositorto
Cositorto collected $2.50 from pot
Cositorto: doesn't show hand 
*** SUMMARY ***
Total pot $2.50 | Rake $0 
Seat 1: BoyLoc0 (small blind) folded before Flop
Seat 2: vadjkeee (big blind) folded before Flop
Seat 3: michasia folded before Flop (didn't bet)
Seat 4: RBJ_RBJ folded before Flop (didn't bet)
Seat 5: YeeesMan folded before Flop (didn't bet)
Seat 6: Cositorto (button) collected ($2.50)



PokerStars Hand #254474775395:  Hold'em No Limit ($0.50/$1.00 USD) - 2025/01/20 21:48:11 WET [2025/01/20 16:48:11 ET]
Table 'Scabiosa IV' 6-max Seat #1 is the button
Seat 1: BoyLoc0 ($118.08 in chips) 
Seat 2: vadjkeee ($102.18 in chips) 
Seat 3: michasia ($159.27 in chips) 
Seat 4: RBJ_RBJ ($43.21 in chips) 
Seat 5: YeeesMan ($100 in chips) 
Seat 6: Cositorto ($255.68 in chips) 
vadjkeee: posts small blind $0.50
michasia: posts big blind $1
*** HOLE CARDS ***
RBJ_RBJ: folds 
YeeesMan: folds 
Cositorto: folds 
BoyLoc0: raises $1.50 to $2.50
vadjkeee: folds 
michasia: calls $1.50
*** FLOP *** [9d Js 5c]
michasia: checks 
BoyLoc0: bets $1.72
michasia: calls $1.72
*** TURN *** [9d Js 5c] [Tc]
michasia: checks 
BoyLoc0: bets $12.74
michasia: folds 
Uncalled bet ($12.74) returned to BoyLoc0
BoyLoc0 collected $8.49 from pot
BoyLoc0: doesn't show hand 
*** SUMMARY ***
Total pot $8.94 | Rake $0.45 
Board [9d Js 5c Tc]
Seat 1: BoyLoc0 (button) collected ($8.49)
Seat 2: vadjkeee (small blind) folded before Flop
Seat 3: michasia (big blind) folded on the Turn
Seat 4: RBJ_RBJ folded before Flop (didn't bet)
Seat 5: YeeesMan folded before Flop (didn't bet)
Seat 6: Cositorto folded before Flop (didn't bet)



PokerStars Hand #254474786650:  Hold'em No Limit ($0.50/$1.00 USD) - 2025/01/20 21:48:47 WET [2025/01/20 16:48:47 ET]
Table 'Scabiosa IV' 6-max Seat #2 is the button
Seat 1: BoyLoc0 ($122.35 in chips) 
Seat 2: vadjkeee ($101.68 in chips) 
Seat 3: michasia ($155.05 in chips) 
Seat 4: RBJ_RBJ ($43.21 in chips) 
Seat 5: YeeesMan ($100 in chips) 
Seat 6: Cositorto ($255.68 in chips) 
michasia: posts small blind $0.50
RBJ_RBJ: posts big blind $1
*** HOLE CARDS ***
YeeesMan: folds 
Cositorto: raises $1 to $2
BoyLoc0: folds 
vadjkeee: calls $2
michasia: folds 
RBJ_RBJ: calls $1
*** FLOP *** [Jh 8h 4d]
RBJ_RBJ: checks 
Cositorto: checks 
vadjkeee: bets $3.40
RBJ_RBJ: folds 
Cositorto: folds 
Uncalled bet ($3.40) returned to vadjkeee
vadjkeee collected $6.18 from pot
vadjkeee: doesn't show hand 
*** SUMMARY ***
Total pot $6.50 | Rake $0.32 
Board [Jh 8h 4d]
Seat 1: BoyLoc0 folded before Flop (didn't bet)
Seat 2: vadjkeee (button) collected ($6.18)
Seat 3: michasia (small blind) folded before Flop
Seat 4: RBJ_RBJ (big blind) folded on the Flop
Seat 5: YeeesMan folded before Flop (didn't bet)
Seat 6: Cositorto folded on the Flop



PokerStars Hand #254474810236:  Hold'em No Limit ($0.50/$1.00 USD) - 2025/01/20 21:50:02 WET [2025/01/20 16:50:02 ET]
Table 'Scabiosa IV' 6-max Seat #3 is the button
Seat 5: YeeesMan ($100 in chips) is sitting out
Seat 1: BoyLoc0 ($122.35 in chips) 
Seat 2: vadjkeee ($105.86 in chips) 
Seat 3: michasia ($154.55 in chips) 
Seat 4: RBJ_RBJ ($41.21 in chips) 
Seat 6: Cositorto ($253.68 in chips) 
RBJ_RBJ: posts small blind $0.50
YeeesMan: is sitting out 
Cositorto: posts big blind $1
*** HOLE CARDS ***
BoyLoc0: raises $1.50 to $2.50
YeeesMan leaves the table
vadjkeee: folds 
michasia: folds 
RBJ_RBJ: folds 
MaikonAll joins the table at seat #5 
Cositorto: calls $1.50
*** FLOP *** [8d 2d Jd]
Cositorto: checks 
BoyLoc0: bets $1.72
Cositorto: folds 
Uncalled bet ($1.72) returned to BoyLoc0
BoyLoc0 collected $5.22 from pot
BoyLoc0: doesn't show hand 
*** SUMMARY ***
Total pot $5.50 | Rake $0.28 
Board [8d 2d Jd]
Seat 5: YeeesMan
Seat 1: BoyLoc0 collected ($5.22)
Seat 2: vadjkeee folded before Flop (didn't bet)
Seat 3: michasia (button) folded before Flop (didn't bet)
Seat 4: RBJ_RBJ (small blind) folded before Flop
Seat 6: Cositorto (big blind) folded on the Flop



PokerStars Hand #254474821171:  Hold'em No Limit ($0.50/$1.00 USD) - 2025/01/20 21:50:36 WET [2025/01/20 16:50:36 ET]
Table 'Scabiosa IV' 6-max Seat #4 is the button
Seat 5: MaikonAll ($100 in chips) is sitting out
Seat 1: BoyLoc0 ($125.07 in chips) 
Seat 2: vadjkeee ($105.86 in chips) 
Seat 3: michasia ($154.55 in chips) 
Seat 4: RBJ_RBJ ($40.71 in chips) 
Seat 6: Cositorto ($251.18 in chips) 
Cositorto: posts small blind $0.50
BoyLoc0: posts big blind $1
*** HOLE CARDS ***
vadjkeee: raises $1.50 to $2.50
michasia: folds 
RBJ_RBJ: folds 
Cositorto: raises $8.50 to $11
BoyLoc0: folds 
vadjkeee: folds 
Uncalled bet ($8.50) returned to Cositorto
Cositorto collected $6 from pot
Cositorto: doesn't show hand 
*** SUMMARY ***
Total pot $6 | Rake $0 
Seat 5: MaikonAll
Seat 1: BoyLoc0 (big blind) folded before Flop
Seat 2: vadjkeee folded before Flop
Seat 3: michasia folded before Flop (didn't bet)
Seat 4: RBJ_RBJ (button) folded before Flop (didn't bet)
Seat 6: Cositorto (small blind) collected ($6)



PokerStars Hand #254474833946:  Hold'em No Limit ($0.50/$1.00 USD) - 2025/01/20 21:51:17 WET [2025/01/20 16:51:17 ET]
Table 'Scabiosa IV' 6-max Seat #6 is the button
Seat 5: MaikonAll ($100 in chips) is sitting out
Seat 1: BoyLoc0 ($124.07 in chips) 
Seat 2: vadjkeee ($103.36 in chips) 
Seat 3: michasia ($154.55 in chips) 
Seat 4: RBJ_RBJ ($40.71 in chips) 
Seat 6: Cositorto ($254.68 in chips) 
BoyLoc0: posts small blind $0.50
vadjkeee: posts big blind $1
MaikonAll: sits out 
*** HOLE CARDS ***
michasia: raises $1.60 to $2.60
RBJ_RBJ: calls $2.60
Cositorto: folds 
BoyLoc0: folds 
vadjkeee: calls $1.60
*** FLOP *** [8h Ad 4d]
vadjkeee: checks 
michasia: checks 
RBJ_RBJ: checks 
*** TURN *** [8h Ad 4d] [3d]
vadjkeee: checks 
michasia: bets $5.25
RBJ_RBJ: calls $5.25
vadjkeee: calls $5.25
*** RIVER *** [8h Ad 4d 3d] [2h]
vadjkeee: checks 
michasia: checks 
RBJ_RBJ: checks 
*** SHOW DOWN ***
vadjkeee: shows [Ac 9c] (a pair of Aces)
michasia: mucks hand 
RBJ_RBJ: mucks hand 
vadjkeee collected $22.85 from pot
*** SUMMARY ***
Total pot $24.05 | Rake $1.20 
Board [8h Ad 4d 3d 2h]
Seat 5: MaikonAll
Seat 1: BoyLoc0 (small blind) folded before Flop
Seat 2: vadjkeee (big blind) showed [Ac 9c] and won ($22.85) with a pair of Aces
Seat 3: michasia mucked
Seat 4: RBJ_RBJ mucked
Seat 6: Cositorto (button) folded before Flop (didn't bet)



PokerStars Hand #254474846596:  Hold'em No Limit ($0.50/$1.00 USD) - 2025/01/20 21:51:58 WET [2025/01/20 16:51:58 ET]
Table 'Scabiosa IV' 6-max Seat #1 is the button
Seat 5: MaikonAll ($100 in chips) is sitting out
Seat 1: BoyLoc0 ($123.57 in chips) 
Seat 2: vadjkeee ($118.36 in chips) 
Seat 3: michasia ($146.70 in chips) 
Seat 4: RBJ_RBJ ($32.86 in chips) 
Seat 6: Cositorto ($254.68 in chips) 
vadjkeee: posts small blind $0.50
michasia: posts big blind $1
MaikonAll: sits out 
*** HOLE CARDS ***
RBJ_RBJ: folds 
Cositorto: folds 
BoyLoc0: folds 
vadjkeee: folds 
Uncalled bet ($0.50) returned to michasia
michasia collected $1 from pot
michasia: doesn't show hand 
*** SUMMARY ***
Total pot $1 | Rake $0 
Seat 5: MaikonAll
Seat 1: BoyLoc0 (button) folded before Flop (didn't bet)
Seat 2: vadjkeee (small blind) folded before Flop
Seat 3: michasia (big blind) collected ($1)
Seat 4: RBJ_RBJ folded before Flop (didn't bet)
Seat 6: Cositorto folded before Flop (didn't bet)



PokerStars Hand #254474850875:  Hold'em No Limit ($0.50/$1.00 USD) - 2025/01/20 21:52:11 WET [2025/01/20 16:52:11 ET]
Table 'Scabiosa IV' 6-max Seat #2 is the button
Seat 5: MaikonAll ($100 in chips) is sitting out
Seat 1: BoyLoc0 ($123.57 in chips) 
Seat 2: vadjkeee ($117.86 in chips) 
Seat 3: michasia ($147.20 in chips) 
Seat 4: RBJ_RBJ ($32.86 in chips) 
Seat 6: Cositorto ($254.68 in chips) 
michasia: posts small blind $0.50
RBJ_RBJ: posts big blind $1
MaikonAll: sits out 
*** HOLE CARDS ***
Cositorto: folds 
BoyLoc0: folds 
vadjkeee: raises $2 to $3
michasia: folds 
RBJ_RBJ: calls $2
*** FLOP *** [9d Qc 8d]
RBJ_RBJ: checks 
vadjkeee: bets $1.54
RBJ_RBJ: calls $1.54
*** TURN *** [9d Qc 8d] [Kd]
RBJ_RBJ: checks 
vadjkeee: checks 
*** RIVER *** [9d Qc 8d Kd] [2s]
RBJ_RBJ: bets $4.55
vadjkeee: folds 
Uncalled bet ($4.55) returned to RBJ_RBJ
RBJ_RBJ collected $8.98 from pot
RBJ_RBJ: doesn't show hand 
*** SUMMARY ***
Total pot $9.58 | Rake $0.60 
Board [9d Qc 8d Kd 2s]
Seat 5: MaikonAll
Seat 1: BoyLoc0 folded before Flop (didn't bet)
Seat 2: vadjkeee (button) folded on the River
Seat 3: michasia (small blind) folded before Flop
Seat 4: RBJ_RBJ (big blind) collected ($8.98)
Seat 6: Cositorto folded before Flop (didn't bet)



PokerStars Hand #254474866024:  Hold'em No Limit ($0.50/$1.00 USD) - 2025/01/20 21:53:00 WET [2025/01/20 16:53:00 ET]
Table 'Scabiosa IV' 6-max Seat #3 is the button
Seat 1: BoyLoc0 ($123.57 in chips) 
Seat 2: vadjkeee ($113.32 in chips) 
Seat 3: michasia ($146.70 in chips) 
Seat 4: RBJ_RBJ ($37.30 in chips) 
Seat 5: MaikonAll ($100 in chips) 
Seat 6: Cositorto ($254.68 in chips) 
RBJ_RBJ: posts small blind $0.50
MaikonAll: posts big blind $1
*** HOLE CARDS ***
Cositorto: folds 
BoyLoc0: folds 
vadjkeee: folds 
michasia: folds 
RBJ_RBJ: calls $0.50
MaikonAll: raises $2.50 to $3.50
RBJ_RBJ: calls $2.50
*** FLOP *** [9h Qs Ac]
RBJ_RBJ: checks 
MaikonAll: bets $1.66
RBJ_RBJ: calls $1.66
*** TURN *** [9h Qs Ac] [Kh]
RBJ_RBJ: checks 
MaikonAll: checks 
*** RIVER *** [9h Qs Ac Kh] [9c]
RBJ_RBJ: bets $4.90
MaikonAll: calls $4.90
*** SHOW DOWN ***
RBJ_RBJ: shows [Qh 9d] (a full house, Nines full of Queens)
MaikonAll: mucks hand 
RBJ_RBJ collected $18.86 from pot
*** SUMMARY ***
Total pot $20.12 | Rake $1.26 
Board [9h Qs Ac Kh 9c]
Seat 1: BoyLoc0 folded before Flop (didn't bet)
Seat 2: vadjkeee folded before Flop (didn't bet)
Seat 3: michasia (button) folded before Flop (didn't bet)
Seat 4: RBJ_RBJ (small blind) showed [Qh 9d] and won ($18.86) with a full house, Nines full of Queens
Seat 5: MaikonAll (big blind) mucked
Seat 6: Cositorto folded before Flop (didn't bet)



PokerStars Hand #254474885936:  Hold'em No Limit ($0.50/$1.00 USD) - 2025/01/20 21:54:04 WET [2025/01/20 16:54:04 ET]
Table 'Scabiosa IV' 6-max Seat #4 is the button
Seat 1: BoyLoc0 ($123.57 in chips) 
Seat 2: vadjkeee ($113.32 in chips) 
Seat 3: michasia ($146.70 in chips) 
Seat 4: RBJ_RBJ ($46.10 in chips) 
Seat 5: MaikonAll ($100 in chips) 
Seat 6: Cositorto ($254.68 in chips) 
MaikonAll: posts small blind $0.50
Cositorto: posts big blind $1
*** HOLE CARDS ***
BoyLoc0: folds 
vadjkeee: folds 
michasia: folds 
RBJ_RBJ: raises $2 to $3
MaikonAll: folds 
Cositorto: folds 
Uncalled bet ($2) returned to RBJ_RBJ
RBJ_RBJ collected $2.50 from pot
RBJ_RBJ: doesn't show hand 
*** SUMMARY ***
Total pot $2.50 | Rake $0 
Seat 1: BoyLoc0 folded before Flop (didn't bet)
Seat 2: vadjkeee folded before Flop (didn't bet)
Seat 3: michasia folded before Flop (didn't bet)
Seat 4: RBJ_RBJ (button) collected ($2.50)
Seat 5: MaikonAll (small blind) folded before Flop
Seat 6: Cositorto (big blind) folded before Flop



PokerStars Hand #254474891621:  Hold'em No Limit ($0.50/$1.00 USD) - 2025/01/20 21:54:22 WET [2025/01/20 16:54:22 ET]
Table 'Scabiosa IV' 6-max Seat #5 is the button
Seat 1: BoyLoc0 ($123.57 in chips) 
Seat 2: vadjkeee ($113.32 in chips) 
Seat 3: michasia ($146.70 in chips) 
Seat 4: RBJ_RBJ ($47.60 in chips) 
Seat 5: MaikonAll ($100 in chips) 
Seat 6: Cositorto ($253.68 in chips) 
Cositorto: posts small blind $0.50
BoyLoc0: posts big blind $1
*** HOLE CARDS ***
vadjkeee: folds 
michasia: raises $1.60 to $2.60
RBJ_RBJ: calls $2.60
MaikonAll: folds 
Cositorto: folds 
BoyLoc0: folds 
*** FLOP *** [5h Kh 4d]
michasia: checks 
RBJ_RBJ: checks 
*** TURN *** [5h Kh 4d] [8s]
michasia: bets $4.24
RBJ_RBJ: calls $4.24
*** RIVER *** [5h Kh 4d 8s] [Ah]
michasia: checks 
RBJ_RBJ: bets $10.21
michasia: folds 
Uncalled bet ($10.21) returned to RBJ_RBJ
RBJ_RBJ collected $14.23 from pot
RBJ_RBJ: doesn't show hand 
*** SUMMARY ***
Total pot $15.18 | Rake $0.95 
Board [5h Kh 4d 8s Ah]
Seat 1: BoyLoc0 (big blind) folded before Flop
Seat 2: vadjkeee folded before Flop (didn't bet)
Seat 3: michasia folded on the River
Seat 4: RBJ_RBJ collected ($14.23)
Seat 5: MaikonAll (button) folded before Flop (didn't bet)
Seat 6: Cositorto (small blind) folded before Flop



PokerStars Hand #254474904518:  Hold'em No Limit ($0.50/$1.00 USD) - 2025/01/20 21:55:04 WET [2025/01/20 16:55:04 ET]
Table 'Scabiosa IV' 6-max Seat #6 is the button
Seat 1: BoyLoc0 ($122.57 in chips) 
Seat 2: vadjkeee ($113.32 in chips) 
Seat 3: michasia ($139.86 in chips) 
Seat 4: RBJ_RBJ ($54.99 in chips) 
Seat 5: MaikonAll ($100 in chips) 
Seat 6: Cositorto ($253.18 in chips) 
BoyLoc0: posts small blind $0.50
vadjkeee: posts big blind $1
*** HOLE CARDS ***
michasia: folds 
RBJ_RBJ: folds 
MaikonAll: raises $1.30 to $2.30
Cositorto: folds 
BoyLoc0: folds 
vadjkeee: folds 
Uncalled bet ($1.30) returned to MaikonAll
MaikonAll collected $2.50 from pot
MaikonAll: doesn't show hand 
*** SUMMARY ***
Total pot $2.50 | Rake $0 
Seat 1: BoyLoc0 (small blind) folded before Flop
Seat 2: vadjkeee (big blind) folded before Flop
Seat 3: michasia folded before Flop (didn't bet)
Seat 4: RBJ_RBJ folded before Flop (didn't bet)
Seat 5: MaikonAll collected ($2.50)
Seat 6: Cositorto (button) folded before Flop (didn't bet)



PokerStars Hand #254474910590:  Hold'em No Limit ($0.50/$1.00 USD) - 2025/01/20 21:55:32 WET [2025/01/20 16:55:32 ET]
Table 'Scabiosa IV' 6-max Seat #1 is the button
Seat 1: BoyLoc0 ($122.07 in chips) 
Seat 2: vadjkeee ($112.32 in chips) 
Seat 3: michasia ($139.86 in chips) 
Seat 4: RBJ_RBJ ($54.99 in chips) 
Seat 5: MaikonAll ($101.50 in chips) 
Seat 6: Cositorto ($253.18 in chips) 
vadjkeee: posts small blind $0.50
michasia: posts big blind $1
*** HOLE CARDS ***
RBJ_RBJ: folds 
MaikonAll: folds 
Cositorto: raises $1 to $2
BoyLoc0: folds 
vadjkeee: folds 
michasia: folds 
Uncalled bet ($1) returned to Cositorto
Cositorto collected $2.50 from pot
Cositorto: doesn't show hand 
*** SUMMARY ***
Total pot $2.50 | Rake $0 
Seat 1: BoyLoc0 (button) folded before Flop (didn't bet)
Seat 2: vadjkeee (small blind) folded before Flop
Seat 3: michasia (big blind) folded before Flop
Seat 4: RBJ_RBJ folded before Flop (didn't bet)
Seat 5: MaikonAll folded before Flop (didn't bet)
Seat 6: Cositorto collected ($2.50)



PokerStars Hand #254474916476:  Hold'em No Limit ($0.50/$1.00 USD) - 2025/01/20 21:55:58 WET [2025/01/20 16:55:58 ET]
Table 'Scabiosa IV' 6-max Seat #2 is the button
Seat 1: BoyLoc0 ($122.07 in chips) 
Seat 2: vadjkeee ($111.82 in chips) 
Seat 3: michasia ($138.86 in chips) 
Seat 4: RBJ_RBJ ($54.99 in chips) 
Seat 5: MaikonAll ($101.50 in chips) 
Seat 6: Cositorto ($254.68 in chips) 
michasia: posts small blind $0.50
RBJ_RBJ: posts big blind $1
*** HOLE CARDS ***
MaikonAll: folds 
Cositorto: raises $1 to $2
BoyLoc0: raises $5 to $7
vadjkeee: folds 
michasia: folds 
RBJ_RBJ: folds 
Cositorto: folds 
Uncalled bet ($5) returned to BoyLoc0
BoyLoc0 collected $5.50 from pot
BoyLoc0: doesn't show hand 
*** SUMMARY ***
Total pot $5.50 | Rake $0 
Seat 1: BoyLoc0 collected ($5.50)
Seat 2: vadjkeee (button) folded before Flop (didn't bet)
Seat 3: michasia (small blind) folded before Flop
Seat 4: RBJ_RBJ (big blind) folded before Flop
Seat 5: MaikonAll folded before Flop (didn't bet)
Seat 6: Cositorto folded before Flop



PokerStars Hand #254474923527:  Hold'em No Limit ($0.50/$1.00 USD) - 2025/01/20 21:56:31 WET [2025/01/20 16:56:31 ET]
Table 'Scabiosa IV' 6-max Seat #3 is the button
Seat 1: BoyLoc0 ($125.57 in chips) 
Seat 2: vadjkeee ($111.82 in chips) 
Seat 3: michasia ($138.36 in chips) 
Seat 4: RBJ_RBJ ($53.99 in chips) 
Seat 5: MaikonAll ($101.50 in chips) 
Seat 6: Cositorto ($252.68 in chips) 
RBJ_RBJ: posts small blind $0.50
MaikonAll: posts big blind $1
*** HOLE CARDS ***
Cositorto: folds 
BoyLoc0: folds 
vadjkeee: folds 
michasia: folds 
RBJ_RBJ: calls $0.50
MaikonAll: raises $3 to $4
RBJ_RBJ: calls $3
*** FLOP *** [Tc Kh Qs]
RBJ_RBJ: checks 
MaikonAll: bets $1.90
RBJ_RBJ: calls $1.90
*** TURN *** [Tc Kh Qs] [Qc]
RBJ_RBJ: checks 
MaikonAll: checks 
*** RIVER *** [Tc Kh Qs Qc] [6d]
RBJ_RBJ: bets $5.61
MaikonAll: calls $5.61
*** SHOW DOWN ***
RBJ_RBJ: shows [2c Kc] (two pair, Kings and Queens)
MaikonAll: shows [Kd 8d] (two pair, Kings and Queens)
RBJ_RBJ collected $10.80 from pot
MaikonAll collected $10.93 from pot
*** SUMMARY ***
Total pot $23.02 | Rake $1.29 
Board [Tc Kh Qs Qc 6d]
Seat 1: BoyLoc0 folded before Flop (didn't bet)
Seat 2: vadjkeee folded before Flop (didn't bet)
Seat 3: michasia (button) folded before Flop (didn't bet)
Seat 4: RBJ_RBJ (small blind) showed [2c Kc] and won ($10.80) with two pair, Kings and Queens
Seat 5: MaikonAll (big blind) showed [Kd 8d] and won ($10.93) with two pair, Kings and Queens
Seat 6: Cositorto folded before Flop (didn't bet)



PokerStars Hand #254475074924:  Hold'em No Limit ($0.50/$1.00 USD) - 2025/01/20 22:06:05 WET [2025/01/20 17:06:05 ET]
Table 'Scabiosa IV' 6-max Seat #3 is the button
Seat 1: BoyLoc0 ($100 in chips) 
Seat 2: vadjkeee ($213.14 in chips) 
Seat 3: michasia ($135.36 in chips) 
Seat 4: RBJ_RBJ ($14.06 in chips) 
Seat 5: MaikonAll ($104.63 in chips) 
Seat 6: Cositorto ($293.23 in chips) 
RBJ_RBJ: posts small blind $0.50
MaikonAll: posts big blind $1
*** HOLE CARDS ***
Cositorto: folds 
BoyLoc0: folds 
vadjkeee: folds 
michasia: folds 
RBJ_RBJ: calls $0.50
MaikonAll: checks 
*** FLOP *** [9h Ah 6s]
RBJ_RBJ: checks 
MaikonAll: checks 
*** TURN *** [9h Ah 6s] [9c]
RBJ_RBJ: bets $1
MaikonAll: folds 
Uncalled bet ($1) returned to RBJ_RBJ
RBJ_RBJ collected $1.88 from pot
RBJ_RBJ: doesn't show hand 
*** SUMMARY ***
Total pot $2 | Rake $0.12 
Board [9h Ah 6s 9c]
Seat 1: BoyLoc0 folded before Flop (didn't bet)
Seat 2: vadjkeee folded before Flop (didn't bet)
Seat 3: michasia (button) folded before Flop (didn't bet)
Seat 4: RBJ_RBJ (small blind) collected ($1.88)
Seat 5: MaikonAll (big blind) folded on the Turn
Seat 6: Cositorto folded before Flop (didn't bet)



PokerStars Hand #254475086884:  Hold'em No Limit ($0.50/$1.00 USD) - 2025/01/20 22:06:44 WET [2025/01/20 17:06:44 ET]
Table 'Scabiosa IV' 6-max Seat #4 is the button
Seat 1: BoyLoc0 ($100 in chips) 
Seat 2: vadjkeee ($213.14 in chips) 
Seat 3: michasia ($135.36 in chips) 
Seat 4: RBJ_RBJ ($14.94 in chips) 
Seat 5: MaikonAll ($103.63 in chips) 
Seat 6: Cositorto ($293.23 in chips) 
MaikonAll: posts small blind $0.50
Cositorto: posts big blind $1
*** HOLE CARDS ***
BoyLoc0: folds 
vadjkeee: folds 
michasia: folds 
RBJ_RBJ: raises $2 to $3
MaikonAll: folds 
Cositorto: folds 
Uncalled bet ($2) returned to RBJ_RBJ
RBJ_RBJ collected $2.50 from pot
RBJ_RBJ: doesn't show hand 
*** SUMMARY ***
Total pot $2.50 | Rake $0 
Seat 1: BoyLoc0 folded before Flop (didn't bet)
Seat 2: vadjkeee folded before Flop (didn't bet)
Seat 3: michasia folded before Flop (didn't bet)
Seat 4: RBJ_RBJ (button) collected ($2.50)
Seat 5: MaikonAll (small blind) folded before Flop
Seat 6: Cositorto (big blind) folded before Flop



PokerStars Hand #254475093122:  Hold'em No Limit ($0.50/$1.00 USD) - 2025/01/20 22:07:05 WET [2025/01/20 17:07:05 ET]
Table 'Scabiosa IV' 6-max Seat #5 is the button
Seat 1: BoyLoc0 ($100 in chips) 
Seat 2: vadjkeee ($213.14 in chips) 
Seat 3: michasia ($135.36 in chips) 
Seat 4: RBJ_RBJ ($16.44 in chips) 
Seat 5: MaikonAll ($103.13 in chips) 
Seat 6: Cositorto ($292.23 in chips) 
Cositorto: posts small blind $0.50
BoyLoc0: posts big blind $1
*** HOLE CARDS ***
vadjkeee: folds 
michasia: folds 
RBJ_RBJ: folds 
MaikonAll: raises $1.50 to $2.50
Cositorto: folds 
BoyLoc0: raises $10.50 to $13
MaikonAll: folds 
Uncalled bet ($10.50) returned to BoyLoc0
BoyLoc0 collected $5.50 from pot
BoyLoc0: doesn't show hand 
*** SUMMARY ***
Total pot $5.50 | Rake $0 
Seat 1: BoyLoc0 (big blind) collected ($5.50)
Seat 2: vadjkeee folded before Flop (didn't bet)
Seat 3: michasia folded before Flop (didn't bet)
Seat 4: RBJ_RBJ folded before Flop (didn't bet)
Seat 5: MaikonAll (button) folded before Flop
Seat 6: Cositorto (small blind) folded before Flop



PokerStars Hand #254475100431:  Hold'em No Limit ($0.50/$1.00 USD) - 2025/01/20 22:07:29 WET [2025/01/20 17:07:29 ET]
Table 'Scabiosa IV' 6-max Seat #6 is the button
Seat 1: BoyLoc0 ($103 in chips) 
Seat 2: vadjkeee ($213.14 in chips) 
Seat 3: michasia ($135.36 in chips) 
Seat 4: RBJ_RBJ ($100 in chips) 
Seat 5: MaikonAll ($100.63 in chips) 
Seat 6: Cositorto ($291.73 in chips) 
BoyLoc0: posts small blind $0.50
vadjkeee: posts big blind $1
*** HOLE CARDS ***
michasia: raises $1.60 to $2.60
RBJ_RBJ: folds 
MaikonAll: folds 
Cositorto: raises $5.20 to $7.80
BoyLoc0: folds 
vadjkeee: folds 
michasia: raises $14.20 to $22
Cositorto: folds 
Uncalled bet ($14.20) returned to michasia
michasia collected $17.10 from pot
michasia: doesn't show hand 
*** SUMMARY ***
Total pot $17.10 | Rake $0 
Seat 1: BoyLoc0 (small blind) folded before Flop
Seat 2: vadjkeee (big blind) folded before Flop
Seat 3: michasia collected ($17.10)
Seat 4: RBJ_RBJ folded before Flop (didn't bet)
Seat 5: MaikonAll folded before Flop (didn't bet)
Seat 6: Cositorto (button) folded before Flop



PokerStars Hand #254475111864:  Hold'em No Limit ($0.50/$1.00 USD) - 2025/01/20 22:08:06 WET [2025/01/20 17:08:06 ET]
Table 'Scabiosa IV' 6-max Seat #1 is the button
Seat 1: BoyLoc0 ($102.50 in chips) 
Seat 2: vadjkeee ($212.14 in chips) 
Seat 3: michasia ($144.66 in chips) 
Seat 4: RBJ_RBJ ($100 in chips) 
Seat 5: MaikonAll ($100.63 in chips) 
Seat 6: Cositorto ($283.93 in chips) 
vadjkeee: posts small blind $0.50
michasia: posts big blind $1
*** HOLE CARDS ***
RBJ_RBJ: raises $2 to $3
MaikonAll: folds 
Cositorto: folds 
BoyLoc0: folds 
vadjkeee: folds 
michasia: folds 
Uncalled bet ($2) returned to RBJ_RBJ
RBJ_RBJ collected $2.50 from pot
RBJ_RBJ: doesn't show hand 
*** SUMMARY ***
Total pot $2.50 | Rake $0 
Seat 1: BoyLoc0 (button) folded before Flop (didn't bet)
Seat 2: vadjkeee (small blind) folded before Flop
Seat 3: michasia (big blind) folded before Flop
Seat 4: RBJ_RBJ collected ($2.50)
Seat 5: MaikonAll folded before Flop (didn't bet)
Seat 6: Cositorto folded before Flop (didn't bet)



PokerStars Hand #254475115321:  Hold'em No Limit ($0.50/$1.00 USD) - 2025/01/20 22:08:17 WET [2025/01/20 17:08:17 ET]
Table 'Scabiosa IV' 6-max Seat #2 is the button
Seat 1: BoyLoc0 ($102.50 in chips) 
Seat 2: vadjkeee ($211.64 in chips) 
Seat 3: michasia ($143.66 in chips) 
Seat 4: RBJ_RBJ ($101.50 in chips) 
Seat 5: MaikonAll ($100.63 in chips) 
Seat 6: Cositorto ($283.93 in chips) 
michasia: posts small blind $0.50
RBJ_RBJ: posts big blind $1
*** HOLE CARDS ***
MaikonAll: folds 
Cositorto: folds 
BoyLoc0: raises $1.50 to $2.50
vadjkeee: folds 
michasia: folds 
RBJ_RBJ: calls $1.50
*** FLOP *** [Ad 5d Qh]
RBJ_RBJ: checks 
BoyLoc0: bets $1.72
RBJ_RBJ: calls $1.72
*** TURN *** [Ad 5d Qh] [5h]
RBJ_RBJ: checks 
BoyLoc0: checks 
*** RIVER *** [Ad 5d Qh 5h] [9h]
RBJ_RBJ: checks 
BoyLoc0: checks 
*** SHOW DOWN ***
RBJ_RBJ: shows [Jd Th] (a pair of Fives)
BoyLoc0: shows [8s 9s] (two pair, Nines and Fives)
BoyLoc0 collected $8.49 from pot
*** SUMMARY ***
Total pot $8.94 | Rake $0.45 
Board [Ad 5d Qh 5h 9h]
Seat 1: BoyLoc0 showed [8s 9s] and won ($8.49) with two pair, Nines and Fives
Seat 2: vadjkeee (button) folded before Flop (didn't bet)
Seat 3: michasia (small blind) folded before Flop
Seat 4: RBJ_RBJ (big blind) showed [Jd Th] and lost with a pair of Fives
Seat 5: MaikonAll folded before Flop (didn't bet)
Seat 6: Cositorto folded before Flop (didn't bet)



PokerStars Hand #254475134366:  Hold'em No Limit ($0.50/$1.00 USD) - 2025/01/20 22:09:19 WET [2025/01/20 17:09:19 ET]
Table 'Scabiosa IV' 6-max Seat #3 is the button
Seat 1: BoyLoc0 ($106.77 in chips) 
Seat 2: vadjkeee ($211.64 in chips) 
Seat 3: michasia ($143.16 in chips) 
Seat 4: RBJ_RBJ ($97.28 in chips) 
Seat 5: MaikonAll ($100.63 in chips) 
Seat 6: Cositorto ($283.93 in chips) 
RBJ_RBJ: posts small blind $0.50
MaikonAll: posts big blind $1
*** HOLE CARDS ***
Cositorto: folds 
BoyLoc0: folds 
vadjkeee: folds 
michasia: folds 
RBJ_RBJ: folds 
Uncalled bet ($0.50) returned to MaikonAll
MaikonAll collected $1 from pot
MaikonAll: doesn't show hand 
*** SUMMARY ***
Total pot $1 | Rake $0 
Seat 1: BoyLoc0 folded before Flop (didn't bet)
Seat 2: vadjkeee folded before Flop (didn't bet)
Seat 3: michasia (button) folded before Flop (didn't bet)
Seat 4: RBJ_RBJ (small blind) folded before Flop
Seat 5: MaikonAll (big blind) collected ($1)
Seat 6: Cositorto folded before Flop (didn't bet)



PokerStars Hand #254475137571:  Hold'em No Limit ($0.50/$1.00 USD) - 2025/01/20 22:09:30 WET [2025/01/20 17:09:30 ET]
Table 'Scabiosa IV' 6-max Seat #4 is the button
Seat 1: BoyLoc0 ($106.77 in chips) 
Seat 2: vadjkeee ($211.64 in chips) 
Seat 3: michasia ($143.16 in chips) 
Seat 4: RBJ_RBJ ($96.78 in chips) 
Seat 5: MaikonAll ($101.13 in chips) 
Seat 6: Cositorto ($283.93 in chips) 
MaikonAll: posts small blind $0.50
Cositorto: posts big blind $1
*** HOLE CARDS ***
BoyLoc0: raises $1.50 to $2.50
vadjkeee: folds 
michasia: folds 
RBJ_RBJ: folds 
MaikonAll: folds 
Cositorto: calls $1.50
*** FLOP *** [6h 5h Qh]
Cositorto: checks 
BoyLoc0: checks 
*** TURN *** [6h 5h Qh] [6d]
Cositorto: bets $3.50
BoyLoc0: folds 
Uncalled bet ($3.50) returned to Cositorto
Cositorto collected $5.22 from pot
Cositorto: doesn't show hand 
*** SUMMARY ***
Total pot $5.50 | Rake $0.28 
Board [6h 5h Qh 6d]
Seat 1: BoyLoc0 folded on the Turn
Seat 2: vadjkeee folded before Flop (didn't bet)
Seat 3: michasia folded before Flop (didn't bet)
Seat 4: RBJ_RBJ (button) folded before Flop (didn't bet)
Seat 5: MaikonAll (small blind) folded before Flop
Seat 6: Cositorto (big blind) collected ($5.22)



PokerStars Hand #254475149217:  Hold'em No Limit ($0.50/$1.00 USD) - 2025/01/20 22:10:09 WET [2025/01/20 17:10:09 ET]
Table 'Scabiosa IV' 6-max Seat #5 is the button
Seat 1: BoyLoc0 ($104.27 in chips) 
Seat 2: vadjkeee ($211.64 in chips) 
Seat 3: michasia ($143.16 in chips) 
Seat 4: RBJ_RBJ ($96.78 in chips) 
Seat 5: MaikonAll ($100.63 in chips) 
Seat 6: Cositorto ($286.65 in chips) 
Cositorto: posts small blind $0.50
BoyLoc0: posts big blind $1
*** HOLE CARDS ***
vadjkeee: raises $1.50 to $2.50
michasia: folds 
RBJ_RBJ: folds 
MaikonAll: folds 
Cositorto: folds 
BoyLoc0: raises $9.50 to $12
vadjkeee: folds 
Uncalled bet ($9.50) returned to BoyLoc0
BoyLoc0 collected $5.50 from pot
BoyLoc0: doesn't show hand 
*** SUMMARY ***
Total pot $5.50 | Rake $0 
Seat 1: BoyLoc0 (big blind) collected ($5.50)
Seat 2: vadjkeee folded before Flop
Seat 3: michasia folded before Flop (didn't bet)
Seat 4: RBJ_RBJ folded before Flop (didn't bet)
Seat 5: MaikonAll (button) folded before Flop (didn't bet)
Seat 6: Cositorto (small blind) folded before Flop



PokerStars Hand #254475155842:  Hold'em No Limit ($0.50/$1.00 USD) - 2025/01/20 22:10:30 WET [2025/01/20 17:10:30 ET]
Table 'Scabiosa IV' 6-max Seat #6 is the button
Seat 1: BoyLoc0 ($107.27 in chips) 
Seat 2: vadjkeee ($209.14 in chips) 
Seat 3: michasia ($143.16 in chips) 
Seat 4: RBJ_RBJ ($96.78 in chips) 
Seat 5: MaikonAll ($100.63 in chips) 
Seat 6: Cositorto ($286.15 in chips) 
BoyLoc0: posts small blind $0.50
vadjkeee: posts big blind $1
*** HOLE CARDS ***
michasia: folds 
RBJ_RBJ: raises $2 to $3
MaikonAll: folds 
Cositorto: raises $6 to $9
BoyLoc0: folds 
vadjkeee: folds 
RBJ_RBJ: calls $6
*** FLOP *** [9h 8h 5c]
RBJ_RBJ: checks 
Cositorto: checks 
*** TURN *** [9h 8h 5c] [Qh]
RBJ_RBJ: checks 
Cositorto: bets $12.50
RBJ_RBJ: calls $12.50
*** RIVER *** [9h 8h 5c Qh] [9s]
RBJ_RBJ: checks 
Cositorto: bets $31.71
RBJ_RBJ: folds 
Uncalled bet ($31.71) returned to Cositorto
Cositorto collected $42.28 from pot
Cositorto: doesn't show hand 
*** SUMMARY ***
Total pot $44.50 | Rake $2.22 
Board [9h 8h 5c Qh 9s]
Seat 1: BoyLoc0 (small blind) folded before Flop
Seat 2: vadjkeee (big blind) folded before Flop
Seat 3: michasia folded before Flop (didn't bet)
Seat 4: RBJ_RBJ folded on the River
Seat 5: MaikonAll folded before Flop (didn't bet)
Seat 6: Cositorto (button) collected ($42.28)



PokerStars Hand #254475181482:  Hold'em No Limit ($0.50/$1.00 USD) - 2025/01/20 22:11:56 WET [2025/01/20 17:11:56 ET]
Table 'Scabiosa IV' 6-max Seat #1 is the button
Seat 1: BoyLoc0 ($106.77 in chips) 
Seat 2: vadjkeee ($208.14 in chips) 
Seat 3: michasia ($143.16 in chips) 
Seat 4: RBJ_RBJ ($75.28 in chips) 
Seat 5: MaikonAll ($100.63 in chips) 
Seat 6: Cositorto ($306.93 in chips) 
vadjkeee: posts small blind $0.50
michasia: posts big blind $1
*** HOLE CARDS ***
RBJ_RBJ: folds 
MaikonAll: folds 
Cositorto: folds 
BoyLoc0: raises $1.50 to $2.50
vadjkeee: folds 
michasia: calls $1.50
*** FLOP *** [Qh Ac Js]
michasia: checks 
BoyLoc0: bets $1.72
michasia: calls $1.72
*** TURN *** [Qh Ac Js] [8s]
michasia: checks 
BoyLoc0: bets $10.74
michasia: folds 
Uncalled bet ($10.74) returned to BoyLoc0
BoyLoc0 collected $8.49 from pot
BoyLoc0: doesn't show hand 
*** SUMMARY ***
Total pot $8.94 | Rake $0.45 
Board [Qh Ac Js 8s]
Seat 1: BoyLoc0 (button) collected ($8.49)
Seat 2: vadjkeee (small blind) folded before Flop
Seat 3: michasia (big blind) folded on the Turn
Seat 4: RBJ_RBJ folded before Flop (didn't bet)
Seat 5: MaikonAll folded before Flop (didn't bet)
Seat 6: Cositorto folded before Flop (didn't bet)



PokerStars Hand #254475195567:  Hold'em No Limit ($0.50/$1.00 USD) - 2025/01/20 22:12:42 WET [2025/01/20 17:12:42 ET]
Table 'Scabiosa IV' 6-max Seat #2 is the button
Seat 1: BoyLoc0 ($111.04 in chips) 
Seat 2: vadjkeee ($207.64 in chips) 
Seat 3: michasia ($138.94 in chips) 
Seat 4: RBJ_RBJ ($75.28 in chips) 
Seat 5: MaikonAll ($100.63 in chips) 
Seat 6: Cositorto ($306.93 in chips) 
michasia: posts small blind $0.50
RBJ_RBJ: posts big blind $1
*** HOLE CARDS ***
MaikonAll: folds 
Cositorto: raises $1 to $2
BoyLoc0: folds 
vadjkeee: folds 
michasia: folds 
RBJ_RBJ: calls $1
*** FLOP *** [Td Qh 9d]
RBJ_RBJ: checks 
Cositorto: bets $2.14
RBJ_RBJ: folds 
Uncalled bet ($2.14) returned to Cositorto
Cositorto collected $4.28 from pot
Cositorto: doesn't show hand 
*** SUMMARY ***
Total pot $4.50 | Rake $0.22 
Board [Td Qh 9d]
Seat 1: BoyLoc0 folded before Flop (didn't bet)
Seat 2: vadjkeee (button) folded before Flop (didn't bet)
Seat 3: michasia (small blind) folded before Flop
Seat 4: RBJ_RBJ (big blind) folded on the Flop
Seat 5: MaikonAll folded before Flop (didn't bet)
Seat 6: Cositorto collected ($4.28)



PokerStars Hand #254475205799:  Hold'em No Limit ($0.50/$1.00 USD) - 2025/01/20 22:13:17 WET [2025/01/20 17:13:17 ET]
Table 'Scabiosa IV' 6-max Seat #3 is the button
Seat 1: BoyLoc0 ($111.04 in chips) 
Seat 2: vadjkeee ($207.64 in chips) 
Seat 3: michasia ($138.44 in chips) 
Seat 4: RBJ_RBJ ($73.28 in chips) 
Seat 5: MaikonAll ($100.63 in chips) 
Seat 6: Cositorto ($309.21 in chips) 
RBJ_RBJ: posts small blind $0.50
MaikonAll: posts big blind $1
*** HOLE CARDS ***
Cositorto: folds 
BoyLoc0: folds 
vadjkeee: raises $2 to $3
michasia: calls $3
RBJ_RBJ: folds 
MaikonAll: folds 
*** FLOP *** [Jh Kc 7c]
vadjkeee: bets $2.35
michasia: folds 
Uncalled bet ($2.35) returned to vadjkeee
vadjkeee collected $7.12 from pot
vadjkeee: doesn't show hand 
*** SUMMARY ***
Total pot $7.50 | Rake $0.38 
Board [Jh Kc 7c]
Seat 1: BoyLoc0 folded before Flop (didn't bet)
Seat 2: vadjkeee collected ($7.12)
Seat 3: michasia (button) folded on the Flop
Seat 4: RBJ_RBJ (small blind) folded before Flop
Seat 5: MaikonAll (big blind) folded before Flop
Seat 6: Cositorto folded before Flop (didn't bet)



PokerStars Hand #254475341029:  Hold'em No Limit ($0.50/$1.00 USD) - 2025/01/20 22:20:52 WET [2025/01/20 17:20:52 ET]
Table 'Scabiosa IV' 6-max Seat #2 is the button
Seat 1: BoyLoc0 ($134.40 in chips) 
Seat 2: vadjkeee ($228.17 in chips) 
Seat 3: michasia ($115.44 in chips) 
Seat 4: RBJ_RBJ ($75.82 in chips) 
Seat 5: MaikonAll ($100 in chips) 
Seat 6: Cositorto ($298.91 in chips) 
michasia: posts small blind $0.50
RBJ_RBJ: posts big blind $1
*** HOLE CARDS ***
MaikonAll: folds 
Cositorto: folds 
BoyLoc0: raises $1.50 to $2.50
vadjkeee: folds 
michasia: folds 
RBJ_RBJ: calls $1.50
*** FLOP *** [9c Ts 8h]
RBJ_RBJ: checks 
BoyLoc0: checks 
*** TURN *** [9c Ts 8h] [4h]
RBJ_RBJ: bets $2.61
BoyLoc0: calls $2.61
*** RIVER *** [9c Ts 8h 4h] [7c]
RBJ_RBJ: checks 
BoyLoc0: bets $7.64
RBJ_RBJ: raises $12.73 to $20.37
BoyLoc0: calls $12.73
*** SHOW DOWN ***
RBJ_RBJ: shows [Kc Js] (a straight, Seven to Jack)
BoyLoc0: shows [Ad Jc] (a straight, Seven to Jack)
RBJ_RBJ collected $24.17 from pot
BoyLoc0 collected $24.48 from pot
*** SUMMARY ***
Total pot $51.46 | Rake $2.81 
Board [9c Ts 8h 4h 7c]
Seat 1: BoyLoc0 showed [Ad Jc] and won ($24.48) with a straight, Seven to Jack
Seat 2: vadjkeee (button) folded before Flop (didn't bet)
Seat 3: michasia (small blind) folded before Flop
Seat 4: RBJ_RBJ (big blind) showed [Kc Js] and won ($24.17) with a straight, Seven to Jack
Seat 5: MaikonAll folded before Flop (didn't bet)
Seat 6: Cositorto folded before Flop (didn't bet)



PokerStars Hand #254475353947:  Hold'em No Limit ($0.50/$1.00 USD) - 2025/01/20 22:21:35 WET [2025/01/20 17:21:35 ET]
Table 'Scabiosa IV' 6-max Seat #3 is the button
Seat 1: BoyLoc0 ($133.40 in chips) 
Seat 2: vadjkeee ($228.17 in chips) 
Seat 3: michasia ($114.94 in chips) 
Seat 4: RBJ_RBJ ($74.51 in chips) 
Seat 5: MaikonAll ($100 in chips) 
Seat 6: Cositorto ($298.91 in chips) 
RBJ_RBJ: posts small blind $0.50
MaikonAll: posts big blind $1
*** HOLE CARDS ***
Cositorto: raises $1 to $2
BoyLoc0: folds 
vadjkeee: folds 
michasia: folds 
RBJ_RBJ: folds 
MaikonAll: calls $1
*** FLOP *** [Ac 8h 3s]
MaikonAll: checks 
Cositorto: bets $1.16
MaikonAll: folds 
Uncalled bet ($1.16) returned to Cositorto
Cositorto collected $4.28 from pot
Cositorto: doesn't show hand 
*** SUMMARY ***
Total pot $4.50 | Rake $0.22 
Board [Ac 8h 3s]
Seat 1: BoyLoc0 folded before Flop (didn't bet)
Seat 2: vadjkeee folded before Flop (didn't bet)
Seat 3: michasia (button) folded before Flop (didn't bet)
Seat 4: RBJ_RBJ (small blind) folded before Flop
Seat 5: MaikonAll (big blind) folded on the Flop
Seat 6: Cositorto collected ($4.28)



PokerStars Hand #254475371199:  Hold'em No Limit ($0.50/$1.00 USD) - 2025/01/20 22:22:33 WET [2025/01/20 17:22:33 ET]
Table 'Scabiosa IV' 6-max Seat #4 is the button
Seat 1: BoyLoc0 ($133.40 in chips) 
Seat 2: vadjkeee ($228.17 in chips) 
Seat 3: michasia ($114.94 in chips) 
Seat 4: RBJ_RBJ ($74.01 in chips) 
Seat 5: MaikonAll ($100 in chips) 
Seat 6: Cositorto ($301.19 in chips) 
MaikonAll: posts small blind $0.50
Cositorto: posts big blind $1
*** HOLE CARDS ***
BoyLoc0: folds 
vadjkeee: folds 
michasia: folds 
RBJ_RBJ: raises $2 to $3
MaikonAll: folds 
Cositorto: folds 
Uncalled bet ($2) returned to RBJ_RBJ
RBJ_RBJ collected $2.50 from pot
RBJ_RBJ: doesn't show hand 
*** SUMMARY ***
Total pot $2.50 | Rake $0 
Seat 1: BoyLoc0 folded before Flop (didn't bet)
Seat 2: vadjkeee folded before Flop (didn't bet)
Seat 3: michasia folded before Flop (didn't bet)
Seat 4: RBJ_RBJ (button) collected ($2.50)
Seat 5: MaikonAll (small blind) folded before Flop
Seat 6: Cositorto (big blind) folded before Flop



PokerStars Hand #254475375027:  Hold'em No Limit ($0.50/$1.00 USD) - 2025/01/20 22:22:46 WET [2025/01/20 17:22:46 ET]
Table 'Scabiosa IV' 6-max Seat #5 is the button
Seat 1: BoyLoc0 ($133.40 in chips) 
Seat 2: vadjkeee ($228.17 in chips) 
Seat 3: michasia ($114.94 in chips) 
Seat 4: RBJ_RBJ ($75.51 in chips) 
Seat 5: MaikonAll ($100 in chips) 
Seat 6: Cositorto ($300.19 in chips) 
Cositorto: posts small blind $0.50
BoyLoc0: posts big blind $1
*** HOLE CARDS ***
vadjkeee: folds 
michasia: folds 
RBJ_RBJ: folds 
MaikonAll: raises $1.50 to $2.50
Cositorto: folds 
BoyLoc0: folds 
Uncalled bet ($1.50) returned to MaikonAll
MaikonAll collected $2.50 from pot
MaikonAll: doesn't show hand 
*** SUMMARY ***
Total pot $2.50 | Rake $0 
Seat 1: BoyLoc0 (big blind) folded before Flop
Seat 2: vadjkeee folded before Flop (didn't bet)
Seat 3: michasia folded before Flop (didn't bet)
Seat 4: RBJ_RBJ folded before Flop (didn't bet)
Seat 5: MaikonAll (button) collected ($2.50)
Seat 6: Cositorto (small blind) folded before Flop



PokerStars Hand #254475379450:  Hold'em No Limit ($0.50/$1.00 USD) - 2025/01/20 22:23:01 WET [2025/01/20 17:23:01 ET]
Table 'Scabiosa IV' 6-max Seat #6 is the button
Seat 1: BoyLoc0 ($132.40 in chips) 
Seat 2: vadjkeee ($228.17 in chips) 
Seat 3: michasia ($114.94 in chips) 
Seat 4: RBJ_RBJ ($75.51 in chips) 
Seat 5: MaikonAll ($101.50 in chips) 
Seat 6: Cositorto ($299.69 in chips) 
BoyLoc0: posts small blind $0.50
vadjkeee: posts big blind $1
*** HOLE CARDS ***
michasia: folds 
RBJ_RBJ: calls $1
MaikonAll: folds 
Cositorto: folds 
BoyLoc0: calls $0.50
vadjkeee: checks 
*** FLOP *** [As 2h Ac]
BoyLoc0: checks 
vadjkeee: checks 
RBJ_RBJ: checks 
*** TURN *** [As 2h Ac] [Kc]
BoyLoc0: bets $2.14
vadjkeee: folds 
RBJ_RBJ: folds 
Uncalled bet ($2.14) returned to BoyLoc0
BoyLoc0 collected $2.85 from pot
BoyLoc0: doesn't show hand 
*** SUMMARY ***
Total pot $3 | Rake $0.15 
Board [As 2h Ac Kc]
Seat 1: BoyLoc0 (small blind) collected ($2.85)
Seat 2: vadjkeee (big blind) folded on the Turn
Seat 3: michasia folded before Flop (didn't bet)
Seat 4: RBJ_RBJ folded on the Turn
Seat 5: MaikonAll folded before Flop (didn't bet)
Seat 6: Cositorto (button) folded before Flop (didn't bet)



PokerStars Hand #254475393362:  Hold'em No Limit ($0.50/$1.00 USD) - 2025/01/20 22:23:48 WET [2025/01/20 17:23:48 ET]
Table 'Scabiosa IV' 6-max Seat #1 is the button
Seat 1: BoyLoc0 ($134.25 in chips) 
Seat 2: vadjkeee ($227.17 in chips) 
Seat 3: michasia ($114.94 in chips) 
Seat 4: RBJ_RBJ ($74.51 in chips) 
Seat 5: MaikonAll ($101.50 in chips) 
Seat 6: Cositorto ($299.69 in chips) 
vadjkeee: posts small blind $0.50
michasia: posts big blind $1
*** HOLE CARDS ***
RBJ_RBJ: folds 
MaikonAll: folds 
Cositorto: raises $1 to $2
BoyLoc0: folds 
vadjkeee: folds 
michasia: folds 
Uncalled bet ($1) returned to Cositorto
Cositorto collected $2.50 from pot
Cositorto: doesn't show hand 
*** SUMMARY ***
Total pot $2.50 | Rake $0 
Seat 1: BoyLoc0 (button) folded before Flop (didn't bet)
Seat 2: vadjkeee (small blind) folded before Flop
Seat 3: michasia (big blind) folded before Flop
Seat 4: RBJ_RBJ folded before Flop (didn't bet)
Seat 5: MaikonAll folded before Flop (didn't bet)
Seat 6: Cositorto collected ($2.50)



PokerStars Hand #254475397211:  Hold'em No Limit ($0.50/$1.00 USD) - 2025/01/20 22:24:01 WET [2025/01/20 17:24:01 ET]
Table 'Scabiosa IV' 6-max Seat #2 is the button
Seat 4: RBJ_RBJ ($74.51 in chips) is sitting out
Seat 1: BoyLoc0 ($134.25 in chips) 
Seat 2: vadjkeee ($226.67 in chips) 
Seat 3: michasia ($113.94 in chips) 
Seat 5: MaikonAll ($101.50 in chips) 
Seat 6: Cositorto ($301.19 in chips) 
michasia: posts small blind $0.50
RBJ_RBJ: is sitting out 
MaikonAll: posts big blind $1
*** HOLE CARDS ***
RBJ_RBJ leaves the table
Cositorto: folds 
BoyLoc0: folds 
vadjkeee: raises $1.50 to $2.50
michasia: folds 
MaikonAll: folds 
Uncalled bet ($1.50) returned to vadjkeee
vadjkeee collected $2.50 from pot
vadjkeee: doesn't show hand 
*** SUMMARY ***
Total pot $2.50 | Rake $0 
Seat 4: RBJ_RBJ
Seat 1: BoyLoc0 folded before Flop (didn't bet)
Seat 2: vadjkeee (button) collected ($2.50)
Seat 3: michasia (small blind) folded before Flop
Seat 5: MaikonAll (big blind) folded before Flop
Seat 6: Cositorto folded before Flop (didn't bet)



PokerStars Hand #254475403827:  Hold'em No Limit ($0.50/$1.00 USD) - 2025/01/20 22:24:23 WET [2025/01/20 17:24:23 ET]
Table 'Scabiosa IV' 6-max Seat #3 is the button
Seat 1: BoyLoc0 ($134.25 in chips) 
Seat 2: vadjkeee ($228.17 in chips) 
Seat 3: michasia ($113.44 in chips) 
Seat 5: MaikonAll ($100.50 in chips) 
Seat 6: Cositorto ($301.19 in chips) 
MaikonAll: posts small blind $0.50
Cositorto: posts big blind $1
*** HOLE CARDS ***
BoyLoc0: folds 
BoyLoc0 leaves the table
vadjkeee: folds 
michasia: raises $1.80 to $2.80
vadjkeee leaves the table
MaikonAll: folds 
Cositorto: folds 
Uncalled bet ($1.80) returned to michasia
michasia collected $2.50 from pot
michasia: doesn't show hand 
*** SUMMARY ***
Total pot $2.50 | Rake $0 
Seat 1: BoyLoc0 folded before Flop (didn't bet)
Seat 2: vadjkeee folded before Flop (didn't bet)
Seat 3: michasia (button) collected ($2.50)
Seat 5: MaikonAll (small blind) folded before Flop
Seat 6: Cositorto (big blind) folded before Flop



PokerStars Hand #254475409115:  Hold'em No Limit ($0.50/$1.00 USD) - 2025/01/20 22:24:42 WET [2025/01/20 17:24:42 ET]
Table 'Scabiosa IV' 6-max Seat #5 is the button
Seat 3: michasia ($114.94 in chips) 
Seat 5: MaikonAll ($100 in chips) 
Seat 6: Cositorto ($300.19 in chips) 
Cositorto: posts small blind $0.50
michasia: posts big blind $1
*** HOLE CARDS ***
MaikonAll: folds 
Cositorto: raises $2 to $3
michasia: calls $2
*** FLOP *** [Jd 8d 2s]
Cositorto: bets $1.54
michasia: raises $3.08 to $4.62
Cositorto: calls $3.08
*** TURN *** [Jd 8d 2s] [3h]
Cositorto: checks 
michasia: bets $18.10
Cositorto: calls $18.10
*** RIVER *** [Jd 8d 2s 3h] [5h]
Cositorto: checks 
Unipoker11 joins the table at seat #4 
Manifestorr joins the table at seat #2 
michasia: bets $89.22 and is all-in
Cositorto: calls $89.22
*** SHOW DOWN ***
michasia: shows [8s Js] (two pair, Jacks and Eights)
Cositorto: shows [7c 8c] (a pair of Eights)
michasia collected $228.88 from pot
*** SUMMARY ***
Total pot $229.88 | Rake $1 
Board [Jd 8d 2s 3h 5h]
Seat 3: michasia (big blind) showed [8s Js] and won ($228.88) with two pair, Jacks and Eights
Seat 5: MaikonAll (button) folded before Flop (didn't bet)
Seat 6: Cositorto (small blind) showed [7c 8c] and lost with a pair of Eights



PokerStars Hand #254475450471:  Hold'em No Limit ($0.50/$1.00 USD) - 2025/01/20 22:27:04 WET [2025/01/20 17:27:04 ET]
Table 'Scabiosa IV' 6-max Seat #6 is the button
Seat 2: Manifestorr ($100 in chips) is sitting out
Seat 3: michasia ($228.88 in chips) 
Seat 4: Unipoker11 ($100 in chips) 
Seat 5: MaikonAll ($100 in chips) 
Seat 6: Cositorto ($185.25 in chips) 
michasia: posts small blind $0.50
Unipoker11: posts big blind $1
*** HOLE CARDS ***
MaikonAll: folds 
Cositorto: folds 
michasia: raises $2 to $3
Unipoker11: folds 
Uncalled bet ($2) returned to michasia
michasia collected $2 from pot
michasia: doesn't show hand 
*** SUMMARY ***
Total pot $2 | Rake $0 
Seat 2: Manifestorr
Seat 3: michasia (small blind) collected ($2)
Seat 4: Unipoker11 (big blind) folded before Flop
Seat 5: MaikonAll folded before Flop (didn't bet)
Seat 6: Cositorto (button) folded before Flop (didn't bet)



PokerStars Hand #254475457530:  Hold'em No Limit ($0.50/$1.00 USD) - 2025/01/20 22:27:28 WET [2025/01/20 17:27:28 ET]
Table 'Scabiosa IV' 6-max Seat #3 is the button
Seat 5: MaikonAll ($100 in chips) is sitting out
Seat 6: Cositorto ($185.25 in chips) is sitting out
Seat 2: Manifestorr ($100 in chips) 
Seat 3: michasia ($229.88 in chips) 
Seat 4: Unipoker11 ($100 in chips) 
Unipoker11: posts small blind $0.50
MaikonAll: is sitting out 
Cositorto: is sitting out 
Manifestorr: posts big blind $1
*** HOLE CARDS ***
michasia: folds 
michasia leaves the table
MaikonAll leaves the table
Unipoker11: folds 
Uncalled bet ($0.50) returned to Manifestorr
Manifestorr collected $1 from pot
*** SUMMARY ***
Total pot $1 | Rake $0 
Seat 5: MaikonAll
Seat 6: Cositorto
Seat 2: Manifestorr (big blind) collected ($1)
Seat 3: michasia (button) folded before Flop (didn't bet)
Seat 4: Unipoker11 (small blind) folded before Flop



PokerStars Hand #254475460677:  Hold'em No Limit ($0.50/$1.00 USD) - 2025/01/20 22:27:39 WET [2025/01/20 17:27:39 ET]
Table 'Scabiosa IV' 6-max Seat #2 is the button
Seat 6: Cositorto ($185.25 in chips) is sitting out
Seat 2: Manifestorr ($100.50 in chips) 
Seat 4: Unipoker11 ($100 in chips) 
Manifestorr: posts small blind $0.50
Unipoker11: posts big blind $1
*** HOLE CARDS ***
Manifestorr: raises $1 to $2
Unipoker11: calls $1
*** FLOP *** [2s Js 3c]
Cositorto leaves the table
Unipoker11: checks 
Manifestorr: bets $2.85
Unipoker11: folds 
Uncalled bet ($2.85) returned to Manifestorr
Manifestorr collected $3.80 from pot
*** SUMMARY ***
Total pot $4 | Rake $0.20 
Board [2s Js 3c]
Seat 6: Cositorto
Seat 2: Manifestorr (button) (small blind) collected ($3.80)
Seat 4: Unipoker11 (big blind) folded on the Flop



PokerStars Hand #254475471592:  Hold'em No Limit ($0.50/$1.00 USD) - 2025/01/20 22:28:16 WET [2025/01/20 17:28:16 ET]
Table 'Scabiosa IV' 6-max Seat #4 is the button
Seat 2: Manifestorr ($102.30 in chips) 
Seat 4: Unipoker11 ($100 in chips) 
Unipoker11: posts small blind $0.50
Manifestorr: posts big blind $1
*** HOLE CARDS ***
Unipoker11: raises $1.50 to $2.50
Manifestorr: folds 
Uncalled bet ($1.50) returned to Unipoker11
Unipoker11 collected $2 from pot
Unipoker11: doesn't show hand 
*** SUMMARY ***
Total pot $2 | Rake $0 
Seat 2: Manifestorr (big blind) folded before Flop
Seat 4: Unipoker11 (button) (small blind) collected ($2)



