PokerStars Hand #254470145698:  Hold'em No Limit ($0.50/$1.00 USD) - 2025/01/20 17:22:19 WET [2025/01/20 12:22:19 ET]
Table 'Acrux IV' 6-max Seat #5 is the button
Seat 1: LordNielsen ($100 in chips) 
Seat 2: I TAKE IT 85 ($102.91 in chips) 
Seat 3: Espada Fish ($100 in chips) 
Seat 4: worker0k ($100 in chips) 
Seat 5: socito ($126.43 in chips) 
Seat 6: Kristo 914 ($100 in chips) 
Kristo 914: posts small blind $0.50
LordNielsen: posts big blind $1
*** HOLE CARDS ***
I TAKE IT 85: raises $1.05 to $2.05
Espada Fish: folds 
worker0k: folds 
socito: raises $4.95 to $7
Kristo 914: folds 
LordNielsen: folds 
I TAKE IT 85: calls $4.95
*** FLOP *** [5s 7h 2h]
I TAKE IT 85: checks 
socito: bets $4.86
I TAKE IT 85: calls $4.86
*** TURN *** [5s 7h 2h] [7s]
I TAKE IT 85: checks 
socito: checks 
*** RIVER *** [5s 7h 2h 7s] [Jd]
I TAKE IT 85: checks 
socito: bets $5.99
I TAKE IT 85: calls $5.99
*** SHOW DOWN ***
socito: shows [9d Kd] (a pair of Sevens)
I TAKE IT 85: shows [3c 3h] (two pair, Sevens and Threes)
I TAKE IT 85 collected $35.34 from pot
*** SUMMARY ***
Total pot $37.20 | Rake $1.86 
Board [5s 7h 2h 7s Jd]
Seat 1: LordNielsen (big blind) folded before Flop
Seat 2: I TAKE IT 85 showed [3c 3h] and won ($35.34) with two pair, Sevens and Threes
Seat 3: Espada Fish folded before Flop (didn't bet)
Seat 4: worker0k folded before Flop (didn't bet)
Seat 5: socito (button) showed [9d Kd] and lost with a pair of Sevens
Seat 6: Kristo 914 (small blind) folded before Flop



PokerStars Hand #254470166718:  Hold'em No Limit ($0.50/$1.00 USD) - 2025/01/20 17:23:44 WET [2025/01/20 12:23:44 ET]
Table 'Acrux IV' 6-max Seat #6 is the button
Seat 1: LordNielsen ($99 in chips) 
Seat 2: I TAKE IT 85 ($120.40 in chips) 
Seat 3: Espada Fish ($100 in chips) 
Seat 4: worker0k ($100 in chips) 
Seat 6: Kristo 914 ($100 in chips) 
LordNielsen: posts small blind $0.50
I TAKE IT 85: posts big blind $1
*** HOLE CARDS ***
sta$igk joins the table at seat #5 
Espada Fish: folds 
worker0k: folds 
Kristo 914: raises $1.40 to $2.40
LordNielsen: folds 
I TAKE IT 85: folds 
Uncalled bet ($1.40) returned to Kristo 914
Kristo 914 collected $2.50 from pot
Kristo 914: doesn't show hand 
*** SUMMARY ***
Total pot $2.50 | Rake $0 
Seat 1: LordNielsen (small blind) folded before Flop
Seat 2: I TAKE IT 85 (big blind) folded before Flop
Seat 3: Espada Fish folded before Flop (didn't bet)
Seat 4: worker0k folded before Flop (didn't bet)
Seat 6: Kristo 914 (button) collected ($2.50)



PokerStars Hand #254470172582:  Hold'em No Limit ($0.50/$1.00 USD) - 2025/01/20 17:24:08 WET [2025/01/20 12:24:08 ET]
Table 'Acrux IV' 6-max Seat #1 is the button
Seat 5: sta$igk ($100 in chips) is sitting out
Seat 1: LordNielsen ($98.50 in chips) 
Seat 2: I TAKE IT 85 ($119.40 in chips) 
Seat 3: Espada Fish ($100 in chips) 
Seat 4: worker0k ($100 in chips) 
Seat 6: Kristo 914 ($101.50 in chips) 
I TAKE IT 85: posts small blind $0.50
Espada Fish: posts big blind $1
sta$igk: sits out 
*** HOLE CARDS ***
worker0k: folds 
worker0k leaves the table
Kristo 914: folds 
LordNielsen: folds 
I TAKE IT 85: raises $2 to $3
Espada Fish: raises $7 to $10
I TAKE IT 85: folds 
Uncalled bet ($7) returned to Espada Fish
Espada Fish collected $6 from pot
Espada Fish: doesn't show hand 
*** SUMMARY ***
Total pot $6 | Rake $0 
Seat 5: sta$igk
Seat 1: LordNielsen (button) folded before Flop (didn't bet)
Seat 2: I TAKE IT 85 (small blind) folded before Flop
Seat 3: Espada Fish (big blind) collected ($6)
Seat 4: worker0k folded before Flop (didn't bet)
Seat 6: Kristo 914 folded before Flop (didn't bet)



PokerStars Hand #254470180912:  Hold'em No Limit ($0.50/$1.00 USD) - 2025/01/20 17:24:41 WET [2025/01/20 12:24:41 ET]
Table 'Acrux IV' 6-max Seat #2 is the button
Seat 1: LordNielsen ($98.50 in chips) 
Seat 2: I TAKE IT 85 ($116.40 in chips) 
Seat 3: Espada Fish ($103 in chips) 
Seat 5: sta$igk ($100 in chips) 
Seat 6: Kristo 914 ($101.50 in chips) 
Espada Fish: posts small blind $0.50
sta$igk: posts big blind $1
*** HOLE CARDS ***
Kristo 914: folds 
LordNielsen: folds 
I TAKE IT 85: raises $1.05 to $2.05
Espada Fish: folds 
sta$igk: calls $1.05
*** FLOP *** [Ah 8s Qs]
sta$igk: checks 
I TAKE IT 85: checks 
*** TURN *** [Ah 8s Qs] [5h]
sta$igk: checks 
I TAKE IT 85: checks 
*** RIVER *** [Ah 8s Qs 5h] [Jd]
sta$igk: checks 
I TAKE IT 85: checks 
*** SHOW DOWN ***
sta$igk: shows [Td Qc] (a pair of Queens)
I TAKE IT 85: mucks hand 
sta$igk collected $4.37 from pot
*** SUMMARY ***
Total pot $4.60 | Rake $0.23 
Board [Ah 8s Qs 5h Jd]
Seat 1: LordNielsen folded before Flop (didn't bet)
Seat 2: I TAKE IT 85 (button) mucked
Seat 3: Espada Fish (small blind) folded before Flop
Seat 5: sta$igk (big blind) showed [Td Qc] and won ($4.37) with a pair of Queens
Seat 6: Kristo 914 folded before Flop (didn't bet)



PokerStars Hand #254470197145:  Hold'em No Limit ($0.50/$1.00 USD) - 2025/01/20 17:25:46 WET [2025/01/20 12:25:46 ET]
Table 'Acrux IV' 6-max Seat #3 is the button
Seat 1: LordNielsen ($98.50 in chips) 
Seat 2: I TAKE IT 85 ($114.35 in chips) 
Seat 3: Espada Fish ($102.50 in chips) 
Seat 6: Kristo 914 ($101.50 in chips) 
Kristo 914: posts small blind $0.50
LordNielsen: posts big blind $1
*** HOLE CARDS ***
I TAKE IT 85: folds 
Espada Fish: raises $1.50 to $2.50
Kristo 914: folds 
LordNielsen: folds 
Uncalled bet ($1.50) returned to Espada Fish
Espada Fish collected $2.50 from pot
Espada Fish: doesn't show hand 
*** SUMMARY ***
Total pot $2.50 | Rake $0 
Seat 1: LordNielsen (big blind) folded before Flop
Seat 2: I TAKE IT 85 folded before Flop (didn't bet)
Seat 3: Espada Fish (button) collected ($2.50)
Seat 6: Kristo 914 (small blind) folded before Flop



PokerStars Hand #254470201832:  Hold'em No Limit ($0.50/$1.00 USD) - 2025/01/20 17:26:05 WET [2025/01/20 12:26:05 ET]
Table 'Acrux IV' 6-max Seat #1 is the button
Seat 2: I TAKE IT 85 ($114.35 in chips) is sitting out
Seat 3: Espada Fish ($104 in chips) is sitting out
Seat 1: LordNielsen ($97.50 in chips) 
Seat 6: Kristo 914 ($101 in chips) 
LordNielsen: posts small blind $0.50
I TAKE IT 85: is sitting out 
Espada Fish: is sitting out 
Kristo 914: posts big blind $1
*** HOLE CARDS ***
I TAKE IT 85 leaves the table
LordNielsen: folds 
Uncalled bet ($0.50) returned to Kristo 914
Kristo 914 collected $1 from pot
Kristo 914: doesn't show hand 
*** SUMMARY ***
Total pot $1 | Rake $0 
Seat 2: I TAKE IT 85
Seat 3: Espada Fish
Seat 1: LordNielsen (button) (small blind) folded before Flop
Seat 6: Kristo 914 (big blind) collected ($1)



PokerStars Hand #254469899925:  Hold'em No Limit ($0.50/$1.00 USD) - 2025/01/20 17:05:07 WET [2025/01/20 12:05:07 ET]
Table 'Acrux IV' 6-max Seat #2 is the button
Seat 6: KarP93 ($100 in chips) is sitting out
Seat 2: worker0k ($100 in chips) 
Seat 5: socito ($100 in chips) 
worker0k: posts small blind $0.50
socito: posts big blind $1
*** HOLE CARDS ***
worker0k: raises $1 to $2
socito: calls $1
*** FLOP *** [Jc 3c 2d]
socito: checks 
worker0k: bets $1.25
socito: raises $3.15 to $4.40
worker0k: folds 
Uncalled bet ($3.15) returned to socito
socito collected $6.18 from pot
socito: doesn't show hand 
*** SUMMARY ***
Total pot $6.50 | Rake $0.32 
Board [Jc 3c 2d]
Seat 6: KarP93
Seat 2: worker0k (button) (small blind) folded on the Flop
Seat 5: socito (big blind) collected ($6.18)



PokerStars Hand #254469907140:  Hold'em No Limit ($0.50/$1.00 USD) - 2025/01/20 17:05:39 WET [2025/01/20 12:05:39 ET]
Table 'Acrux IV' 6-max Seat #5 is the button
Seat 6: KarP93 ($100 in chips) is sitting out
Seat 2: worker0k ($100 in chips) 
Seat 5: socito ($102.93 in chips) 
socito: posts small blind $0.50
worker0k: posts big blind $1
*** HOLE CARDS ***
socito: raises $1.50 to $2.50
worker0k: folds 
Uncalled bet ($1.50) returned to socito
socito collected $2 from pot
socito: doesn't show hand 
*** SUMMARY ***
Total pot $2 | Rake $0 
Seat 6: KarP93
Seat 2: worker0k (big blind) folded before Flop
Seat 5: socito (button) (small blind) collected ($2)



PokerStars Hand #254469979471:  Hold'em No Limit ($0.50/$1.00 USD) - 2025/01/20 17:10:57 WET [2025/01/20 12:10:57 ET]
Table 'Acrux IV' 6-max Seat #2 is the button
Seat 6: KarP93 ($100 in chips) is sitting out
Seat 2: I TAKE IT 85 ($100 in chips) 
Seat 5: socito ($103.93 in chips) 
I TAKE IT 85: posts small blind $0.50
socito: posts big blind $1
*** HOLE CARDS ***
I TAKE IT 85: folds 
Uncalled bet ($0.50) returned to socito
socito collected $1 from pot
socito: doesn't show hand 
*** SUMMARY ***
Total pot $1 | Rake $0 
Seat 6: KarP93
Seat 2: I TAKE IT 85 (button) (small blind) folded before Flop
Seat 5: socito (big blind) collected ($1)



PokerStars Hand #254469981712:  Hold'em No Limit ($0.50/$1.00 USD) - 2025/01/20 17:11:07 WET [2025/01/20 12:11:07 ET]
Table 'Acrux IV' 6-max Seat #5 is the button
Seat 6: KarP93 ($100 in chips) is sitting out
Seat 2: I TAKE IT 85 ($100 in chips) 
Seat 5: socito ($104.43 in chips) 
socito: posts small blind $0.50
I TAKE IT 85: posts big blind $1
*** HOLE CARDS ***
socito: raises $1.50 to $2.50
I TAKE IT 85: calls $1.50
*** FLOP *** [9h Jc 8h]
I TAKE IT 85: checks 
socito: checks 
*** TURN *** [9h Jc 8h] [7s]
I TAKE IT 85: checks 
socito: bets $3.56
I TAKE IT 85: calls $3.56
*** RIVER *** [9h Jc 8h 7s] [3s]
I TAKE IT 85: checks 
socito: bets $5.76
I TAKE IT 85: folds 
Uncalled bet ($5.76) returned to socito
socito collected $11.51 from pot
socito: doesn't show hand 
*** SUMMARY ***
Total pot $12.12 | Rake $0.61 
Board [9h Jc 8h 7s 3s]
Seat 6: KarP93
Seat 2: I TAKE IT 85 (big blind) folded on the River
Seat 5: socito (button) (small blind) collected ($11.51)



PokerStars Hand #254469997554:  Hold'em No Limit ($0.50/$1.00 USD) - 2025/01/20 17:12:14 WET [2025/01/20 12:12:14 ET]
Table 'Acrux IV' 6-max Seat #2 is the button
Seat 6: KarP93 ($100 in chips) is sitting out
Seat 2: I TAKE IT 85 ($100 in chips) 
Seat 5: socito ($109.88 in chips) 
I TAKE IT 85: posts small blind $0.50
socito: posts big blind $1
*** HOLE CARDS ***
I TAKE IT 85: raises $1.50 to $2.50
socito: folds 
Uncalled bet ($1.50) returned to I TAKE IT 85
I TAKE IT 85 collected $2 from pot
I TAKE IT 85: doesn't show hand 
*** SUMMARY ***
Total pot $2 | Rake $0 
Seat 6: KarP93
Seat 2: I TAKE IT 85 (button) (small blind) collected ($2)
Seat 5: socito (big blind) folded before Flop



PokerStars Hand #254470000075:  Hold'em No Limit ($0.50/$1.00 USD) - 2025/01/20 17:12:25 WET [2025/01/20 12:12:25 ET]
Table 'Acrux IV' 6-max Seat #5 is the button
Seat 6: KarP93 ($100 in chips) is sitting out
Seat 2: I TAKE IT 85 ($101 in chips) 
Seat 5: socito ($108.88 in chips) 
socito: posts small blind $0.50
I TAKE IT 85: posts big blind $1
*** HOLE CARDS ***
socito: folds 
Uncalled bet ($0.50) returned to I TAKE IT 85
I TAKE IT 85 collected $1 from pot
I TAKE IT 85: doesn't show hand 
*** SUMMARY ***
Total pot $1 | Rake $0 
Seat 6: KarP93
Seat 2: I TAKE IT 85 (big blind) collected ($1)
Seat 5: socito (button) (small blind) folded before Flop



PokerStars Hand #254470001450:  Hold'em No Limit ($0.50/$1.00 USD) - 2025/01/20 17:12:30 WET [2025/01/20 12:12:30 ET]
Table 'Acrux IV' 6-max Seat #2 is the button
Seat 6: KarP93 ($100 in chips) is sitting out
Seat 2: I TAKE IT 85 ($101.50 in chips) 
Seat 5: socito ($108.38 in chips) 
I TAKE IT 85: posts small blind $0.50
socito: posts big blind $1
*** HOLE CARDS ***
I TAKE IT 85: raises $1.50 to $2.50
socito: calls $1.50
*** FLOP *** [7h 9s 6h]
socito: checks 
I TAKE IT 85: checks 
*** TURN *** [7h 9s 6h] [2h]
socito: bets $1.57
I TAKE IT 85: calls $1.57
*** RIVER *** [7h 9s 6h 2h] [6c]
socito: bets $11.60
I TAKE IT 85: folds 
Uncalled bet ($11.60) returned to socito
socito collected $7.73 from pot
socito: doesn't show hand 
*** SUMMARY ***
Total pot $8.14 | Rake $0.41 
Board [7h 9s 6h 2h 6c]
Seat 6: KarP93
Seat 2: I TAKE IT 85 (button) (small blind) folded on the River
Seat 5: socito (big blind) collected ($7.73)



PokerStars Hand #254470016537:  Hold'em No Limit ($0.50/$1.00 USD) - 2025/01/20 17:13:33 WET [2025/01/20 12:13:33 ET]
Table 'Acrux IV' 6-max Seat #5 is the button
Seat 6: KarP93 ($100 in chips) is sitting out
Seat 2: I TAKE IT 85 ($100 in chips) 
Seat 5: socito ($112.04 in chips) 
socito: posts small blind $0.50
I TAKE IT 85: posts big blind $1
*** HOLE CARDS ***
socito: raises $1.50 to $2.50
I TAKE IT 85: folds 
Uncalled bet ($1.50) returned to socito
socito collected $2 from pot
socito: doesn't show hand 
*** SUMMARY ***
Total pot $2 | Rake $0 
Seat 6: KarP93
Seat 2: I TAKE IT 85 (big blind) folded before Flop
Seat 5: socito (button) (small blind) collected ($2)



PokerStars Hand #254470018455:  Hold'em No Limit ($0.50/$1.00 USD) - 2025/01/20 17:13:41 WET [2025/01/20 12:13:41 ET]
Table 'Acrux IV' 6-max Seat #2 is the button
Seat 6: KarP93 ($100 in chips) is sitting out
Seat 2: I TAKE IT 85 ($100 in chips) 
Seat 5: socito ($113.04 in chips) 
I TAKE IT 85: posts small blind $0.50
socito: posts big blind $1
*** HOLE CARDS ***
I TAKE IT 85: raises $1.50 to $2.50
socito: raises $7.50 to $10
I TAKE IT 85: folds 
Uncalled bet ($7.50) returned to socito
socito collected $5 from pot
socito: doesn't show hand 
*** SUMMARY ***
Total pot $5 | Rake $0 
Seat 6: KarP93
Seat 2: I TAKE IT 85 (button) (small blind) folded before Flop
Seat 5: socito (big blind) collected ($5)



PokerStars Hand #254470021909:  Hold'em No Limit ($0.50/$1.00 USD) - 2025/01/20 17:13:55 WET [2025/01/20 12:13:55 ET]
Table 'Acrux IV' 6-max Seat #5 is the button
Seat 6: KarP93 ($100 in chips) is sitting out
Seat 2: I TAKE IT 85 ($100 in chips) 
Seat 5: socito ($115.54 in chips) 
socito: posts small blind $0.50
I TAKE IT 85: posts big blind $1
*** HOLE CARDS ***
socito: folds 
Uncalled bet ($0.50) returned to I TAKE IT 85
I TAKE IT 85 collected $1 from pot
I TAKE IT 85: doesn't show hand 
*** SUMMARY ***
Total pot $1 | Rake $0 
Seat 6: KarP93
Seat 2: I TAKE IT 85 (big blind) collected ($1)
Seat 5: socito (button) (small blind) folded before Flop



PokerStars Hand #254470023372:  Hold'em No Limit ($0.50/$1.00 USD) - 2025/01/20 17:14:02 WET [2025/01/20 12:14:02 ET]
Table 'Acrux IV' 6-max Seat #2 is the button
Seat 6: KarP93 ($100 in chips) is sitting out
Seat 2: I TAKE IT 85 ($100.50 in chips) 
Seat 5: socito ($115.04 in chips) 
I TAKE IT 85: posts small blind $0.50
socito: posts big blind $1
*** HOLE CARDS ***
I TAKE IT 85: raises $1.50 to $2.50
socito: folds 
Uncalled bet ($1.50) returned to I TAKE IT 85
I TAKE IT 85 collected $2 from pot
I TAKE IT 85: doesn't show hand 
*** SUMMARY ***
Total pot $2 | Rake $0 
Seat 6: KarP93
Seat 2: I TAKE IT 85 (button) (small blind) collected ($2)
Seat 5: socito (big blind) folded before Flop



PokerStars Hand #254470024874:  Hold'em No Limit ($0.50/$1.00 USD) - 2025/01/20 17:14:08 WET [2025/01/20 12:14:08 ET]
Table 'Acrux IV' 6-max Seat #5 is the button
Seat 6: KarP93 ($100 in chips) is sitting out
Seat 2: I TAKE IT 85 ($101.50 in chips) 
Seat 5: socito ($114.04 in chips) 
socito: posts small blind $0.50
I TAKE IT 85: posts big blind $1
*** HOLE CARDS ***
socito: folds 
Uncalled bet ($0.50) returned to I TAKE IT 85
I TAKE IT 85 collected $1 from pot
I TAKE IT 85: doesn't show hand 
*** SUMMARY ***
Total pot $1 | Rake $0 
Seat 6: KarP93
Seat 2: I TAKE IT 85 (big blind) collected ($1)
Seat 5: socito (button) (small blind) folded before Flop



PokerStars Hand #254470027146:  Hold'em No Limit ($0.50/$1.00 USD) - 2025/01/20 17:14:18 WET [2025/01/20 12:14:18 ET]
Table 'Acrux IV' 6-max Seat #2 is the button
Seat 6: KarP93 ($100 in chips) is sitting out
Seat 2: I TAKE IT 85 ($102 in chips) 
Seat 5: socito ($113.54 in chips) 
I TAKE IT 85: posts small blind $0.50
socito: posts big blind $1
*** HOLE CARDS ***
I TAKE IT 85: raises $1.50 to $2.50
socito: folds 
Uncalled bet ($1.50) returned to I TAKE IT 85
I TAKE IT 85 collected $2 from pot
I TAKE IT 85: doesn't show hand 
*** SUMMARY ***
Total pot $2 | Rake $0 
Seat 6: KarP93
Seat 2: I TAKE IT 85 (button) (small blind) collected ($2)
Seat 5: socito (big blind) folded before Flop



PokerStars Hand #254470029845:  Hold'em No Limit ($0.50/$1.00 USD) - 2025/01/20 17:14:29 WET [2025/01/20 12:14:29 ET]
Table 'Acrux IV' 6-max Seat #5 is the button
Seat 6: KarP93 ($100 in chips) is sitting out
Seat 2: I TAKE IT 85 ($103 in chips) 
Seat 5: socito ($112.54 in chips) 
socito: posts small blind $0.50
I TAKE IT 85: posts big blind $1
*** HOLE CARDS ***
socito: folds 
Uncalled bet ($0.50) returned to I TAKE IT 85
I TAKE IT 85 collected $1 from pot
I TAKE IT 85: doesn't show hand 
*** SUMMARY ***
Total pot $1 | Rake $0 
Seat 6: KarP93
Seat 2: I TAKE IT 85 (big blind) collected ($1)
Seat 5: socito (button) (small blind) folded before Flop



PokerStars Hand #254470031272:  Hold'em No Limit ($0.50/$1.00 USD) - 2025/01/20 17:14:35 WET [2025/01/20 12:14:35 ET]
Table 'Acrux IV' 6-max Seat #2 is the button
Seat 6: KarP93 ($100 in chips) is sitting out
Seat 2: I TAKE IT 85 ($103.50 in chips) 
Seat 5: socito ($112.04 in chips) 
I TAKE IT 85: posts small blind $0.50
socito: posts big blind $1
*** HOLE CARDS ***
I TAKE IT 85: raises $1.50 to $2.50
socito: folds 
Uncalled bet ($1.50) returned to I TAKE IT 85
I TAKE IT 85 collected $2 from pot
I TAKE IT 85: doesn't show hand 
*** SUMMARY ***
Total pot $2 | Rake $0 
Seat 6: KarP93
Seat 2: I TAKE IT 85 (button) (small blind) collected ($2)
Seat 5: socito (big blind) folded before Flop



PokerStars Hand #254470033265:  Hold'em No Limit ($0.50/$1.00 USD) - 2025/01/20 17:14:43 WET [2025/01/20 12:14:43 ET]
Table 'Acrux IV' 6-max Seat #5 is the button
Seat 6: KarP93 ($100 in chips) is sitting out
Seat 2: I TAKE IT 85 ($104.50 in chips) 
Seat 5: socito ($111.04 in chips) 
socito: posts small blind $0.50
I TAKE IT 85: posts big blind $1
*** HOLE CARDS ***
socito: folds 
Uncalled bet ($0.50) returned to I TAKE IT 85
I TAKE IT 85 collected $1 from pot
I TAKE IT 85: doesn't show hand 
*** SUMMARY ***
Total pot $1 | Rake $0 
Seat 6: KarP93
Seat 2: I TAKE IT 85 (big blind) collected ($1)
Seat 5: socito (button) (small blind) folded before Flop



PokerStars Hand #254470036473:  Hold'em No Limit ($0.50/$1.00 USD) - 2025/01/20 17:14:56 WET [2025/01/20 12:14:56 ET]
Table 'Acrux IV' 6-max Seat #2 is the button
Seat 6: KarP93 ($100 in chips) is sitting out
Seat 2: I TAKE IT 85 ($105 in chips) 
Seat 5: socito ($110.54 in chips) 
I TAKE IT 85: posts small blind $0.50
socito: posts big blind $1
*** HOLE CARDS ***
I TAKE IT 85: raises $1.50 to $2.50
socito: folds 
Uncalled bet ($1.50) returned to I TAKE IT 85
I TAKE IT 85 collected $2 from pot
I TAKE IT 85: doesn't show hand 
*** SUMMARY ***
Total pot $2 | Rake $0 
Seat 6: KarP93
Seat 2: I TAKE IT 85 (button) (small blind) collected ($2)
Seat 5: socito (big blind) folded before Flop



PokerStars Hand #254470041207:  Hold'em No Limit ($0.50/$1.00 USD) - 2025/01/20 17:15:16 WET [2025/01/20 12:15:16 ET]
Table 'Acrux IV' 6-max Seat #5 is the button
Seat 6: KarP93 ($100 in chips) is sitting out
Seat 2: I TAKE IT 85 ($106 in chips) 
Seat 5: socito ($109.54 in chips) 
socito: posts small blind $0.50
I TAKE IT 85: posts big blind $1
*** HOLE CARDS ***
socito: raises $1.50 to $2.50
I TAKE IT 85: raises $9.50 to $12
socito: calls $9.50
*** FLOP *** [Jd 6s Qs]
I TAKE IT 85: bets $7.59
socito: calls $7.59
*** TURN *** [Jd 6s Qs] [Qd]
I TAKE IT 85: checks 
socito: bets $19.09
I TAKE IT 85: folds 
Uncalled bet ($19.09) returned to socito
socito collected $38.18 from pot
socito: doesn't show hand 
*** SUMMARY ***
Total pot $39.18 | Rake $1 
Board [Jd 6s Qs Qd]
Seat 6: KarP93
Seat 2: I TAKE IT 85 (big blind) folded on the Turn
Seat 5: socito (button) (small blind) collected ($38.18)



PokerStars Hand #254470065897:  Hold'em No Limit ($0.50/$1.00 USD) - 2025/01/20 17:16:57 WET [2025/01/20 12:16:57 ET]
Table 'Acrux IV' 6-max Seat #2 is the button
Seat 6: KarP93 ($100 in chips) is sitting out
Seat 2: I TAKE IT 85 ($100 in chips) 
Seat 5: socito ($128.13 in chips) 
I TAKE IT 85: posts small blind $0.50
socito: posts big blind $1
*** HOLE CARDS ***
I TAKE IT 85: raises $1.50 to $2.50
socito: calls $1.50
*** FLOP *** [3d Js 2d]
socito: checks 
I TAKE IT 85: bets $3.75
socito has timed out
socito: folds 
Uncalled bet ($3.75) returned to I TAKE IT 85
I TAKE IT 85 collected $4.75 from pot
I TAKE IT 85: doesn't show hand 
*** SUMMARY ***
Total pot $5 | Rake $0.25 
Board [3d Js 2d]
Seat 6: KarP93
Seat 2: I TAKE IT 85 (button) (small blind) collected ($4.75)
Seat 5: socito (big blind) folded on the Flop



PokerStars Hand #254470077233:  Hold'em No Limit ($0.50/$1.00 USD) - 2025/01/20 17:17:44 WET [2025/01/20 12:17:44 ET]
Table 'Acrux IV' 6-max Seat #5 is the button
Seat 6: KarP93 ($100 in chips) is sitting out
Seat 2: I TAKE IT 85 ($102.25 in chips) 
Seat 5: socito ($125.63 in chips) 
socito: posts small blind $0.50
I TAKE IT 85: posts big blind $1
*** HOLE CARDS ***
socito: folds 
Uncalled bet ($0.50) returned to I TAKE IT 85
I TAKE IT 85 collected $1 from pot
I TAKE IT 85: doesn't show hand 
*** SUMMARY ***
Total pot $1 | Rake $0 
Seat 6: KarP93
Seat 2: I TAKE IT 85 (big blind) collected ($1)
Seat 5: socito (button) (small blind) folded before Flop



PokerStars Hand #254470079279:  Hold'em No Limit ($0.50/$1.00 USD) - 2025/01/20 17:17:52 WET [2025/01/20 12:17:52 ET]
Table 'Acrux IV' 6-max Seat #2 is the button
Seat 6: KarP93 ($100 in chips) is sitting out
Seat 2: I TAKE IT 85 ($102.75 in chips) 
Seat 5: socito ($125.13 in chips) 
I TAKE IT 85: posts small blind $0.50
socito: posts big blind $1
*** HOLE CARDS ***
I TAKE IT 85: raises $1.50 to $2.50
KarP93 leaves the table
socito: folds 
Uncalled bet ($1.50) returned to I TAKE IT 85
I TAKE IT 85 collected $2 from pot
I TAKE IT 85: doesn't show hand 
*** SUMMARY ***
Total pot $2 | Rake $0 
Seat 6: KarP93
Seat 2: I TAKE IT 85 (button) (small blind) collected ($2)
Seat 5: socito (big blind) folded before Flop



PokerStars Hand #254470082400:  Hold'em No Limit ($0.50/$1.00 USD) - 2025/01/20 17:18:05 WET [2025/01/20 12:18:05 ET]
Table 'Acrux IV' 6-max Seat #5 is the button
Seat 2: I TAKE IT 85 ($103.75 in chips) 
Seat 5: socito ($124.13 in chips) 
socito: posts small blind $0.50
I TAKE IT 85: posts big blind $1
*** HOLE CARDS ***
socito: raises $1.50 to $2.50
I TAKE IT 85: folds 
Uncalled bet ($1.50) returned to socito
socito collected $2 from pot
socito: doesn't show hand 
*** SUMMARY ***
Total pot $2 | Rake $0 
Seat 2: I TAKE IT 85 (big blind) folded before Flop
Seat 5: socito (button) (small blind) collected ($2)



PokerStars Hand #254470085305:  Hold'em No Limit ($0.50/$1.00 USD) - 2025/01/20 17:18:17 WET [2025/01/20 12:18:17 ET]
Table 'Acrux IV' 6-max Seat #2 is the button
Seat 2: I TAKE IT 85 ($102.75 in chips) 
Seat 5: socito ($125.13 in chips) 
I TAKE IT 85: posts small blind $0.50
socito: posts big blind $1
*** HOLE CARDS ***
I TAKE IT 85: raises $1.50 to $2.50
socito: calls $1.50
*** FLOP *** [4d Js 7c]
socito: checks 
I TAKE IT 85: bets $1.80
socito: raises $5.51 to $7.31
I TAKE IT 85: folds 
Uncalled bet ($5.51) returned to socito
socito collected $8.17 from pot
socito: doesn't show hand 
*** SUMMARY ***
Total pot $8.60 | Rake $0.43 
Board [4d Js 7c]
Seat 2: I TAKE IT 85 (button) (small blind) folded on the Flop
Seat 5: socito (big blind) collected ($8.17)



PokerStars Hand #254470095088:  Hold'em No Limit ($0.50/$1.00 USD) - 2025/01/20 17:18:56 WET [2025/01/20 12:18:56 ET]
Table 'Acrux IV' 6-max Seat #5 is the button
Seat 2: I TAKE IT 85 ($100 in chips) 
Seat 5: socito ($129 in chips) 
socito: posts small blind $0.50
I TAKE IT 85: posts big blind $1
*** HOLE CARDS ***
socito: raises $1.50 to $2.50
I TAKE IT 85: calls $1.50
*** FLOP *** [Jd 4d 8s]
I TAKE IT 85: checks 
socito: bets $1.57
I TAKE IT 85: raises $4.71 to $6.28
socito: folds 
Uncalled bet ($4.71) returned to I TAKE IT 85
I TAKE IT 85 collected $7.73 from pot
I TAKE IT 85: doesn't show hand 
*** SUMMARY ***
Total pot $8.14 | Rake $0.41 
Board [Jd 4d 8s]
Seat 2: I TAKE IT 85 (big blind) collected ($7.73)
Seat 5: socito (button) (small blind) folded on the Flop



PokerStars Hand #254470103124:  Hold'em No Limit ($0.50/$1.00 USD) - 2025/01/20 17:19:28 WET [2025/01/20 12:19:28 ET]
Table 'Acrux IV' 6-max Seat #2 is the button
Seat 2: I TAKE IT 85 ($103.66 in chips) 
Seat 5: socito ($124.93 in chips) 
I TAKE IT 85: posts small blind $0.50
socito: posts big blind $1
*** HOLE CARDS ***
I TAKE IT 85: raises $1.50 to $2.50
socito: calls $1.50
*** FLOP *** [2s 4s 6d]
socito: checks 
I TAKE IT 85: bets $2.38
socito: folds 
Uncalled bet ($2.38) returned to I TAKE IT 85
I TAKE IT 85 collected $4.75 from pot
I TAKE IT 85: doesn't show hand 
*** SUMMARY ***
Total pot $5 | Rake $0.25 
Board [2s 4s 6d]
Seat 2: I TAKE IT 85 (button) (small blind) collected ($4.75)
Seat 5: socito (big blind) folded on the Flop



PokerStars Hand #254470109691:  Hold'em No Limit ($0.50/$1.00 USD) - 2025/01/20 17:19:54 WET [2025/01/20 12:19:54 ET]
Table 'Acrux IV' 6-max Seat #5 is the button
Seat 2: I TAKE IT 85 ($105.91 in chips) 
Seat 5: socito ($122.43 in chips) 
socito: posts small blind $0.50
I TAKE IT 85: posts big blind $1
*** HOLE CARDS ***
socito is connected 
socito: raises $1.50 to $2.50
I TAKE IT 85: folds 
Uncalled bet ($1.50) returned to socito
socito collected $2 from pot
socito: doesn't show hand 
*** SUMMARY ***
Total pot $2 | Rake $0 
Seat 2: I TAKE IT 85 (big blind) folded before Flop
Seat 5: socito (button) (small blind) collected ($2)



PokerStars Hand #254470111923:  Hold'em No Limit ($0.50/$1.00 USD) - 2025/01/20 17:20:03 WET [2025/01/20 12:20:03 ET]
Table 'Acrux IV' 6-max Seat #2 is the button
Seat 2: I TAKE IT 85 ($104.91 in chips) 
Seat 5: socito ($123.43 in chips) 
I TAKE IT 85: posts small blind $0.50
socito: posts big blind $1
*** HOLE CARDS ***
I TAKE IT 85: raises $1.50 to $2.50
socito: raises $7.50 to $10
I TAKE IT 85: folds 
Uncalled bet ($7.50) returned to socito
socito collected $5 from pot
socito: doesn't show hand 
*** SUMMARY ***
Total pot $5 | Rake $0 
Seat 2: I TAKE IT 85 (button) (small blind) folded before Flop
Seat 5: socito (big blind) collected ($5)



PokerStars Hand #254470116013:  Hold'em No Limit ($0.50/$1.00 USD) - 2025/01/20 17:20:20 WET [2025/01/20 12:20:20 ET]
Table 'Acrux IV' 6-max Seat #5 is the button
Seat 2: I TAKE IT 85 ($102.41 in chips) 
Seat 5: socito ($125.93 in chips) 
socito: posts small blind $0.50
I TAKE IT 85: posts big blind $1
*** HOLE CARDS ***
socito: raises $1.50 to $2.50
I TAKE IT 85: folds 
Uncalled bet ($1.50) returned to socito
socito collected $2 from pot
socito: doesn't show hand 
LordNielsen joins the table at seat #1 
*** SUMMARY ***
Total pot $2 | Rake $0 
Seat 2: I TAKE IT 85 (big blind) folded before Flop
Seat 5: socito (button) (small blind) collected ($2)



PokerStars Hand #254470118728:  Hold'em No Limit ($0.50/$1.00 USD) - 2025/01/20 17:20:31 WET [2025/01/20 12:20:31 ET]
Table 'Acrux IV' 6-max Seat #2 is the button
Seat 1: LordNielsen ($100 in chips) 
Seat 2: I TAKE IT 85 ($101.41 in chips) 
Seat 5: socito ($126.93 in chips) 
socito: posts small blind $0.50
LordNielsen: posts big blind $1
*** HOLE CARDS ***
Espada Fish joins the table at seat #3 
worker0k joins the table at seat #4 
Kristo 914 joins the table at seat #6 
I TAKE IT 85: raises $1.50 to $2.50
Kristo 914 is disconnected 
socito: folds 
LordNielsen: folds 
Uncalled bet ($1.50) returned to I TAKE IT 85
I TAKE IT 85 collected $2.50 from pot
I TAKE IT 85: doesn't show hand 
*** SUMMARY ***
Total pot $2.50 | Rake $0 
Seat 1: LordNielsen (big blind) folded before Flop
Seat 2: I TAKE IT 85 (button) collected ($2.50)
Seat 5: socito (small blind) folded before Flop



PokerStars Hand #254470125764:  Hold'em No Limit ($0.50/$1.00 USD) - 2025/01/20 17:21:00 WET [2025/01/20 12:21:00 ET]
Table 'Acrux IV' 6-max Seat #5 is the button
Seat 3: Espada Fish ($100 in chips) is sitting out
Seat 4: worker0k ($100 in chips) is sitting out
Seat 6: Kristo 914 ($100 in chips) is sitting out
Seat 1: LordNielsen ($99 in chips) 
Seat 2: I TAKE IT 85 ($102.91 in chips) 
Seat 5: socito ($126.43 in chips) 
LordNielsen: posts small blind $0.50
I TAKE IT 85: posts big blind $1
Espada Fish: sits out 
worker0k: sits out 
*** HOLE CARDS ***
socito: folds 
LordNielsen: folds 
Uncalled bet ($0.50) returned to I TAKE IT 85
I TAKE IT 85 collected $1 from pot
I TAKE IT 85: doesn't show hand 
*** SUMMARY ***
Total pot $1 | Rake $0 
Seat 3: Espada Fish
Seat 4: worker0k
Seat 6: Kristo 914
Seat 1: LordNielsen (small blind) folded before Flop
Seat 2: I TAKE IT 85 (big blind) collected ($1)
Seat 5: socito (button) folded before Flop (didn't bet)



PokerStars Hand #254470128706:  Hold'em No Limit ($0.50/$1.00 USD) - 2025/01/20 17:21:12 WET [2025/01/20 12:21:12 ET]
Table 'Acrux IV' 6-max Seat #1 is the button
Seat 4: worker0k ($100 in chips) is sitting out
Seat 6: Kristo 914 ($100 in chips) is sitting out
Seat 1: LordNielsen ($98.50 in chips) 
Seat 2: I TAKE IT 85 ($103.41 in chips) 
Seat 3: Espada Fish ($100 in chips) 
Seat 5: socito ($126.43 in chips) 
I TAKE IT 85: posts small blind $0.50
Espada Fish: posts big blind $1
worker0k: sits out 
Kristo 914 has timed out while disconnected
Kristo 914: is sitting out 
*** HOLE CARDS ***
socito: folds 
LordNielsen: folds 
I TAKE IT 85: folds 
Uncalled bet ($0.50) returned to Espada Fish
Espada Fish collected $1 from pot
Espada Fish: doesn't show hand 
*** SUMMARY ***
Total pot $1 | Rake $0 
Seat 4: worker0k
Seat 6: Kristo 914
Seat 1: LordNielsen (button) folded before Flop (didn't bet)
Seat 2: I TAKE IT 85 (small blind) folded before Flop
Seat 3: Espada Fish (big blind) collected ($1)
Seat 5: socito folded before Flop (didn't bet)



PokerStars Hand #254470134192:  Hold'em No Limit ($0.50/$1.00 USD) - 2025/01/20 17:21:34 WET [2025/01/20 12:21:34 ET]
Table 'Acrux IV' 6-max Seat #2 is the button
Seat 6: Kristo 914 ($100 in chips) is sitting out
Seat 1: LordNielsen ($98.50 in chips) 
Seat 2: I TAKE IT 85 ($102.91 in chips) 
Seat 3: Espada Fish ($100.50 in chips) 
Seat 4: worker0k ($100 in chips) 
Seat 5: socito ($126.43 in chips) 
Espada Fish: posts small blind $0.50
worker0k: posts big blind $1
*** HOLE CARDS ***
socito: folds 
LordNielsen: folds 
I TAKE IT 85: folds 
Espada Fish: folds 
Uncalled bet ($0.50) returned to worker0k
worker0k collected $1 from pot
*** SUMMARY ***
Total pot $1 | Rake $0 
Seat 6: Kristo 914
Seat 1: LordNielsen folded before Flop (didn't bet)
Seat 2: I TAKE IT 85 (button) folded before Flop (didn't bet)
Seat 3: Espada Fish (small blind) folded before Flop
Seat 4: worker0k (big blind) collected ($1)
Seat 5: socito folded before Flop (didn't bet)



PokerStars Hand #254470136802:  Hold'em No Limit ($0.50/$1.00 USD) - 2025/01/20 17:21:44 WET [2025/01/20 12:21:44 ET]
Table 'Acrux IV' 6-max Seat #3 is the button
Seat 6: Kristo 914 ($100 in chips) is sitting out
Seat 1: LordNielsen ($98.50 in chips) 
Seat 2: I TAKE IT 85 ($102.91 in chips) 
Seat 3: Espada Fish ($100 in chips) 
Seat 4: worker0k ($100.50 in chips) 
Seat 5: socito ($126.43 in chips) 
worker0k: posts small blind $0.50
socito: posts big blind $1
*** HOLE CARDS ***
LordNielsen: raises $2 to $3
I TAKE IT 85: folds 
Espada Fish: folds 
worker0k: folds 
socito: folds 
Uncalled bet ($2) returned to LordNielsen
LordNielsen collected $2.50 from pot
LordNielsen: doesn't show hand 
*** SUMMARY ***
Total pot $2.50 | Rake $0 
Seat 6: Kristo 914
Seat 1: LordNielsen collected ($2.50)
Seat 2: I TAKE IT 85 folded before Flop (didn't bet)
Seat 3: Espada Fish (button) folded before Flop (didn't bet)
Seat 4: worker0k (small blind) folded before Flop
Seat 5: socito (big blind) folded before Flop



PokerStars Hand #254470140123:  Hold'em No Limit ($0.50/$1.00 USD) - 2025/01/20 17:21:58 WET [2025/01/20 12:21:58 ET]
Table 'Acrux IV' 6-max Seat #4 is the button
Seat 1: LordNielsen ($100 in chips) 
Seat 2: I TAKE IT 85 ($102.91 in chips) 
Seat 3: Espada Fish ($100 in chips) 
Seat 4: worker0k ($100 in chips) 
Seat 5: socito ($125.43 in chips) 
Seat 6: Kristo 914 ($100 in chips) 
socito: posts small blind $0.50
Kristo 914: posts big blind $1
*** HOLE CARDS ***
LordNielsen: folds 
I TAKE IT 85: folds 
Espada Fish: folds 
worker0k: folds 
socito: raises $2 to $3
Kristo 914: folds 
Uncalled bet ($2) returned to socito
socito collected $2 from pot
socito: doesn't show hand 
*** SUMMARY ***
Total pot $2 | Rake $0 
Seat 1: LordNielsen folded before Flop (didn't bet)
Seat 2: I TAKE IT 85 folded before Flop (didn't bet)
Seat 3: Espada Fish folded before Flop (didn't bet)
Seat 4: worker0k (button) folded before Flop (didn't bet)
Seat 5: socito (small blind) collected ($2)
Seat 6: Kristo 914 (big blind) folded before Flop



