PokerStars Hand #254470155851:  Hold'em No Limit ($0.50/$1.00 USD) - 2025/01/20 17:23:00 WET [2025/01/20 12:23:00 ET]
Table 'Feodosia IV' 6-max Seat #3 is the button
Seat 4: RT RT960 ($0 in chips) is sitting out
Seat 1: praclovekzig ($32.74 in chips) 
Seat 2: Xenicide ($103.25 in chips) 
Seat 3: Kristo 914 ($100 in chips) 
Seat 5: socito ($169.02 in chips) 
Seat 6: ptolejmus ($10.85 in chips) 
socito: posts small blind $0.50
ptolejmus: posts big blind $1
praclovekzig: posts big blind $1
*** HOLE CARDS ***
praclovekzig: checks 
Xenicide: folds 
Kristo 914: folds 
socito: calls $0.50
ptolejmus: checks 
*** FLOP *** [2s Ts 4s]
socito: checks 
ptolejmus: checks 
praclovekzig: bets $2.85
socito: folds 
ptolejmus: folds 
Uncalled bet ($2.85) returned to praclovekzig
praclovekzig collected $2.85 from pot
*** SUMMARY ***
Total pot $3 | Rake $0.15 
Board [2s Ts 4s]
Seat 4: RT RT960
Seat 1: praclovekzig collected ($2.85)
Seat 2: Xenicide folded before Flop (didn't bet)
Seat 3: Kristo 914 (button) folded before Flop (didn't bet)
Seat 5: socito (small blind) folded on the Flop
Seat 6: ptolejmus (big blind) folded on the Flop



PokerStars Hand #254470170501:  Hold'em No Limit ($0.50/$1.00 USD) - 2025/01/20 17:24:00 WET [2025/01/20 12:24:00 ET]
Table 'Feodosia IV' 6-max Seat #5 is the button
Seat 4: RT RT960 ($0 in chips) is sitting out
Seat 1: praclovekzig ($34.59 in chips) 
Seat 2: Xenicide ($103.25 in chips) 
Seat 3: Kristo 914 ($100 in chips) 
Seat 5: socito ($168.02 in chips) 
Seat 6: ptolejmus ($10 in chips) 
ptolejmus: posts small blind $0.50
praclovekzig: posts big blind $1
*** HOLE CARDS ***
Xenicide: folds 
Kristo 914: raises $1.40 to $2.40
socito: folds 
ptolejmus: raises $7.60 to $10 and is all-in
praclovekzig: folds 
Kristo 914: folds 
Uncalled bet ($7.60) returned to ptolejmus
ptolejmus collected $5.80 from pot
*** SUMMARY ***
Total pot $5.80 | Rake $0 
Seat 4: RT RT960
Seat 1: praclovekzig (big blind) folded before Flop
Seat 2: Xenicide folded before Flop (didn't bet)
Seat 3: Kristo 914 folded before Flop
Seat 5: socito (button) folded before Flop (didn't bet)
Seat 6: ptolejmus (small blind) collected ($5.80)



PokerStars Hand #254470178385:  Hold'em No Limit ($0.50/$1.00 USD) - 2025/01/20 17:24:31 WET [2025/01/20 12:24:31 ET]
Table 'Feodosia IV' 6-max Seat #6 is the button
Seat 4: RT RT960 ($0 in chips) is sitting out
Seat 1: praclovekzig ($33.59 in chips) 
Seat 2: Xenicide ($103.25 in chips) 
Seat 3: Kristo 914 ($100 in chips) 
Seat 5: socito ($168.02 in chips) 
Seat 6: ptolejmus ($13.40 in chips) 
praclovekzig: posts small blind $0.50
Xenicide: posts big blind $1
*** HOLE CARDS ***
Kristo 914: folds 
socito: folds 
ptolejmus: folds 
praclovekzig: folds 
Uncalled bet ($0.50) returned to Xenicide
Xenicide collected $1 from pot
*** SUMMARY ***
Total pot $1 | Rake $0 
Seat 4: RT RT960
Seat 1: praclovekzig (small blind) folded before Flop
Seat 2: Xenicide (big blind) collected ($1)
Seat 3: Kristo 914 folded before Flop (didn't bet)
Seat 5: socito folded before Flop (didn't bet)
Seat 6: ptolejmus (button) folded before Flop (didn't bet)



PokerStars Hand #254470180545:  Hold'em No Limit ($0.50/$1.00 USD) - 2025/01/20 17:24:40 WET [2025/01/20 12:24:40 ET]
Table 'Feodosia IV' 6-max Seat #1 is the button
Seat 4: RT RT960 ($0 in chips) is sitting out
Seat 1: praclovekzig ($33.09 in chips) 
Seat 2: Xenicide ($103.75 in chips) 
Seat 3: Kristo 914 ($100 in chips) 
Seat 5: socito ($168.02 in chips) 
Seat 6: ptolejmus ($13.40 in chips) 
Xenicide: posts small blind $0.50
Kristo 914: posts big blind $1
*** HOLE CARDS ***
socito: folds 
ptolejmus: folds 
praclovekzig: folds 
Xenicide: raises $2.50 to $3.50
Kristo 914: folds 
Uncalled bet ($2.50) returned to Xenicide
Xenicide collected $2 from pot
*** SUMMARY ***
Total pot $2 | Rake $0 
Seat 4: RT RT960
Seat 1: praclovekzig (button) folded before Flop (didn't bet)
Seat 2: Xenicide (small blind) collected ($2)
Seat 3: Kristo 914 (big blind) folded before Flop
Seat 5: socito folded before Flop (didn't bet)
Seat 6: ptolejmus folded before Flop (didn't bet)



PokerStars Hand #254470185320:  Hold'em No Limit ($0.50/$1.00 USD) - 2025/01/20 17:24:59 WET [2025/01/20 12:24:59 ET]
Table 'Feodosia IV' 6-max Seat #2 is the button
Seat 4: RT RT960 ($0 in chips) is sitting out
Seat 1: praclovekzig ($33.09 in chips) 
Seat 2: Xenicide ($104.75 in chips) 
Seat 3: Kristo 914 ($100 in chips) 
Seat 5: socito ($168.02 in chips) 
Seat 6: ptolejmus ($13.40 in chips) 
Kristo 914: posts small blind $0.50
socito: posts big blind $1
*** HOLE CARDS ***
ptolejmus: folds 
praclovekzig: raises $2 to $3
Xenicide: raises $6 to $9
Kristo 914: folds 
socito: folds 
praclovekzig: calls $6
*** FLOP *** [6h Ah 4s]
praclovekzig: checks 
Xenicide: checks 
*** TURN *** [6h Ah 4s] [9s]
praclovekzig: bets $5
Xenicide: raises $90.75 to $95.75 and is all-in
praclovekzig: calls $19.09 and is all-in
Uncalled bet ($71.66) returned to Xenicide
*** RIVER *** [6h Ah 4s 9s] [Qd]
*** SHOW DOWN ***
praclovekzig: shows [Jc Ad] (a pair of Aces)
Xenicide: shows [Qs Ac] (two pair, Aces and Queens)
Xenicide collected $65.18 from pot
*** SUMMARY ***
Total pot $67.68 | Rake $2.50 
Board [6h Ah 4s 9s Qd]
Seat 4: RT RT960
Seat 1: praclovekzig showed [Jc Ad] and lost with a pair of Aces
Seat 2: Xenicide (button) showed [Qs Ac] and won ($65.18) with two pair, Aces and Queens
Seat 3: Kristo 914 (small blind) folded before Flop
Seat 5: socito (big blind) folded before Flop
Seat 6: ptolejmus folded before Flop (didn't bet)



PokerStars Hand #254470201251:  Hold'em No Limit ($0.50/$1.00 USD) - 2025/01/20 17:26:03 WET [2025/01/20 12:26:03 ET]
Table 'Feodosia IV' 6-max Seat #3 is the button
Seat 1: praclovekzig ($0 in chips) is sitting out
Seat 4: RT RT960 ($0 in chips) is sitting out
Seat 6: ptolejmus ($13.40 in chips) is sitting out
Seat 2: Xenicide ($136.84 in chips) 
Seat 3: Kristo 914 ($100 in chips) 
Seat 5: socito ($167.02 in chips) 
socito: posts small blind $0.50
ptolejmus: is sitting out 
Xenicide: posts big blind $1
*** HOLE CARDS ***
Kristo 914: folds 
Kristo 914 leaves the table
ptolejmus leaves the table
socito: raises $2 to $3
Xenicide: calls $2
*** FLOP *** [Ac 9s Kc]
socito: bets $1.43
AndreaBsAs joins the table at seat #3 
Xenicide: folds 
Uncalled bet ($1.43) returned to socito
socito collected $5.70 from pot
socito: doesn't show hand 
*** SUMMARY ***
Total pot $6 | Rake $0.30 
Board [Ac 9s Kc]
Seat 1: praclovekzig
Seat 4: RT RT960
Seat 6: ptolejmus
Seat 2: Xenicide (big blind) folded on the Flop
Seat 3: Kristo 914 (button) folded before Flop (didn't bet)
Seat 5: socito (small blind) collected ($5.70)



PokerStars Hand #254470214307:  Hold'em No Limit ($0.50/$1.00 USD) - 2025/01/20 17:26:56 WET [2025/01/20 12:26:56 ET]
Table 'Feodosia IV' 6-max Seat #5 is the button
Seat 1: praclovekzig ($0 in chips) is sitting out
Seat 4: RT RT960 ($0 in chips) is sitting out
Seat 2: Xenicide ($133.84 in chips) 
Seat 3: AndreaBsAs ($100 in chips) 
Seat 5: socito ($169.72 in chips) 
Xenicide: posts small blind $0.50
AndreaBsAs: posts big blind $1
*** HOLE CARDS ***
socito: folds 
Xenicide: raises $2.50 to $3.50
AndreaBsAs: calls $2.50
*** FLOP *** [4s 8d 2h]
praclovekzig is disconnected 
Xenicide: checks 
AndreaBsAs: checks 
*** TURN *** [4s 8d 2h] [Js]
Xenicide: bets $8.31
AndreaBsAs: calls $8.31
*** RIVER *** [4s 8d 2h Js] [Kh]
Xenicide: checks 
Kristo 914 joins the table at seat #6 
AndreaBsAs: checks 
*** SHOW DOWN ***
Xenicide: shows [3d Ad] (high card Ace)
AndreaBsAs: shows [Jd Th] (a pair of Jacks)
AndreaBsAs collected $22.62 from pot
*** SUMMARY ***
Total pot $23.62 | Rake $1 
Board [4s 8d 2h Js Kh]
Seat 1: praclovekzig
Seat 4: RT RT960
Seat 2: Xenicide (small blind) showed [3d Ad] and lost with high card Ace
Seat 3: AndreaBsAs (big blind) showed [Jd Th] and won ($22.62) with a pair of Jacks
Seat 5: socito (button) folded before Flop (didn't bet)



PokerStars Hand #254470231451:  Hold'em No Limit ($0.50/$1.00 USD) - 2025/01/20 17:28:05 WET [2025/01/20 12:28:05 ET]
Table 'Feodosia IV' 6-max Seat #2 is the button
Seat 1: praclovekzig ($0 in chips) is sitting out
Seat 4: RT RT960 ($0 in chips) is sitting out
Seat 5: socito ($169.72 in chips) is sitting out
Seat 2: Xenicide ($122.03 in chips) 
Seat 3: AndreaBsAs ($110.81 in chips) 
Seat 6: Kristo 914 ($100 in chips) 
AndreaBsAs: posts small blind $0.50
socito: is sitting out 
Kristo 914: posts big blind $1
*** HOLE CARDS ***
Xenicide: folds 
AndreaBsAs: raises $2 to $3
socito leaves the table
socito joins the table at seat #5 
Kristo 914: calls $2
*** FLOP *** [9h 7d Td]
socito leaves the table
socito joins the table at seat #5 
socito leaves the table
AndreaBsAs: checks 
Kristo 914: bets $2.91
AndreaBsAs: folds 
Uncalled bet ($2.91) returned to Kristo 914
Kristo 914 collected $5.70 from pot
RT RT960 leaves the table
Kristo 914: doesn't show hand 
camilinho UC joins the table at seat #5 
camilinho UC is disconnected 
*** SUMMARY ***
Total pot $6 | Rake $0.30 
Board [9h 7d Td]
Seat 1: praclovekzig
Seat 4: RT RT960
Seat 5: socito
Seat 2: Xenicide (button) folded before Flop (didn't bet)
Seat 3: AndreaBsAs (small blind) folded on the Flop
Seat 6: Kristo 914 (big blind) collected ($5.70)



PokerStars Hand #254469952237:  Hold'em No Limit ($0.50/$1.00 USD) - 2025/01/20 17:08:59 WET [2025/01/20 12:08:59 ET]
Table 'Feodosia IV' 6-max Seat #1 is the button
Seat 2: KarP93 ($100 in chips) is sitting out
Seat 1: RAidakCo ($100 in chips) 
Seat 5: socito ($100 in chips) 
RAidakCo: posts small blind $0.50
socito: posts big blind $1
*** HOLE CARDS ***
RAidakCo: raises $1.50 to $2.50
socito: folds 
Uncalled bet ($1.50) returned to RAidakCo
RAidakCo collected $2 from pot
RAidakCo: doesn't show hand 
*** SUMMARY ***
Total pot $2 | Rake $0 
Seat 2: KarP93
Seat 1: RAidakCo (button) (small blind) collected ($2)
Seat 5: socito (big blind) folded before Flop



PokerStars Hand #254469956209:  Hold'em No Limit ($0.50/$1.00 USD) - 2025/01/20 17:09:16 WET [2025/01/20 12:09:16 ET]
Table 'Feodosia IV' 6-max Seat #5 is the button
Seat 2: KarP93 ($100 in chips) is sitting out
Seat 1: RAidakCo ($101 in chips) 
Seat 5: socito ($100 in chips) 
socito: posts small blind $0.50
RAidakCo: posts big blind $1
*** HOLE CARDS ***
socito: raises $1.50 to $2.50
RAidakCo: folds 
Uncalled bet ($1.50) returned to socito
socito collected $2 from pot
socito: doesn't show hand 
Kristo 914 joins the table at seat #4 
*** SUMMARY ***
Total pot $2 | Rake $0 
Seat 2: KarP93
Seat 1: RAidakCo (big blind) folded before Flop
Seat 5: socito (button) (small blind) collected ($2)



PokerStars Hand #254469958724:  Hold'em No Limit ($0.50/$1.00 USD) - 2025/01/20 17:09:27 WET [2025/01/20 12:09:27 ET]
Table 'Feodosia IV' 6-max Seat #5 is the button
Seat 2: KarP93 ($100 in chips) is sitting out
Seat 1: RAidakCo ($100 in chips) 
Seat 4: Kristo 914 ($100 in chips) 
Seat 5: socito ($101 in chips) 
RAidakCo: posts small blind $0.50
Kristo 914: posts big blind $1
*** HOLE CARDS ***
socito: folds 
RAidakCo: folds 
Uncalled bet ($0.50) returned to Kristo 914
Kristo 914 collected $1 from pot
Kristo 914: doesn't show hand 
*** SUMMARY ***
Total pot $1 | Rake $0 
Seat 2: KarP93
Seat 1: RAidakCo (small blind) folded before Flop
Seat 4: Kristo 914 (big blind) collected ($1)
Seat 5: socito (button) folded before Flop (didn't bet)



PokerStars Hand #254469960952:  Hold'em No Limit ($0.50/$1.00 USD) - 2025/01/20 17:09:37 WET [2025/01/20 12:09:37 ET]
Table 'Feodosia IV' 6-max Seat #1 is the button
Seat 2: KarP93 ($100 in chips) is sitting out
Seat 1: RAidakCo ($100 in chips) 
Seat 4: Kristo 914 ($100.50 in chips) 
Seat 5: socito ($101 in chips) 
Kristo 914: posts small blind $0.50
socito: posts big blind $1
*** HOLE CARDS ***
RAidakCo: folds 
Kristo 914: raises $2 to $3
socito: folds 
Uncalled bet ($2) returned to Kristo 914
Kristo 914 collected $2 from pot
Kristo 914: doesn't show hand 
KarP93 leaves the table
*** SUMMARY ***
Total pot $2 | Rake $0 
Seat 2: KarP93
Seat 1: RAidakCo (button) folded before Flop (didn't bet)
Seat 4: Kristo 914 (small blind) collected ($2)
Seat 5: socito (big blind) folded before Flop



PokerStars Hand #254469962613:  Hold'em No Limit ($0.50/$1.00 USD) - 2025/01/20 17:09:44 WET [2025/01/20 12:09:44 ET]
Table 'Feodosia IV' 6-max Seat #4 is the button
Seat 1: RAidakCo ($100 in chips) 
Seat 4: Kristo 914 ($101.50 in chips) 
Seat 5: socito ($100 in chips) 
socito: posts small blind $0.50
RAidakCo: posts big blind $1
*** HOLE CARDS ***
Kristo 914: folds 
socito: folds 
Uncalled bet ($0.50) returned to RAidakCo
RAidakCo collected $1 from pot
RAidakCo: doesn't show hand 
*** SUMMARY ***
Total pot $1 | Rake $0 
Seat 1: RAidakCo (big blind) collected ($1)
Seat 4: Kristo 914 (button) folded before Flop (didn't bet)
Seat 5: socito (small blind) folded before Flop



PokerStars Hand #254469964126:  Hold'em No Limit ($0.50/$1.00 USD) - 2025/01/20 17:09:51 WET [2025/01/20 12:09:51 ET]
Table 'Feodosia IV' 6-max Seat #5 is the button
Seat 1: RAidakCo ($100.50 in chips) 
Seat 4: Kristo 914 ($101.50 in chips) 
Seat 5: socito ($100 in chips) 
RAidakCo: posts small blind $0.50
Kristo 914: posts big blind $1
*** HOLE CARDS ***
socito: raises $1.50 to $2.50
RAidakCo: folds 
Kristo 914: folds 
Uncalled bet ($1.50) returned to socito
socito collected $2.50 from pot
socito: doesn't show hand 
*** SUMMARY ***
Total pot $2.50 | Rake $0 
Seat 1: RAidakCo (small blind) folded before Flop
Seat 4: Kristo 914 (big blind) folded before Flop
Seat 5: socito (button) collected ($2.50)



PokerStars Hand #254469967774:  Hold'em No Limit ($0.50/$1.00 USD) - 2025/01/20 17:10:07 WET [2025/01/20 12:10:07 ET]
Table 'Feodosia IV' 6-max Seat #1 is the button
Seat 1: RAidakCo ($100 in chips) 
Seat 4: Kristo 914 ($100.50 in chips) 
Seat 5: socito ($101.50 in chips) 
Kristo 914: posts small blind $0.50
socito: posts big blind $1
*** HOLE CARDS ***
RAidakCo: folds 
Kristo 914: raises $2 to $3
socito: raises $6 to $9
Kristo 914: raises $12 to $21
RAidakCo leaves the table
socito: calls $12
*** FLOP *** [5c As 4d]
Kristo 914: bets $4
socito: calls $4
*** TURN *** [5c As 4d] [3h]
Kristo 914: checks 
socito: checks 
*** RIVER *** [5c As 4d 3h] [Ks]
Kristo 914: checks 
socito: checks 
*** SHOW DOWN ***
Kristo 914: shows [Qd Qc] (a pair of Queens)
socito: shows [Ah Jh] (a pair of Aces)
socito collected $49 from pot
*** SUMMARY ***
Total pot $50 | Rake $1 
Board [5c As 4d 3h Ks]
Seat 1: RAidakCo (button) folded before Flop (didn't bet)
Seat 4: Kristo 914 (small blind) showed [Qd Qc] and lost with a pair of Queens
Seat 5: socito (big blind) showed [Ah Jh] and won ($49) with a pair of Aces



PokerStars Hand #254469985662:  Hold'em No Limit ($0.50/$1.00 USD) - 2025/01/20 17:11:24 WET [2025/01/20 12:11:24 ET]
Table 'Feodosia IV' 6-max Seat #5 is the button
Seat 4: Kristo 914 ($100 in chips) 
Seat 5: socito ($125.50 in chips) 
socito: posts small blind $0.50
Kristo 914: posts big blind $1
*** HOLE CARDS ***
socito: folds 
Uncalled bet ($0.50) returned to Kristo 914
Kristo 914 collected $1 from pot
Kristo 914: doesn't show hand 
*** SUMMARY ***
Total pot $1 | Rake $0 
Seat 4: Kristo 914 (big blind) collected ($1)
Seat 5: socito (button) (small blind) folded before Flop



PokerStars Hand #254469989343:  Hold'em No Limit ($0.50/$1.00 USD) - 2025/01/20 17:11:40 WET [2025/01/20 12:11:40 ET]
Table 'Feodosia IV' 6-max Seat #4 is the button
Seat 4: Kristo 914 ($100.50 in chips) 
Seat 5: socito ($125 in chips) 
Kristo 914: posts small blind $0.50
socito: posts big blind $1
*** HOLE CARDS ***
Kristo 914: raises $1.40 to $2.40
socito: calls $1.40
*** FLOP *** [3h 2s 5s]
socito: checks 
Kristo 914: bets $2.33
socito: calls $2.33
*** TURN *** [3h 2s 5s] [Qc]
socito: checks 
Kristo 914: checks 
*** RIVER *** [3h 2s 5s Qc] [Ks]
socito: bets $17.98
Kristo 914: folds 
Uncalled bet ($17.98) returned to socito
socito collected $8.99 from pot
socito: doesn't show hand 
Kristo 914 leaves the table
*** SUMMARY ***
Total pot $9.46 | Rake $0.47 
Board [3h 2s 5s Qc Ks]
Seat 4: Kristo 914 (button) (small blind) folded on the River
Seat 5: socito (big blind) collected ($8.99)



PokerStars Hand #254470020827:  Hold'em No Limit ($0.50/$1.00 USD) - 2025/01/20 17:13:51 WET [2025/01/20 12:13:51 ET]
Table 'Feodosia IV' 6-max Seat #5 is the button
Seat 1: Nicedaymybro ($100 in chips) 
Seat 4: RT RT960 ($53.44 in chips) 
Seat 5: socito ($129.26 in chips) 
Seat 6: ptolejmus ($10 in chips) 
ptolejmus: posts small blind $0.50
Nicedaymybro: posts big blind $1
*** HOLE CARDS ***
RT RT960: folds 
socito: raises $1.50 to $2.50
Xenicide joins the table at seat #2 
Kristo 914 joins the table at seat #3 
ptolejmus: folds 
Nicedaymybro: calls $1.50
*** FLOP *** [8s 8d 7s]
Nicedaymybro: checks 
socito: bets $1.31
ptolejmus is disconnected 
Nicedaymybro: calls $1.31
*** TURN *** [8s 8d 7s] [7c]
Nicedaymybro: checks 
socito: checks 
*** RIVER *** [8s 8d 7s 7c] [Tc]
Nicedaymybro: bets $10.79
socito: folds 
Uncalled bet ($10.79) returned to Nicedaymybro
Nicedaymybro collected $7.71 from pot
Nicedaymybro: doesn't show hand 
*** SUMMARY ***
Total pot $8.12 | Rake $0.41 
Board [8s 8d 7s 7c Tc]
Seat 1: Nicedaymybro (big blind) collected ($7.71)
Seat 4: RT RT960 folded before Flop (didn't bet)
Seat 5: socito (button) folded on the River
Seat 6: ptolejmus (small blind) folded before Flop



PokerStars Hand #254470036854:  Hold'em No Limit ($0.50/$1.00 USD) - 2025/01/20 17:14:58 WET [2025/01/20 12:14:58 ET]
Table 'Feodosia IV' 6-max Seat #6 is the button
Seat 3: Kristo 914 ($100 in chips) is sitting out
Seat 1: Nicedaymybro ($103.90 in chips) 
Seat 2: Xenicide ($100 in chips) 
Seat 4: RT RT960 ($53.44 in chips) 
Seat 5: socito ($125.45 in chips) 
Seat 6: ptolejmus ($10 in chips) 
Nicedaymybro: posts small blind $0.50
Xenicide: posts big blind $1
Kristo 914: sits out 
*** HOLE CARDS ***
RT RT960: raises $2 to $3
socito: folds 
ptolejmus: folds 
Nicedaymybro: folds 
Xenicide: folds 
Uncalled bet ($2) returned to RT RT960
RT RT960 collected $2.50 from pot
*** SUMMARY ***
Total pot $2.50 | Rake $0 
Seat 3: Kristo 914
Seat 1: Nicedaymybro (small blind) folded before Flop
Seat 2: Xenicide (big blind) folded before Flop
Seat 4: RT RT960 collected ($2.50)
Seat 5: socito folded before Flop (didn't bet)
Seat 6: ptolejmus (button) folded before Flop (didn't bet)



PokerStars Hand #254470044721:  Hold'em No Limit ($0.50/$1.00 USD) - 2025/01/20 17:15:30 WET [2025/01/20 12:15:30 ET]
Table 'Feodosia IV' 6-max Seat #1 is the button
Seat 1: Nicedaymybro ($103.40 in chips) 
Seat 2: Xenicide ($100 in chips) 
Seat 3: Kristo 914 ($100 in chips) 
Seat 4: RT RT960 ($54.94 in chips) 
Seat 5: socito ($125.45 in chips) 
Seat 6: ptolejmus ($10 in chips) 
Xenicide: posts small blind $0.50
Kristo 914: posts big blind $1
*** HOLE CARDS ***
RT RT960: folds 
socito: raises $1.50 to $2.50
ptolejmus: folds 
Nicedaymybro: folds 
Xenicide: folds 
Kristo 914: folds 
Uncalled bet ($1.50) returned to socito
socito collected $2.50 from pot
socito: doesn't show hand 
*** SUMMARY ***
Total pot $2.50 | Rake $0 
Seat 1: Nicedaymybro (button) folded before Flop (didn't bet)
Seat 2: Xenicide (small blind) folded before Flop
Seat 3: Kristo 914 (big blind) folded before Flop
Seat 4: RT RT960 folded before Flop (didn't bet)
Seat 5: socito collected ($2.50)
Seat 6: ptolejmus folded before Flop (didn't bet)



PokerStars Hand #254470049827:  Hold'em No Limit ($0.50/$1.00 USD) - 2025/01/20 17:15:51 WET [2025/01/20 12:15:51 ET]
Table 'Feodosia IV' 6-max Seat #2 is the button
Seat 1: Nicedaymybro ($103.40 in chips) 
Seat 2: Xenicide ($100 in chips) 
Seat 3: Kristo 914 ($100 in chips) 
Seat 4: RT RT960 ($54.94 in chips) 
Seat 5: socito ($126.95 in chips) 
Seat 6: ptolejmus ($10 in chips) 
Kristo 914: posts small blind $0.50
RT RT960: posts big blind $1
*** HOLE CARDS ***
socito: folds 
ptolejmus: folds 
Nicedaymybro: folds 
Xenicide: raises $1.25 to $2.25
Kristo 914: folds 
RT RT960: calls $1.25
*** FLOP *** [Kc 9d 2c]
RT RT960: checks 
Xenicide: bets $1.19
RT RT960: calls $1.19
*** TURN *** [Kc 9d 2c] [8s]
RT RT960: checks 
Xenicide: checks 
*** RIVER *** [Kc 9d 2c 8s] [8h]
RT RT960: bets $3.51
Xenicide: raises $45.49 to $49
RT RT960: folds 
Uncalled bet ($45.49) returned to Xenicide
Xenicide collected $13.68 from pot
*** SUMMARY ***
Total pot $14.40 | Rake $0.72 
Board [Kc 9d 2c 8s 8h]
Seat 1: Nicedaymybro folded before Flop (didn't bet)
Seat 2: Xenicide (button) collected ($13.68)
Seat 3: Kristo 914 (small blind) folded before Flop
Seat 4: RT RT960 (big blind) folded on the River
Seat 5: socito folded before Flop (didn't bet)
Seat 6: ptolejmus folded before Flop (didn't bet)



PokerStars Hand #254470064763:  Hold'em No Limit ($0.50/$1.00 USD) - 2025/01/20 17:16:53 WET [2025/01/20 12:16:53 ET]
Table 'Feodosia IV' 6-max Seat #3 is the button
Seat 1: Nicedaymybro ($103.40 in chips) 
Seat 2: Xenicide ($106.73 in chips) 
Seat 3: Kristo 914 ($100 in chips) 
Seat 4: RT RT960 ($47.99 in chips) 
Seat 5: socito ($126.95 in chips) 
Seat 6: ptolejmus ($10 in chips) 
RT RT960: posts small blind $0.50
socito: posts big blind $1
*** HOLE CARDS ***
ptolejmus: folds 
Nicedaymybro: folds 
Xenicide: folds 
Kristo 914: folds 
RT RT960: folds 
Uncalled bet ($0.50) returned to socito
socito collected $1 from pot
socito: doesn't show hand 
*** SUMMARY ***
Total pot $1 | Rake $0 
Seat 1: Nicedaymybro folded before Flop (didn't bet)
Seat 2: Xenicide folded before Flop (didn't bet)
Seat 3: Kristo 914 (button) folded before Flop (didn't bet)
Seat 4: RT RT960 (small blind) folded before Flop
Seat 5: socito (big blind) collected ($1)
Seat 6: ptolejmus folded before Flop (didn't bet)



PokerStars Hand #254470069387:  Hold'em No Limit ($0.50/$1.00 USD) - 2025/01/20 17:17:12 WET [2025/01/20 12:17:12 ET]
Table 'Feodosia IV' 6-max Seat #4 is the button
Seat 1: Nicedaymybro ($103.40 in chips) 
Seat 2: Xenicide ($106.73 in chips) 
Seat 3: Kristo 914 ($100 in chips) 
Seat 4: RT RT960 ($47.49 in chips) 
Seat 5: socito ($127.45 in chips) 
Seat 6: ptolejmus ($10 in chips) 
socito: posts small blind $0.50
ptolejmus: posts big blind $1
*** HOLE CARDS ***
Nicedaymybro: folds 
Xenicide: raises $1 to $2
Kristo 914: folds 
RT RT960: calls $2
socito: folds 
ptolejmus: calls $1
*** FLOP *** [Qd As 7d]
ptolejmus: checks 
Xenicide: checks 
RT RT960: checks 
*** TURN *** [Qd As 7d] [6d]
ptolejmus: checks 
Xenicide: bets $2.16
RT RT960: folds 
Kristo 914 is disconnected 
ptolejmus: folds 
Uncalled bet ($2.16) returned to Xenicide
Xenicide collected $6.18 from pot
*** SUMMARY ***
Total pot $6.50 | Rake $0.32 
Board [Qd As 7d 6d]
Seat 1: Nicedaymybro folded before Flop (didn't bet)
Seat 2: Xenicide collected ($6.18)
Seat 3: Kristo 914 folded before Flop (didn't bet)
Seat 4: RT RT960 (button) folded on the Turn
Seat 5: socito (small blind) folded before Flop
Seat 6: ptolejmus (big blind) folded on the Turn



PokerStars Hand #254470087025:  Hold'em No Limit ($0.50/$1.00 USD) - 2025/01/20 17:18:24 WET [2025/01/20 12:18:24 ET]
Table 'Feodosia IV' 6-max Seat #5 is the button
Seat 1: Nicedaymybro ($103.40 in chips) 
Seat 2: Xenicide ($110.91 in chips) 
Seat 3: Kristo 914 ($100 in chips) 
Seat 4: RT RT960 ($45.49 in chips) 
Seat 5: socito ($126.95 in chips) 
Seat 6: ptolejmus ($10 in chips) 
ptolejmus: posts small blind $0.50
Nicedaymybro: posts big blind $1
*** HOLE CARDS ***
Xenicide: folds 
Kristo 914: folds 
RT RT960: raises $2 to $3
socito: folds 
ptolejmus: raises $7 to $10 and is all-in
Nicedaymybro: folds 
RT RT960: calls $7
*** FLOP *** [4c 6c 7s]
*** TURN *** [4c 6c 7s] [8c]
*** RIVER *** [4c 6c 7s 8c] [8d]
*** SHOW DOWN ***
ptolejmus: shows [4h 4d] (a full house, Fours full of Eights)
RT RT960: shows [6h Ac] (two pair, Eights and Sixes)
ptolejmus cashed out the hand for $10.82 | Cash Out Fee $0.22
*** SUMMARY ***
Total pot $21 | Rake $1.05 
Board [4c 6c 7s 8c 8d]
Seat 1: Nicedaymybro (big blind) folded before Flop
Seat 2: Xenicide folded before Flop (didn't bet)
Seat 3: Kristo 914 folded before Flop (didn't bet)
Seat 4: RT RT960 showed [6h Ac] and lost with two pair, Eights and Sixes
Seat 5: socito (button) folded before Flop (didn't bet)
Seat 6: ptolejmus (small blind) showed [4h 4d] and won ($19.95) with a full house, Fours full of Eights (pot not awarded as player cashed out)



PokerStars Hand #254470095733:  Hold'em No Limit ($0.50/$1.00 USD) - 2025/01/20 17:18:58 WET [2025/01/20 12:18:58 ET]
Table 'Feodosia IV' 6-max Seat #6 is the button
Seat 1: Nicedaymybro ($102.40 in chips) 
Seat 2: Xenicide ($110.91 in chips) 
Seat 3: Kristo 914 ($100 in chips) 
Seat 4: RT RT960 ($35.49 in chips) 
Seat 5: socito ($126.95 in chips) 
Seat 6: ptolejmus ($10.82 in chips) 
Nicedaymybro: posts small blind $0.50
Xenicide: posts big blind $1
*** HOLE CARDS ***
Kristo 914: folds 
RT RT960: raises $2 to $3
socito: folds 
ptolejmus: folds 
Nicedaymybro: folds 
Xenicide: raises $6 to $9
RT RT960: calls $6
*** FLOP *** [6h 2s 5s]
Xenicide: checks 
RT RT960: bets $26.49 and is all-in
Xenicide: folds 
Uncalled bet ($26.49) returned to RT RT960
RT RT960 collected $17.58 from pot
*** SUMMARY ***
Total pot $18.50 | Rake $0.92 
Board [6h 2s 5s]
Seat 1: Nicedaymybro (small blind) folded before Flop
Seat 2: Xenicide (big blind) folded on the Flop
Seat 3: Kristo 914 folded before Flop (didn't bet)
Seat 4: RT RT960 collected ($17.58)
Seat 5: socito folded before Flop (didn't bet)
Seat 6: ptolejmus (button) folded before Flop (didn't bet)



PokerStars Hand #254470105044:  Hold'em No Limit ($0.50/$1.00 USD) - 2025/01/20 17:19:36 WET [2025/01/20 12:19:36 ET]
Table 'Feodosia IV' 6-max Seat #1 is the button
Seat 1: Nicedaymybro ($101.90 in chips) 
Seat 2: Xenicide ($101.91 in chips) 
Seat 3: Kristo 914 ($100 in chips) 
Seat 4: RT RT960 ($44.07 in chips) 
Seat 5: socito ($126.95 in chips) 
Seat 6: ptolejmus ($10.82 in chips) 
Xenicide: posts small blind $0.50
Kristo 914: posts big blind $1
*** HOLE CARDS ***
RT RT960: folds 
socito: folds 
ptolejmus: folds 
Nicedaymybro: raises $1.50 to $2.50
Xenicide: folds 
Kristo 914: folds 
Uncalled bet ($1.50) returned to Nicedaymybro
Nicedaymybro collected $2.50 from pot
Nicedaymybro: doesn't show hand 
*** SUMMARY ***
Total pot $2.50 | Rake $0 
Seat 1: Nicedaymybro (button) collected ($2.50)
Seat 2: Xenicide (small blind) folded before Flop
Seat 3: Kristo 914 (big blind) folded before Flop
Seat 4: RT RT960 folded before Flop (didn't bet)
Seat 5: socito folded before Flop (didn't bet)
Seat 6: ptolejmus folded before Flop (didn't bet)



PokerStars Hand #254470108906:  Hold'em No Limit ($0.50/$1.00 USD) - 2025/01/20 17:19:51 WET [2025/01/20 12:19:51 ET]
Table 'Feodosia IV' 6-max Seat #2 is the button
Seat 1: Nicedaymybro ($103.40 in chips) 
Seat 2: Xenicide ($101.41 in chips) 
Seat 3: Kristo 914 ($100 in chips) 
Seat 4: RT RT960 ($44.07 in chips) 
Seat 5: socito ($126.95 in chips) 
Seat 6: ptolejmus ($10.82 in chips) 
Kristo 914: posts small blind $0.50
RT RT960: posts big blind $1
*** HOLE CARDS ***
socito: raises $1.50 to $2.50
ptolejmus: folds 
Nicedaymybro: folds 
Xenicide: folds 
Kristo 914: folds 
RT RT960: calls $1.50
*** FLOP *** [3d Th Qc]
RT RT960: checks 
socito: bets $1.72
RT RT960: calls $1.72
*** TURN *** [3d Th Qc] [5d]
RT RT960: checks 
socito: bets $12.74
RT RT960: raises $27.11 to $39.85 and is all-in
socito: calls $27.11
*** RIVER *** [3d Th Qc 5d] [7h]
*** SHOW DOWN ***
RT RT960: shows [Jd 8d] (high card Queen)
socito: shows [5h 5s] (three of a kind, Fives)
socito collected $86.14 from pot
RT RT960 is disconnected 
*** SUMMARY ***
Total pot $88.64 | Rake $2.50 
Board [3d Th Qc 5d 7h]
Seat 1: Nicedaymybro folded before Flop (didn't bet)
Seat 2: Xenicide (button) folded before Flop (didn't bet)
Seat 3: Kristo 914 (small blind) folded before Flop
Seat 4: RT RT960 (big blind) showed [Jd 8d] and lost with high card Queen
Seat 5: socito showed [5h 5s] and won ($86.14) with three of a kind, Fives
Seat 6: ptolejmus folded before Flop (didn't bet)



PokerStars Hand #254470120223:  Hold'em No Limit ($0.50/$1.00 USD) - 2025/01/20 17:20:37 WET [2025/01/20 12:20:37 ET]
Table 'Feodosia IV' 6-max Seat #3 is the button
Seat 4: RT RT960 ($0 in chips) is sitting out
Seat 1: Nicedaymybro ($103.40 in chips) 
Seat 2: Xenicide ($101.41 in chips) 
Seat 3: Kristo 914 ($100 in chips) 
Seat 5: socito ($169.02 in chips) 
Seat 6: ptolejmus ($10.82 in chips) 
socito: posts small blind $0.50
ptolejmus: posts big blind $1
*** HOLE CARDS ***
Nicedaymybro: folds 
Nicedaymybro leaves the table
Xenicide: raises $1 to $2
Kristo 914 is disconnected 
Kristo 914 has timed out while disconnected
Kristo 914: folds 
socito: folds 
ptolejmus: calls $1
*** FLOP *** [Td 2h 5s]
ptolejmus: checks 
Xenicide: checks 
*** TURN *** [Td 2h 5s] [Ac]
ptolejmus: checks 
Xenicide: checks 
*** RIVER *** [Td 2h 5s Ac] [Kh]
ptolejmus: checks 
Xenicide: checks 
*** SHOW DOWN ***
ptolejmus: shows [Ks 8d] (a pair of Kings)
Xenicide: mucks hand 
ptolejmus collected $4.28 from pot
*** SUMMARY ***
Total pot $4.50 | Rake $0.22 
Board [Td 2h 5s Ac Kh]
Seat 4: RT RT960
Seat 1: Nicedaymybro folded before Flop (didn't bet)
Seat 2: Xenicide mucked
Seat 3: Kristo 914 (button) folded before Flop (didn't bet)
Seat 5: socito (small blind) folded before Flop
Seat 6: ptolejmus (big blind) showed [Ks 8d] and won ($4.28) with a pair of Kings



PokerStars Hand #254470138752:  Hold'em No Limit ($0.50/$1.00 USD) - 2025/01/20 17:21:52 WET [2025/01/20 12:21:52 ET]
Table 'Feodosia IV' 6-max Seat #5 is the button
Seat 3: Kristo 914 ($100 in chips) is sitting out
Seat 4: RT RT960 ($0 in chips) is sitting out
Seat 2: Xenicide ($100 in chips) 
Seat 5: socito ($168.52 in chips) 
Seat 6: ptolejmus ($13.10 in chips) 
ptolejmus: posts small blind $0.50
Xenicide: posts big blind $1
*** HOLE CARDS ***
socito: folds 
ptolejmus: raises $1.25 to $2.25
Xenicide: raises $85.25 to $87.50
ptolejmus: folds 
Uncalled bet ($85.25) returned to Xenicide
Xenicide collected $4.50 from pot
*** SUMMARY ***
Total pot $4.50 | Rake $0 
Seat 3: Kristo 914
Seat 4: RT RT960
Seat 2: Xenicide (big blind) collected ($4.50)
Seat 5: socito (button) folded before Flop (didn't bet)
Seat 6: ptolejmus (small blind) folded before Flop



PokerStars Hand #254470144165:  Hold'em No Limit ($0.50/$1.00 USD) - 2025/01/20 17:22:14 WET [2025/01/20 12:22:14 ET]
Table 'Feodosia IV' 6-max Seat #6 is the button
Seat 4: RT RT960 ($0 in chips) is sitting out
Seat 2: Xenicide ($102.25 in chips) 
Seat 3: Kristo 914 ($100 in chips) 
Seat 5: socito ($168.52 in chips) 
Seat 6: ptolejmus ($10.85 in chips) 
Xenicide: posts small blind $0.50
Kristo 914: posts big blind $1
*** HOLE CARDS ***
socito: raises $1.50 to $2.50
ptolejmus: folds 
Xenicide: folds 
Kristo 914: folds 
Uncalled bet ($1.50) returned to socito
socito collected $2.50 from pot
socito: doesn't show hand 
*** SUMMARY ***
Total pot $2.50 | Rake $0 
Seat 4: RT RT960
Seat 2: Xenicide (small blind) folded before Flop
Seat 3: Kristo 914 (big blind) folded before Flop
Seat 5: socito collected ($2.50)
Seat 6: ptolejmus (button) folded before Flop (didn't bet)



PokerStars Hand #254470148695:  Hold'em No Limit ($0.50/$1.00 USD) - 2025/01/20 17:22:31 WET [2025/01/20 12:22:31 ET]
Table 'Feodosia IV' 6-max Seat #2 is the button
Seat 4: RT RT960 ($0 in chips) is sitting out
Seat 2: Xenicide ($101.75 in chips) 
Seat 3: Kristo 914 ($100 in chips) 
Seat 5: socito ($170.02 in chips) 
Seat 6: ptolejmus ($10.85 in chips) 
Kristo 914: posts small blind $0.50
socito: posts big blind $1
*** HOLE CARDS ***
ptolejmus: folds 
praclovekzig joins the table at seat #1 
praclovekzig is disconnected 
Xenicide: raises $1.25 to $2.25
Kristo 914: folds 
socito: folds 
Uncalled bet ($1.25) returned to Xenicide
Xenicide collected $2.50 from pot
*** SUMMARY ***
Total pot $2.50 | Rake $0 
Seat 4: RT RT960
Seat 2: Xenicide (button) collected ($2.50)
Seat 3: Kristo 914 (small blind) folded before Flop
Seat 5: socito (big blind) folded before Flop
Seat 6: ptolejmus folded before Flop (didn't bet)



