PokerStars Hand #254467545773:  Hold'em No Limit ($0.50/$1.00 USD) - 2025/01/20 13:44:55 WET [2025/01/20 8:44:55 ET]
Table 'Larissa IV' 6-max Seat #1 is the button
Seat 1: joaquin612 ($100 in chips) 
Seat 3: franco232315 ($80 in chips) 
Seat 4: janarr5 ($103 in chips) 
franco232315: posts small blind $0.50
janarr5: posts big blind $1
*** HOLE CARDS ***
joaquin612: folds 
franco232315: raises $2 to $3
janarr5: folds 
Uncalled bet ($2) returned to franco232315
franco232315 collected $2 from pot
franco232315: doesn't show hand 
*** SUMMARY ***
Total pot $2 | Rake $0 
Seat 1: joaquin612 (button) folded before Flop (didn't bet)
Seat 3: franco232315 (small blind) collected ($2)
Seat 4: janarr5 (big blind) folded before Flop



PokerStars Hand #254467547951:  Hold'em No Limit ($0.50/$1.00 USD) - 2025/01/20 13:45:08 WET [2025/01/20 8:45:08 ET]
Table 'Larissa IV' 6-max Seat #3 is the button
Seat 1: joaquin612 ($100 in chips) 
Seat 3: franco232315 ($100 in chips) 
Seat 4: janarr5 ($102 in chips) 
janarr5: posts small blind $0.50
joaquin612: posts big blind $1
*** HOLE CARDS ***
franco232315: folds 
janarr5: folds 
Uncalled bet ($0.50) returned to joaquin612
joaquin612 collected $1 from pot
joaquin612: doesn't show hand 
*** SUMMARY ***
Total pot $1 | Rake $0 
Seat 1: joaquin612 (big blind) collected ($1)
Seat 3: franco232315 (button) folded before Flop (didn't bet)
Seat 4: janarr5 (small blind) folded before Flop



PokerStars Hand #254467549426:  Hold'em No Limit ($0.50/$1.00 USD) - 2025/01/20 13:45:16 WET [2025/01/20 8:45:16 ET]
Table 'Larissa IV' 6-max Seat #4 is the button
Seat 1: joaquin612 ($100.50 in chips) 
Seat 3: franco232315 ($100 in chips) 
Seat 4: janarr5 ($101.50 in chips) 
joaquin612: posts small blind $0.50
franco232315: posts big blind $1
*** HOLE CARDS ***
janarr5: folds 
joaquin612: raises $2 to $3
franco232315: folds 
Uncalled bet ($2) returned to joaquin612
joaquin612 collected $2 from pot
joaquin612: doesn't show hand 
elcutez joins the table at seat #2 
elcutez is disconnected 
*** SUMMARY ***
Total pot $2 | Rake $0 
Seat 1: joaquin612 (small blind) collected ($2)
Seat 3: franco232315 (big blind) folded before Flop
Seat 4: janarr5 (button) folded before Flop (didn't bet)



PokerStars Hand #254467552316:  Hold'em No Limit ($0.50/$1.00 USD) - 2025/01/20 13:45:34 WET [2025/01/20 8:45:34 ET]
Table 'Larissa IV' 6-max Seat #1 is the button
Seat 2: elcutez ($100 in chips) is sitting out
Seat 1: joaquin612 ($101.50 in chips) 
Seat 3: franco232315 ($100 in chips) 
Seat 4: janarr5 ($101.50 in chips) 
franco232315: posts small blind $0.50
janarr5: posts big blind $1
*** HOLE CARDS ***
joaquin612: folds 
franco232315: raises $2 to $3
janarr5: folds 
Uncalled bet ($2) returned to franco232315
franco232315 collected $2 from pot
franco232315: doesn't show hand 
*** SUMMARY ***
Total pot $2 | Rake $0 
Seat 2: elcutez
Seat 1: joaquin612 (button) folded before Flop (didn't bet)
Seat 3: franco232315 (small blind) collected ($2)
Seat 4: janarr5 (big blind) folded before Flop



PokerStars Hand #254467554785:  Hold'em No Limit ($0.50/$1.00 USD) - 2025/01/20 13:45:48 WET [2025/01/20 8:45:48 ET]
Table 'Larissa IV' 6-max Seat #3 is the button
Seat 1: joaquin612 ($101.50 in chips) 
Seat 2: elcutez ($100 in chips) 
Seat 3: franco232315 ($101 in chips) 
Seat 4: janarr5 ($100.50 in chips) 
janarr5: posts small blind $0.50
joaquin612: posts big blind $1
elcutez: posts big blind $1
*** HOLE CARDS ***
elcutez: checks 
franco232315: folds 
janarr5: folds 
joaquin612: checks 
*** FLOP *** [Tc 9s Jd]
joaquin612: checks 
elcutez: checks 
*** TURN *** [Tc 9s Jd] [Js]
joaquin612: bets $1.31
elcutez: folds 
Uncalled bet ($1.31) returned to joaquin612
MakoEv joins the table at seat #6 
joaquin612 collected $2.38 from pot
joaquin612: doesn't show hand 
*** SUMMARY ***
Total pot $2.50 | Rake $0.12 
Board [Tc 9s Jd Js]
Seat 1: joaquin612 (big blind) collected ($2.38)
Seat 2: elcutez folded on the Turn (didn't bet)
Seat 3: franco232315 (button) folded before Flop (didn't bet)
Seat 4: janarr5 (small blind) folded before Flop



PokerStars Hand #254467561113:  Hold'em No Limit ($0.50/$1.00 USD) - 2025/01/20 13:46:26 WET [2025/01/20 8:46:26 ET]
Table 'Larissa IV' 6-max Seat #4 is the button
Seat 6: MakoEv ($100 in chips) is sitting out
Seat 1: joaquin612 ($102.88 in chips) 
Seat 2: elcutez ($99 in chips) 
Seat 3: franco232315 ($101 in chips) 
Seat 4: janarr5 ($100 in chips) 
joaquin612: posts small blind $0.50
elcutez: posts big blind $1
*** HOLE CARDS ***
franco232315: folds 
janarr5: folds 
joaquin612: folds 
Uncalled bet ($0.50) returned to elcutez
elcutez collected $1 from pot
*** SUMMARY ***
Total pot $1 | Rake $0 
Seat 6: MakoEv
Seat 1: joaquin612 (small blind) folded before Flop
Seat 2: elcutez (big blind) collected ($1)
Seat 3: franco232315 folded before Flop (didn't bet)
Seat 4: janarr5 (button) folded before Flop (didn't bet)



PokerStars Hand #254467563850:  Hold'em No Limit ($0.50/$1.00 USD) - 2025/01/20 13:46:43 WET [2025/01/20 8:46:43 ET]
Table 'Larissa IV' 6-max Seat #1 is the button
Seat 6: MakoEv ($100 in chips) is sitting out
Seat 1: joaquin612 ($102.38 in chips) 
Seat 2: elcutez ($99.50 in chips) 
Seat 3: franco232315 ($101 in chips) 
Seat 4: janarr5 ($100 in chips) 
elcutez: posts small blind $0.50
franco232315: posts big blind $1
MakoEv: sits out 
*** HOLE CARDS ***
janarr5: folds 
joaquin612: folds 
elcutez: folds 
Uncalled bet ($0.50) returned to franco232315
franco232315 collected $1 from pot
franco232315: doesn't show hand 
*** SUMMARY ***
Total pot $1 | Rake $0 
Seat 6: MakoEv
Seat 1: joaquin612 (button) folded before Flop (didn't bet)
Seat 2: elcutez (small blind) folded before Flop
Seat 3: franco232315 (big blind) collected ($1)
Seat 4: janarr5 folded before Flop (didn't bet)



PokerStars Hand #254467565400:  Hold'em No Limit ($0.50/$1.00 USD) - 2025/01/20 13:46:52 WET [2025/01/20 8:46:52 ET]
Table 'Larissa IV' 6-max Seat #2 is the button
Seat 6: MakoEv ($100 in chips) is sitting out
Seat 1: joaquin612 ($102.38 in chips) 
Seat 2: elcutez ($99 in chips) 
Seat 3: franco232315 ($101.50 in chips) 
Seat 4: janarr5 ($100 in chips) 
franco232315: posts small blind $0.50
janarr5: posts big blind $1
MakoEv: sits out 
*** HOLE CARDS ***
joaquin612: folds 
elcutez: raises $2 to $3
franco232315: folds 
franbasualdo10 joins the table at seat #5 
franbasualdo10 is disconnected 
janarr5: calls $2
*** FLOP *** [2d 5s 5h]
janarr5: checks 
elcutez: checks 
*** TURN *** [2d 5s 5h] [5c]
janarr5: checks 
elcutez: checks 
*** RIVER *** [2d 5s 5h 5c] [Qs]
janarr5: checks 
elcutez: bets $5
janarr5: folds 
Uncalled bet ($5) returned to elcutez
elcutez collected $6.18 from pot
*** SUMMARY ***
Total pot $6.50 | Rake $0.32 
Board [2d 5s 5h 5c Qs]
Seat 6: MakoEv
Seat 1: joaquin612 folded before Flop (didn't bet)
Seat 2: elcutez (button) collected ($6.18)
Seat 3: franco232315 (small blind) folded before Flop
Seat 4: janarr5 (big blind) folded on the River



PokerStars Hand #254467570789:  Hold'em No Limit ($0.50/$1.00 USD) - 2025/01/20 13:47:24 WET [2025/01/20 8:47:24 ET]
Table 'Larissa IV' 6-max Seat #3 is the button
Seat 6: MakoEv ($100 in chips) is sitting out
Seat 1: joaquin612 ($102.38 in chips) 
Seat 2: elcutez ($102.18 in chips) 
Seat 3: franco232315 ($101 in chips) 
Seat 4: janarr5 ($100 in chips) 
Seat 5: franbasualdo10 ($41.09 in chips) 
janarr5: posts small blind $0.50
franbasualdo10: posts big blind $1
MakoEv: sits out 
*** HOLE CARDS ***
joaquin612: folds 
elcutez: folds 
franco232315: raises $1.50 to $2.50
janarr5: folds 
franbasualdo10: folds 
Uncalled bet ($1.50) returned to franco232315
franco232315 collected $2.50 from pot
franco232315: doesn't show hand 
*** SUMMARY ***
Total pot $2.50 | Rake $0 
Seat 6: MakoEv
Seat 1: joaquin612 folded before Flop (didn't bet)
Seat 2: elcutez folded before Flop (didn't bet)
Seat 3: franco232315 (button) collected ($2.50)
Seat 4: janarr5 (small blind) folded before Flop
Seat 5: franbasualdo10 (big blind) folded before Flop



PokerStars Hand #254467573632:  Hold'em No Limit ($0.50/$1.00 USD) - 2025/01/20 13:47:41 WET [2025/01/20 8:47:41 ET]
Table 'Larissa IV' 6-max Seat #4 is the button
Seat 1: joaquin612 ($102.38 in chips) 
Seat 2: elcutez ($102.18 in chips) 
Seat 3: franco232315 ($102.50 in chips) 
Seat 4: janarr5 ($100 in chips) 
Seat 5: franbasualdo10 ($40.09 in chips) 
Seat 6: MakoEv ($100 in chips) 
franbasualdo10: posts small blind $0.50
MakoEv: posts big blind $1
*** HOLE CARDS ***
joaquin612: folds 
elcutez is disconnected 
elcutez has timed out while disconnected
elcutez: folds 
franco232315: raises $1.50 to $2.50
janarr5: folds 
franbasualdo10: folds 
MakoEv: folds 
Uncalled bet ($1.50) returned to franco232315
franbasualdo10 leaves the table
franco232315 collected $2.50 from pot
franco232315: doesn't show hand 
*** SUMMARY ***
Total pot $2.50 | Rake $0 
Seat 1: joaquin612 folded before Flop (didn't bet)
Seat 2: elcutez folded before Flop (didn't bet)
Seat 3: franco232315 collected ($2.50)
Seat 4: janarr5 (button) folded before Flop (didn't bet)
Seat 5: franbasualdo10 (small blind) folded before Flop
Seat 6: MakoEv (big blind) folded before Flop



PokerStars Hand #254467580198:  Hold'em No Limit ($0.50/$1.00 USD) - 2025/01/20 13:48:20 WET [2025/01/20 8:48:20 ET]
Table 'Larissa IV' 6-max Seat #6 is the button
Seat 1: joaquin612 ($102.38 in chips) 
Seat 2: elcutez ($102.18 in chips) 
Seat 3: franco232315 ($104 in chips) 
Seat 4: janarr5 ($100 in chips) 
Seat 6: MakoEv ($100 in chips) 
joaquin612: posts small blind $0.50
elcutez: posts big blind $1
*** HOLE CARDS ***
franco232315: folds 
janarr5: folds 
MakoEv: folds 
joaquin612: raises $2 to $3
elcutez: folds 
Uncalled bet ($2) returned to joaquin612
joaquin612 collected $2 from pot
joaquin612: doesn't show hand 
*** SUMMARY ***
Total pot $2 | Rake $0 
Seat 1: joaquin612 (small blind) collected ($2)
Seat 2: elcutez (big blind) folded before Flop
Seat 3: franco232315 folded before Flop (didn't bet)
Seat 4: janarr5 folded before Flop (didn't bet)
Seat 6: MakoEv (button) folded before Flop (didn't bet)



PokerStars Hand #254467583286:  Hold'em No Limit ($0.50/$1.00 USD) - 2025/01/20 13:48:38 WET [2025/01/20 8:48:38 ET]
Table 'Larissa IV' 6-max Seat #1 is the button
Seat 1: joaquin612 ($103.38 in chips) 
Seat 2: elcutez ($101.18 in chips) 
Seat 3: franco232315 ($104 in chips) 
Seat 4: janarr5 ($100 in chips) 
Seat 6: MakoEv ($100 in chips) 
elcutez: posts small blind $0.50
franco232315: posts big blind $1
*** HOLE CARDS ***
janarr5: raises $1.25 to $2.25
MakoEv: folds 
joaquin612: folds 
elcutez: folds 
franco232315: folds 
Uncalled bet ($1.25) returned to janarr5
janarr5 collected $2.50 from pot
janarr5: doesn't show hand 
*** SUMMARY ***
Total pot $2.50 | Rake $0 
Seat 1: joaquin612 (button) folded before Flop (didn't bet)
Seat 2: elcutez (small blind) folded before Flop
Seat 3: franco232315 (big blind) folded before Flop
Seat 4: janarr5 collected ($2.50)
Seat 6: MakoEv folded before Flop (didn't bet)



PokerStars Hand #254467586564:  Hold'em No Limit ($0.50/$1.00 USD) - 2025/01/20 13:48:58 WET [2025/01/20 8:48:58 ET]
Table 'Larissa IV' 6-max Seat #2 is the button
Seat 1: joaquin612 ($103.38 in chips) 
Seat 2: elcutez ($100.68 in chips) 
Seat 3: franco232315 ($103 in chips) 
Seat 4: janarr5 ($101.50 in chips) 
Seat 6: MakoEv ($100 in chips) 
franco232315: posts small blind $0.50
janarr5: posts big blind $1
*** HOLE CARDS ***
MakoEv: folds 
joaquin612: raises $1.50 to $2.50
elcutez: folds 
franco232315: folds 
janarr5: calls $1.50
*** FLOP *** [5h As 9d]
janarr5: checks 
joaquin612: bets $1.72
janarr5: calls $1.72
*** TURN *** [5h As 9d] [Td]
janarr5: checks 
joaquin612: bets $12.74
janarr5: calls $12.74
*** RIVER *** [5h As 9d Td] [Qh]
abell150 joins the table at seat #5 
abell150 is disconnected 
janarr5: checks 
joaquin612: checks 
*** SHOW DOWN ***
janarr5: shows [5s 5d] (three of a kind, Fives)
joaquin612: mucks hand 
janarr5 collected $32.70 from pot
*** SUMMARY ***
Total pot $34.42 | Rake $1.72 
Board [5h As 9d Td Qh]
Seat 1: joaquin612 mucked
Seat 2: elcutez (button) folded before Flop (didn't bet)
Seat 3: franco232315 (small blind) folded before Flop
Seat 4: janarr5 (big blind) showed [5s 5d] and won ($32.70) with three of a kind, Fives
Seat 6: MakoEv folded before Flop (didn't bet)



PokerStars Hand #254467596193:  Hold'em No Limit ($0.50/$1.00 USD) - 2025/01/20 13:49:55 WET [2025/01/20 8:49:55 ET]
Table 'Larissa IV' 6-max Seat #3 is the button
Seat 2: elcutez ($100.68 in chips) is sitting out
Seat 3: franco232315 ($102.50 in chips) 
Seat 4: janarr5 ($117.24 in chips) 
Seat 5: abell150 ($49.94 in chips) 
Seat 6: MakoEv ($100 in chips) 
janarr5: posts small blind $0.50
abell150: posts big blind $1
*** HOLE CARDS ***
MakoEv: folds 
franco232315: folds 
janarr5: folds 
Uncalled bet ($0.50) returned to abell150
abell150 collected $1 from pot
*** SUMMARY ***
Total pot $1 | Rake $0 
Seat 2: elcutez
Seat 3: franco232315 (button) folded before Flop (didn't bet)
Seat 4: janarr5 (small blind) folded before Flop
Seat 5: abell150 (big blind) collected ($1)
Seat 6: MakoEv folded before Flop (didn't bet)



PokerStars Hand #254467597944:  Hold'em No Limit ($0.50/$1.00 USD) - 2025/01/20 13:50:06 WET [2025/01/20 8:50:06 ET]
Table 'Larissa IV' 6-max Seat #4 is the button
Seat 2: elcutez ($100.68 in chips) is sitting out
Seat 3: franco232315 ($102.50 in chips) 
Seat 4: janarr5 ($116.74 in chips) 
Seat 5: abell150 ($50.44 in chips) 
Seat 6: MakoEv ($100 in chips) 
abell150: posts small blind $0.50
MakoEv: posts big blind $1
*** HOLE CARDS ***
franco232315: folds 
janarr5: folds 
vadjkeee joins the table at seat #1 
abell150: calls $0.50
MakoEv: checks 
*** FLOP *** [Jd Th 6h]
abell150: checks 
MakoEv: bets $1
abell150: folds 
Uncalled bet ($1) returned to MakoEv
MakoEv collected $1.90 from pot
MakoEv: doesn't show hand 
*** SUMMARY ***
Total pot $2 | Rake $0.10 
Board [Jd Th 6h]
Seat 2: elcutez
Seat 3: franco232315 folded before Flop (didn't bet)
Seat 4: janarr5 (button) folded before Flop (didn't bet)
Seat 5: abell150 (small blind) folded on the Flop
Seat 6: MakoEv (big blind) collected ($1.90)



PokerStars Hand #254467603437:  Hold'em No Limit ($0.50/$1.00 USD) - 2025/01/20 13:50:38 WET [2025/01/20 8:50:38 ET]
Table 'Larissa IV' 6-max Seat #5 is the button
Seat 2: elcutez ($100.68 in chips) is sitting out
Seat 1: vadjkeee ($108.19 in chips) 
Seat 3: franco232315 ($102.50 in chips) 
Seat 4: janarr5 ($116.74 in chips) 
Seat 5: abell150 ($49.44 in chips) 
Seat 6: MakoEv ($100.90 in chips) 
MakoEv: posts small blind $0.50
vadjkeee: posts big blind $1
*** HOLE CARDS ***
franco232315: folds 
janarr5: raises $1.25 to $2.25
abell150: folds 
MakoEv: folds 
vadjkeee: folds 
Uncalled bet ($1.25) returned to janarr5
abell150 leaves the table
janarr5 collected $2.50 from pot
janarr5: doesn't show hand 
*** SUMMARY ***
Total pot $2.50 | Rake $0 
Seat 2: elcutez
Seat 1: vadjkeee (big blind) folded before Flop
Seat 3: franco232315 folded before Flop (didn't bet)
Seat 4: janarr5 collected ($2.50)
Seat 5: abell150 (button) folded before Flop (didn't bet)
Seat 6: MakoEv (small blind) folded before Flop



PokerStars Hand #254467606542:  Hold'em No Limit ($0.50/$1.00 USD) - 2025/01/20 13:50:57 WET [2025/01/20 8:50:57 ET]
Table 'Larissa IV' 6-max Seat #6 is the button
Seat 2: elcutez ($100.68 in chips) is sitting out
Seat 1: vadjkeee ($107.19 in chips) 
Seat 3: franco232315 ($102.50 in chips) 
Seat 4: janarr5 ($118.24 in chips) 
Seat 6: MakoEv ($100.40 in chips) 
vadjkeee: posts small blind $0.50
franco232315: posts big blind $1
*** HOLE CARDS ***
janarr5: raises $1.25 to $2.25
MakoEv: folds 
vadjkeee: folds 
franco232315: raises $9.25 to $11.50
janarr5: folds 
Uncalled bet ($9.25) returned to franco232315
franco232315 collected $5 from pot
franco232315: doesn't show hand 
*** SUMMARY ***
Total pot $5 | Rake $0 
Seat 2: elcutez
Seat 1: vadjkeee (small blind) folded before Flop
Seat 3: franco232315 (big blind) collected ($5)
Seat 4: janarr5 folded before Flop
Seat 6: MakoEv (button) folded before Flop (didn't bet)



PokerStars Hand #254467610259:  Hold'em No Limit ($0.50/$1.00 USD) - 2025/01/20 13:51:18 WET [2025/01/20 8:51:18 ET]
Table 'Larissa IV' 6-max Seat #1 is the button
Seat 2: elcutez ($100.68 in chips) is sitting out
Seat 1: vadjkeee ($106.69 in chips) 
Seat 3: franco232315 ($105.25 in chips) 
Seat 4: janarr5 ($115.99 in chips) 
Seat 6: MakoEv ($100.40 in chips) 
franco232315: posts small blind $0.50
janarr5: posts big blind $1
*** HOLE CARDS ***
MakoEv: folds 
vadjkeee: folds 
franco232315: folds 
Uncalled bet ($0.50) returned to janarr5
janarr5 collected $1 from pot
janarr5: doesn't show hand 
*** SUMMARY ***
Total pot $1 | Rake $0 
Seat 2: elcutez
Seat 1: vadjkeee (button) folded before Flop (didn't bet)
Seat 3: franco232315 (small blind) folded before Flop
Seat 4: janarr5 (big blind) collected ($1)
Seat 6: MakoEv folded before Flop (didn't bet)



PokerStars Hand #254467612068:  Hold'em No Limit ($0.50/$1.00 USD) - 2025/01/20 13:51:29 WET [2025/01/20 8:51:29 ET]
Table 'Larissa IV' 6-max Seat #3 is the button
Seat 2: elcutez ($100.68 in chips) is sitting out
Seat 1: vadjkeee ($106.69 in chips) 
Seat 3: franco232315 ($104.75 in chips) 
Seat 4: janarr5 ($116.49 in chips) 
Seat 6: MakoEv ($100.40 in chips) 
janarr5: posts small blind $0.50
MakoEv: posts big blind $1
*** HOLE CARDS ***
vadjkeee: folds 
franco232315: raises $1.50 to $2.50
janarr5: folds 
MakoEv: raises $9.50 to $12
franco232315: folds 
Uncalled bet ($9.50) returned to MakoEv
MakoEv collected $5.50 from pot
MakoEv: doesn't show hand 
*** SUMMARY ***
Total pot $5.50 | Rake $0 
Seat 2: elcutez
Seat 1: vadjkeee folded before Flop (didn't bet)
Seat 3: franco232315 (button) folded before Flop
Seat 4: janarr5 (small blind) folded before Flop
Seat 6: MakoEv (big blind) collected ($5.50)



PokerStars Hand #254467615270:  Hold'em No Limit ($0.50/$1.00 USD) - 2025/01/20 13:51:48 WET [2025/01/20 8:51:48 ET]
Table 'Larissa IV' 6-max Seat #4 is the button
Seat 2: elcutez ($100.68 in chips) is sitting out
Seat 1: vadjkeee ($106.69 in chips) 
Seat 3: franco232315 ($102.25 in chips) 
Seat 4: janarr5 ($115.99 in chips) 
Seat 6: MakoEv ($103.40 in chips) 
MakoEv: posts small blind $0.50
vadjkeee: posts big blind $1
*** HOLE CARDS ***
franco232315: folds 
janarr5: folds 
MakoEv: raises $2 to $3
vadjkeee: calls $2
*** FLOP *** [Qs Ks 9d]
MakoEv: checks 
vadjkeee: bets $5.42
MakoEv: calls $5.42
*** TURN *** [Qs Ks 9d] [Qc]
MakoEv: checks 
vadjkeee: bets $5.28
MakoEv: folds 
Uncalled bet ($5.28) returned to vadjkeee
vadjkeee collected $16 from pot
vadjkeee: doesn't show hand 
*** SUMMARY ***
Total pot $16.84 | Rake $0.84 
Board [Qs Ks 9d Qc]
Seat 2: elcutez
Seat 1: vadjkeee (big blind) collected ($16)
Seat 3: franco232315 folded before Flop (didn't bet)
Seat 4: janarr5 (button) folded before Flop (didn't bet)
Seat 6: MakoEv (small blind) folded on the Turn



PokerStars Hand #254467625907:  Hold'em No Limit ($0.50/$1.00 USD) - 2025/01/20 13:52:51 WET [2025/01/20 8:52:51 ET]
Table 'Larissa IV' 6-max Seat #6 is the button
Seat 2: elcutez ($100.68 in chips) is sitting out
Seat 3: franco232315 ($102.25 in chips) is sitting out
Seat 1: vadjkeee ($114.27 in chips) 
Seat 4: janarr5 ($115.99 in chips) 
Seat 6: MakoEv ($100 in chips) 
vadjkeee: posts small blind $0.50
franco232315: is sitting out 
janarr5: posts big blind $1
*** HOLE CARDS ***
MakoEv: folds 
franco232315 leaves the table
vadjkeee: folds 
Uncalled bet ($0.50) returned to janarr5
janarr5 collected $1 from pot
janarr5: doesn't show hand 
*** SUMMARY ***
Total pot $1 | Rake $0 
Seat 2: elcutez
Seat 3: franco232315
Seat 1: vadjkeee (small blind) folded before Flop
Seat 4: janarr5 (big blind) collected ($1)
Seat 6: MakoEv (button) folded before Flop (didn't bet)



PokerStars Hand #254467627711:  Hold'em No Limit ($0.50/$1.00 USD) - 2025/01/20 13:53:02 WET [2025/01/20 8:53:02 ET]
Table 'Larissa IV' 6-max Seat #1 is the button
Seat 2: elcutez ($100.68 in chips) is sitting out
Seat 1: vadjkeee ($113.77 in chips) 
Seat 4: janarr5 ($116.49 in chips) 
Seat 6: MakoEv ($100 in chips) 
janarr5: posts small blind $0.50
MakoEv: posts big blind $1
*** HOLE CARDS ***
vadjkeee: raises $1.50 to $2.50
janarr5: raises $7.50 to $10
MakoEv: folds 
vadjkeee: folds 
Uncalled bet ($7.50) returned to janarr5
janarr5 collected $6 from pot
janarr5: doesn't show hand 
*** SUMMARY ***
Total pot $6 | Rake $0 
Seat 2: elcutez
Seat 1: vadjkeee (button) folded before Flop
Seat 4: janarr5 (small blind) collected ($6)
Seat 6: MakoEv (big blind) folded before Flop



PokerStars Hand #254467629619:  Hold'em No Limit ($0.50/$1.00 USD) - 2025/01/20 13:53:14 WET [2025/01/20 8:53:14 ET]
Table 'Larissa IV' 6-max Seat #6 is the button
Seat 1: vadjkeee ($111.27 in chips) is sitting out
Seat 2: elcutez ($100.68 in chips) is sitting out
Seat 4: janarr5 ($119.99 in chips) 
Seat 6: MakoEv ($100 in chips) 
MakoEv: posts small blind $0.50
vadjkeee: is sitting out 
janarr5: posts big blind $1
*** HOLE CARDS ***
MakoEv: raises $1.50 to $2.50
janarr5: folds 
Uncalled bet ($1.50) returned to MakoEv
MakoEv collected $2 from pot
MakoEv: doesn't show hand 
vadjkeee leaves the table
*** SUMMARY ***
Total pot $2 | Rake $0 
Seat 1: vadjkeee
Seat 2: elcutez
Seat 4: janarr5 (big blind) folded before Flop
Seat 6: MakoEv (button) (small blind) collected ($2)



PokerStars Hand #254467630978:  Hold'em No Limit ($0.50/$1.00 USD) - 2025/01/20 13:53:22 WET [2025/01/20 8:53:22 ET]
Table 'Larissa IV' 6-max Seat #4 is the button
Seat 2: elcutez ($100.68 in chips) is sitting out
Seat 4: janarr5 ($118.99 in chips) 
Seat 6: MakoEv ($101 in chips) 
janarr5: posts small blind $0.50
MakoEv: posts big blind $1
*** HOLE CARDS ***
janarr5: raises $1.50 to $2.50
MakoEv: raises $7.50 to $10
janarr5: folds 
Uncalled bet ($7.50) returned to MakoEv
MakoEv collected $5 from pot
MakoEv: doesn't show hand 
*** SUMMARY ***
Total pot $5 | Rake $0 
Seat 2: elcutez
Seat 4: janarr5 (button) (small blind) folded before Flop
Seat 6: MakoEv (big blind) collected ($5)



PokerStars Hand #254467636469:  Hold'em No Limit ($0.50/$1.00 USD) - 2025/01/20 13:53:55 WET [2025/01/20 8:53:55 ET]
Table 'Larissa IV' 6-max Seat #2 is the button
Seat 2: elcutez ($100.68 in chips) 
Seat 4: janarr5 ($116.49 in chips) 
elcutez: posts small blind $0.50
janarr5: posts big blind $1
*** HOLE CARDS ***
elcutez: raises $2 to $3
janarr5: folds 
Uncalled bet ($2) returned to elcutez
elcutez collected $2 from pot
*** SUMMARY ***
Total pot $2 | Rake $0 
Seat 2: elcutez (button) (small blind) collected ($2)
Seat 4: janarr5 (big blind) folded before Flop



PokerStars Hand #254467637907:  Hold'em No Limit ($0.50/$1.00 USD) - 2025/01/20 13:54:03 WET [2025/01/20 8:54:03 ET]
Table 'Larissa IV' 6-max Seat #4 is the button
Seat 2: elcutez ($101.68 in chips) 
Seat 4: janarr5 ($115.49 in chips) 
janarr5: posts small blind $0.50
elcutez: posts big blind $1
*** HOLE CARDS ***
janarr5: raises $1.50 to $2.50
elcutez: folds 
Uncalled bet ($1.50) returned to janarr5
janarr5 collected $2 from pot
janarr5: doesn't show hand 
*** SUMMARY ***
Total pot $2 | Rake $0 
Seat 2: elcutez (big blind) folded before Flop
Seat 4: janarr5 (button) (small blind) collected ($2)



PokerStars Hand #254467639195:  Hold'em No Limit ($0.50/$1.00 USD) - 2025/01/20 13:54:11 WET [2025/01/20 8:54:11 ET]
Table 'Larissa IV' 6-max Seat #2 is the button
Seat 2: elcutez ($100.68 in chips) 
Seat 4: janarr5 ($116.49 in chips) 
elcutez: posts small blind $0.50
janarr5: posts big blind $1
*** HOLE CARDS ***
elcutez: raises $2 to $3
janarr5: calls $2
*** FLOP *** [9s 5h Ah]
janarr5: checks 
elcutez: checks 
*** TURN *** [9s 5h Ah] [Jc]
janarr5: bets $9
elcutez: calls $9
*** RIVER *** [9s 5h Ah Jc] [2d]
joaquin612 joins the table at seat #1 
janarr5: bets $15.18
elcutez: calls $15.18
*** SHOW DOWN ***
janarr5: shows [9c Js] (two pair, Jacks and Nines)
elcutez: mucks hand 
janarr5 collected $53.36 from pot
*** SUMMARY ***
Total pot $54.36 | Rake $1 
Board [9s 5h Ah Jc 2d]
Seat 2: elcutez (button) (small blind) mucked
Seat 4: janarr5 (big blind) showed [9c Js] and won ($53.36) with two pair, Jacks and Nines



PokerStars Hand #254467644833:  Hold'em No Limit ($0.50/$1.00 USD) - 2025/01/20 13:54:44 WET [2025/01/20 8:54:44 ET]
Table 'Larissa IV' 6-max Seat #2 is the button
Seat 1: joaquin612 ($100 in chips) 
Seat 2: elcutez ($73.50 in chips) 
Seat 4: janarr5 ($142.67 in chips) 
janarr5: posts small blind $0.50
joaquin612: posts big blind $1
*** HOLE CARDS ***
elcutez: folds 
elcutez leaves the table
janarr5: folds 
Uncalled bet ($0.50) returned to joaquin612
joaquin612 collected $1 from pot
joaquin612: doesn't show hand 
*** SUMMARY ***
Total pot $1 | Rake $0 
Seat 1: joaquin612 (big blind) collected ($1)
Seat 2: elcutez (button) folded before Flop (didn't bet)
Seat 4: janarr5 (small blind) folded before Flop



PokerStars Hand #254467646330:  Hold'em No Limit ($0.50/$1.00 USD) - 2025/01/20 13:54:53 WET [2025/01/20 8:54:53 ET]
Table 'Larissa IV' 6-max Seat #1 is the button
Seat 1: joaquin612 ($100.50 in chips) 
Seat 4: janarr5 ($142.17 in chips) 
joaquin612: posts small blind $0.50
janarr5: posts big blind $1
*** HOLE CARDS ***
joaquin612: folds 
Uncalled bet ($0.50) returned to janarr5
janarr5 collected $1 from pot
janarr5: doesn't show hand 
*** SUMMARY ***
Total pot $1 | Rake $0 
Seat 1: joaquin612 (button) (small blind) folded before Flop
Seat 4: janarr5 (big blind) collected ($1)



PokerStars Hand #254467647599:  Hold'em No Limit ($0.50/$1.00 USD) - 2025/01/20 13:55:01 WET [2025/01/20 8:55:01 ET]
Table 'Larissa IV' 6-max Seat #4 is the button
Seat 1: joaquin612 ($100 in chips) 
Seat 4: janarr5 ($142.67 in chips) 
janarr5: posts small blind $0.50
joaquin612: posts big blind $1
*** HOLE CARDS ***
janarr5: folds 
Uncalled bet ($0.50) returned to joaquin612
joaquin612 collected $1 from pot
joaquin612: doesn't show hand 
*** SUMMARY ***
Total pot $1 | Rake $0 
Seat 1: joaquin612 (big blind) collected ($1)
Seat 4: janarr5 (button) (small blind) folded before Flop



PokerStars Hand #254467648897:  Hold'em No Limit ($0.50/$1.00 USD) - 2025/01/20 13:55:10 WET [2025/01/20 8:55:10 ET]
Table 'Larissa IV' 6-max Seat #1 is the button
Seat 1: joaquin612 ($100.50 in chips) 
Seat 4: janarr5 ($142.17 in chips) 
joaquin612: posts small blind $0.50
janarr5: posts big blind $1
*** HOLE CARDS ***
joaquin612: raises $1.50 to $2.50
janarr5: folds 
Uncalled bet ($1.50) returned to joaquin612
joaquin612 collected $2 from pot
joaquin612: doesn't show hand 
*** SUMMARY ***
Total pot $2 | Rake $0 
Seat 1: joaquin612 (button) (small blind) collected ($2)
Seat 4: janarr5 (big blind) folded before Flop



