PokerStars Hand #254472660395:  Hold'em No Limit ($0.50/$1.00 USD) - 2025/01/20 19:57:28 WET [2025/01/20 14:57:28 ET]
Table 'Conrada IV' 6-max Seat #5 is the button
Seat 1: mariofcd ($100 in chips) 
Seat 2: app1e_j@ck ($100 in chips) 
Seat 3: worker0k ($100 in chips) 
Seat 4: gudrozd ($100 in chips) 
Seat 5: aoish30 ($100 in chips) 
Seat 6: Kingston099 ($54.40 in chips) 
Kingston099: posts small blind $0.50
mariofcd: posts big blind $1
*** HOLE CARDS ***
app1e_j@ck: raises $1.50 to $2.50
worker0k: folds 
gudrozd: folds 
aoish30: raises $6 to $8.50
Kingston099: folds 
mariofcd: folds 
app1e_j@ck: folds 
Uncalled bet ($6) returned to aoish30
aoish30 collected $6.50 from pot
aoish30: doesn't show hand 
*** SUMMARY ***
Total pot $6.50 | Rake $0 
Seat 1: mariofcd (big blind) folded before Flop
Seat 2: app1e_j@ck folded before Flop
Seat 3: worker0k folded before Flop (didn't bet)
Seat 4: gudrozd folded before Flop (didn't bet)
Seat 5: aoish30 (button) collected ($6.50)
Seat 6: Kingston099 (small blind) folded before Flop



PokerStars Hand #254472667011:  Hold'em No Limit ($0.50/$1.00 USD) - 2025/01/20 19:57:58 WET [2025/01/20 14:57:58 ET]
Table 'Conrada IV' 6-max Seat #6 is the button
Seat 1: mariofcd ($100 in chips) 
Seat 2: app1e_j@ck ($100 in chips) 
Seat 3: worker0k ($100 in chips) 
Seat 4: gudrozd ($100 in chips) 
Seat 5: aoish30 ($104 in chips) 
Seat 6: Kingston099 ($53.90 in chips) 
mariofcd: posts small blind $0.50
app1e_j@ck: posts big blind $1
*** HOLE CARDS ***
worker0k: folds 
gudrozd: folds 
aoish30: folds 
Kingston099: folds 
mariofcd: raises $2 to $3
app1e_j@ck: calls $2
*** FLOP *** [7h 9h Td]
mariofcd: checks 
app1e_j@ck: checks 
*** TURN *** [7h 9h Td] [Js]
mariofcd: bets $4.28
app1e_j@ck: raises $7.78 to $12.06
mariofcd: calls $7.78
*** RIVER *** [7h 9h Td Js] [Tc]
mariofcd: bets $21.46
app1e_j@ck: calls $21.46
*** SHOW DOWN ***
mariofcd: shows [Th Ah] (three of a kind, Tens)
app1e_j@ck: shows [Kd Qc] (a straight, Nine to King)
app1e_j@ck collected $70.54 from pot
*** SUMMARY ***
Total pot $73.04 | Rake $2.50 
Board [7h 9h Td Js Tc]
Seat 1: mariofcd (small blind) showed [Th Ah] and lost with three of a kind, Tens
Seat 2: app1e_j@ck (big blind) showed [Kd Qc] and won ($70.54) with a straight, Nine to King
Seat 3: worker0k folded before Flop (didn't bet)
Seat 4: gudrozd folded before Flop (didn't bet)
Seat 5: aoish30 folded before Flop (didn't bet)
Seat 6: Kingston099 (button) folded before Flop (didn't bet)



PokerStars Hand #254472680399:  Hold'em No Limit ($0.50/$1.00 USD) - 2025/01/20 19:58:58 WET [2025/01/20 14:58:58 ET]
Table 'Conrada IV' 6-max Seat #1 is the button
Seat 1: mariofcd ($100 in chips) 
Seat 2: app1e_j@ck ($134.02 in chips) 
Seat 3: worker0k ($100 in chips) 
Seat 4: gudrozd ($100 in chips) 
Seat 5: aoish30 ($104 in chips) 
Seat 6: Kingston099 ($53.90 in chips) 
app1e_j@ck: posts small blind $0.50
worker0k: posts big blind $1
*** HOLE CARDS ***
gudrozd: raises $1.50 to $2.50
aoish30: folds 
Kingston099: folds 
mariofcd: calls $2.50
app1e_j@ck: folds 
worker0k: calls $1.50
*** FLOP *** [Kd 7h 7c]
worker0k: checks 
gudrozd: checks 
mariofcd: checks 
*** TURN *** [Kd 7h 7c] [Kh]
worker0k: checks 
gudrozd: bets $2.51
mariofcd: folds 
worker0k: folds 
Uncalled bet ($2.51) returned to gudrozd
gudrozd collected $7.60 from pot
gudrozd: doesn't show hand 
*** SUMMARY ***
Total pot $8 | Rake $0.40 
Board [Kd 7h 7c Kh]
Seat 1: mariofcd (button) folded on the Turn
Seat 2: app1e_j@ck (small blind) folded before Flop
Seat 3: worker0k (big blind) folded on the Turn
Seat 4: gudrozd collected ($7.60)
Seat 5: aoish30 folded before Flop (didn't bet)
Seat 6: Kingston099 folded before Flop (didn't bet)



PokerStars Hand #254472689833:  Hold'em No Limit ($0.50/$1.00 USD) - 2025/01/20 19:59:41 WET [2025/01/20 14:59:41 ET]
Table 'Conrada IV' 6-max Seat #2 is the button
Seat 3: worker0k ($100 in chips) is sitting out
Seat 1: mariofcd ($100 in chips) 
Seat 2: app1e_j@ck ($133.52 in chips) 
Seat 4: gudrozd ($105.10 in chips) 
Seat 5: aoish30 ($104 in chips) 
Seat 6: Kingston099 ($53.90 in chips) 
gudrozd: posts small blind $0.50
aoish30: posts big blind $1
*** HOLE CARDS ***
worker0k leaves the table
Kingston099: raises $1 to $2
mariofcd: folds 
app1e_j@ck: folds 
gudrozd: folds 
aoish30: calls $1
*** FLOP *** [Jc 3s 7d]
aoish30: checks 
Kingston099: bets $3.14
z00mba joins the table at seat #3 
aoish30: calls $3.14
*** TURN *** [Jc 3s 7d] [8c]
aoish30: checks 
Kingston099: bets $10.24
aoish30: folds 
Uncalled bet ($10.24) returned to Kingston099
Kingston099 collected $10.24 from pot
Kingston099: doesn't show hand 
*** SUMMARY ***
Total pot $10.78 | Rake $0.54 
Board [Jc 3s 7d 8c]
Seat 3: worker0k
Seat 1: mariofcd folded before Flop (didn't bet)
Seat 2: app1e_j@ck (button) folded before Flop (didn't bet)
Seat 4: gudrozd (small blind) folded before Flop
Seat 5: aoish30 (big blind) folded on the Turn
Seat 6: Kingston099 collected ($10.24)



PokerStars Hand #254472701870:  Hold'em No Limit ($0.50/$1.00 USD) - 2025/01/20 20:00:31 WET [2025/01/20 15:00:31 ET]
Table 'Conrada IV' 6-max Seat #4 is the button
Seat 3: z00mba ($100 in chips) is sitting out
Seat 1: mariofcd ($100 in chips) 
Seat 2: app1e_j@ck ($133.52 in chips) 
Seat 4: gudrozd ($104.60 in chips) 
Seat 5: aoish30 ($100 in chips) 
Seat 6: Kingston099 ($59 in chips) 
aoish30: posts small blind $0.50
Kingston099: posts big blind $1
z00mba: sits out 
*** HOLE CARDS ***
mariofcd: folds 
app1e_j@ck: folds 
gudrozd: folds 
aoish30: raises $2 to $3
Kingston099: folds 
Uncalled bet ($2) returned to aoish30
aoish30 collected $2 from pot
aoish30: doesn't show hand 
*** SUMMARY ***
Total pot $2 | Rake $0 
Seat 3: z00mba
Seat 1: mariofcd folded before Flop (didn't bet)
Seat 2: app1e_j@ck folded before Flop (didn't bet)
Seat 4: gudrozd (button) folded before Flop (didn't bet)
Seat 5: aoish30 (small blind) collected ($2)
Seat 6: Kingston099 (big blind) folded before Flop



PokerStars Hand #254472705186:  Hold'em No Limit ($0.50/$1.00 USD) - 2025/01/20 20:00:44 WET [2025/01/20 15:00:44 ET]
Table 'Conrada IV' 6-max Seat #5 is the button
Seat 1: mariofcd ($100 in chips) is sitting out
Seat 2: app1e_j@ck ($133.52 in chips) is sitting out
Seat 3: z00mba ($100 in chips) 
Seat 4: gudrozd ($104.60 in chips) 
Seat 5: aoish30 ($101 in chips) 
Seat 6: Kingston099 ($58 in chips) 
Kingston099: posts small blind $0.50
mariofcd: is sitting out 
app1e_j@ck: is sitting out 
z00mba: posts big blind $1
*** HOLE CARDS ***
gudrozd: folds 
app1e_j@ck leaves the table
mariofcd leaves the table
aoish30: folds 
Kingston099: folds 
Uncalled bet ($0.50) returned to z00mba
z00mba collected $1 from pot
z00mba: doesn't show hand 
Rdalonso joins the table at seat #1 
*** SUMMARY ***
Total pot $1 | Rake $0 
Seat 1: mariofcd
Seat 2: app1e_j@ck
Seat 3: z00mba (big blind) collected ($1)
Seat 4: gudrozd folded before Flop (didn't bet)
Seat 5: aoish30 (button) folded before Flop (didn't bet)
Seat 6: Kingston099 (small blind) folded before Flop



PokerStars Hand #254472707727:  Hold'em No Limit ($0.50/$1.00 USD) - 2025/01/20 20:00:54 WET [2025/01/20 15:00:54 ET]
Table 'Conrada IV' 6-max Seat #6 is the button
Seat 1: Rdalonso ($100 in chips) is sitting out
Seat 3: z00mba ($100.50 in chips) 
Seat 4: gudrozd ($104.60 in chips) 
Seat 5: aoish30 ($101 in chips) 
Seat 6: Kingston099 ($57.50 in chips) 
z00mba: posts small blind $0.50
gudrozd: posts big blind $1
*** HOLE CARDS ***
aoish30: folds 
Kingston099: folds 
DL1B joins the table at seat #2 
z00mba: raises $2 to $3
gudrozd: calls $2
*** FLOP *** [4h 7s 7h]
z00mba: checks 
aoish30 leaves the table
gudrozd: bets $1.88
z00mba: calls $1.88
*** TURN *** [4h 7s 7h] [Jd]
z00mba: checks 
gudrozd: checks 
*** RIVER *** [4h 7s 7h Jd] [Qd]
BoyLoc0 joins the table at seat #5 
z00mba: checks 
gudrozd: checks 
*** SHOW DOWN ***
z00mba: shows [2d 4d] (two pair, Sevens and Fours)
gudrozd: mucks hand 
z00mba collected $9.27 from pot
*** SUMMARY ***
Total pot $9.76 | Rake $0.49 
Board [4h 7s 7h Jd Qd]
Seat 1: Rdalonso
Seat 3: z00mba (small blind) showed [2d 4d] and won ($9.27) with two pair, Sevens and Fours
Seat 4: gudrozd (big blind) mucked
Seat 5: aoish30 folded before Flop (didn't bet)
Seat 6: Kingston099 (button) folded before Flop (didn't bet)



PokerStars Hand #254472724726:  Hold'em No Limit ($0.50/$1.00 USD) - 2025/01/20 20:01:54 WET [2025/01/20 15:01:54 ET]
Table 'Conrada IV' 6-max Seat #3 is the button
Seat 1: Rdalonso ($100 in chips) is sitting out
Seat 2: DL1B ($100 in chips) is sitting out
Seat 3: z00mba ($104.89 in chips) 
Seat 4: gudrozd ($100 in chips) 
Seat 5: BoyLoc0 ($100 in chips) 
Seat 6: Kingston099 ($57.50 in chips) 
gudrozd: posts small blind $0.50
BoyLoc0: posts big blind $1
Rdalonso: sits out 
DL1B: sits out 
*** HOLE CARDS ***
Kingston099: folds 
z00mba: raises $1.50 to $2.50
gudrozd: folds 
BoyLoc0: folds 
Uncalled bet ($1.50) returned to z00mba
z00mba collected $2.50 from pot
z00mba: doesn't show hand 
*** SUMMARY ***
Total pot $2.50 | Rake $0 
Seat 1: Rdalonso
Seat 2: DL1B
Seat 3: z00mba (button) collected ($2.50)
Seat 4: gudrozd (small blind) folded before Flop
Seat 5: BoyLoc0 (big blind) folded before Flop
Seat 6: Kingston099 folded before Flop (didn't bet)



PokerStars Hand #254472732963:  Hold'em No Limit ($0.50/$1.00 USD) - 2025/01/20 20:02:19 WET [2025/01/20 15:02:19 ET]
Table 'Conrada IV' 6-max Seat #4 is the button
Seat 1: Rdalonso ($100 in chips) is sitting out
Seat 2: DL1B ($100 in chips) is sitting out
Seat 3: z00mba ($106.39 in chips) 
Seat 4: gudrozd ($100 in chips) 
Seat 5: BoyLoc0 ($100 in chips) 
Seat 6: Kingston099 ($57.50 in chips) 
BoyLoc0: posts small blind $0.50
Kingston099: posts big blind $1
Rdalonso: sits out 
DL1B: sits out 
*** HOLE CARDS ***
z00mba: folds 
gudrozd: folds 
BoyLoc0: folds 
Uncalled bet ($0.50) returned to Kingston099
Kingston099 collected $1 from pot
Kingston099: doesn't show hand 
*** SUMMARY ***
Total pot $1 | Rake $0 
Seat 1: Rdalonso
Seat 2: DL1B
Seat 3: z00mba folded before Flop (didn't bet)
Seat 4: gudrozd (button) folded before Flop (didn't bet)
Seat 5: BoyLoc0 (small blind) folded before Flop
Seat 6: Kingston099 (big blind) collected ($1)



PokerStars Hand #254472736775:  Hold'em No Limit ($0.50/$1.00 USD) - 2025/01/20 20:02:33 WET [2025/01/20 15:02:33 ET]
Table 'Conrada IV' 6-max Seat #5 is the button
Seat 2: DL1B ($100 in chips) is sitting out
Seat 1: Rdalonso ($100 in chips) 
Seat 3: z00mba ($106.39 in chips) 
Seat 4: gudrozd ($100 in chips) 
Seat 5: BoyLoc0 ($100 in chips) 
Seat 6: Kingston099 ($58 in chips) 
Kingston099: posts small blind $0.50
Rdalonso: posts big blind $1
DL1B: sits out 
*** HOLE CARDS ***
z00mba: folds 
gudrozd: folds 
BoyLoc0: folds 
Kingston099: folds 
Uncalled bet ($0.50) returned to Rdalonso
Rdalonso collected $1 from pot
Rdalonso: doesn't show hand 
*** SUMMARY ***
Total pot $1 | Rake $0 
Seat 2: DL1B
Seat 1: Rdalonso (big blind) collected ($1)
Seat 3: z00mba folded before Flop (didn't bet)
Seat 4: gudrozd folded before Flop (didn't bet)
Seat 5: BoyLoc0 (button) folded before Flop (didn't bet)
Seat 6: Kingston099 (small blind) folded before Flop



PokerStars Hand #254472740220:  Hold'em No Limit ($0.50/$1.00 USD) - 2025/01/20 20:02:43 WET [2025/01/20 15:02:43 ET]
Table 'Conrada IV' 6-max Seat #6 is the button
Seat 1: Rdalonso ($100.50 in chips) 
Seat 2: DL1B ($100 in chips) 
Seat 3: z00mba ($106.39 in chips) 
Seat 4: gudrozd ($100 in chips) 
Seat 5: BoyLoc0 ($100 in chips) 
Seat 6: Kingston099 ($57.50 in chips) 
Rdalonso: posts small blind $0.50
DL1B: posts big blind $1
*** HOLE CARDS ***
z00mba: folds 
gudrozd: folds 
BoyLoc0: raises $1.50 to $2.50
Kingston099: folds 
Rdalonso: folds 
DL1B: folds 
Uncalled bet ($1.50) returned to BoyLoc0
BoyLoc0 collected $2.50 from pot
BoyLoc0: doesn't show hand 
*** SUMMARY ***
Total pot $2.50 | Rake $0 
Seat 1: Rdalonso (small blind) folded before Flop
Seat 2: DL1B (big blind) folded before Flop
Seat 3: z00mba folded before Flop (didn't bet)
Seat 4: gudrozd folded before Flop (didn't bet)
Seat 5: BoyLoc0 collected ($2.50)
Seat 6: Kingston099 (button) folded before Flop (didn't bet)



PokerStars Hand #254472749879:  Hold'em No Limit ($0.50/$1.00 USD) - 2025/01/20 20:03:13 WET [2025/01/20 15:03:13 ET]
Table 'Conrada IV' 6-max Seat #1 is the button
Seat 3: z00mba ($106.39 in chips) is sitting out
Seat 1: Rdalonso ($100 in chips) 
Seat 2: DL1B ($100 in chips) 
Seat 4: gudrozd ($100 in chips) 
Seat 5: BoyLoc0 ($101.50 in chips) 
Seat 6: Kingston099 ($57.50 in chips) 
DL1B: posts small blind $0.50
z00mba: is sitting out 
gudrozd: posts big blind $1
*** HOLE CARDS ***
BoyLoc0: folds 
Kingston099: folds 
Rdalonso: raises $1.50 to $2.50
DL1B: folds 
gudrozd: folds 
Uncalled bet ($1.50) returned to Rdalonso
Rdalonso collected $2.50 from pot
Rdalonso: doesn't show hand 
*** SUMMARY ***
Total pot $2.50 | Rake $0 
Seat 3: z00mba
Seat 1: Rdalonso (button) collected ($2.50)
Seat 2: DL1B (small blind) folded before Flop
Seat 4: gudrozd (big blind) folded before Flop
Seat 5: BoyLoc0 folded before Flop (didn't bet)
Seat 6: Kingston099 folded before Flop (didn't bet)



PokerStars Hand #254472753438:  Hold'em No Limit ($0.50/$1.00 USD) - 2025/01/20 20:03:24 WET [2025/01/20 15:03:24 ET]
Table 'Conrada IV' 6-max Seat #2 is the button
Seat 3: z00mba ($106.39 in chips) is sitting out
Seat 1: Rdalonso ($101.50 in chips) 
Seat 2: DL1B ($100 in chips) 
Seat 4: gudrozd ($100 in chips) 
Seat 5: BoyLoc0 ($101.50 in chips) 
Seat 6: Kingston099 ($57.50 in chips) 
gudrozd: posts small blind $0.50
BoyLoc0: posts big blind $1
*** HOLE CARDS ***
Kingston099: raises $3 to $4
Rdalonso: folds 
DL1B: folds 
gudrozd: folds 
BoyLoc0: calls $3
*** FLOP *** [7h 3c 8s]
z00mba leaves the table
BoyLoc0: checks 
Kingston099: bets $8.08
BoyLoc0: calls $8.08
*** TURN *** [7h 3c 8s] [Js]
BoyLoc0: checks 
Kingston099: bets $45.42 and is all-in
BoyLoc0: folds 
Uncalled bet ($45.42) returned to Kingston099
Kingston099 collected $23.43 from pot
Kingston099: doesn't show hand 
*** SUMMARY ***
Total pot $24.66 | Rake $1.23 
Board [7h 3c 8s Js]
Seat 3: z00mba
Seat 1: Rdalonso folded before Flop (didn't bet)
Seat 2: DL1B (button) folded before Flop (didn't bet)
Seat 4: gudrozd (small blind) folded before Flop
Seat 5: BoyLoc0 (big blind) folded on the Turn
Seat 6: Kingston099 collected ($23.43)



PokerStars Hand #254472761841:  Hold'em No Limit ($0.50/$1.00 USD) - 2025/01/20 20:03:51 WET [2025/01/20 15:03:51 ET]
Table 'Conrada IV' 6-max Seat #4 is the button
Seat 1: Rdalonso ($101.50 in chips) 
Seat 2: DL1B ($100 in chips) 
Seat 4: gudrozd ($100 in chips) 
Seat 5: BoyLoc0 ($100 in chips) 
Seat 6: Kingston099 ($68.85 in chips) 
BoyLoc0: posts small blind $0.50
Kingston099: posts big blind $1
*** HOLE CARDS ***
Rdalonso: folds 
DL1B: folds 
gudrozd: raises $1.50 to $2.50
BoyLoc0: raises $7.50 to $10
Kingston099: folds 
gudrozd: folds 
Uncalled bet ($7.50) returned to BoyLoc0
BoyLoc0 collected $6 from pot
BoyLoc0: doesn't show hand 
*** SUMMARY ***
Total pot $6 | Rake $0 
Seat 1: Rdalonso folded before Flop (didn't bet)
Seat 2: DL1B folded before Flop (didn't bet)
Seat 4: gudrozd (button) folded before Flop
Seat 5: BoyLoc0 (small blind) collected ($6)
Seat 6: Kingston099 (big blind) folded before Flop



PokerStars Hand #254472770353:  Hold'em No Limit ($0.50/$1.00 USD) - 2025/01/20 20:04:17 WET [2025/01/20 15:04:17 ET]
Table 'Conrada IV' 6-max Seat #5 is the button
Seat 1: Rdalonso ($101.50 in chips) 
Seat 2: DL1B ($100 in chips) 
Seat 4: gudrozd ($100 in chips) 
Seat 5: BoyLoc0 ($103.50 in chips) 
Seat 6: Kingston099 ($67.85 in chips) 
Kingston099: posts small blind $0.50
Rdalonso: posts big blind $1
*** HOLE CARDS ***
DL1B: folds 
K.Antagonist joins the table at seat #3 
gudrozd has timed out
gudrozd: folds 
BoyLoc0: raises $1.50 to $2.50
Kingston099: calls $2
Rdalonso: folds 
*** FLOP *** [9c 4s Jd]
Kingston099: checks 
BoyLoc0: bets $4.28
Kingston099: folds 
Uncalled bet ($4.28) returned to BoyLoc0
BoyLoc0 collected $5.70 from pot
BoyLoc0: doesn't show hand 
*** SUMMARY ***
Total pot $6 | Rake $0.30 
Board [9c 4s Jd]
Seat 1: Rdalonso (big blind) folded before Flop
Seat 2: DL1B folded before Flop (didn't bet)
Seat 4: gudrozd folded before Flop (didn't bet)
Seat 5: BoyLoc0 (button) collected ($5.70)
Seat 6: Kingston099 (small blind) folded on the Flop



PokerStars Hand #254472782568:  Hold'em No Limit ($0.50/$1.00 USD) - 2025/01/20 20:04:55 WET [2025/01/20 15:04:55 ET]
Table 'Conrada IV' 6-max Seat #6 is the button
Seat 3: K.Antagonist ($100 in chips) is sitting out
Seat 4: gudrozd ($100 in chips) is sitting out
Seat 1: Rdalonso ($100.50 in chips) 
Seat 2: DL1B ($100 in chips) 
Seat 5: BoyLoc0 ($106.70 in chips) 
Seat 6: Kingston099 ($65.35 in chips) 
Rdalonso: posts small blind $0.50
DL1B: posts big blind $1
K.Antagonist: sits out 
*** HOLE CARDS ***
gudrozd leaves the table
BoyLoc0: raises $1.50 to $2.50
Kingston099: folds 
Kingston099 leaves the table
Rdalonso: raises $8.50 to $11
DL1B: folds 
BoyLoc0: folds 
Uncalled bet ($8.50) returned to Rdalonso
Rdalonso collected $6 from pot
Rdalonso: doesn't show hand 
*** SUMMARY ***
Total pot $6 | Rake $0 
Seat 3: K.Antagonist
Seat 4: gudrozd
Seat 1: Rdalonso (small blind) collected ($6)
Seat 2: DL1B (big blind) folded before Flop
Seat 5: BoyLoc0 folded before Flop
Seat 6: Kingston099 (button) folded before Flop (didn't bet)



PokerStars Hand #254472791172:  Hold'em No Limit ($0.50/$1.00 USD) - 2025/01/20 20:05:20 WET [2025/01/20 15:05:20 ET]
Table 'Conrada IV' 6-max Seat #1 is the button
Seat 1: Rdalonso ($104 in chips) 
Seat 2: DL1B ($100 in chips) 
Seat 3: K.Antagonist ($100 in chips) 
Seat 5: BoyLoc0 ($104.20 in chips) 
DL1B: posts small blind $0.50
K.Antagonist: posts big blind $1
*** HOLE CARDS ***
BoyLoc0: folds 
BoyLoc0 leaves the table
Rdalonso: folds 
DL1B: folds 
Uncalled bet ($0.50) returned to K.Antagonist
K.Antagonist collected $1 from pot
K.Antagonist: doesn't show hand 
*** SUMMARY ***
Total pot $1 | Rake $0 
Seat 1: Rdalonso (button) folded before Flop (didn't bet)
Seat 2: DL1B (small blind) folded before Flop
Seat 3: K.Antagonist (big blind) collected ($1)
Seat 5: BoyLoc0 folded before Flop (didn't bet)



