PokerStars Hand #254470151187:  Hold'em No Limit ($0.50/$1.00 USD) - 2025/01/20 17:22:41 WET [2025/01/20 12:22:41 ET]
Table 'Gothard III' 6-max Seat #5 is the button
Seat 2: y13txd ($0 in chips) is sitting out
Seat 1: Xenicide ($172.18 in chips) 
Seat 3: BGS013 ($110.21 in chips) 
Seat 4: BoyLoc0 ($103.05 in chips) 
Seat 5: coeeeelho ($104.84 in chips) 
Seat 6: LeaveItYeah ($119.41 in chips) 
LeaveItYeah: posts small blind $0.50
Xenicide: posts big blind $1
*** HOLE CARDS ***
BGS013: folds 
BoyLoc0: folds 
y13txd leaves the table
coeeeelho: raises $1.50 to $2.50
BGS013 leaves the table
LeaveItYeah: folds 
Xenicide: folds 
Uncalled bet ($1.50) returned to coeeeelho
coeeeelho collected $2.50 from pot
*** SUMMARY ***
Total pot $2.50 | Rake $0 
Seat 2: y13txd
Seat 1: Xenicide (big blind) folded before Flop
Seat 3: BGS013 folded before Flop (didn't bet)
Seat 4: BoyLoc0 folded before Flop (didn't bet)
Seat 5: coeeeelho (button) collected ($2.50)
Seat 6: LeaveItYeah (small blind) folded before Flop



PokerStars Hand #254470157649:  Hold'em No Limit ($0.50/$1.00 USD) - 2025/01/20 17:23:08 WET [2025/01/20 12:23:08 ET]
Table 'Gothard III' 6-max Seat #6 is the button
Seat 1: Xenicide ($171.18 in chips) 
Seat 4: BoyLoc0 ($103.05 in chips) 
Seat 5: coeeeelho ($106.34 in chips) 
Seat 6: LeaveItYeah ($118.91 in chips) 
Xenicide: posts small blind $0.50
BoyLoc0: posts big blind $1
*** HOLE CARDS ***
coeeeelho: folds 
LeaveItYeah: folds 
Xenicide: raises $2.50 to $3.50
BoyLoc0: calls $2.50
*** FLOP *** [Jd Ac 7s]
Xenicide: checks 
BoyLoc0: checks 
*** TURN *** [Jd Ac 7s] [Qs]
Xenicide: bets $9.98
BoyLoc0: folds 
Uncalled bet ($9.98) returned to Xenicide
Xenicide collected $6.65 from pot
*** SUMMARY ***
Total pot $7 | Rake $0.35 
Board [Jd Ac 7s Qs]
Seat 1: Xenicide (small blind) collected ($6.65)
Seat 4: BoyLoc0 (big blind) folded on the Turn
Seat 5: coeeeelho folded before Flop (didn't bet)
Seat 6: LeaveItYeah (button) folded before Flop (didn't bet)



PokerStars Hand #254470172141:  Hold'em No Limit ($0.50/$1.00 USD) - 2025/01/20 17:24:06 WET [2025/01/20 12:24:06 ET]
Table 'Gothard III' 6-max Seat #1 is the button
Seat 1: Xenicide ($174.33 in chips) 
Seat 4: BoyLoc0 ($100 in chips) 
Seat 5: coeeeelho ($106.34 in chips) 
Seat 6: LeaveItYeah ($118.91 in chips) 
BoyLoc0: posts small blind $0.50
coeeeelho: posts big blind $1
*** HOLE CARDS ***
LeaveItYeah: folds 
AndreaBsAs joins the table at seat #3 
Xenicide: folds 
BoyLoc0: folds 
Uncalled bet ($0.50) returned to coeeeelho
coeeeelho collected $1 from pot
*** SUMMARY ***
Total pot $1 | Rake $0 
Seat 1: Xenicide (button) folded before Flop (didn't bet)
Seat 4: BoyLoc0 (small blind) folded before Flop
Seat 5: coeeeelho (big blind) collected ($1)
Seat 6: LeaveItYeah folded before Flop (didn't bet)



PokerStars Hand #254470174035:  Hold'em No Limit ($0.50/$1.00 USD) - 2025/01/20 17:24:14 WET [2025/01/20 12:24:14 ET]
Table 'Gothard III' 6-max Seat #4 is the button
Seat 3: AndreaBsAs ($100 in chips) is sitting out
Seat 1: Xenicide ($174.33 in chips) 
Seat 4: BoyLoc0 ($100 in chips) 
Seat 5: coeeeelho ($106.84 in chips) 
Seat 6: LeaveItYeah ($118.91 in chips) 
coeeeelho: posts small blind $0.50
LeaveItYeah: posts big blind $1
AndreaBsAs: sits out 
*** HOLE CARDS ***
Xenicide: folds 
Xenicide leaves the table
BoyLoc0: raises $1.50 to $2.50
coeeeelho: raises $8.72 to $11.22
LeaveItYeah: folds 
BoyLoc0: folds 
Uncalled bet ($8.72) returned to coeeeelho
coeeeelho collected $6 from pot
Kristo 914 joins the table at seat #2 
*** SUMMARY ***
Total pot $6 | Rake $0 
Seat 3: AndreaBsAs
Seat 1: Xenicide folded before Flop (didn't bet)
Seat 4: BoyLoc0 (button) folded before Flop
Seat 5: coeeeelho (small blind) collected ($6)
Seat 6: LeaveItYeah (big blind) folded before Flop



PokerStars Hand #254470183817:  Hold'em No Limit ($0.50/$1.00 USD) - 2025/01/20 17:24:53 WET [2025/01/20 12:24:53 ET]
Table 'Gothard III' 6-max Seat #5 is the button
Seat 3: AndreaBsAs ($100 in chips) is sitting out
Seat 2: Kristo 914 ($100 in chips) 
Seat 4: BoyLoc0 ($100 in chips) 
Seat 5: coeeeelho ($110.34 in chips) 
Seat 6: LeaveItYeah ($117.91 in chips) 
LeaveItYeah: posts small blind $0.50
Kristo 914: posts big blind $1
AndreaBsAs: sits out 
*** HOLE CARDS ***
BoyLoc0: folds 
coeeeelho: folds 
LeaveItYeah: raises $2 to $3
Kristo 914: raises $7 to $10
LeaveItYeah: raises $11 to $21
Pon4uk.ua joins the table at seat #1 
Kristo 914: raises $79 to $100 and is all-in
LeaveItYeah: folds 
Uncalled bet ($79) returned to Kristo 914
Kristo 914 collected $42 from pot
Kristo 914: doesn't show hand 
*** SUMMARY ***
Total pot $42 | Rake $0 
Seat 3: AndreaBsAs
Seat 2: Kristo 914 (big blind) collected ($42)
Seat 4: BoyLoc0 folded before Flop (didn't bet)
Seat 5: coeeeelho (button) folded before Flop (didn't bet)
Seat 6: LeaveItYeah (small blind) folded before Flop



PokerStars Hand #254470202125:  Hold'em No Limit ($0.50/$1.00 USD) - 2025/01/20 17:26:06 WET [2025/01/20 12:26:06 ET]
Table 'Gothard III' 6-max Seat #6 is the button
Seat 1: Pon4uk.ua ($122.04 in chips) is sitting out
Seat 3: AndreaBsAs ($100 in chips) is sitting out
Seat 4: BoyLoc0 ($100 in chips) is sitting out
Seat 2: Kristo 914 ($121 in chips) 
Seat 5: coeeeelho ($110.34 in chips) 
Seat 6: LeaveItYeah ($100 in chips) 
Kristo 914: posts small blind $0.50
AndreaBsAs: is sitting out 
BoyLoc0: is sitting out 
coeeeelho: posts big blind $1
*** HOLE CARDS ***
LeaveItYeah: folds 
BoyLoc0 leaves the table
Kristo 914: raises $2 to $3
coeeeelho: folds 
Uncalled bet ($2) returned to Kristo 914
Kristo 914 collected $2 from pot
Kristo 914: doesn't show hand 
*** SUMMARY ***
Total pot $2 | Rake $0 
Seat 1: Pon4uk.ua
Seat 3: AndreaBsAs
Seat 4: BoyLoc0
Seat 2: Kristo 914 (small blind) collected ($2)
Seat 5: coeeeelho (big blind) folded before Flop
Seat 6: LeaveItYeah (button) folded before Flop (didn't bet)



PokerStars Hand #254470206753:  Hold'em No Limit ($0.50/$1.00 USD) - 2025/01/20 17:26:25 WET [2025/01/20 12:26:25 ET]
Table 'Gothard III' 6-max Seat #2 is the button
Seat 1: Pon4uk.ua ($122.04 in chips) is sitting out
Seat 3: AndreaBsAs ($100 in chips) is sitting out
Seat 2: Kristo 914 ($122 in chips) 
Seat 5: coeeeelho ($109.34 in chips) 
Seat 6: LeaveItYeah ($100 in chips) 
coeeeelho: posts small blind $0.50
LeaveItYeah: posts big blind $1
Pon4uk.ua: sits out 
*** HOLE CARDS ***
Kristo 914: raises $1.40 to $2.40
coeeeelho: folds 
AndreaBsAs leaves the table
LeaveItYeah: folds 
Uncalled bet ($1.40) returned to Kristo 914
Kristo 914 collected $2.50 from pot
Kristo 914: doesn't show hand 
*** SUMMARY ***
Total pot $2.50 | Rake $0 
Seat 1: Pon4uk.ua
Seat 3: AndreaBsAs
Seat 2: Kristo 914 (button) collected ($2.50)
Seat 5: coeeeelho (small blind) folded before Flop
Seat 6: LeaveItYeah (big blind) folded before Flop



PokerStars Hand #254470213130:  Hold'em No Limit ($0.50/$1.00 USD) - 2025/01/20 17:26:51 WET [2025/01/20 12:26:51 ET]
Table 'Gothard III' 6-max Seat #5 is the button
Seat 1: Pon4uk.ua ($122.04 in chips) 
Seat 2: Kristo 914 ($123.50 in chips) 
Seat 5: coeeeelho ($108.84 in chips) 
Seat 6: LeaveItYeah ($100 in chips) 
LeaveItYeah: posts small blind $0.50
Pon4uk.ua: posts big blind $1
*** HOLE CARDS ***
Kristo 914: raises $1.40 to $2.40
coeeeelho: folds 
LeaveItYeah: folds 
Pon4uk.ua: calls $1.40
*** FLOP *** [8s 7c Qd]
Pon4uk.ua: checks 
Kristo 914: checks 
*** TURN *** [8s 7c Qd] [Qs]
Pon4uk.ua: checks 
Kristo 914: checks 
*** RIVER *** [8s 7c Qd Qs] [3c]
Pon4uk.ua: checks 
Kristo 914: checks 
*** SHOW DOWN ***
Pon4uk.ua: shows [Js Kh] (a pair of Queens)
Kristo 914: shows [Jd Ac] (a pair of Queens - Ace kicker)
Kristo 914 collected $5.04 from pot
*** SUMMARY ***
Total pot $5.30 | Rake $0.26 
Board [8s 7c Qd Qs 3c]
Seat 1: Pon4uk.ua (big blind) showed [Js Kh] and lost with a pair of Queens
Seat 2: Kristo 914 showed [Jd Ac] and won ($5.04) with a pair of Queens
Seat 5: coeeeelho (button) folded before Flop (didn't bet)
Seat 6: LeaveItYeah (small blind) folded before Flop



PokerStars Hand #254470226056:  Hold'em No Limit ($0.50/$1.00 USD) - 2025/01/20 17:27:43 WET [2025/01/20 12:27:43 ET]
Table 'Gothard III' 6-max Seat #6 is the button
Seat 2: Kristo 914 ($126.14 in chips) is sitting out
Seat 1: Pon4uk.ua ($119.64 in chips) 
Seat 5: coeeeelho ($108.84 in chips) 
Seat 6: LeaveItYeah ($100 in chips) 
Pon4uk.ua: posts small blind $0.50
Kristo 914: is sitting out 
coeeeelho: posts big blind $1
*** HOLE CARDS ***
LeaveItYeah: folds 
Pon4uk.ua: folds 
Uncalled bet ($0.50) returned to coeeeelho
coeeeelho collected $1 from pot
Kristo 914 leaves the table
*** SUMMARY ***
Total pot $1 | Rake $0 
Seat 2: Kristo 914
Seat 1: Pon4uk.ua (small blind) folded before Flop
Seat 5: coeeeelho (big blind) collected ($1)
Seat 6: LeaveItYeah (button) folded before Flop (didn't bet)



PokerStars Hand #254470228548:  Hold'em No Limit ($0.50/$1.00 USD) - 2025/01/20 17:27:53 WET [2025/01/20 12:27:53 ET]
Table 'Gothard III' 6-max Seat #1 is the button
Seat 1: Pon4uk.ua ($119.14 in chips) 
Seat 5: coeeeelho ($109.34 in chips) 
Seat 6: LeaveItYeah ($100 in chips) 
coeeeelho: posts small blind $0.50
LeaveItYeah: posts big blind $1
*** HOLE CARDS ***
Pon4uk.ua: raises $1.50 to $2.50
coeeeelho: folds 
LeaveItYeah: folds 
Uncalled bet ($1.50) returned to Pon4uk.ua
Pon4uk.ua collected $2.50 from pot
Pon4uk.ua: doesn't show hand 
ptolejmus joins the table at seat #2 
coeeeelho leaves the table
*** SUMMARY ***
Total pot $2.50 | Rake $0 
Seat 1: Pon4uk.ua (button) collected ($2.50)
Seat 5: coeeeelho (small blind) folded before Flop
Seat 6: LeaveItYeah (big blind) folded before Flop



PokerStars Hand #254470234359:  Hold'em No Limit ($0.50/$1.00 USD) - 2025/01/20 17:28:16 WET [2025/01/20 12:28:16 ET]
Table 'Gothard III' 6-max Seat #6 is the button
Seat 1: Pon4uk.ua ($120.64 in chips) 
Seat 2: ptolejmus ($10 in chips) 
Seat 6: LeaveItYeah ($100 in chips) 
Pon4uk.ua: posts small blind $0.50
ptolejmus: posts big blind $1
*** HOLE CARDS ***
LeaveItYeah: folds 
Pon4uk.ua: folds 
Uncalled bet ($0.50) returned to ptolejmus
ptolejmus collected $1 from pot
elcutez joins the table at seat #5 
elcutez is disconnected 
*** SUMMARY ***
Total pot $1 | Rake $0 
Seat 1: Pon4uk.ua (small blind) folded before Flop
Seat 2: ptolejmus (big blind) collected ($1)
Seat 6: LeaveItYeah (button) folded before Flop (didn't bet)



PokerStars Hand #254470307200:  Hold'em No Limit ($0.50/$1.00 USD) - 2025/01/20 17:33:07 WET [2025/01/20 12:33:07 ET]
Table 'Gothard III' 6-max Seat #5 is the button
Seat 1: sta$igk ($100 in chips) 
Seat 2: ptolejmus ($11.50 in chips) 
Seat 3: LeaveItYeah ($106.84 in chips) 
Seat 4: Kristo 914 ($124.64 in chips) 
Seat 5: EAroca ($101.50 in chips) 
Seat 6: TheBluffPL ($20 in chips) 
TheBluffPL: posts small blind $0.50
sta$igk: posts big blind $1
*** HOLE CARDS ***
ptolejmus: folds 
LeaveItYeah: folds 
Kristo 914: folds 
EAroca: raises $1 to $2
TheBluffPL: raises $18 to $20 and is all-in
sta$igk: folds 
EAroca: calls $18
*** FLOP *** [9d 7s 5d]
*** TURN *** [9d 7s 5d] [2d]
*** RIVER *** [9d 7s 5d 2d] [6d]
*** SHOW DOWN ***
TheBluffPL: shows [Kd Qh] (a flush, King high)
EAroca: shows [Ah Qd] (a flush, Queen high)
TheBluffPL collected $38.95 from pot
*** SUMMARY ***
Total pot $41 | Rake $2.05 
Board [9d 7s 5d 2d 6d]
Seat 1: sta$igk (big blind) folded before Flop
Seat 2: ptolejmus folded before Flop (didn't bet)
Seat 3: LeaveItYeah folded before Flop (didn't bet)
Seat 4: Kristo 914 folded before Flop (didn't bet)
Seat 5: EAroca (button) showed [Ah Qd] and lost with a flush, Queen high
Seat 6: TheBluffPL (small blind) showed [Kd Qh] and won ($38.95) with a flush, King high



PokerStars Hand #254470315946:  Hold'em No Limit ($0.50/$1.00 USD) - 2025/01/20 17:33:42 WET [2025/01/20 12:33:42 ET]
Table 'Gothard III' 6-max Seat #6 is the button
Seat 1: sta$igk ($100 in chips) 
Seat 2: ptolejmus ($11.50 in chips) 
Seat 3: LeaveItYeah ($106.84 in chips) 
Seat 4: Kristo 914 ($124.64 in chips) 
Seat 5: EAroca ($100 in chips) 
Seat 6: TheBluffPL ($38.95 in chips) 
sta$igk: posts small blind $0.50
ptolejmus: posts big blind $1
*** HOLE CARDS ***
LeaveItYeah: folds 
Kristo 914: folds 
EAroca: folds 
TheBluffPL: folds 
sta$igk: folds 
Uncalled bet ($0.50) returned to ptolejmus
ptolejmus collected $1 from pot
*** SUMMARY ***
Total pot $1 | Rake $0 
Seat 1: sta$igk (small blind) folded before Flop
Seat 2: ptolejmus (big blind) collected ($1)
Seat 3: LeaveItYeah folded before Flop (didn't bet)
Seat 4: Kristo 914 folded before Flop (didn't bet)
Seat 5: EAroca folded before Flop (didn't bet)
Seat 6: TheBluffPL (button) folded before Flop (didn't bet)



PokerStars Hand #254470319025:  Hold'em No Limit ($0.50/$1.00 USD) - 2025/01/20 17:33:54 WET [2025/01/20 12:33:54 ET]
Table 'Gothard III' 6-max Seat #1 is the button
Seat 1: sta$igk ($100 in chips) 
Seat 2: ptolejmus ($12 in chips) 
Seat 3: LeaveItYeah ($106.84 in chips) 
Seat 4: Kristo 914 ($124.64 in chips) 
Seat 5: EAroca ($100 in chips) 
Seat 6: TheBluffPL ($38.95 in chips) 
ptolejmus: posts small blind $0.50
LeaveItYeah: posts big blind $1
*** HOLE CARDS ***
Kristo 914: folds 
EAroca: folds 
TheBluffPL: folds 
sta$igk: folds 
ptolejmus: raises $1.50 to $2.50
sta$igk leaves the table
LeaveItYeah: calls $1.50
*** FLOP *** [7s Qc 2c]
ptolejmus: bets $2.42
LeaveItYeah: folds 
Uncalled bet ($2.42) returned to ptolejmus
ptolejmus collected $4.75 from pot
*** SUMMARY ***
Total pot $5 | Rake $0.25 
Board [7s Qc 2c]
Seat 1: sta$igk (button) folded before Flop (didn't bet)
Seat 2: ptolejmus (small blind) collected ($4.75)
Seat 3: LeaveItYeah (big blind) folded on the Flop
Seat 4: Kristo 914 folded before Flop (didn't bet)
Seat 5: EAroca folded before Flop (didn't bet)
Seat 6: TheBluffPL folded before Flop (didn't bet)



PokerStars Hand #254470330195:  Hold'em No Limit ($0.50/$1.00 USD) - 2025/01/20 17:34:38 WET [2025/01/20 12:34:38 ET]
Table 'Gothard III' 6-max Seat #2 is the button
Seat 2: ptolejmus ($14.25 in chips) 
Seat 3: LeaveItYeah ($104.34 in chips) 
Seat 4: Kristo 914 ($124.64 in chips) 
Seat 5: EAroca ($100 in chips) 
Seat 6: TheBluffPL ($38.95 in chips) 
LeaveItYeah: posts small blind $0.50
Kristo 914: posts big blind $1
*** HOLE CARDS ***
EAroca: folds 
TheBluffPL: folds 
ptolejmus: raises $1 to $2
LeaveItYeah: folds 
Kristo 914: raises $121 to $123
ptolejmus: folds 
Uncalled bet ($121) returned to Kristo 914
Kristo 914 collected $4.50 from pot
Kristo 914: doesn't show hand 
*** SUMMARY ***
Total pot $4.50 | Rake $0 
Seat 2: ptolejmus (button) folded before Flop
Seat 3: LeaveItYeah (small blind) folded before Flop
Seat 4: Kristo 914 (big blind) collected ($4.50)
Seat 5: EAroca folded before Flop (didn't bet)
Seat 6: TheBluffPL folded before Flop (didn't bet)



PokerStars Hand #254470340179:  Hold'em No Limit ($0.50/$1.00 USD) - 2025/01/20 17:35:17 WET [2025/01/20 12:35:17 ET]
Table 'Gothard III' 6-max Seat #3 is the button
Seat 2: ptolejmus ($12.25 in chips) 
Seat 3: LeaveItYeah ($103.84 in chips) 
Seat 4: Kristo 914 ($127.14 in chips) 
Seat 5: EAroca ($100 in chips) 
Seat 6: TheBluffPL ($38.95 in chips) 
Kristo 914: posts small blind $0.50
EAroca: posts big blind $1
*** HOLE CARDS ***
TheBluffPL: folds 
TheBluffPL leaves the table
ptolejmus: folds 
LeaveItYeah: folds 
Kristo 914: raises $2 to $3
EAroca: folds 
Uncalled bet ($2) returned to Kristo 914
Kristo 914 collected $2 from pot
Kristo 914: doesn't show hand 
*** SUMMARY ***
Total pot $2 | Rake $0 
Seat 2: ptolejmus folded before Flop (didn't bet)
Seat 3: LeaveItYeah (button) folded before Flop (didn't bet)
Seat 4: Kristo 914 (small blind) collected ($2)
Seat 5: EAroca (big blind) folded before Flop
Seat 6: TheBluffPL folded before Flop (didn't bet)



PokerStars Hand #254470348372:  Hold'em No Limit ($0.50/$1.00 USD) - 2025/01/20 17:35:50 WET [2025/01/20 12:35:50 ET]
Table 'Gothard III' 6-max Seat #4 is the button
Seat 2: ptolejmus ($12.25 in chips) 
Seat 3: LeaveItYeah ($103.84 in chips) 
Seat 4: Kristo 914 ($128.14 in chips) 
Seat 5: EAroca ($100 in chips) 
EAroca: posts small blind $0.50
ptolejmus: posts big blind $1
*** HOLE CARDS ***
LeaveItYeah: folds 
Kristo 914: raises $1.40 to $2.40
EAroca: folds 
ptolejmus: folds 
Uncalled bet ($1.40) returned to Kristo 914
Kristo 914 collected $2.50 from pot
Kristo 914: doesn't show hand 
*** SUMMARY ***
Total pot $2.50 | Rake $0 
Seat 2: ptolejmus (big blind) folded before Flop
Seat 3: LeaveItYeah folded before Flop (didn't bet)
Seat 4: Kristo 914 (button) collected ($2.50)
Seat 5: EAroca (small blind) folded before Flop



PokerStars Hand #254470352597:  Hold'em No Limit ($0.50/$1.00 USD) - 2025/01/20 17:36:06 WET [2025/01/20 12:36:06 ET]
Table 'Gothard III' 6-max Seat #5 is the button
Seat 2: ptolejmus ($11.25 in chips) 
Seat 3: LeaveItYeah ($103.84 in chips) 
Seat 4: Kristo 914 ($129.64 in chips) 
Seat 5: EAroca ($100 in chips) 
ptolejmus: posts small blind $0.50
LeaveItYeah: posts big blind $1
*** HOLE CARDS ***
Kristo 914: folds 
Kristo 914 leaves the table
EAroca: raises $1 to $2
ptolejmus: raises $9.25 to $11.25 and is all-in
LeaveItYeah: folds 
EAroca: calls $9.25
*** FLOP *** [4d 7s Kc]
*** TURN *** [4d 7s Kc] [5c]
*** RIVER *** [4d 7s Kc 5c] [Ks]
*** SHOW DOWN ***
ptolejmus: shows [Qh Qc] (two pair, Kings and Queens)
EAroca: shows [Ah 8s] (a pair of Kings)
ptolejmus collected $22.50 from pot
*** SUMMARY ***
Total pot $23.50 | Rake $1 
Board [4d 7s Kc 5c Ks]
Seat 2: ptolejmus (small blind) showed [Qh Qc] and won ($22.50) with two pair, Kings and Queens
Seat 3: LeaveItYeah (big blind) folded before Flop
Seat 4: Kristo 914 folded before Flop (didn't bet)
Seat 5: EAroca (button) showed [Ah 8s] and lost with a pair of Kings



PokerStars Hand #254470363105:  Hold'em No Limit ($0.50/$1.00 USD) - 2025/01/20 17:36:48 WET [2025/01/20 12:36:48 ET]
Table 'Gothard III' 6-max Seat #2 is the button
Seat 2: ptolejmus ($22.50 in chips) 
Seat 3: LeaveItYeah ($102.84 in chips) 
Seat 5: EAroca ($100 in chips) 
LeaveItYeah: posts small blind $0.50
EAroca: posts big blind $1
*** HOLE CARDS ***
ptolejmus: folds 
LeaveItYeah: folds 
Uncalled bet ($0.50) returned to EAroca
EAroca collected $1 from pot
EAroca: doesn't show hand 
*** SUMMARY ***
Total pot $1 | Rake $0 
Seat 2: ptolejmus (button) folded before Flop (didn't bet)
Seat 3: LeaveItYeah (small blind) folded before Flop
Seat 5: EAroca (big blind) collected ($1)



PokerStars Hand #254470367441:  Hold'em No Limit ($0.50/$1.00 USD) - 2025/01/20 17:37:06 WET [2025/01/20 12:37:06 ET]
Table 'Gothard III' 6-max Seat #5 is the button
Seat 2: ptolejmus ($22.50 in chips) is sitting out
Seat 3: LeaveItYeah ($102.34 in chips) 
Seat 5: EAroca ($100.50 in chips) 
EAroca: posts small blind $0.50
ptolejmus: is sitting out 
LeaveItYeah: posts big blind $1
*** HOLE CARDS ***
ptolejmus leaves the table
EAroca: raises $1.30 to $2.30
LeaveItYeah: calls $1.30
*** FLOP *** [9s Kd Td]
LeaveItYeah: checks 
EAroca: bets $1.09
LeaveItYeah: folds 
Uncalled bet ($1.09) returned to EAroca
EAroca collected $4.37 from pot
EAroca: doesn't show hand 
*** SUMMARY ***
Total pot $4.60 | Rake $0.23 
Board [9s Kd Td]
Seat 2: ptolejmus
Seat 3: LeaveItYeah (big blind) folded on the Flop
Seat 5: EAroca (button) (small blind) collected ($4.37)



PokerStars Hand #254470376612:  Hold'em No Limit ($0.50/$1.00 USD) - 2025/01/20 17:37:43 WET [2025/01/20 12:37:43 ET]
Table 'Gothard III' 6-max Seat #3 is the button
Seat 3: LeaveItYeah ($100.04 in chips) 
Seat 5: EAroca ($102.57 in chips) 
LeaveItYeah: posts small blind $0.50
EAroca: posts big blind $1
*** HOLE CARDS ***
LeaveItYeah: raises $1.50 to $2.50
EAroca: calls $1.50
*** FLOP *** [Kc Jd 5d]
EAroca: checks 
LeaveItYeah: bets $1.90
EAroca: folds 
Uncalled bet ($1.90) returned to LeaveItYeah
LeaveItYeah collected $4.75 from pot
LeaveItYeah: doesn't show hand 
*** SUMMARY ***
Total pot $5 | Rake $0.25 
Board [Kc Jd 5d]
Seat 3: LeaveItYeah (button) (small blind) collected ($4.75)
Seat 5: EAroca (big blind) folded on the Flop



PokerStars Hand #254469609426:  Hold'em No Limit ($0.50/$1.00 USD) - 2025/01/20 16:42:08 WET [2025/01/20 11:42:08 ET]
Table 'Gothard III' 6-max Seat #2 is the button
Seat 1: RT RT960 ($91.66 in chips) 
Seat 2: y13txd ($55.96 in chips) 
Seat 3: Supermegopro ($100 in chips) 
Seat 4: trueYes.3970 ($10 in chips) 
Seat 5: Pon4uk.ua ($101 in chips) 
Seat 6: papatango123 ($100 in chips) 
Supermegopro: posts small blind $0.50
trueYes.3970: posts big blind $1
*** HOLE CARDS ***
Pon4uk.ua: raises $1 to $2
papatango123: folds 
RT RT960: folds 
y13txd: folds 
Supermegopro: calls $1.50
trueYes.3970: calls $1
*** FLOP *** [Kd 8s 6h]
Supermegopro: checks 
trueYes.3970: checks 
Pon4uk.ua: bets $1.88
Supermegopro: calls $1.88
trueYes.3970: calls $1.88
*** TURN *** [Kd 8s 6h] [5d]
Supermegopro: checks 
trueYes.3970: bets $6.12 and is all-in
Pon4uk.ua: raises $11.88 to $18
Supermegopro: raises $78.12 to $96.12 and is all-in
Pon4uk.ua: folds 
Uncalled bet ($78.12) returned to Supermegopro
*** RIVER *** [Kd 8s 6h 5d] [Tc]
*** SHOW DOWN ***
Supermegopro: shows [7c 4c] (a straight, Four to Eight)
Supermegopro collected $22.76 from side pot
trueYes.3970: shows [4d 7h] (a straight, Four to Eight)
Supermegopro collected $14.25 from main pot
trueYes.3970 collected $14.25 from main pot
*** SUMMARY ***
Total pot $53.76 Main pot $28.50. Side pot $22.76. | Rake $2.50 
Board [Kd 8s 6h 5d Tc]
Seat 1: RT RT960 folded before Flop (didn't bet)
Seat 2: y13txd (button) folded before Flop (didn't bet)
Seat 3: Supermegopro (small blind) showed [7c 4c] and won ($37.01) with a straight, Four to Eight
Seat 4: trueYes.3970 (big blind) showed [4d 7h] and won ($14.25) with a straight, Four to Eight
Seat 5: Pon4uk.ua folded on the Turn
Seat 6: papatango123 folded before Flop (didn't bet)



PokerStars Hand #254469623127:  Hold'em No Limit ($0.50/$1.00 USD) - 2025/01/20 16:43:10 WET [2025/01/20 11:43:10 ET]
Table 'Gothard III' 6-max Seat #3 is the button
Seat 1: RT RT960 ($91.66 in chips) 
Seat 2: y13txd ($55.96 in chips) 
Seat 3: Supermegopro ($115.13 in chips) 
Seat 4: trueYes.3970 ($14.25 in chips) 
Seat 5: Pon4uk.ua ($100 in chips) 
Seat 6: papatango123 ($100 in chips) 
trueYes.3970: posts small blind $0.50
Pon4uk.ua: posts big blind $1
*** HOLE CARDS ***
papatango123: folds 
RT RT960: folds 
y13txd: raises $1 to $2
Supermegopro: calls $2
trueYes.3970: folds 
Pon4uk.ua: folds 
*** FLOP *** [7d Ah Ks]
y13txd: checks 
Supermegopro: checks 
*** TURN *** [7d Ah Ks] [3h]
y13txd: bets $2
Supermegopro: folds 
Uncalled bet ($2) returned to y13txd
y13txd collected $5.22 from pot
*** SUMMARY ***
Total pot $5.50 | Rake $0.28 
Board [7d Ah Ks 3h]
Seat 1: RT RT960 folded before Flop (didn't bet)
Seat 2: y13txd collected ($5.22)
Seat 3: Supermegopro (button) folded on the Turn
Seat 4: trueYes.3970 (small blind) folded before Flop
Seat 5: Pon4uk.ua (big blind) folded before Flop
Seat 6: papatango123 folded before Flop (didn't bet)



PokerStars Hand #254469637223:  Hold'em No Limit ($0.50/$1.00 USD) - 2025/01/20 16:44:12 WET [2025/01/20 11:44:12 ET]
Table 'Gothard III' 6-max Seat #4 is the button
Seat 1: RT RT960 ($91.66 in chips) 
Seat 2: y13txd ($59.18 in chips) 
Seat 3: Supermegopro ($113.13 in chips) 
Seat 4: trueYes.3970 ($13.75 in chips) 
Seat 5: Pon4uk.ua ($100 in chips) 
Seat 6: papatango123 ($100 in chips) 
Pon4uk.ua: posts small blind $0.50
papatango123: posts big blind $1
*** HOLE CARDS ***
RT RT960: raises $2 to $3
y13txd: folds 
Supermegopro: folds 
trueYes.3970: folds 
Pon4uk.ua: calls $2.50
papatango123: calls $2
*** FLOP *** [9s 9d 3h]
Pon4uk.ua: checks 
papatango123: checks 
RT RT960: bets $4.28
Pon4uk.ua: folds 
papatango123: folds 
Uncalled bet ($4.28) returned to RT RT960
RT RT960 collected $8.55 from pot
*** SUMMARY ***
Total pot $9 | Rake $0.45 
Board [9s 9d 3h]
Seat 1: RT RT960 collected ($8.55)
Seat 2: y13txd folded before Flop (didn't bet)
Seat 3: Supermegopro folded before Flop (didn't bet)
Seat 4: trueYes.3970 (button) folded before Flop (didn't bet)
Seat 5: Pon4uk.ua (small blind) folded on the Flop
Seat 6: papatango123 (big blind) folded on the Flop



PokerStars Hand #254469654123:  Hold'em No Limit ($0.50/$1.00 USD) - 2025/01/20 16:45:28 WET [2025/01/20 11:45:28 ET]
Table 'Gothard III' 6-max Seat #5 is the button
Seat 1: RT RT960 ($97.21 in chips) 
Seat 2: y13txd ($59.18 in chips) 
Seat 3: Supermegopro ($113.13 in chips) 
Seat 4: trueYes.3970 ($13.75 in chips) 
Seat 5: Pon4uk.ua ($100 in chips) 
Seat 6: papatango123 ($100 in chips) 
papatango123: posts small blind $0.50
RT RT960: posts big blind $1
*** HOLE CARDS ***
y13txd: folds 
Supermegopro: folds 
trueYes.3970: folds 
Pon4uk.ua: folds 
papatango123: raises $2 to $3
RT RT960: folds 
Uncalled bet ($2) returned to papatango123
papatango123 collected $2 from pot
papatango123: doesn't show hand 
*** SUMMARY ***
Total pot $2 | Rake $0 
Seat 1: RT RT960 (big blind) folded before Flop
Seat 2: y13txd folded before Flop (didn't bet)
Seat 3: Supermegopro folded before Flop (didn't bet)
Seat 4: trueYes.3970 folded before Flop (didn't bet)
Seat 5: Pon4uk.ua (button) folded before Flop (didn't bet)
Seat 6: papatango123 (small blind) collected ($2)



PokerStars Hand #254469659112:  Hold'em No Limit ($0.50/$1.00 USD) - 2025/01/20 16:45:50 WET [2025/01/20 11:45:50 ET]
Table 'Gothard III' 6-max Seat #6 is the button
Seat 1: RT RT960 ($96.21 in chips) 
Seat 2: y13txd ($59.18 in chips) 
Seat 3: Supermegopro ($113.13 in chips) 
Seat 4: trueYes.3970 ($13.75 in chips) 
Seat 5: Pon4uk.ua ($100 in chips) 
Seat 6: papatango123 ($101 in chips) 
RT RT960: posts small blind $0.50
y13txd: posts big blind $1
*** HOLE CARDS ***
Supermegopro: folds 
trueYes.3970: folds 
Pon4uk.ua: folds 
papatango123: raises $1.50 to $2.50
Supermegopro leaves the table
RT RT960: folds 
y13txd: calls $1.50
*** FLOP *** [3d 7s 4h]
y13txd: checks 
papatango123: checks 
*** TURN *** [3d 7s 4h] [9s]
y13txd: checks 
BGS013 joins the table at seat #3 
papatango123: checks 
*** RIVER *** [3d 7s 4h 9s] [7d]
y13txd: checks 
papatango123: bets $4
y13txd: folds 
Uncalled bet ($4) returned to papatango123
papatango123 collected $5.22 from pot
papatango123: doesn't show hand 
*** SUMMARY ***
Total pot $5.50 | Rake $0.28 
Board [3d 7s 4h 9s 7d]
Seat 1: RT RT960 (small blind) folded before Flop
Seat 2: y13txd (big blind) folded on the River
Seat 3: Supermegopro folded before Flop (didn't bet)
Seat 4: trueYes.3970 folded before Flop (didn't bet)
Seat 5: Pon4uk.ua folded before Flop (didn't bet)
Seat 6: papatango123 (button) collected ($5.22)



PokerStars Hand #254469672203:  Hold'em No Limit ($0.50/$1.00 USD) - 2025/01/20 16:46:49 WET [2025/01/20 11:46:49 ET]
Table 'Gothard III' 6-max Seat #1 is the button
Seat 1: RT RT960 ($95.71 in chips) 
Seat 2: y13txd ($56.68 in chips) 
Seat 3: BGS013 ($100 in chips) 
Seat 4: trueYes.3970 ($13.75 in chips) 
Seat 5: Pon4uk.ua ($100 in chips) 
Seat 6: papatango123 ($103.72 in chips) 
y13txd: posts small blind $0.50
BGS013: posts big blind $1
*** HOLE CARDS ***
trueYes.3970: raises $1.25 to $2.25
Pon4uk.ua: folds 
papatango123: folds 
RT RT960: folds 
y13txd: calls $1.75
BGS013: folds 
*** FLOP *** [Ts 8c 2c]
y13txd: checks 
trueYes.3970: bets $2.75
y13txd: calls $2.75
*** TURN *** [Ts 8c 2c] [9s]
y13txd: checks 
trueYes.3970: checks 
*** RIVER *** [Ts 8c 2c 9s] [Qs]
y13txd: checks 
trueYes.3970: checks 
*** SHOW DOWN ***
y13txd: shows [8s 7d] (a pair of Eights)
trueYes.3970: mucks hand 
y13txd collected $10.45 from pot
*** SUMMARY ***
Total pot $11 | Rake $0.55 
Board [Ts 8c 2c 9s Qs]
Seat 1: RT RT960 (button) folded before Flop (didn't bet)
Seat 2: y13txd (small blind) showed [8s 7d] and won ($10.45) with a pair of Eights
Seat 3: BGS013 (big blind) folded before Flop
Seat 4: trueYes.3970 mucked
Seat 5: Pon4uk.ua folded before Flop (didn't bet)
Seat 6: papatango123 folded before Flop (didn't bet)



PokerStars Hand #254469683328:  Hold'em No Limit ($0.50/$1.00 USD) - 2025/01/20 16:47:39 WET [2025/01/20 11:47:39 ET]
Table 'Gothard III' 6-max Seat #2 is the button
Seat 1: RT RT960 ($95.71 in chips) 
Seat 2: y13txd ($62.13 in chips) 
Seat 3: BGS013 ($100 in chips) 
Seat 4: trueYes.3970 ($8.75 in chips) 
Seat 5: Pon4uk.ua ($100 in chips) 
Seat 6: papatango123 ($103.72 in chips) 
BGS013: posts small blind $0.50
trueYes.3970: posts big blind $1
*** HOLE CARDS ***
Pon4uk.ua: raises $1 to $2
papatango123: folds 
RT RT960: raises $5.50 to $7.50
y13txd: folds 
BGS013: folds 
trueYes.3970: folds 
Pon4uk.ua: raises $12.50 to $20
RT RT960: calls $12.50
*** FLOP *** [Qh 9h 2s]
Pon4uk.ua: bets $15
RT RT960: calls $15
*** TURN *** [Qh 9h 2s] [9c]
Pon4uk.ua: checks 
RT RT960: checks 
*** RIVER *** [Qh 9h 2s 9c] [8s]
Pon4uk.ua: bets $65 and is all-in
RT RT960: folds 
Uncalled bet ($65) returned to Pon4uk.ua
Pon4uk.ua collected $69 from pot
Pon4uk.ua: doesn't show hand 
*** SUMMARY ***
Total pot $71.50 | Rake $2.50 
Board [Qh 9h 2s 9c 8s]
Seat 1: RT RT960 folded on the River
Seat 2: y13txd (button) folded before Flop (didn't bet)
Seat 3: BGS013 (small blind) folded before Flop
Seat 4: trueYes.3970 (big blind) folded before Flop
Seat 5: Pon4uk.ua collected ($69)
Seat 6: papatango123 folded before Flop (didn't bet)



PokerStars Hand #254469704656:  Hold'em No Limit ($0.50/$1.00 USD) - 2025/01/20 16:49:14 WET [2025/01/20 11:49:14 ET]
Table 'Gothard III' 6-max Seat #3 is the button
Seat 1: RT RT960 ($60.71 in chips) 
Seat 2: y13txd ($62.13 in chips) 
Seat 3: BGS013 ($100 in chips) 
Seat 4: trueYes.3970 ($7.75 in chips) 
Seat 5: Pon4uk.ua ($134 in chips) 
Seat 6: papatango123 ($103.72 in chips) 
trueYes.3970: posts small blind $0.50
Pon4uk.ua: posts big blind $1
*** HOLE CARDS ***
papatango123: folds 
RT RT960: raises $2 to $3
y13txd: folds 
BGS013: folds 
trueYes.3970: folds 
Pon4uk.ua: folds 
Uncalled bet ($2) returned to RT RT960
RT RT960 collected $2.50 from pot
*** SUMMARY ***
Total pot $2.50 | Rake $0 
Seat 1: RT RT960 collected ($2.50)
Seat 2: y13txd folded before Flop (didn't bet)
Seat 3: BGS013 (button) folded before Flop (didn't bet)
Seat 4: trueYes.3970 (small blind) folded before Flop
Seat 5: Pon4uk.ua (big blind) folded before Flop
Seat 6: papatango123 folded before Flop (didn't bet)



PokerStars Hand #254469707762:  Hold'em No Limit ($0.50/$1.00 USD) - 2025/01/20 16:49:28 WET [2025/01/20 11:49:28 ET]
Table 'Gothard III' 6-max Seat #4 is the button
Seat 1: RT RT960 ($62.21 in chips) 
Seat 2: y13txd ($62.13 in chips) 
Seat 3: BGS013 ($100 in chips) 
Seat 4: trueYes.3970 ($7.25 in chips) 
Seat 5: Pon4uk.ua ($133 in chips) 
Seat 6: papatango123 ($103.72 in chips) 
Pon4uk.ua: posts small blind $0.50
papatango123: posts big blind $1
*** HOLE CARDS ***
RT RT960: folds 
y13txd: folds 
BGS013: raises $1.50 to $2.50
trueYes.3970: folds 
Pon4uk.ua: folds 
papatango123: calls $1.50
*** FLOP *** [2c 6d 3d]
papatango123: checks 
BGS013: checks 
*** TURN *** [2c 6d 3d] [Jh]
papatango123: checks 
BGS013: bets $3
papatango123: calls $3
*** RIVER *** [2c 6d 3d Jh] [Tc]
papatango123: checks 
BGS013: bets $10
papatango123: folds 
Uncalled bet ($10) returned to BGS013
BGS013 collected $10.92 from pot
BGS013: doesn't show hand 
*** SUMMARY ***
Total pot $11.50 | Rake $0.58 
Board [2c 6d 3d Jh Tc]
Seat 1: RT RT960 folded before Flop (didn't bet)
Seat 2: y13txd folded before Flop (didn't bet)
Seat 3: BGS013 collected ($10.92)
Seat 4: trueYes.3970 (button) folded before Flop (didn't bet)
Seat 5: Pon4uk.ua (small blind) folded before Flop
Seat 6: papatango123 (big blind) folded on the River



PokerStars Hand #254469721544:  Hold'em No Limit ($0.50/$1.00 USD) - 2025/01/20 16:50:30 WET [2025/01/20 11:50:30 ET]
Table 'Gothard III' 6-max Seat #5 is the button
Seat 1: RT RT960 ($62.21 in chips) 
Seat 2: y13txd ($62.13 in chips) 
Seat 3: BGS013 ($105.42 in chips) 
Seat 4: trueYes.3970 ($7.25 in chips) 
Seat 5: Pon4uk.ua ($132.50 in chips) 
Seat 6: papatango123 ($100 in chips) 
papatango123: posts small blind $0.50
RT RT960: posts big blind $1
*** HOLE CARDS ***
y13txd: raises $2 to $3
BGS013: folds 
trueYes.3970: folds 
Pon4uk.ua: folds 
papatango123: folds 
RT RT960: calls $2
*** FLOP *** [Th 5c 4h]
RT RT960: checks 
y13txd: bets $3.09
RT RT960: folds 
Uncalled bet ($3.09) returned to y13txd
y13txd collected $6.18 from pot
*** SUMMARY ***
Total pot $6.50 | Rake $0.32 
Board [Th 5c 4h]
Seat 1: RT RT960 (big blind) folded on the Flop
Seat 2: y13txd collected ($6.18)
Seat 3: BGS013 folded before Flop (didn't bet)
Seat 4: trueYes.3970 folded before Flop (didn't bet)
Seat 5: Pon4uk.ua (button) folded before Flop (didn't bet)
Seat 6: papatango123 (small blind) folded before Flop



PokerStars Hand #254469731965:  Hold'em No Limit ($0.50/$1.00 USD) - 2025/01/20 16:51:17 WET [2025/01/20 11:51:17 ET]
Table 'Gothard III' 6-max Seat #6 is the button
Seat 1: RT RT960 ($59.21 in chips) 
Seat 2: y13txd ($65.31 in chips) 
Seat 3: BGS013 ($105.42 in chips) 
Seat 4: trueYes.3970 ($7.25 in chips) 
Seat 5: Pon4uk.ua ($132.50 in chips) 
Seat 6: papatango123 ($100 in chips) 
RT RT960: posts small blind $0.50
y13txd: posts big blind $1
*** HOLE CARDS ***
BGS013: folds 
trueYes.3970: folds 
Pon4uk.ua: folds 
papatango123: raises $1.50 to $2.50
RT RT960: folds 
y13txd is disconnected 
y13txd has timed out while disconnected
y13txd: folds 
Uncalled bet ($1.50) returned to papatango123
papatango123 collected $2.50 from pot
papatango123: doesn't show hand 
*** SUMMARY ***
Total pot $2.50 | Rake $0 
Seat 1: RT RT960 (small blind) folded before Flop
Seat 2: y13txd (big blind) folded before Flop
Seat 3: BGS013 folded before Flop (didn't bet)
Seat 4: trueYes.3970 folded before Flop (didn't bet)
Seat 5: Pon4uk.ua folded before Flop (didn't bet)
Seat 6: papatango123 (button) collected ($2.50)



PokerStars Hand #254469742392:  Hold'em No Limit ($0.50/$1.00 USD) - 2025/01/20 16:52:03 WET [2025/01/20 11:52:03 ET]
Table 'Gothard III' 6-max Seat #1 is the button
Seat 1: RT RT960 ($58.71 in chips) 
Seat 2: y13txd ($64.31 in chips) 
Seat 3: BGS013 ($105.42 in chips) 
Seat 4: trueYes.3970 ($7.25 in chips) 
Seat 5: Pon4uk.ua ($132.50 in chips) 
Seat 6: papatango123 ($101.50 in chips) 
y13txd: posts small blind $0.50
BGS013: posts big blind $1
*** HOLE CARDS ***
trueYes.3970: folds 
Pon4uk.ua has timed out
Pon4uk.ua: folds 
papatango123: raises $1.50 to $2.50
RT RT960: calls $2.50
y13txd: folds 
BGS013: folds 
*** FLOP *** [4h 2c Ac]
papatango123: bets $2.04
RT RT960: folds 
Uncalled bet ($2.04) returned to papatango123
papatango123 collected $6.18 from pot
papatango123: doesn't show hand 
*** SUMMARY ***
Total pot $6.50 | Rake $0.32 
Board [4h 2c Ac]
Seat 1: RT RT960 (button) folded on the Flop
Seat 2: y13txd (small blind) folded before Flop
Seat 3: BGS013 (big blind) folded before Flop
Seat 4: trueYes.3970 folded before Flop (didn't bet)
Seat 5: Pon4uk.ua folded before Flop (didn't bet)
Seat 6: papatango123 collected ($6.18)



PokerStars Hand #254469752211:  Hold'em No Limit ($0.50/$1.00 USD) - 2025/01/20 16:52:47 WET [2025/01/20 11:52:47 ET]
Table 'Gothard III' 6-max Seat #2 is the button
Seat 1: RT RT960 ($56.21 in chips) 
Seat 2: y13txd ($63.81 in chips) 
Seat 3: BGS013 ($104.42 in chips) 
Seat 4: trueYes.3970 ($7.25 in chips) 
Seat 5: Pon4uk.ua ($132.50 in chips) 
Seat 6: papatango123 ($105.18 in chips) 
BGS013: posts small blind $0.50
trueYes.3970: posts big blind $1
*** HOLE CARDS ***
Pon4uk.ua: folds 
papatango123: folds 
RT RT960: raises $2 to $3
y13txd: raises $3 to $6
BGS013: raises $12 to $18
trueYes.3970: folds 
RT RT960: calls $15
y13txd: folds 
*** FLOP *** [7c Ah Kd]
BGS013: checks 
RT RT960: bets $38.21 and is all-in
BGS013: calls $38.21
*** TURN *** [7c Ah Kd] [7d]
*** RIVER *** [7c Ah Kd 7d] [Th]
*** SHOW DOWN ***
BGS013: shows [Ad As] (a full house, Aces full of Sevens)
RT RT960: shows [Qh Ks] (two pair, Kings and Sevens)
BGS013 collected $116.92 from pot
RT RT960 is disconnected 
*** SUMMARY ***
Total pot $119.42 | Rake $2.50 
Board [7c Ah Kd 7d Th]
Seat 1: RT RT960 showed [Qh Ks] and lost with two pair, Kings and Sevens
Seat 2: y13txd (button) folded before Flop
Seat 3: BGS013 (small blind) showed [Ad As] and won ($116.92) with a full house, Aces full of Sevens
Seat 4: trueYes.3970 (big blind) folded before Flop
Seat 5: Pon4uk.ua folded before Flop (didn't bet)
Seat 6: papatango123 folded before Flop (didn't bet)



PokerStars Hand #254469763677:  Hold'em No Limit ($0.50/$1.00 USD) - 2025/01/20 16:53:39 WET [2025/01/20 11:53:39 ET]
Table 'Gothard III' 6-max Seat #3 is the button
Seat 1: RT RT960 ($0 in chips) is sitting out
Seat 2: y13txd ($57.81 in chips) 
Seat 3: BGS013 ($165.13 in chips) 
Seat 4: trueYes.3970 ($6.25 in chips) 
Seat 5: Pon4uk.ua ($132.50 in chips) 
Seat 6: papatango123 ($105.18 in chips) 
trueYes.3970: posts small blind $0.50
Pon4uk.ua: posts big blind $1
*** HOLE CARDS ***
papatango123: raises $1 to $2
y13txd: folds 
BGS013: folds 
trueYes.3970: folds 
Pon4uk.ua: calls $1
*** FLOP *** [3c 4c Jh]
Pon4uk.ua: checks 
papatango123: bets $1.41
Pon4uk.ua: calls $1.41
*** TURN *** [3c 4c Jh] [Qd]
Pon4uk.ua: checks 
papatango123: checks 
*** RIVER *** [3c 4c Jh Qd] [4d]
Pon4uk.ua: checks 
papatango123: checks 
*** SHOW DOWN ***
Pon4uk.ua: shows [2h 3h] (two pair, Fours and Threes)
papatango123: mucks hand 
Pon4uk.ua collected $6.95 from pot
*** SUMMARY ***
Total pot $7.32 | Rake $0.37 
Board [3c 4c Jh Qd 4d]
Seat 1: RT RT960
Seat 2: y13txd folded before Flop (didn't bet)
Seat 3: BGS013 (button) folded before Flop (didn't bet)
Seat 4: trueYes.3970 (small blind) folded before Flop
Seat 5: Pon4uk.ua (big blind) showed [2h 3h] and won ($6.95) with two pair, Fours and Threes
Seat 6: papatango123 mucked



PokerStars Hand #254469773012:  Hold'em No Limit ($0.50/$1.00 USD) - 2025/01/20 16:54:21 WET [2025/01/20 11:54:21 ET]
Table 'Gothard III' 6-max Seat #4 is the button
Seat 1: RT RT960 ($0 in chips) is sitting out
Seat 2: y13txd ($57.81 in chips) 
Seat 3: BGS013 ($165.13 in chips) 
Seat 4: trueYes.3970 ($5.75 in chips) 
Seat 5: Pon4uk.ua ($136.04 in chips) 
Seat 6: papatango123 ($101.77 in chips) 
Pon4uk.ua: posts small blind $0.50
papatango123: posts big blind $1
*** HOLE CARDS ***
y13txd: raises $2 to $3
BGS013: folds 
trueYes.3970: folds 
Pon4uk.ua: folds 
papatango123: folds 
Uncalled bet ($2) returned to y13txd
y13txd collected $2.50 from pot
*** SUMMARY ***
Total pot $2.50 | Rake $0 
Seat 1: RT RT960
Seat 2: y13txd collected ($2.50)
Seat 3: BGS013 folded before Flop (didn't bet)
Seat 4: trueYes.3970 (button) folded before Flop (didn't bet)
Seat 5: Pon4uk.ua (small blind) folded before Flop
Seat 6: papatango123 (big blind) folded before Flop



PokerStars Hand #254469777605:  Hold'em No Limit ($0.50/$1.00 USD) - 2025/01/20 16:54:41 WET [2025/01/20 11:54:41 ET]
Table 'Gothard III' 6-max Seat #5 is the button
Seat 1: RT RT960 ($0 in chips) is sitting out
Seat 2: y13txd ($59.31 in chips) 
Seat 3: BGS013 ($165.13 in chips) 
Seat 4: trueYes.3970 ($5.75 in chips) 
Seat 5: Pon4uk.ua ($135.54 in chips) 
Seat 6: papatango123 ($100.77 in chips) 
papatango123: posts small blind $0.50
y13txd: posts big blind $1
*** HOLE CARDS ***
BGS013: raises $1 to $2
trueYes.3970: folds 
Pon4uk.ua: folds 
papatango123: raises $8 to $10
y13txd: folds 
BGS013: calls $8
*** FLOP *** [9h Qd Qs]
papatango123: bets $5.58
BGS013: folds 
Uncalled bet ($5.58) returned to papatango123
papatango123 collected $19.95 from pot
papatango123: doesn't show hand 
*** SUMMARY ***
Total pot $21 | Rake $1.05 
Board [9h Qd Qs]
Seat 1: RT RT960
Seat 2: y13txd (big blind) folded before Flop
Seat 3: BGS013 folded on the Flop
Seat 4: trueYes.3970 folded before Flop (didn't bet)
Seat 5: Pon4uk.ua (button) folded before Flop (didn't bet)
Seat 6: papatango123 (small blind) collected ($19.95)



PokerStars Hand #254469785052:  Hold'em No Limit ($0.50/$1.00 USD) - 2025/01/20 16:55:17 WET [2025/01/20 11:55:17 ET]
Table 'Gothard III' 6-max Seat #6 is the button
Seat 1: RT RT960 ($0 in chips) is sitting out
Seat 2: y13txd ($58.31 in chips) 
Seat 3: BGS013 ($155.13 in chips) 
Seat 4: trueYes.3970 ($5.75 in chips) 
Seat 5: Pon4uk.ua ($135.54 in chips) 
Seat 6: papatango123 ($110.72 in chips) 
y13txd: posts small blind $0.50
BGS013: posts big blind $1
*** HOLE CARDS ***
trueYes.3970: folds 
Pon4uk.ua: folds 
papatango123: folds 
y13txd: folds 
Uncalled bet ($0.50) returned to BGS013
BGS013 collected $1 from pot
BGS013: doesn't show hand 
*** SUMMARY ***
Total pot $1 | Rake $0 
Seat 1: RT RT960
Seat 2: y13txd (small blind) folded before Flop
Seat 3: BGS013 (big blind) collected ($1)
Seat 4: trueYes.3970 folded before Flop (didn't bet)
Seat 5: Pon4uk.ua folded before Flop (didn't bet)
Seat 6: papatango123 (button) folded before Flop (didn't bet)



PokerStars Hand #254469787105:  Hold'em No Limit ($0.50/$1.00 USD) - 2025/01/20 16:55:29 WET [2025/01/20 11:55:29 ET]
Table 'Gothard III' 6-max Seat #2 is the button
Seat 1: RT RT960 ($0 in chips) is sitting out
Seat 2: y13txd ($57.81 in chips) 
Seat 3: BGS013 ($155.63 in chips) 
Seat 4: trueYes.3970 ($5.75 in chips) 
Seat 5: Pon4uk.ua ($135.54 in chips) 
Seat 6: papatango123 ($110.72 in chips) 
BGS013: posts small blind $0.50
trueYes.3970: posts big blind $1
*** HOLE CARDS ***
Pon4uk.ua: raises $1 to $2
papatango123: raises $5 to $7
y13txd: calls $7
BGS013: folds 
trueYes.3970: calls $4.75 and is all-in
Pon4uk.ua: calls $5
*** FLOP *** [Tc Ah 6h]
Pon4uk.ua: checks 
papatango123: bets $9
y13txd: folds 
Pon4uk.ua: calls $9
*** TURN *** [Tc Ah 6h] [8d]
Pon4uk.ua: checks 
papatango123: bets $28
Pon4uk.ua: folds 
Uncalled bet ($28) returned to papatango123
*** RIVER *** [Tc Ah 6h 8d] [9c]
*** SHOW DOWN ***
papatango123: shows [Kd As] (a pair of Aces)
papatango123 collected $20.67 from side pot
trueYes.3970: shows [Kh Qd] (high card Ace)
papatango123 collected $22.32 from main pot
*** SUMMARY ***
Total pot $45.25 Main pot $22.32. Side pot $20.67. | Rake $2.26 
Board [Tc Ah 6h 8d 9c]
Seat 1: RT RT960
Seat 2: y13txd (button) folded on the Flop
Seat 3: BGS013 (small blind) folded before Flop
Seat 4: trueYes.3970 (big blind) showed [Kh Qd] and lost with high card Ace
Seat 5: Pon4uk.ua folded on the Turn
Seat 6: papatango123 showed [Kd As] and won ($42.99) with a pair of Aces



PokerStars Hand #254469799094:  Hold'em No Limit ($0.50/$1.00 USD) - 2025/01/20 16:56:39 WET [2025/01/20 11:56:39 ET]
Table 'Gothard III' 6-max Seat #3 is the button
Seat 1: RT RT960 ($0 in chips) is sitting out
Seat 4: trueYes.3970 ($0 in chips) is sitting out
Seat 2: y13txd ($50.81 in chips) 
Seat 3: BGS013 ($155.13 in chips) 
Seat 5: Pon4uk.ua ($119.54 in chips) 
Seat 6: papatango123 ($137.71 in chips) 
Pon4uk.ua: posts small blind $0.50
papatango123: posts big blind $1
*** HOLE CARDS ***
y13txd: raises $2 to $3
BGS013 has timed out
BGS013: folds 
Pon4uk.ua: calls $2.50
papatango123: folds 
*** FLOP *** [2h As 8s]
Pon4uk.ua: checks 
y13txd: bets $3.33
Pon4uk.ua: folds 
Uncalled bet ($3.33) returned to y13txd
y13txd collected $6.65 from pot
*** SUMMARY ***
Total pot $7 | Rake $0.35 
Board [2h As 8s]
Seat 1: RT RT960
Seat 4: trueYes.3970
Seat 2: y13txd collected ($6.65)
Seat 3: BGS013 (button) folded before Flop (didn't bet)
Seat 5: Pon4uk.ua (small blind) folded on the Flop
Seat 6: papatango123 (big blind) folded before Flop



PokerStars Hand #254469810002:  Hold'em No Limit ($0.50/$1.00 USD) - 2025/01/20 16:57:42 WET [2025/01/20 11:57:42 ET]
Table 'Gothard III' 6-max Seat #5 is the button
Seat 1: RT RT960 ($0 in chips) is sitting out
Seat 2: y13txd ($54.46 in chips) 
Seat 3: BGS013 ($155.13 in chips) 
Seat 4: trueYes.3970 ($14.66 in chips) 
Seat 5: Pon4uk.ua ($116.54 in chips) 
Seat 6: papatango123 ($136.71 in chips) 
papatango123: posts small blind $0.50
y13txd: posts big blind $1
trueYes.3970: posts small blind $0.50
*** HOLE CARDS ***
BGS013: raises $1.50 to $2.50
trueYes.3970: folds 
Pon4uk.ua: raises $1.50 to $4
papatango123: folds 
y13txd: folds 
BGS013: calls $1.50
*** FLOP *** [Tc 4s 2s]
BGS013: checks 
Pon4uk.ua: bets $4.75
BGS013: folds 
Uncalled bet ($4.75) returned to Pon4uk.ua
Pon4uk.ua collected $9.50 from pot
Pon4uk.ua: doesn't show hand 
*** SUMMARY ***
Total pot $10 | Rake $0.50 
Board [Tc 4s 2s]
Seat 1: RT RT960
Seat 2: y13txd (big blind) folded before Flop
Seat 3: BGS013 folded on the Flop
Seat 4: trueYes.3970 folded before Flop (didn't bet)
Seat 5: Pon4uk.ua (button) collected ($9.50)
Seat 6: papatango123 (small blind) folded before Flop



PokerStars Hand #254469865814:  Hold'em No Limit ($0.50/$1.00 USD) - 2025/01/20 17:02:34 WET [2025/01/20 12:02:34 ET]
Table 'Gothard III' 6-max Seat #3 is the button
Seat 1: RT RT960 ($0 in chips) is sitting out
Seat 2: y13txd ($43.46 in chips) 
Seat 3: BGS013 ($143.33 in chips) 
Seat 4: trueYes.3970 ($19.34 in chips) 
Seat 5: coeeeelho ($100 in chips) 
Seat 6: papatango123 ($149.71 in chips) 
trueYes.3970: posts small blind $0.50
coeeeelho: posts big blind $1
*** HOLE CARDS ***
papatango123: folds 
y13txd: raises $2 to $3
BGS013: folds 
trueYes.3970: folds 
RT RT960 is disconnected 
coeeeelho: folds 
Uncalled bet ($2) returned to y13txd
y13txd collected $2.50 from pot
*** SUMMARY ***
Total pot $2.50 | Rake $0 
Seat 1: RT RT960
Seat 2: y13txd collected ($2.50)
Seat 3: BGS013 (button) folded before Flop (didn't bet)
Seat 4: trueYes.3970 (small blind) folded before Flop
Seat 5: coeeeelho (big blind) folded before Flop
Seat 6: papatango123 folded before Flop (didn't bet)



PokerStars Hand #254469869389:  Hold'em No Limit ($0.50/$1.00 USD) - 2025/01/20 17:02:50 WET [2025/01/20 12:02:50 ET]
Table 'Gothard III' 6-max Seat #4 is the button
Seat 1: RT RT960 ($0 in chips) is sitting out
Seat 2: y13txd ($44.96 in chips) 
Seat 3: BGS013 ($143.33 in chips) 
Seat 4: trueYes.3970 ($18.84 in chips) 
Seat 5: coeeeelho ($100 in chips) 
Seat 6: papatango123 ($149.71 in chips) 
coeeeelho: posts small blind $0.50
papatango123: posts big blind $1
*** HOLE CARDS ***
y13txd: folds 
BGS013: raises $1.50 to $2.50
trueYes.3970: calls $2.50
coeeeelho: folds 
papatango123: folds 
*** FLOP *** [2d Qh Qs]
BGS013: checks 
trueYes.3970: checks 
*** TURN *** [2d Qh Qs] [9d]
BGS013: checks 
trueYes.3970: checks 
*** RIVER *** [2d Qh Qs 9d] [5s]
BGS013: checks 
trueYes.3970: checks 
*** SHOW DOWN ***
BGS013: shows [Ad Kh] (a pair of Queens)
trueYes.3970: mucks hand 
BGS013 collected $6.18 from pot
*** SUMMARY ***
Total pot $6.50 | Rake $0.32 
Board [2d Qh Qs 9d 5s]
Seat 1: RT RT960
Seat 2: y13txd folded before Flop (didn't bet)
Seat 3: BGS013 showed [Ad Kh] and won ($6.18) with a pair of Queens
Seat 4: trueYes.3970 (button) mucked
Seat 5: coeeeelho (small blind) folded before Flop
Seat 6: papatango123 (big blind) folded before Flop



PokerStars Hand #254469877968:  Hold'em No Limit ($0.50/$1.00 USD) - 2025/01/20 17:03:29 WET [2025/01/20 12:03:29 ET]
Table 'Gothard III' 6-max Seat #5 is the button
Seat 1: RT RT960 ($0 in chips) is sitting out
Seat 2: y13txd ($44.96 in chips) 
Seat 3: BGS013 ($147.01 in chips) 
Seat 4: trueYes.3970 ($16.34 in chips) 
Seat 5: coeeeelho ($100 in chips) 
Seat 6: papatango123 ($148.71 in chips) 
papatango123: posts small blind $0.50
y13txd: posts big blind $1
*** HOLE CARDS ***
BGS013: folds 
trueYes.3970: folds 
coeeeelho: folds 
papatango123: folds 
Uncalled bet ($0.50) returned to y13txd
y13txd collected $1 from pot
RT RT960 leaves the table
*** SUMMARY ***
Total pot $1 | Rake $0 
Seat 1: RT RT960
Seat 2: y13txd (big blind) collected ($1)
Seat 3: BGS013 folded before Flop (didn't bet)
Seat 4: trueYes.3970 folded before Flop (didn't bet)
Seat 5: coeeeelho (button) folded before Flop (didn't bet)
Seat 6: papatango123 (small blind) folded before Flop



PokerStars Hand #254469880843:  Hold'em No Limit ($0.50/$1.00 USD) - 2025/01/20 17:03:42 WET [2025/01/20 12:03:42 ET]
Table 'Gothard III' 6-max Seat #6 is the button
Seat 2: y13txd ($45.46 in chips) 
Seat 3: BGS013 ($147.01 in chips) 
Seat 4: trueYes.3970 ($16.34 in chips) 
Seat 5: coeeeelho ($100 in chips) 
Seat 6: papatango123 ($148.21 in chips) 
y13txd: posts small blind $0.50
BGS013: posts big blind $1
*** HOLE CARDS ***
trueYes.3970: raises $1.25 to $2.25
coeeeelho: folds 
papatango123: folds 
Xenicide joins the table at seat #1 
y13txd: calls $1.75
BGS013: folds 
*** FLOP *** [Jh 6c Td]
y13txd: bets $2.61
trueYes.3970: calls $2.61
*** TURN *** [Jh 6c Td] [Jc]
y13txd: bets $5.09
trueYes.3970: calls $5.09
*** RIVER *** [Jh 6c Td Jc] [Jd]
y13txd: bets $35.51 and is all-in
trueYes.3970: folds 
Uncalled bet ($35.51) returned to y13txd
y13txd collected $19.86 from pot
*** SUMMARY ***
Total pot $20.90 | Rake $1.04 
Board [Jh 6c Td Jc Jd]
Seat 2: y13txd (small blind) collected ($19.86)
Seat 3: BGS013 (big blind) folded before Flop
Seat 4: trueYes.3970 folded on the River
Seat 5: coeeeelho folded before Flop (didn't bet)
Seat 6: papatango123 (button) folded before Flop (didn't bet)



PokerStars Hand #254469892906:  Hold'em No Limit ($0.50/$1.00 USD) - 2025/01/20 17:04:36 WET [2025/01/20 12:04:36 ET]
Table 'Gothard III' 6-max Seat #2 is the button
Seat 1: Xenicide ($100 in chips) is sitting out
Seat 2: y13txd ($55.37 in chips) 
Seat 3: BGS013 ($146.01 in chips) 
Seat 4: trueYes.3970 ($6.39 in chips) 
Seat 5: coeeeelho ($100 in chips) 
Seat 6: papatango123 ($148.21 in chips) 
BGS013: posts small blind $0.50
trueYes.3970: posts big blind $1
Xenicide: sits out 
*** HOLE CARDS ***
coeeeelho: raises $1.20 to $2.20
papatango123: folds 
y13txd: folds 
BGS013: folds 
trueYes.3970: calls $1.20
*** FLOP *** [7s 3h 8s]
trueYes.3970: bets $4.19 and is all-in
coeeeelho: calls $4.19
*** TURN *** [7s 3h 8s] [3d]
*** RIVER *** [7s 3h 8s 3d] [7h]
*** SHOW DOWN ***
trueYes.3970: shows [Qc 8c] (two pair, Eights and Sevens)
coeeeelho: shows [Ad Th] (two pair, Sevens and Threes)
trueYes.3970 collected $12.62 from pot
*** SUMMARY ***
Total pot $13.28 | Rake $0.66 
Board [7s 3h 8s 3d 7h]
Seat 1: Xenicide
Seat 2: y13txd (button) folded before Flop (didn't bet)
Seat 3: BGS013 (small blind) folded before Flop
Seat 4: trueYes.3970 (big blind) showed [Qc 8c] and won ($12.62) with two pair, Eights and Sevens
Seat 5: coeeeelho showed [Ad Th] and lost with two pair, Sevens and Threes
Seat 6: papatango123 folded before Flop (didn't bet)



PokerStars Hand #254469900096:  Hold'em No Limit ($0.50/$1.00 USD) - 2025/01/20 17:05:08 WET [2025/01/20 12:05:08 ET]
Table 'Gothard III' 6-max Seat #3 is the button
Seat 1: Xenicide ($100 in chips) is sitting out
Seat 2: y13txd ($55.37 in chips) 
Seat 3: BGS013 ($145.51 in chips) 
Seat 4: trueYes.3970 ($12.62 in chips) 
Seat 5: coeeeelho ($100 in chips) 
Seat 6: papatango123 ($148.21 in chips) 
trueYes.3970: posts small blind $0.50
coeeeelho: posts big blind $1
Xenicide: sits out 
*** HOLE CARDS ***
papatango123: folds 
y13txd: folds 
BGS013: folds 
trueYes.3970: raises $1 to $2
coeeeelho: calls $1
*** FLOP *** [7h 9h Qc]
trueYes.3970: bets $10.62 and is all-in
coeeeelho: calls $10.62
*** TURN *** [7h 9h Qc] [Kd]
*** RIVER *** [7h 9h Qc Kd] [8d]
*** SHOW DOWN ***
trueYes.3970: shows [Ac Ks] (a pair of Kings)
coeeeelho: shows [Qd 7d] (two pair, Queens and Sevens)
coeeeelho collected $23.98 from pot
*** SUMMARY ***
Total pot $25.24 | Rake $1.26 
Board [7h 9h Qc Kd 8d]
Seat 1: Xenicide
Seat 2: y13txd folded before Flop (didn't bet)
Seat 3: BGS013 (button) folded before Flop (didn't bet)
Seat 4: trueYes.3970 (small blind) showed [Ac Ks] and lost with a pair of Kings
Seat 5: coeeeelho (big blind) showed [Qd 7d] and won ($23.98) with two pair, Queens and Sevens
Seat 6: papatango123 folded before Flop (didn't bet)



PokerStars Hand #254469914130:  Hold'em No Limit ($0.50/$1.00 USD) - 2025/01/20 17:06:10 WET [2025/01/20 12:06:10 ET]
Table 'Gothard III' 6-max Seat #5 is the button
Seat 4: trueYes.3970 ($0 in chips) is sitting out
Seat 1: Xenicide ($100 in chips) 
Seat 2: y13txd ($55.37 in chips) 
Seat 3: BGS013 ($145.51 in chips) 
Seat 5: coeeeelho ($111.36 in chips) 
Seat 6: papatango123 ($148.21 in chips) 
papatango123: posts small blind $0.50
Xenicide: posts big blind $1
*** HOLE CARDS ***
trueYes.3970 leaves the table
BoyLoc0 joins the table at seat #4 
y13txd has timed out
y13txd: folds 
BGS013: folds 
coeeeelho: folds 
papatango123: folds 
Uncalled bet ($0.50) returned to Xenicide
papatango123 leaves the table
Xenicide collected $1 from pot
*** SUMMARY ***
Total pot $1 | Rake $0 
Seat 4: trueYes.3970
Seat 1: Xenicide (big blind) collected ($1)
Seat 2: y13txd folded before Flop (didn't bet)
Seat 3: BGS013 folded before Flop (didn't bet)
Seat 5: coeeeelho (button) folded before Flop (didn't bet)
Seat 6: papatango123 (small blind) folded before Flop



PokerStars Hand #254469923123:  Hold'em No Limit ($0.50/$1.00 USD) - 2025/01/20 17:06:50 WET [2025/01/20 12:06:50 ET]
Table 'Gothard III' 6-max Seat #1 is the button
Seat 4: BoyLoc0 ($100 in chips) is sitting out
Seat 1: Xenicide ($100.50 in chips) 
Seat 2: y13txd ($55.37 in chips) 
Seat 3: BGS013 ($145.51 in chips) 
Seat 5: coeeeelho ($111.36 in chips) 
y13txd: posts small blind $0.50
BGS013: posts big blind $1
BoyLoc0: sits out 
*** HOLE CARDS ***
coeeeelho: raises $1.20 to $2.20
Xenicide: folds 
LeaveItYeah joins the table at seat #6 
y13txd has timed out
y13txd: folds 
y13txd is disconnected 
BGS013: folds 
Uncalled bet ($1.20) returned to coeeeelho
coeeeelho collected $2.50 from pot
*** SUMMARY ***
Total pot $2.50 | Rake $0 
Seat 4: BoyLoc0
Seat 1: Xenicide (button) folded before Flop (didn't bet)
Seat 2: y13txd (small blind) folded before Flop
Seat 3: BGS013 (big blind) folded before Flop
Seat 5: coeeeelho collected ($2.50)



PokerStars Hand #254469932982:  Hold'em No Limit ($0.50/$1.00 USD) - 2025/01/20 17:07:34 WET [2025/01/20 12:07:34 ET]
Table 'Gothard III' 6-max Seat #3 is the button
Seat 2: y13txd ($54.87 in chips) is sitting out
Seat 4: BoyLoc0 ($100 in chips) is sitting out
Seat 1: Xenicide ($100.50 in chips) 
Seat 3: BGS013 ($144.51 in chips) 
Seat 5: coeeeelho ($112.86 in chips) 
Seat 6: LeaveItYeah ($100 in chips) 
coeeeelho: posts small blind $0.50
LeaveItYeah: posts big blind $1
*** HOLE CARDS ***
Xenicide: folds 
BGS013: folds 
coeeeelho: folds 
Uncalled bet ($0.50) returned to LeaveItYeah
LeaveItYeah collected $1 from pot
LeaveItYeah: doesn't show hand 
*** SUMMARY ***
Total pot $1 | Rake $0 
Seat 2: y13txd
Seat 4: BoyLoc0
Seat 1: Xenicide folded before Flop (didn't bet)
Seat 3: BGS013 (button) folded before Flop (didn't bet)
Seat 5: coeeeelho (small blind) folded before Flop
Seat 6: LeaveItYeah (big blind) collected ($1)



PokerStars Hand #254469936441:  Hold'em No Limit ($0.50/$1.00 USD) - 2025/01/20 17:07:49 WET [2025/01/20 12:07:49 ET]
Table 'Gothard III' 6-max Seat #5 is the button
Seat 4: BoyLoc0 ($100 in chips) is sitting out
Seat 1: Xenicide ($100.50 in chips) 
Seat 2: y13txd ($54.87 in chips) 
Seat 3: BGS013 ($144.51 in chips) 
Seat 5: coeeeelho ($112.36 in chips) 
Seat 6: LeaveItYeah ($100.50 in chips) 
LeaveItYeah: posts small blind $0.50
Xenicide: posts big blind $1
BoyLoc0: sits out 
*** HOLE CARDS ***
y13txd: folds 
BGS013: folds 
coeeeelho: folds 
LeaveItYeah: folds 
Uncalled bet ($0.50) returned to Xenicide
Xenicide collected $1 from pot
*** SUMMARY ***
Total pot $1 | Rake $0 
Seat 4: BoyLoc0
Seat 1: Xenicide (big blind) collected ($1)
Seat 2: y13txd folded before Flop (didn't bet)
Seat 3: BGS013 folded before Flop (didn't bet)
Seat 5: coeeeelho (button) folded before Flop (didn't bet)
Seat 6: LeaveItYeah (small blind) folded before Flop



PokerStars Hand #254469941360:  Hold'em No Limit ($0.50/$1.00 USD) - 2025/01/20 17:08:10 WET [2025/01/20 12:08:10 ET]
Table 'Gothard III' 6-max Seat #6 is the button
Seat 4: BoyLoc0 ($100 in chips) is sitting out
Seat 1: Xenicide ($101 in chips) 
Seat 2: y13txd ($54.87 in chips) 
Seat 3: BGS013 ($144.51 in chips) 
Seat 5: coeeeelho ($112.36 in chips) 
Seat 6: LeaveItYeah ($100 in chips) 
Xenicide: posts small blind $0.50
y13txd: posts big blind $1
BoyLoc0: sits out 
*** HOLE CARDS ***
BGS013: folds 
coeeeelho: folds 
LeaveItYeah: folds 
Xenicide: folds 
Uncalled bet ($0.50) returned to y13txd
y13txd collected $1 from pot
*** SUMMARY ***
Total pot $1 | Rake $0 
Seat 4: BoyLoc0
Seat 1: Xenicide (small blind) folded before Flop
Seat 2: y13txd (big blind) collected ($1)
Seat 3: BGS013 folded before Flop (didn't bet)
Seat 5: coeeeelho folded before Flop (didn't bet)
Seat 6: LeaveItYeah (button) folded before Flop (didn't bet)



PokerStars Hand #254469946047:  Hold'em No Limit ($0.50/$1.00 USD) - 2025/01/20 17:08:31 WET [2025/01/20 12:08:31 ET]
Table 'Gothard III' 6-max Seat #1 is the button
Seat 4: BoyLoc0 ($100 in chips) is sitting out
Seat 1: Xenicide ($100.50 in chips) 
Seat 2: y13txd ($55.37 in chips) 
Seat 3: BGS013 ($144.51 in chips) 
Seat 5: coeeeelho ($112.36 in chips) 
Seat 6: LeaveItYeah ($100 in chips) 
y13txd: posts small blind $0.50
BGS013: posts big blind $1
BoyLoc0: sits out 
*** HOLE CARDS ***
coeeeelho: folds 
LeaveItYeah: folds 
Xenicide: folds 
y13txd: raises $2 to $3
BGS013: calls $2
*** FLOP *** [Qh Qc Ah]
y13txd: checks 
BGS013: checks 
*** TURN *** [Qh Qc Ah] [2s]
y13txd: checks 
BGS013: checks 
*** RIVER *** [Qh Qc Ah 2s] [Ac]
y13txd: checks 
BGS013: checks 
*** SHOW DOWN ***
y13txd: shows [9d Th] (two pair, Aces and Queens)
BGS013: shows [5s Ks] (two pair, Aces and Queens - King kicker)
BGS013 collected $5.70 from pot
*** SUMMARY ***
Total pot $6 | Rake $0.30 
Board [Qh Qc Ah 2s Ac]
Seat 4: BoyLoc0
Seat 1: Xenicide (button) folded before Flop (didn't bet)
Seat 2: y13txd (small blind) showed [9d Th] and lost with two pair, Aces and Queens
Seat 3: BGS013 (big blind) showed [5s Ks] and won ($5.70) with two pair, Aces and Queens
Seat 5: coeeeelho folded before Flop (didn't bet)
Seat 6: LeaveItYeah folded before Flop (didn't bet)



PokerStars Hand #254469956707:  Hold'em No Limit ($0.50/$1.00 USD) - 2025/01/20 17:09:18 WET [2025/01/20 12:09:18 ET]
Table 'Gothard III' 6-max Seat #2 is the button
Seat 1: Xenicide ($100.50 in chips) 
Seat 2: y13txd ($52.37 in chips) 
Seat 3: BGS013 ($147.21 in chips) 
Seat 4: BoyLoc0 ($100 in chips) 
Seat 5: coeeeelho ($112.36 in chips) 
Seat 6: LeaveItYeah ($100 in chips) 
BGS013: posts small blind $0.50
BoyLoc0: posts big blind $1
*** HOLE CARDS ***
coeeeelho: raises $1.20 to $2.20
LeaveItYeah: folds 
Xenicide: folds 
y13txd: folds 
BGS013: folds 
BoyLoc0: folds 
Uncalled bet ($1.20) returned to coeeeelho
coeeeelho collected $2.50 from pot
*** SUMMARY ***
Total pot $2.50 | Rake $0 
Seat 1: Xenicide folded before Flop (didn't bet)
Seat 2: y13txd (button) folded before Flop (didn't bet)
Seat 3: BGS013 (small blind) folded before Flop
Seat 4: BoyLoc0 (big blind) folded before Flop
Seat 5: coeeeelho collected ($2.50)
Seat 6: LeaveItYeah folded before Flop (didn't bet)



PokerStars Hand #254469961412:  Hold'em No Limit ($0.50/$1.00 USD) - 2025/01/20 17:09:39 WET [2025/01/20 12:09:39 ET]
Table 'Gothard III' 6-max Seat #3 is the button
Seat 1: Xenicide ($100.50 in chips) 
Seat 2: y13txd ($52.37 in chips) 
Seat 3: BGS013 ($146.71 in chips) 
Seat 4: BoyLoc0 ($100 in chips) 
Seat 5: coeeeelho ($113.86 in chips) 
Seat 6: LeaveItYeah ($100 in chips) 
BoyLoc0: posts small blind $0.50
coeeeelho: posts big blind $1
*** HOLE CARDS ***
LeaveItYeah: folds 
Xenicide: raises $1 to $2
y13txd: folds 
BGS013: raises $5 to $7
BoyLoc0: folds 
coeeeelho: folds 
Xenicide: raises $12 to $19
BGS013: folds 
Uncalled bet ($12) returned to Xenicide
Xenicide collected $15.50 from pot
y13txd is disconnected 
Xenicide: doesn't show hand 
*** SUMMARY ***
Total pot $15.50 | Rake $0 
Seat 1: Xenicide collected ($15.50)
Seat 2: y13txd folded before Flop (didn't bet)
Seat 3: BGS013 (button) folded before Flop
Seat 4: BoyLoc0 (small blind) folded before Flop
Seat 5: coeeeelho (big blind) folded before Flop
Seat 6: LeaveItYeah folded before Flop (didn't bet)



PokerStars Hand #254469970264:  Hold'em No Limit ($0.50/$1.00 USD) - 2025/01/20 17:10:18 WET [2025/01/20 12:10:18 ET]
Table 'Gothard III' 6-max Seat #4 is the button
Seat 1: Xenicide ($109 in chips) 
Seat 2: y13txd ($52.37 in chips) 
Seat 3: BGS013 ($139.71 in chips) 
Seat 4: BoyLoc0 ($100 in chips) 
Seat 5: coeeeelho ($112.86 in chips) 
Seat 6: LeaveItYeah ($100 in chips) 
coeeeelho: posts small blind $0.50
LeaveItYeah: posts big blind $1
*** HOLE CARDS ***
Xenicide: folds 
y13txd has timed out while disconnected
y13txd: folds 
BGS013: raises $1.50 to $2.50
BoyLoc0: raises $5 to $7.50
coeeeelho: folds 
LeaveItYeah: folds 
BGS013: folds 
Uncalled bet ($5) returned to BoyLoc0
BoyLoc0 collected $6.50 from pot
BoyLoc0: doesn't show hand 
*** SUMMARY ***
Total pot $6.50 | Rake $0 
Seat 1: Xenicide folded before Flop (didn't bet)
Seat 2: y13txd folded before Flop (didn't bet)
Seat 3: BGS013 folded before Flop
Seat 4: BoyLoc0 (button) collected ($6.50)
Seat 5: coeeeelho (small blind) folded before Flop
Seat 6: LeaveItYeah (big blind) folded before Flop



PokerStars Hand #254469979020:  Hold'em No Limit ($0.50/$1.00 USD) - 2025/01/20 17:10:55 WET [2025/01/20 12:10:55 ET]
Table 'Gothard III' 6-max Seat #5 is the button
Seat 1: Xenicide ($109 in chips) 
Seat 2: y13txd ($52.37 in chips) 
Seat 3: BGS013 ($137.21 in chips) 
Seat 4: BoyLoc0 ($104 in chips) 
Seat 5: coeeeelho ($112.36 in chips) 
Seat 6: LeaveItYeah ($100 in chips) 
LeaveItYeah: posts small blind $0.50
Xenicide: posts big blind $1
*** HOLE CARDS ***
y13txd: calls $1
BGS013: folds 
BoyLoc0: raises $3 to $4
coeeeelho: raises $8.50 to $12.50
LeaveItYeah: folds 
Xenicide: folds 
y13txd: folds 
BoyLoc0: folds 
Uncalled bet ($8.50) returned to coeeeelho
coeeeelho collected $10.50 from pot
*** SUMMARY ***
Total pot $10.50 | Rake $0 
Seat 1: Xenicide (big blind) folded before Flop
Seat 2: y13txd folded before Flop
Seat 3: BGS013 folded before Flop (didn't bet)
Seat 4: BoyLoc0 folded before Flop
Seat 5: coeeeelho (button) collected ($10.50)
Seat 6: LeaveItYeah (small blind) folded before Flop



PokerStars Hand #254469985226:  Hold'em No Limit ($0.50/$1.00 USD) - 2025/01/20 17:11:22 WET [2025/01/20 12:11:22 ET]
Table 'Gothard III' 6-max Seat #6 is the button
Seat 1: Xenicide ($108 in chips) 
Seat 2: y13txd ($51.37 in chips) 
Seat 3: BGS013 ($137.21 in chips) 
Seat 4: BoyLoc0 ($100 in chips) 
Seat 5: coeeeelho ($118.86 in chips) 
Seat 6: LeaveItYeah ($100 in chips) 
Xenicide: posts small blind $0.50
y13txd: posts big blind $1
*** HOLE CARDS ***
BGS013: folds 
BoyLoc0: folds 
coeeeelho: folds 
LeaveItYeah: raises $1.50 to $2.50
Xenicide: folds 
y13txd: calls $1.50
*** FLOP *** [Js Jd Qh]
y13txd: checks 
LeaveItYeah: bets $1.57
y13txd: calls $1.57
*** TURN *** [Js Jd Qh] [Ts]
y13txd: checks 
LeaveItYeah: bets $3.28
y13txd: folds 
Uncalled bet ($3.28) returned to LeaveItYeah
LeaveItYeah collected $8.21 from pot
LeaveItYeah: doesn't show hand 
*** SUMMARY ***
Total pot $8.64 | Rake $0.43 
Board [Js Jd Qh Ts]
Seat 1: Xenicide (small blind) folded before Flop
Seat 2: y13txd (big blind) folded on the Turn
Seat 3: BGS013 folded before Flop (didn't bet)
Seat 4: BoyLoc0 folded before Flop (didn't bet)
Seat 5: coeeeelho folded before Flop (didn't bet)
Seat 6: LeaveItYeah (button) collected ($8.21)



PokerStars Hand #254470000639:  Hold'em No Limit ($0.50/$1.00 USD) - 2025/01/20 17:12:27 WET [2025/01/20 12:12:27 ET]
Table 'Gothard III' 6-max Seat #1 is the button
Seat 1: Xenicide ($107.50 in chips) 
Seat 2: y13txd ($47.30 in chips) 
Seat 3: BGS013 ($137.21 in chips) 
Seat 4: BoyLoc0 ($100 in chips) 
Seat 5: coeeeelho ($118.86 in chips) 
Seat 6: LeaveItYeah ($104.14 in chips) 
y13txd: posts small blind $0.50
BGS013: posts big blind $1
*** HOLE CARDS ***
BoyLoc0: raises $1.50 to $2.50
coeeeelho: folds 
LeaveItYeah: folds 
Xenicide: folds 
y13txd: raises $1.50 to $4
BGS013: folds 
BoyLoc0: calls $1.50
*** FLOP *** [5c 5h 6s]
y13txd: checks 
BoyLoc0: bets $4.28
y13txd: folds 
Uncalled bet ($4.28) returned to BoyLoc0
BoyLoc0 collected $8.55 from pot
BoyLoc0: doesn't show hand 
*** SUMMARY ***
Total pot $9 | Rake $0.45 
Board [5c 5h 6s]
Seat 1: Xenicide (button) folded before Flop (didn't bet)
Seat 2: y13txd (small blind) folded on the Flop
Seat 3: BGS013 (big blind) folded before Flop
Seat 4: BoyLoc0 collected ($8.55)
Seat 5: coeeeelho folded before Flop (didn't bet)
Seat 6: LeaveItYeah folded before Flop (didn't bet)



PokerStars Hand #254470013136:  Hold'em No Limit ($0.50/$1.00 USD) - 2025/01/20 17:13:19 WET [2025/01/20 12:13:19 ET]
Table 'Gothard III' 6-max Seat #2 is the button
Seat 1: Xenicide ($107.50 in chips) 
Seat 2: y13txd ($43.30 in chips) 
Seat 3: BGS013 ($136.21 in chips) 
Seat 4: BoyLoc0 ($104.55 in chips) 
Seat 5: coeeeelho ($118.86 in chips) 
Seat 6: LeaveItYeah ($104.14 in chips) 
BGS013: posts small blind $0.50
BoyLoc0: posts big blind $1
*** HOLE CARDS ***
coeeeelho: raises $1.20 to $2.20
LeaveItYeah: folds 
Xenicide: folds 
y13txd is disconnected 
y13txd has timed out while being disconnected
y13txd: folds 
BGS013: folds 
BoyLoc0: folds 
Uncalled bet ($1.20) returned to coeeeelho
coeeeelho collected $2.50 from pot
*** SUMMARY ***
Total pot $2.50 | Rake $0 
Seat 1: Xenicide folded before Flop (didn't bet)
Seat 2: y13txd (button) folded before Flop (didn't bet)
Seat 3: BGS013 (small blind) folded before Flop
Seat 4: BoyLoc0 (big blind) folded before Flop
Seat 5: coeeeelho collected ($2.50)
Seat 6: LeaveItYeah folded before Flop (didn't bet)



PokerStars Hand #254470025355:  Hold'em No Limit ($0.50/$1.00 USD) - 2025/01/20 17:14:10 WET [2025/01/20 12:14:10 ET]
Table 'Gothard III' 6-max Seat #3 is the button
Seat 1: Xenicide ($107.50 in chips) 
Seat 2: y13txd ($43.30 in chips) 
Seat 3: BGS013 ($135.71 in chips) 
Seat 4: BoyLoc0 ($103.55 in chips) 
Seat 5: coeeeelho ($120.36 in chips) 
Seat 6: LeaveItYeah ($104.14 in chips) 
BoyLoc0: posts small blind $0.50
coeeeelho: posts big blind $1
*** HOLE CARDS ***
LeaveItYeah: folds 
Xenicide: folds 
y13txd: folds 
BGS013: folds 
BoyLoc0: folds 
Uncalled bet ($0.50) returned to coeeeelho
coeeeelho collected $1 from pot
*** SUMMARY ***
Total pot $1 | Rake $0 
Seat 1: Xenicide folded before Flop (didn't bet)
Seat 2: y13txd folded before Flop (didn't bet)
Seat 3: BGS013 (button) folded before Flop (didn't bet)
Seat 4: BoyLoc0 (small blind) folded before Flop
Seat 5: coeeeelho (big blind) collected ($1)
Seat 6: LeaveItYeah folded before Flop (didn't bet)



PokerStars Hand #254470029641:  Hold'em No Limit ($0.50/$1.00 USD) - 2025/01/20 17:14:28 WET [2025/01/20 12:14:28 ET]
Table 'Gothard III' 6-max Seat #4 is the button
Seat 1: Xenicide ($107.50 in chips) 
Seat 2: y13txd ($43.30 in chips) 
Seat 3: BGS013 ($135.71 in chips) 
Seat 4: BoyLoc0 ($103.05 in chips) 
Seat 5: coeeeelho ($120.86 in chips) 
Seat 6: LeaveItYeah ($104.14 in chips) 
coeeeelho: posts small blind $0.50
LeaveItYeah: posts big blind $1
*** HOLE CARDS ***
Xenicide: folds 
y13txd: folds 
BGS013: folds 
BoyLoc0: folds 
coeeeelho: folds 
Uncalled bet ($0.50) returned to LeaveItYeah
LeaveItYeah collected $1 from pot
LeaveItYeah: doesn't show hand 
*** SUMMARY ***
Total pot $1 | Rake $0 
Seat 1: Xenicide folded before Flop (didn't bet)
Seat 2: y13txd folded before Flop (didn't bet)
Seat 3: BGS013 folded before Flop (didn't bet)
Seat 4: BoyLoc0 (button) folded before Flop (didn't bet)
Seat 5: coeeeelho (small blind) folded before Flop
Seat 6: LeaveItYeah (big blind) collected ($1)



PokerStars Hand #254470034251:  Hold'em No Limit ($0.50/$1.00 USD) - 2025/01/20 17:14:47 WET [2025/01/20 12:14:47 ET]
Table 'Gothard III' 6-max Seat #5 is the button
Seat 1: Xenicide ($107.50 in chips) 
Seat 2: y13txd ($43.30 in chips) 
Seat 3: BGS013 ($135.71 in chips) 
Seat 4: BoyLoc0 ($103.05 in chips) 
Seat 5: coeeeelho ($120.36 in chips) 
Seat 6: LeaveItYeah ($104.64 in chips) 
LeaveItYeah: posts small blind $0.50
Xenicide: posts big blind $1
*** HOLE CARDS ***
y13txd has timed out
y13txd: folds 
BGS013: folds 
BoyLoc0: folds 
coeeeelho: folds 
LeaveItYeah: raises $2 to $3
Xenicide: folds 
Uncalled bet ($2) returned to LeaveItYeah
LeaveItYeah collected $2 from pot
LeaveItYeah: doesn't show hand 
*** SUMMARY ***
Total pot $2 | Rake $0 
Seat 1: Xenicide (big blind) folded before Flop
Seat 2: y13txd folded before Flop (didn't bet)
Seat 3: BGS013 folded before Flop (didn't bet)
Seat 4: BoyLoc0 folded before Flop (didn't bet)
Seat 5: coeeeelho (button) folded before Flop (didn't bet)
Seat 6: LeaveItYeah (small blind) collected ($2)



PokerStars Hand #254470044793:  Hold'em No Limit ($0.50/$1.00 USD) - 2025/01/20 17:15:30 WET [2025/01/20 12:15:30 ET]
Table 'Gothard III' 6-max Seat #6 is the button
Seat 1: Xenicide ($106.50 in chips) 
Seat 2: y13txd ($43.30 in chips) 
Seat 3: BGS013 ($135.71 in chips) 
Seat 4: BoyLoc0 ($103.05 in chips) 
Seat 5: coeeeelho ($120.36 in chips) 
Seat 6: LeaveItYeah ($105.64 in chips) 
Xenicide: posts small blind $0.50
y13txd: posts big blind $1
*** HOLE CARDS ***
BGS013: folds 
BoyLoc0: raises $1.50 to $2.50
coeeeelho: folds 
LeaveItYeah: folds 
Xenicide: folds 
y13txd: folds 
Uncalled bet ($1.50) returned to BoyLoc0
BoyLoc0 collected $2.50 from pot
BoyLoc0: doesn't show hand 
*** SUMMARY ***
Total pot $2.50 | Rake $0 
Seat 1: Xenicide (small blind) folded before Flop
Seat 2: y13txd (big blind) folded before Flop
Seat 3: BGS013 folded before Flop (didn't bet)
Seat 4: BoyLoc0 collected ($2.50)
Seat 5: coeeeelho folded before Flop (didn't bet)
Seat 6: LeaveItYeah (button) folded before Flop (didn't bet)



PokerStars Hand #254470049583:  Hold'em No Limit ($0.50/$1.00 USD) - 2025/01/20 17:15:50 WET [2025/01/20 12:15:50 ET]
Table 'Gothard III' 6-max Seat #1 is the button
Seat 1: Xenicide ($106 in chips) 
Seat 2: y13txd ($42.30 in chips) 
Seat 3: BGS013 ($135.71 in chips) 
Seat 4: BoyLoc0 ($104.55 in chips) 
Seat 5: coeeeelho ($120.36 in chips) 
Seat 6: LeaveItYeah ($105.64 in chips) 
y13txd: posts small blind $0.50
BGS013: posts big blind $1
*** HOLE CARDS ***
BoyLoc0: folds 
coeeeelho: raises $1.10 to $2.10
LeaveItYeah: folds 
Xenicide: folds 
y13txd: folds 
BGS013: folds 
Uncalled bet ($1.10) returned to coeeeelho
coeeeelho collected $2.50 from pot
*** SUMMARY ***
Total pot $2.50 | Rake $0 
Seat 1: Xenicide (button) folded before Flop (didn't bet)
Seat 2: y13txd (small blind) folded before Flop
Seat 3: BGS013 (big blind) folded before Flop
Seat 4: BoyLoc0 folded before Flop (didn't bet)
Seat 5: coeeeelho collected ($2.50)
Seat 6: LeaveItYeah folded before Flop (didn't bet)



PokerStars Hand #254470055993:  Hold'em No Limit ($0.50/$1.00 USD) - 2025/01/20 17:16:17 WET [2025/01/20 12:16:17 ET]
Table 'Gothard III' 6-max Seat #2 is the button
Seat 1: Xenicide ($106 in chips) 
Seat 2: y13txd ($41.80 in chips) 
Seat 3: BGS013 ($134.71 in chips) 
Seat 4: BoyLoc0 ($104.55 in chips) 
Seat 5: coeeeelho ($121.86 in chips) 
Seat 6: LeaveItYeah ($105.64 in chips) 
BGS013: posts small blind $0.50
BoyLoc0: posts big blind $1
*** HOLE CARDS ***
coeeeelho: folds 
LeaveItYeah: folds 
Xenicide: folds 
y13txd: folds 
BGS013: folds 
Uncalled bet ($0.50) returned to BoyLoc0
BoyLoc0 collected $1 from pot
BoyLoc0: doesn't show hand 
*** SUMMARY ***
Total pot $1 | Rake $0 
Seat 1: Xenicide folded before Flop (didn't bet)
Seat 2: y13txd (button) folded before Flop (didn't bet)
Seat 3: BGS013 (small blind) folded before Flop
Seat 4: BoyLoc0 (big blind) collected ($1)
Seat 5: coeeeelho folded before Flop (didn't bet)
Seat 6: LeaveItYeah folded before Flop (didn't bet)



PokerStars Hand #254470060074:  Hold'em No Limit ($0.50/$1.00 USD) - 2025/01/20 17:16:33 WET [2025/01/20 12:16:33 ET]
Table 'Gothard III' 6-max Seat #3 is the button
Seat 1: Xenicide ($106 in chips) 
Seat 2: y13txd ($41.80 in chips) 
Seat 3: BGS013 ($134.21 in chips) 
Seat 4: BoyLoc0 ($105.05 in chips) 
Seat 5: coeeeelho ($121.86 in chips) 
Seat 6: LeaveItYeah ($105.64 in chips) 
BoyLoc0: posts small blind $0.50
coeeeelho: posts big blind $1
*** HOLE CARDS ***
LeaveItYeah: folds 
Xenicide: raises $1 to $2
y13txd: folds 
BGS013: folds 
BoyLoc0: folds 
coeeeelho: raises $8 to $10
Xenicide: folds 
Uncalled bet ($8) returned to coeeeelho
coeeeelho collected $4.50 from pot
*** SUMMARY ***
Total pot $4.50 | Rake $0 
Seat 1: Xenicide folded before Flop
Seat 2: y13txd folded before Flop (didn't bet)
Seat 3: BGS013 (button) folded before Flop (didn't bet)
Seat 4: BoyLoc0 (small blind) folded before Flop
Seat 5: coeeeelho (big blind) collected ($4.50)
Seat 6: LeaveItYeah folded before Flop (didn't bet)



PokerStars Hand #254470068783:  Hold'em No Limit ($0.50/$1.00 USD) - 2025/01/20 17:17:09 WET [2025/01/20 12:17:09 ET]
Table 'Gothard III' 6-max Seat #4 is the button
Seat 1: Xenicide ($104 in chips) 
Seat 2: y13txd ($41.80 in chips) 
Seat 3: BGS013 ($134.21 in chips) 
Seat 4: BoyLoc0 ($104.55 in chips) 
Seat 5: coeeeelho ($124.36 in chips) 
Seat 6: LeaveItYeah ($105.64 in chips) 
coeeeelho: posts small blind $0.50
LeaveItYeah: posts big blind $1
*** HOLE CARDS ***
Xenicide: folds 
y13txd: raises $2 to $3
BGS013: folds 
BoyLoc0: folds 
coeeeelho: folds 
LeaveItYeah: folds 
Uncalled bet ($2) returned to y13txd
y13txd collected $2.50 from pot
*** SUMMARY ***
Total pot $2.50 | Rake $0 
Seat 1: Xenicide folded before Flop (didn't bet)
Seat 2: y13txd collected ($2.50)
Seat 3: BGS013 folded before Flop (didn't bet)
Seat 4: BoyLoc0 (button) folded before Flop (didn't bet)
Seat 5: coeeeelho (small blind) folded before Flop
Seat 6: LeaveItYeah (big blind) folded before Flop



PokerStars Hand #254470075529:  Hold'em No Limit ($0.50/$1.00 USD) - 2025/01/20 17:17:37 WET [2025/01/20 12:17:37 ET]
Table 'Gothard III' 6-max Seat #5 is the button
Seat 1: Xenicide ($104 in chips) 
Seat 2: y13txd ($43.30 in chips) 
Seat 3: BGS013 ($134.21 in chips) 
Seat 4: BoyLoc0 ($104.55 in chips) 
Seat 5: coeeeelho ($123.86 in chips) 
Seat 6: LeaveItYeah ($104.64 in chips) 
LeaveItYeah: posts small blind $0.50
Xenicide: posts big blind $1
*** HOLE CARDS ***
y13txd: folds 
BGS013: folds 
BoyLoc0: folds 
coeeeelho: raises $1.20 to $2.20
LeaveItYeah: raises $9.30 to $11.50
Xenicide: folds 
coeeeelho: calls $9.30
*** FLOP *** [Qh 7c 8d]
LeaveItYeah: checks 
coeeeelho: bets $7.52
LeaveItYeah: calls $7.52
*** TURN *** [Qh 7c 8d] [Kh]
LeaveItYeah: checks 
coeeeelho: checks 
*** RIVER *** [Qh 7c 8d Kh] [Qc]
LeaveItYeah: bets $37.10
coeeeelho: folds 
Uncalled bet ($37.10) returned to LeaveItYeah
LeaveItYeah collected $37.09 from pot
LeaveItYeah: doesn't show hand 
*** SUMMARY ***
Total pot $39.04 | Rake $1.95 
Board [Qh 7c 8d Kh Qc]
Seat 1: Xenicide (big blind) folded before Flop
Seat 2: y13txd folded before Flop (didn't bet)
Seat 3: BGS013 folded before Flop (didn't bet)
Seat 4: BoyLoc0 folded before Flop (didn't bet)
Seat 5: coeeeelho (button) folded on the River
Seat 6: LeaveItYeah (small blind) collected ($37.09)



PokerStars Hand #254470100377:  Hold'em No Limit ($0.50/$1.00 USD) - 2025/01/20 17:19:17 WET [2025/01/20 12:19:17 ET]
Table 'Gothard III' 6-max Seat #6 is the button
Seat 1: Xenicide ($103 in chips) 
Seat 2: y13txd ($43.30 in chips) 
Seat 3: BGS013 ($134.21 in chips) 
Seat 4: BoyLoc0 ($104.55 in chips) 
Seat 5: coeeeelho ($104.84 in chips) 
Seat 6: LeaveItYeah ($122.71 in chips) 
Xenicide: posts small blind $0.50
y13txd: posts big blind $1
*** HOLE CARDS ***
BGS013: raises $1 to $2
BoyLoc0: folds 
coeeeelho: folds 
LeaveItYeah: folds 
Xenicide: folds 
y13txd: raises $2 to $4
BGS013: calls $2
*** FLOP *** [2c 9c 6c]
y13txd: checks 
BGS013: checks 
*** TURN *** [2c 9c 6c] [Qh]
y13txd: bets $4.04
BGS013: folds 
Uncalled bet ($4.04) returned to y13txd
y13txd collected $8.08 from pot
*** SUMMARY ***
Total pot $8.50 | Rake $0.42 
Board [2c 9c 6c Qh]
Seat 1: Xenicide (small blind) folded before Flop
Seat 2: y13txd (big blind) collected ($8.08)
Seat 3: BGS013 folded on the Turn
Seat 4: BoyLoc0 folded before Flop (didn't bet)
Seat 5: coeeeelho folded before Flop (didn't bet)
Seat 6: LeaveItYeah (button) folded before Flop (didn't bet)



PokerStars Hand #254470113190:  Hold'em No Limit ($0.50/$1.00 USD) - 2025/01/20 17:20:08 WET [2025/01/20 12:20:08 ET]
Table 'Gothard III' 6-max Seat #1 is the button
Seat 1: Xenicide ($102.50 in chips) 
Seat 2: y13txd ($47.38 in chips) 
Seat 3: BGS013 ($130.21 in chips) 
Seat 4: BoyLoc0 ($104.55 in chips) 
Seat 5: coeeeelho ($104.84 in chips) 
Seat 6: LeaveItYeah ($122.71 in chips) 
y13txd: posts small blind $0.50
BGS013: posts big blind $1
*** HOLE CARDS ***
BoyLoc0: folds 
coeeeelho: folds 
LeaveItYeah: raises $1.30 to $2.30
Xenicide: raises $4.20 to $6.50
y13txd: folds 
BGS013: raises $13 to $19.50
LeaveItYeah: folds 
Xenicide: raises $83 to $102.50 and is all-in
BGS013: folds 
Uncalled bet ($83) returned to Xenicide
Xenicide collected $41.80 from pot
Xenicide: doesn't show hand 
*** SUMMARY ***
Total pot $41.80 | Rake $0 
Seat 1: Xenicide (button) collected ($41.80)
Seat 2: y13txd (small blind) folded before Flop
Seat 3: BGS013 (big blind) folded before Flop
Seat 4: BoyLoc0 folded before Flop (didn't bet)
Seat 5: coeeeelho folded before Flop (didn't bet)
Seat 6: LeaveItYeah folded before Flop



PokerStars Hand #254470130106:  Hold'em No Limit ($0.50/$1.00 USD) - 2025/01/20 17:21:17 WET [2025/01/20 12:21:17 ET]
Table 'Gothard III' 6-max Seat #2 is the button
Seat 1: Xenicide ($124.80 in chips) 
Seat 2: y13txd ($46.88 in chips) 
Seat 3: BGS013 ($110.71 in chips) 
Seat 4: BoyLoc0 ($104.55 in chips) 
Seat 5: coeeeelho ($104.84 in chips) 
Seat 6: LeaveItYeah ($120.41 in chips) 
BGS013: posts small blind $0.50
BoyLoc0: posts big blind $1
*** HOLE CARDS ***
coeeeelho: folds 
LeaveItYeah: folds 
Xenicide: folds 
y13txd: raises $1 to $2
BGS013: folds 
BoyLoc0: folds 
Uncalled bet ($1) returned to y13txd
y13txd collected $2.50 from pot
*** SUMMARY ***
Total pot $2.50 | Rake $0 
Seat 1: Xenicide folded before Flop (didn't bet)
Seat 2: y13txd (button) collected ($2.50)
Seat 3: BGS013 (small blind) folded before Flop
Seat 4: BoyLoc0 (big blind) folded before Flop
Seat 5: coeeeelho folded before Flop (didn't bet)
Seat 6: LeaveItYeah folded before Flop (didn't bet)



PokerStars Hand #254470135741:  Hold'em No Limit ($0.50/$1.00 USD) - 2025/01/20 17:21:40 WET [2025/01/20 12:21:40 ET]
Table 'Gothard III' 6-max Seat #3 is the button
Seat 1: Xenicide ($124.80 in chips) 
Seat 2: y13txd ($48.38 in chips) 
Seat 3: BGS013 ($110.21 in chips) 
Seat 4: BoyLoc0 ($103.55 in chips) 
Seat 5: coeeeelho ($104.84 in chips) 
Seat 6: LeaveItYeah ($120.41 in chips) 
BoyLoc0: posts small blind $0.50
coeeeelho: posts big blind $1
*** HOLE CARDS ***
LeaveItYeah: folds 
Xenicide: folds 
y13txd: folds 
BGS013: folds 
BoyLoc0: folds 
Uncalled bet ($0.50) returned to coeeeelho
coeeeelho collected $1 from pot
*** SUMMARY ***
Total pot $1 | Rake $0 
Seat 1: Xenicide folded before Flop (didn't bet)
Seat 2: y13txd folded before Flop (didn't bet)
Seat 3: BGS013 (button) folded before Flop (didn't bet)
Seat 4: BoyLoc0 (small blind) folded before Flop
Seat 5: coeeeelho (big blind) collected ($1)
Seat 6: LeaveItYeah folded before Flop (didn't bet)



PokerStars Hand #254470140249:  Hold'em No Limit ($0.50/$1.00 USD) - 2025/01/20 17:21:58 WET [2025/01/20 12:21:58 ET]
Table 'Gothard III' 6-max Seat #4 is the button
Seat 1: Xenicide ($124.80 in chips) 
Seat 2: y13txd ($48.38 in chips) 
Seat 3: BGS013 ($110.21 in chips) 
Seat 4: BoyLoc0 ($103.05 in chips) 
Seat 5: coeeeelho ($105.34 in chips) 
Seat 6: LeaveItYeah ($120.41 in chips) 
coeeeelho: posts small blind $0.50
LeaveItYeah: posts big blind $1
*** HOLE CARDS ***
Xenicide: raises $1 to $2
y13txd: raises $5.50 to $7.50
BGS013: folds 
BoyLoc0: folds 
coeeeelho: folds 
LeaveItYeah: folds 
Xenicide: raises $17.50 to $25
y13txd: raises $23.38 to $48.38 and is all-in
Xenicide: calls $23.38
*** FLOP *** [As 3d 8d]
*** TURN *** [As 3d 8d] [Jd]
*** RIVER *** [As 3d 8d Jd] [2s]
*** SHOW DOWN ***
Xenicide: shows [Jh Jc] (three of a kind, Jacks)
y13txd: shows [Ad Kh] (a pair of Aces)
Xenicide collected $95.76 from pot
*** SUMMARY ***
Total pot $98.26 | Rake $2.50 
Board [As 3d 8d Jd 2s]
Seat 1: Xenicide showed [Jh Jc] and won ($95.76) with three of a kind, Jacks
Seat 2: y13txd showed [Ad Kh] and lost with a pair of Aces
Seat 3: BGS013 folded before Flop (didn't bet)
Seat 4: BoyLoc0 (button) folded before Flop (didn't bet)
Seat 5: coeeeelho (small blind) folded before Flop
Seat 6: LeaveItYeah (big blind) folded before Flop



