PokerStars Hand #254470152529:  Hold'em No Limit ($0.50/$1.00 USD) - 2025/01/20 17:22:47 WET [2025/01/20 12:22:47 ET]
Table 'Panopaea IV' 6-max Seat #6 is the button
Seat 2: elcutez ($116.57 in chips) is sitting out
Seat 1: BoyLoc0 ($196.10 in chips) 
Seat 3: Iospirate ($72.40 in chips) 
Seat 4: Evelexy1 ($207.16 in chips) 
Seat 5: Aescul@pius ($104 in chips) 
Seat 6: Pon4uk.ua ($147.06 in chips) 
BoyLoc0: posts small blind $0.50
Iospirate: posts big blind $1
*** HOLE CARDS ***
Evelexy1: folds 
Aescul@pius: folds 
Pon4uk.ua: raises $1.50 to $2.50
BoyLoc0: raises $7.50 to $10
Iospirate: calls $9
Pon4uk.ua: folds 
*** FLOP *** [6h Jc 6c]
BoyLoc0: checks 
Iospirate: bets $17
BoyLoc0: folds 
Uncalled bet ($17) returned to Iospirate
Iospirate collected $21.38 from pot
*** SUMMARY ***
Total pot $22.50 | Rake $1.12 
Board [6h Jc 6c]
Seat 2: elcutez
Seat 1: BoyLoc0 (small blind) folded on the Flop
Seat 3: Iospirate (big blind) collected ($21.38)
Seat 4: Evelexy1 folded before Flop (didn't bet)
Seat 5: Aescul@pius folded before Flop (didn't bet)
Seat 6: Pon4uk.ua (button) folded before Flop



PokerStars Hand #254470172454:  Hold'em No Limit ($0.50/$1.00 USD) - 2025/01/20 17:24:07 WET [2025/01/20 12:24:07 ET]
Table 'Panopaea IV' 6-max Seat #1 is the button
Seat 2: elcutez ($116.57 in chips) is sitting out
Seat 1: BoyLoc0 ($186.10 in chips) 
Seat 3: Iospirate ($83.78 in chips) 
Seat 4: Evelexy1 ($207.16 in chips) 
Seat 5: Aescul@pius ($104 in chips) 
Seat 6: Pon4uk.ua ($144.56 in chips) 
Iospirate: posts small blind $0.50
Evelexy1: posts big blind $1
*** HOLE CARDS ***
Aescul@pius: folds 
Pon4uk.ua: folds 
BoyLoc0: folds 
Iospirate: raises $1 to $2
Evelexy1: folds 
Uncalled bet ($1) returned to Iospirate
Iospirate collected $2 from pot
*** SUMMARY ***
Total pot $2 | Rake $0 
Seat 2: elcutez
Seat 1: BoyLoc0 (button) folded before Flop (didn't bet)
Seat 3: Iospirate (small blind) collected ($2)
Seat 4: Evelexy1 (big blind) folded before Flop
Seat 5: Aescul@pius folded before Flop (didn't bet)
Seat 6: Pon4uk.ua folded before Flop (didn't bet)



PokerStars Hand #254470177735:  Hold'em No Limit ($0.50/$1.00 USD) - 2025/01/20 17:24:29 WET [2025/01/20 12:24:29 ET]
Table 'Panopaea IV' 6-max Seat #3 is the button
Seat 2: elcutez ($116.57 in chips) is sitting out
Seat 1: BoyLoc0 ($186.10 in chips) 
Seat 3: Iospirate ($84.78 in chips) 
Seat 4: Evelexy1 ($206.16 in chips) 
Seat 5: Aescul@pius ($104 in chips) 
Seat 6: Pon4uk.ua ($144.56 in chips) 
Evelexy1: posts small blind $0.50
Aescul@pius: posts big blind $1
*** HOLE CARDS ***
Pon4uk.ua: folds 
BoyLoc0: raises $1.50 to $2.50
Iospirate: folds 
Iospirate leaves the table
Evelexy1: folds 
Aescul@pius: folds 
Uncalled bet ($1.50) returned to BoyLoc0
BoyLoc0 collected $2.50 from pot
*** SUMMARY ***
Total pot $2.50 | Rake $0 
Seat 2: elcutez
Seat 1: BoyLoc0 collected ($2.50)
Seat 3: Iospirate (button) folded before Flop (didn't bet)
Seat 4: Evelexy1 (small blind) folded before Flop
Seat 5: Aescul@pius (big blind) folded before Flop
Seat 6: Pon4uk.ua folded before Flop (didn't bet)



PokerStars Hand #254470183085:  Hold'em No Limit ($0.50/$1.00 USD) - 2025/01/20 17:24:50 WET [2025/01/20 12:24:50 ET]
Table 'Panopaea IV' 6-max Seat #4 is the button
Seat 2: elcutez ($116.57 in chips) is sitting out
Seat 1: BoyLoc0 ($187.60 in chips) 
Seat 4: Evelexy1 ($205.66 in chips) 
Seat 5: Aescul@pius ($103 in chips) 
Seat 6: Pon4uk.ua ($144.56 in chips) 
Aescul@pius: posts small blind $0.50
Pon4uk.ua: posts big blind $1
*** HOLE CARDS ***
BoyLoc0: folds 
Evelexy1: raises $1.50 to $2.50
Aescul@pius: folds 
Pon4uk.ua: calls $1.50
*** FLOP *** [Jc 5c 6c]
Pon4uk.ua: checks 
Evelexy1: bets $1.30
Pon4uk.ua: calls $1.30
*** TURN *** [Jc 5c 6c] [Ad]
Pon4uk.ua: checks 
Evelexy1: bets $5.78
Pon4uk.ua: folds 
Uncalled bet ($5.78) returned to Evelexy1
Evelexy1 collected $7.70 from pot
Evelexy1: doesn't show hand 
*** SUMMARY ***
Total pot $8.10 | Rake $0.40 
Board [Jc 5c 6c Ad]
Seat 2: elcutez
Seat 1: BoyLoc0 folded before Flop (didn't bet)
Seat 4: Evelexy1 (button) collected ($7.70)
Seat 5: Aescul@pius (small blind) folded before Flop
Seat 6: Pon4uk.ua (big blind) folded on the Turn



PokerStars Hand #254470191958:  Hold'em No Limit ($0.50/$1.00 USD) - 2025/01/20 17:25:26 WET [2025/01/20 12:25:26 ET]
Table 'Panopaea IV' 6-max Seat #5 is the button
Seat 1: BoyLoc0 ($187.60 in chips) is sitting out
Seat 2: elcutez ($116.57 in chips) is sitting out
Seat 4: Evelexy1 ($209.56 in chips) 
Seat 5: Aescul@pius ($102.50 in chips) 
Seat 6: Pon4uk.ua ($140.76 in chips) 
Pon4uk.ua: posts small blind $0.50
BoyLoc0: is sitting out 
Evelexy1: posts big blind $1
*** HOLE CARDS ***
sta$igk joins the table at seat #3 
Aescul@pius: folds 
Aescul@pius leaves the table
BoyLoc0 leaves the table
Pon4uk.ua: folds 
Uncalled bet ($0.50) returned to Evelexy1
Evelexy1 collected $1 from pot
elcutez leaves the table
Evelexy1: doesn't show hand 
*** SUMMARY ***
Total pot $1 | Rake $0 
Seat 1: BoyLoc0
Seat 2: elcutez
Seat 4: Evelexy1 (big blind) collected ($1)
Seat 5: Aescul@pius (button) folded before Flop (didn't bet)
Seat 6: Pon4uk.ua (small blind) folded before Flop



PokerStars Hand #254469607388:  Hold'em No Limit ($0.50/$1.00 USD) - 2025/01/20 16:41:59 WET [2025/01/20 11:41:59 ET]
Table 'Panopaea IV' 6-max Seat #6 is the button
Seat 1: Supermegopro ($110.02 in chips) 
Seat 2: v.sting ($104.49 in chips) 
Seat 3: sta$igk ($101.50 in chips) 
Seat 4: Evelexy1 ($102.50 in chips) 
Seat 5: Pon4uk.ua ($100 in chips) 
Seat 6: Dravid82 ($49.80 in chips) 
Supermegopro: posts small blind $0.50
v.sting: posts big blind $1
*** HOLE CARDS ***
sta$igk: raises $1.50 to $2.50
Evelexy1: folds 
Pon4uk.ua: folds 
Dravid82: folds 
Supermegopro: folds 
v.sting: folds 
Uncalled bet ($1.50) returned to sta$igk
sta$igk collected $2.50 from pot
sta$igk: doesn't show hand 
*** SUMMARY ***
Total pot $2.50 | Rake $0 
Seat 1: Supermegopro (small blind) folded before Flop
Seat 2: v.sting (big blind) folded before Flop
Seat 3: sta$igk collected ($2.50)
Seat 4: Evelexy1 folded before Flop (didn't bet)
Seat 5: Pon4uk.ua folded before Flop (didn't bet)
Seat 6: Dravid82 (button) folded before Flop (didn't bet)



PokerStars Hand #254469611868:  Hold'em No Limit ($0.50/$1.00 USD) - 2025/01/20 16:42:19 WET [2025/01/20 11:42:19 ET]
Table 'Panopaea IV' 6-max Seat #1 is the button
Seat 1: Supermegopro ($109.52 in chips) 
Seat 2: v.sting ($103.49 in chips) 
Seat 3: sta$igk ($103 in chips) 
Seat 4: Evelexy1 ($102.50 in chips) 
Seat 5: Pon4uk.ua ($100 in chips) 
Seat 6: Dravid82 ($49.80 in chips) 
v.sting: posts small blind $0.50
sta$igk: posts big blind $1
*** HOLE CARDS ***
Evelexy1: folds 
Pon4uk.ua: folds 
Dravid82: raises $2.50 to $3.50
Supermegopro: folds 
v.sting: raises $10 to $13.50
sta$igk: folds 
Dravid82: calls $10
*** FLOP *** [Ad Ac Tc]
v.sting: bets $6.65
Dravid82: calls $6.65
*** TURN *** [Ad Ac Tc] [Qd]
v.sting: bets $9.81
Dravid82: raises $19.84 to $29.65 and is all-in
v.sting: calls $19.84
*** RIVER *** [Ad Ac Tc Qd] [5h]
Supermegopro leaves the table
*** SHOW DOWN ***
v.sting: shows [Qc Jc] (two pair, Aces and Queens)
Dravid82: shows [9h As] (three of a kind, Aces)
Dravid82 collected $98.10 from pot
*** SUMMARY ***
Total pot $100.60 | Rake $2.50 
Board [Ad Ac Tc Qd 5h]
Seat 1: Supermegopro (button) folded before Flop (didn't bet)
Seat 2: v.sting (small blind) showed [Qc Jc] and lost with two pair, Aces and Queens
Seat 3: sta$igk (big blind) folded before Flop
Seat 4: Evelexy1 folded before Flop (didn't bet)
Seat 5: Pon4uk.ua folded before Flop (didn't bet)
Seat 6: Dravid82 showed [9h As] and won ($98.10) with three of a kind, Aces



PokerStars Hand #254469621295:  Hold'em No Limit ($0.50/$1.00 USD) - 2025/01/20 16:43:01 WET [2025/01/20 11:43:01 ET]
Table 'Panopaea IV' 6-max Seat #2 is the button
Seat 2: v.sting ($100 in chips) 
Seat 3: sta$igk ($102 in chips) 
Seat 4: Evelexy1 ($102.50 in chips) 
Seat 5: Pon4uk.ua ($100 in chips) 
Seat 6: Dravid82 ($98.10 in chips) 
sta$igk: posts small blind $0.50
Evelexy1: posts big blind $1
*** HOLE CARDS ***
BoyLoc0 joins the table at seat #1 
Pon4uk.ua: folds 
Dravid82: calls $1
v.sting: raises $4.10 to $5.10
sta$igk: raises $9.90 to $15
Evelexy1: folds 
Dravid82: folds 
v.sting: calls $9.90
*** FLOP *** [4s 9c 4c]
sta$igk: bets $10.03
v.sting: folds 
Uncalled bet ($10.03) returned to sta$igk
sta$igk collected $30.40 from pot
sta$igk: doesn't show hand 
*** SUMMARY ***
Total pot $32 | Rake $1.60 
Board [4s 9c 4c]
Seat 2: v.sting (button) folded on the Flop
Seat 3: sta$igk (small blind) collected ($30.40)
Seat 4: Evelexy1 (big blind) folded before Flop
Seat 5: Pon4uk.ua folded before Flop (didn't bet)
Seat 6: Dravid82 folded before Flop



PokerStars Hand #254469630152:  Hold'em No Limit ($0.50/$1.00 USD) - 2025/01/20 16:43:41 WET [2025/01/20 11:43:41 ET]
Table 'Panopaea IV' 6-max Seat #3 is the button
Seat 1: BoyLoc0 ($100 in chips) is sitting out
Seat 2: v.sting ($100 in chips) 
Seat 3: sta$igk ($117.40 in chips) 
Seat 4: Evelexy1 ($101.50 in chips) 
Seat 5: Pon4uk.ua ($100 in chips) 
Seat 6: Dravid82 ($97.10 in chips) 
Evelexy1: posts small blind $0.50
Pon4uk.ua: posts big blind $1
BoyLoc0: sits out 
*** HOLE CARDS ***
Dravid82: folds 
v.sting: folds 
sta$igk: raises $1.50 to $2.50
Evelexy1: folds 
Pon4uk.ua: folds 
Uncalled bet ($1.50) returned to sta$igk
Pon4uk.ua leaves the table
sta$igk collected $2.50 from pot
sta$igk: doesn't show hand 
*** SUMMARY ***
Total pot $2.50 | Rake $0 
Seat 1: BoyLoc0
Seat 2: v.sting folded before Flop (didn't bet)
Seat 3: sta$igk (button) collected ($2.50)
Seat 4: Evelexy1 (small blind) folded before Flop
Seat 5: Pon4uk.ua (big blind) folded before Flop
Seat 6: Dravid82 folded before Flop (didn't bet)



PokerStars Hand #254469635534:  Hold'em No Limit ($0.50/$1.00 USD) - 2025/01/20 16:44:05 WET [2025/01/20 11:44:05 ET]
Table 'Panopaea IV' 6-max Seat #4 is the button
Seat 1: BoyLoc0 ($100 in chips) 
Seat 2: v.sting ($100 in chips) 
Seat 3: sta$igk ($118.90 in chips) 
Seat 4: Evelexy1 ($101 in chips) 
Seat 6: Dravid82 ($97.10 in chips) 
Dravid82: posts small blind $0.50
BoyLoc0: posts big blind $1
*** HOLE CARDS ***
v.sting: folds 
sta$igk: folds 
Evelexy1: raises $1.50 to $2.50
Dravid82: calls $2
BoyLoc0: calls $1.50
*** FLOP *** [Kd 9d Kc]
Dravid82: checks 
BoyLoc0: checks 
littleboy930 joins the table at seat #5 
Evelexy1: checks 
*** TURN *** [Kd 9d Kc] [8s]
Dravid82: bets $3.56
BoyLoc0: folds 
Evelexy1: folds 
Uncalled bet ($3.56) returned to Dravid82
Dravid82 collected $7.12 from pot
Dravid82: doesn't show hand 
*** SUMMARY ***
Total pot $7.50 | Rake $0.38 
Board [Kd 9d Kc 8s]
Seat 1: BoyLoc0 (big blind) folded on the Turn
Seat 2: v.sting folded before Flop (didn't bet)
Seat 3: sta$igk folded before Flop (didn't bet)
Seat 4: Evelexy1 (button) folded on the Turn
Seat 6: Dravid82 (small blind) collected ($7.12)



PokerStars Hand #254469644613:  Hold'em No Limit ($0.50/$1.00 USD) - 2025/01/20 16:44:45 WET [2025/01/20 11:44:45 ET]
Table 'Panopaea IV' 6-max Seat #6 is the button
Seat 5: littleboy930 ($100 in chips) is sitting out
Seat 1: BoyLoc0 ($100 in chips) 
Seat 2: v.sting ($100 in chips) 
Seat 3: sta$igk ($118.90 in chips) 
Seat 4: Evelexy1 ($100 in chips) 
Seat 6: Dravid82 ($101.72 in chips) 
BoyLoc0: posts small blind $0.50
v.sting: posts big blind $1
littleboy930: sits out 
*** HOLE CARDS ***
sta$igk: folds 
Evelexy1: raises $1.50 to $2.50
Dravid82: folds 
BoyLoc0: folds 
v.sting: calls $1.50
*** FLOP *** [7h As Th]
v.sting: checks 
Evelexy1: checks 
*** TURN *** [7h As Th] [8s]
v.sting: checks 
Evelexy1: bets $3.92
v.sting: calls $3.92
*** RIVER *** [7h As Th 8s] [Kc]
v.sting: checks 
Evelexy1: bets $9.50
v.sting: calls $9.50
*** SHOW DOWN ***
Evelexy1: shows [8c Tc] (two pair, Tens and Eights)
v.sting: mucks hand 
Evelexy1 collected $30.72 from pot
*** SUMMARY ***
Total pot $32.34 | Rake $1.62 
Board [7h As Th 8s Kc]
Seat 5: littleboy930
Seat 1: BoyLoc0 (small blind) folded before Flop
Seat 2: v.sting (big blind) mucked
Seat 3: sta$igk folded before Flop (didn't bet)
Seat 4: Evelexy1 showed [8c Tc] and won ($30.72) with two pair, Tens and Eights
Seat 6: Dravid82 (button) folded before Flop (didn't bet)



PokerStars Hand #254469654844:  Hold'em No Limit ($0.50/$1.00 USD) - 2025/01/20 16:45:31 WET [2025/01/20 11:45:31 ET]
Table 'Panopaea IV' 6-max Seat #1 is the button
Seat 5: littleboy930 ($100 in chips) is sitting out
Seat 1: BoyLoc0 ($100 in chips) 
Seat 2: v.sting ($100 in chips) 
Seat 3: sta$igk ($118.90 in chips) 
Seat 4: Evelexy1 ($114.80 in chips) 
Seat 6: Dravid82 ($101.72 in chips) 
v.sting: posts small blind $0.50
sta$igk: posts big blind $1
littleboy930: sits out 
*** HOLE CARDS ***
Evelexy1: folds 
Dravid82: raises $1 to $2
BoyLoc0: folds 
v.sting: folds 
sta$igk: folds 
Uncalled bet ($1) returned to Dravid82
Dravid82 collected $2.50 from pot
Dravid82: doesn't show hand 
*** SUMMARY ***
Total pot $2.50 | Rake $0 
Seat 5: littleboy930
Seat 1: BoyLoc0 (button) folded before Flop (didn't bet)
Seat 2: v.sting (small blind) folded before Flop
Seat 3: sta$igk (big blind) folded before Flop
Seat 4: Evelexy1 folded before Flop (didn't bet)
Seat 6: Dravid82 collected ($2.50)



PokerStars Hand #254469657727:  Hold'em No Limit ($0.50/$1.00 USD) - 2025/01/20 16:45:44 WET [2025/01/20 11:45:44 ET]
Table 'Panopaea IV' 6-max Seat #2 is the button
Seat 5: littleboy930 ($100 in chips) is sitting out
Seat 1: BoyLoc0 ($100 in chips) 
Seat 2: v.sting ($100 in chips) 
Seat 3: sta$igk ($117.90 in chips) 
Seat 4: Evelexy1 ($114.80 in chips) 
Seat 6: Dravid82 ($103.22 in chips) 
sta$igk: posts small blind $0.50
Evelexy1: posts big blind $1
littleboy930: sits out 
*** HOLE CARDS ***
Dravid82: folds 
BoyLoc0: raises $1.50 to $2.50
v.sting: folds 
sta$igk: folds 
Evelexy1: folds 
Uncalled bet ($1.50) returned to BoyLoc0
BoyLoc0 collected $2.50 from pot
BoyLoc0: doesn't show hand 
*** SUMMARY ***
Total pot $2.50 | Rake $0 
Seat 5: littleboy930
Seat 1: BoyLoc0 collected ($2.50)
Seat 2: v.sting (button) folded before Flop (didn't bet)
Seat 3: sta$igk (small blind) folded before Flop
Seat 4: Evelexy1 (big blind) folded before Flop
Seat 6: Dravid82 folded before Flop (didn't bet)



PokerStars Hand #254469660880:  Hold'em No Limit ($0.50/$1.00 USD) - 2025/01/20 16:45:58 WET [2025/01/20 11:45:58 ET]
Table 'Panopaea IV' 6-max Seat #3 is the button
Seat 1: BoyLoc0 ($101.50 in chips) 
Seat 2: v.sting ($100 in chips) 
Seat 3: sta$igk ($117.40 in chips) 
Seat 4: Evelexy1 ($113.80 in chips) 
Seat 5: littleboy930 ($100 in chips) 
Seat 6: Dravid82 ($103.22 in chips) 
Evelexy1: posts small blind $0.50
littleboy930: posts big blind $1
*** HOLE CARDS ***
Dravid82: calls $1
BoyLoc0: calls $1
v.sting: folds 
sta$igk: folds 
Evelexy1: calls $0.50
littleboy930: checks 
*** FLOP *** [2d 8h 8c]
Evelexy1: checks 
littleboy930: bets $2
Dravid82: folds 
BoyLoc0: folds 
Evelexy1: folds 
Uncalled bet ($2) returned to littleboy930
littleboy930 collected $3.80 from pot
littleboy930: doesn't show hand 
*** SUMMARY ***
Total pot $4 | Rake $0.20 
Board [2d 8h 8c]
Seat 1: BoyLoc0 folded on the Flop
Seat 2: v.sting folded before Flop (didn't bet)
Seat 3: sta$igk (button) folded before Flop (didn't bet)
Seat 4: Evelexy1 (small blind) folded on the Flop
Seat 5: littleboy930 (big blind) collected ($3.80)
Seat 6: Dravid82 folded on the Flop



PokerStars Hand #254469666950:  Hold'em No Limit ($0.50/$1.00 USD) - 2025/01/20 16:46:26 WET [2025/01/20 11:46:26 ET]
Table 'Panopaea IV' 6-max Seat #4 is the button
Seat 1: BoyLoc0 ($100.50 in chips) 
Seat 2: v.sting ($100 in chips) 
Seat 3: sta$igk ($117.40 in chips) 
Seat 4: Evelexy1 ($112.80 in chips) 
Seat 5: littleboy930 ($102.80 in chips) 
Seat 6: Dravid82 ($102.22 in chips) 
littleboy930: posts small blind $0.50
Dravid82: posts big blind $1
*** HOLE CARDS ***
BoyLoc0: raises $1.50 to $2.50
v.sting: folds 
sta$igk: raises $5.50 to $8
Evelexy1: folds 
littleboy930: folds 
Dravid82: folds 
BoyLoc0: raises $13 to $21
sta$igk: folds 
Uncalled bet ($13) returned to BoyLoc0
BoyLoc0 collected $17.50 from pot
BoyLoc0: doesn't show hand 
*** SUMMARY ***
Total pot $17.50 | Rake $0 
Seat 1: BoyLoc0 collected ($17.50)
Seat 2: v.sting folded before Flop (didn't bet)
Seat 3: sta$igk folded before Flop
Seat 4: Evelexy1 (button) folded before Flop (didn't bet)
Seat 5: littleboy930 (small blind) folded before Flop
Seat 6: Dravid82 (big blind) folded before Flop



PokerStars Hand #254469674501:  Hold'em No Limit ($0.50/$1.00 USD) - 2025/01/20 16:47:00 WET [2025/01/20 11:47:00 ET]
Table 'Panopaea IV' 6-max Seat #5 is the button
Seat 1: BoyLoc0 ($110 in chips) 
Seat 2: v.sting ($100 in chips) 
Seat 3: sta$igk ($109.40 in chips) 
Seat 4: Evelexy1 ($112.80 in chips) 
Seat 5: littleboy930 ($102.30 in chips) 
Seat 6: Dravid82 ($101.22 in chips) 
Dravid82: posts small blind $0.50
BoyLoc0: posts big blind $1
*** HOLE CARDS ***
v.sting: folds 
sta$igk: raises $1.50 to $2.50
Evelexy1: folds 
littleboy930: calls $2.50
Dravid82: folds 
BoyLoc0: calls $1.50
*** FLOP *** [Kc 8s 5d]
BoyLoc0: checks 
sta$igk: checks 
littleboy930: checks 
*** TURN *** [Kc 8s 5d] [7c]
BoyLoc0: checks 
sta$igk: checks 
littleboy930: checks 
*** RIVER *** [Kc 8s 5d 7c] [6h]
BoyLoc0: checks 
sta$igk: bets $1.90
littleboy930: folds 
BoyLoc0: folds 
Uncalled bet ($1.90) returned to sta$igk
sta$igk collected $7.60 from pot
sta$igk: doesn't show hand 
*** SUMMARY ***
Total pot $8 | Rake $0.40 
Board [Kc 8s 5d 7c 6h]
Seat 1: BoyLoc0 (big blind) folded on the River
Seat 2: v.sting folded before Flop (didn't bet)
Seat 3: sta$igk collected ($7.60)
Seat 4: Evelexy1 folded before Flop (didn't bet)
Seat 5: littleboy930 (button) folded on the River
Seat 6: Dravid82 (small blind) folded before Flop



PokerStars Hand #254469686968:  Hold'em No Limit ($0.50/$1.00 USD) - 2025/01/20 16:47:55 WET [2025/01/20 11:47:55 ET]
Table 'Panopaea IV' 6-max Seat #6 is the button
Seat 1: BoyLoc0 ($107.50 in chips) 
Seat 2: v.sting ($100 in chips) 
Seat 3: sta$igk ($114.50 in chips) 
Seat 4: Evelexy1 ($112.80 in chips) 
Seat 5: littleboy930 ($99.80 in chips) 
Seat 6: Dravid82 ($100.72 in chips) 
BoyLoc0: posts small blind $0.50
v.sting: posts big blind $1
*** HOLE CARDS ***
sta$igk: folds 
Evelexy1: raises $1 to $2
littleboy930: folds 
Dravid82: folds 
BoyLoc0: folds 
v.sting: raises $8.50 to $10.50
Evelexy1: folds 
Uncalled bet ($8.50) returned to v.sting
v.sting collected $4.50 from pot
v.sting: doesn't show hand 
*** SUMMARY ***
Total pot $4.50 | Rake $0 
Seat 1: BoyLoc0 (small blind) folded before Flop
Seat 2: v.sting (big blind) collected ($4.50)
Seat 3: sta$igk folded before Flop (didn't bet)
Seat 4: Evelexy1 folded before Flop
Seat 5: littleboy930 folded before Flop (didn't bet)
Seat 6: Dravid82 (button) folded before Flop (didn't bet)



PokerStars Hand #254469691197:  Hold'em No Limit ($0.50/$1.00 USD) - 2025/01/20 16:48:15 WET [2025/01/20 11:48:15 ET]
Table 'Panopaea IV' 6-max Seat #1 is the button
Seat 1: BoyLoc0 ($107 in chips) 
Seat 2: v.sting ($102.50 in chips) 
Seat 3: sta$igk ($114.50 in chips) 
Seat 4: Evelexy1 ($110.80 in chips) 
Seat 5: littleboy930 ($99.80 in chips) 
Seat 6: Dravid82 ($100.72 in chips) 
v.sting: posts small blind $0.50
sta$igk: posts big blind $1
*** HOLE CARDS ***
Evelexy1: folds 
littleboy930: folds 
Dravid82: folds 
BoyLoc0: folds 
v.sting: folds 
Uncalled bet ($0.50) returned to sta$igk
sta$igk collected $1 from pot
sta$igk: doesn't show hand 
*** SUMMARY ***
Total pot $1 | Rake $0 
Seat 1: BoyLoc0 (button) folded before Flop (didn't bet)
Seat 2: v.sting (small blind) folded before Flop
Seat 3: sta$igk (big blind) collected ($1)
Seat 4: Evelexy1 folded before Flop (didn't bet)
Seat 5: littleboy930 folded before Flop (didn't bet)
Seat 6: Dravid82 folded before Flop (didn't bet)



PokerStars Hand #254469696195:  Hold'em No Limit ($0.50/$1.00 USD) - 2025/01/20 16:48:37 WET [2025/01/20 11:48:37 ET]
Table 'Panopaea IV' 6-max Seat #2 is the button
Seat 1: BoyLoc0 ($107 in chips) 
Seat 2: v.sting ($102 in chips) 
Seat 3: sta$igk ($115 in chips) 
Seat 4: Evelexy1 ($110.80 in chips) 
Seat 5: littleboy930 ($99.80 in chips) 
Seat 6: Dravid82 ($100.72 in chips) 
sta$igk: posts small blind $0.50
Evelexy1: posts big blind $1
*** HOLE CARDS ***
littleboy930: raises $3 to $4
Dravid82: calls $4
BoyLoc0: folds 
v.sting: folds 
sta$igk: folds 
Evelexy1: folds 
*** FLOP *** [5h 6d 7c]
littleboy930: checks 
Dravid82: checks 
*** TURN *** [5h 6d 7c] [Ks]
littleboy930: bets $4.51
Dravid82: folds 
Uncalled bet ($4.51) returned to littleboy930
littleboy930 collected $9.02 from pot
littleboy930: doesn't show hand 
*** SUMMARY ***
Total pot $9.50 | Rake $0.48 
Board [5h 6d 7c Ks]
Seat 1: BoyLoc0 folded before Flop (didn't bet)
Seat 2: v.sting (button) folded before Flop (didn't bet)
Seat 3: sta$igk (small blind) folded before Flop
Seat 4: Evelexy1 (big blind) folded before Flop
Seat 5: littleboy930 collected ($9.02)
Seat 6: Dravid82 folded on the Turn



PokerStars Hand #254469702929:  Hold'em No Limit ($0.50/$1.00 USD) - 2025/01/20 16:49:07 WET [2025/01/20 11:49:07 ET]
Table 'Panopaea IV' 6-max Seat #3 is the button
Seat 1: BoyLoc0 ($107 in chips) 
Seat 2: v.sting ($102 in chips) 
Seat 3: sta$igk ($114.50 in chips) 
Seat 4: Evelexy1 ($109.80 in chips) 
Seat 5: littleboy930 ($104.82 in chips) 
Seat 6: Dravid82 ($96.72 in chips) 
Evelexy1: posts small blind $0.50
littleboy930: posts big blind $1
*** HOLE CARDS ***
Dravid82: folds 
BoyLoc0: folds 
v.sting: folds 
sta$igk: folds 
Evelexy1: raises $1.50 to $2.50
littleboy930: calls $1.50
*** FLOP *** [9d Ac 8c]
Evelexy1: bets $2.38
littleboy930: calls $2.38
*** TURN *** [9d Ac 8c] [Th]
Evelexy1: bets $6.95
littleboy930: calls $6.95
*** RIVER *** [9d Ac 8c Th] [8h]
Evelexy1: bets $33.72
littleboy930: raises $59.27 to $92.99 and is all-in
Evelexy1: calls $59.27
*** SHOW DOWN ***
littleboy930: shows [5s Ah] (two pair, Aces and Eights)
Evelexy1: shows [8s 9s] (a full house, Eights full of Nines)
Evelexy1 collected $207.14 from pot
*** SUMMARY ***
Total pot $209.64 | Rake $2.50 
Board [9d Ac 8c Th 8h]
Seat 1: BoyLoc0 folded before Flop (didn't bet)
Seat 2: v.sting folded before Flop (didn't bet)
Seat 3: sta$igk (button) folded before Flop (didn't bet)
Seat 4: Evelexy1 (small blind) showed [8s 9s] and won ($207.14) with a full house, Eights full of Nines
Seat 5: littleboy930 (big blind) showed [5s Ah] and lost with two pair, Aces and Eights
Seat 6: Dravid82 folded before Flop (didn't bet)



PokerStars Hand #254469717354:  Hold'em No Limit ($0.50/$1.00 USD) - 2025/01/20 16:50:11 WET [2025/01/20 11:50:11 ET]
Table 'Panopaea IV' 6-max Seat #4 is the button
Seat 5: littleboy930 ($0 in chips) is sitting out
Seat 1: BoyLoc0 ($107 in chips) 
Seat 2: v.sting ($102 in chips) 
Seat 3: sta$igk ($114.50 in chips) 
Seat 4: Evelexy1 ($212.12 in chips) 
Seat 6: Dravid82 ($96.72 in chips) 
Dravid82: posts small blind $0.50
BoyLoc0: posts big blind $1
*** HOLE CARDS ***
v.sting: folds 
sta$igk: raises $1.50 to $2.50
Evelexy1: folds 
Dravid82: folds 
BoyLoc0: folds 
Uncalled bet ($1.50) returned to sta$igk
sta$igk collected $2.50 from pot
sta$igk: doesn't show hand 
*** SUMMARY ***
Total pot $2.50 | Rake $0 
Seat 5: littleboy930
Seat 1: BoyLoc0 (big blind) folded before Flop
Seat 2: v.sting folded before Flop (didn't bet)
Seat 3: sta$igk collected ($2.50)
Seat 4: Evelexy1 (button) folded before Flop (didn't bet)
Seat 6: Dravid82 (small blind) folded before Flop



PokerStars Hand #254469721581:  Hold'em No Limit ($0.50/$1.00 USD) - 2025/01/20 16:50:30 WET [2025/01/20 11:50:30 ET]
Table 'Panopaea IV' 6-max Seat #6 is the button
Seat 1: BoyLoc0 ($106 in chips) 
Seat 2: v.sting ($102 in chips) 
Seat 3: sta$igk ($116 in chips) 
Seat 4: Evelexy1 ($212.12 in chips) 
Seat 5: littleboy930 ($100 in chips) 
Seat 6: Dravid82 ($96.22 in chips) 
BoyLoc0: posts small blind $0.50
v.sting: posts big blind $1
littleboy930: posts small blind $0.50
*** HOLE CARDS ***
sta$igk: folds 
Evelexy1: folds 
littleboy930: calls $1
Dravid82: calls $1
BoyLoc0: folds 
v.sting: checks 
*** FLOP *** [4d Ks 2h]
v.sting: checks 
littleboy930: checks 
Dravid82: checks 
*** TURN *** [4d Ks 2h] [3s]
v.sting: checks 
littleboy930: checks 
Dravid82: bets $3.80
v.sting: calls $3.80
littleboy930: calls $3.80
*** RIVER *** [4d Ks 2h 3s] [3c]
v.sting: checks 
littleboy930: checks 
Dravid82: bets $7.32
v.sting: folds 
littleboy930: folds 
Uncalled bet ($7.32) returned to Dravid82
Dravid82 collected $14.63 from pot
Dravid82: doesn't show hand 
*** SUMMARY ***
Total pot $15.40 | Rake $0.77 
Board [4d Ks 2h 3s 3c]
Seat 1: BoyLoc0 (small blind) folded before Flop
Seat 2: v.sting (big blind) folded on the River
Seat 3: sta$igk folded before Flop (didn't bet)
Seat 4: Evelexy1 folded before Flop (didn't bet)
Seat 5: littleboy930 folded on the River
Seat 6: Dravid82 (button) collected ($14.63)



PokerStars Hand #254469738078:  Hold'em No Limit ($0.50/$1.00 USD) - 2025/01/20 16:51:44 WET [2025/01/20 11:51:44 ET]
Table 'Panopaea IV' 6-max Seat #1 is the button
Seat 1: BoyLoc0 ($105.50 in chips) 
Seat 2: v.sting ($100 in chips) 
Seat 3: sta$igk ($116 in chips) 
Seat 4: Evelexy1 ($212.12 in chips) 
Seat 5: littleboy930 ($94.70 in chips) 
Seat 6: Dravid82 ($106.05 in chips) 
v.sting: posts small blind $0.50
sta$igk: posts big blind $1
*** HOLE CARDS ***
Evelexy1: folds 
littleboy930: folds 
Dravid82: raises $2 to $3
BoyLoc0: folds 
v.sting: folds 
sta$igk: folds 
Uncalled bet ($2) returned to Dravid82
Dravid82 collected $2.50 from pot
Dravid82: doesn't show hand 
*** SUMMARY ***
Total pot $2.50 | Rake $0 
Seat 1: BoyLoc0 (button) folded before Flop (didn't bet)
Seat 2: v.sting (small blind) folded before Flop
Seat 3: sta$igk (big blind) folded before Flop
Seat 4: Evelexy1 folded before Flop (didn't bet)
Seat 5: littleboy930 folded before Flop (didn't bet)
Seat 6: Dravid82 collected ($2.50)



PokerStars Hand #254469741209:  Hold'em No Limit ($0.50/$1.00 USD) - 2025/01/20 16:51:58 WET [2025/01/20 11:51:58 ET]
Table 'Panopaea IV' 6-max Seat #2 is the button
Seat 1: BoyLoc0 ($105.50 in chips) 
Seat 2: v.sting ($100 in chips) 
Seat 3: sta$igk ($115 in chips) 
Seat 4: Evelexy1 ($212.12 in chips) 
Seat 5: littleboy930 ($94.70 in chips) 
Seat 6: Dravid82 ($107.55 in chips) 
sta$igk: posts small blind $0.50
Evelexy1: posts big blind $1
*** HOLE CARDS ***
littleboy930: folds 
Dravid82: calls $1
BoyLoc0: folds 
v.sting: folds 
sta$igk: folds 
Evelexy1: checks 
*** FLOP *** [8c 4h 9h]
Evelexy1: checks 
Dravid82: checks 
*** TURN *** [8c 4h 9h] [2c]
Evelexy1: checks 
Dravid82: bets $1
Evelexy1: calls $1
*** RIVER *** [8c 4h 9h 2c] [Th]
Evelexy1: checks 
Dravid82: checks 
*** SHOW DOWN ***
Evelexy1: shows [Ac 7d] (high card Ace)
Dravid82: shows [8h 9c] (two pair, Nines and Eights)
Dravid82 collected $4.28 from pot
*** SUMMARY ***
Total pot $4.50 | Rake $0.22 
Board [8c 4h 9h 2c Th]
Seat 1: BoyLoc0 folded before Flop (didn't bet)
Seat 2: v.sting (button) folded before Flop (didn't bet)
Seat 3: sta$igk (small blind) folded before Flop
Seat 4: Evelexy1 (big blind) showed [Ac 7d] and lost with high card Ace
Seat 5: littleboy930 folded before Flop (didn't bet)
Seat 6: Dravid82 showed [8h 9c] and won ($4.28) with two pair, Nines and Eights



PokerStars Hand #254469749857:  Hold'em No Limit ($0.50/$1.00 USD) - 2025/01/20 16:52:37 WET [2025/01/20 11:52:37 ET]
Table 'Panopaea IV' 6-max Seat #3 is the button
Seat 1: BoyLoc0 ($105.50 in chips) 
Seat 2: v.sting ($100 in chips) 
Seat 3: sta$igk ($114.50 in chips) 
Seat 4: Evelexy1 ($210.12 in chips) 
Seat 5: littleboy930 ($94.70 in chips) 
Seat 6: Dravid82 ($109.83 in chips) 
Evelexy1: posts small blind $0.50
littleboy930: posts big blind $1
*** HOLE CARDS ***
Dravid82: folds 
BoyLoc0: folds 
v.sting: folds 
sta$igk: folds 
Evelexy1: folds 
Uncalled bet ($0.50) returned to littleboy930
littleboy930 collected $1 from pot
littleboy930: doesn't show hand 
*** SUMMARY ***
Total pot $1 | Rake $0 
Seat 1: BoyLoc0 folded before Flop (didn't bet)
Seat 2: v.sting folded before Flop (didn't bet)
Seat 3: sta$igk (button) folded before Flop (didn't bet)
Seat 4: Evelexy1 (small blind) folded before Flop
Seat 5: littleboy930 (big blind) collected ($1)
Seat 6: Dravid82 folded before Flop (didn't bet)



PokerStars Hand #254469752641:  Hold'em No Limit ($0.50/$1.00 USD) - 2025/01/20 16:52:49 WET [2025/01/20 11:52:49 ET]
Table 'Panopaea IV' 6-max Seat #4 is the button
Seat 1: BoyLoc0 ($105.50 in chips) 
Seat 2: v.sting ($100 in chips) 
Seat 3: sta$igk ($114.50 in chips) 
Seat 4: Evelexy1 ($209.62 in chips) 
Seat 5: littleboy930 ($95.20 in chips) 
Seat 6: Dravid82 ($109.83 in chips) 
littleboy930: posts small blind $0.50
Dravid82: posts big blind $1
*** HOLE CARDS ***
BoyLoc0: folds 
v.sting: folds 
sta$igk: folds 
Evelexy1: folds 
littleboy930: calls $0.50
Dravid82: checks 
*** FLOP *** [4c Qd 5h]
littleboy930: checks 
Dravid82: bets $1
littleboy930: folds 
Uncalled bet ($1) returned to Dravid82
Dravid82 collected $1.90 from pot
Dravid82: doesn't show hand 
*** SUMMARY ***
Total pot $2 | Rake $0.10 
Board [4c Qd 5h]
Seat 1: BoyLoc0 folded before Flop (didn't bet)
Seat 2: v.sting folded before Flop (didn't bet)
Seat 3: sta$igk folded before Flop (didn't bet)
Seat 4: Evelexy1 (button) folded before Flop (didn't bet)
Seat 5: littleboy930 (small blind) folded on the Flop
Seat 6: Dravid82 (big blind) collected ($1.90)



PokerStars Hand #254469757783:  Hold'em No Limit ($0.50/$1.00 USD) - 2025/01/20 16:53:12 WET [2025/01/20 11:53:12 ET]
Table 'Panopaea IV' 6-max Seat #5 is the button
Seat 1: BoyLoc0 ($105.50 in chips) 
Seat 2: v.sting ($100 in chips) 
Seat 3: sta$igk ($114.50 in chips) 
Seat 4: Evelexy1 ($209.62 in chips) 
Seat 5: littleboy930 ($94.20 in chips) 
Seat 6: Dravid82 ($110.73 in chips) 
Dravid82: posts small blind $0.50
BoyLoc0: posts big blind $1
*** HOLE CARDS ***
v.sting: folds 
sta$igk: folds 
Evelexy1: raises $1.50 to $2.50
littleboy930: calls $2.50
Dravid82: folds 
BoyLoc0: folds 
*** FLOP *** [7s 5h 5s]
Evelexy1: checks 
littleboy930: checks 
*** TURN *** [7s 5h 5s] [Kc]
Evelexy1: bets $3.09
littleboy930: folds 
Uncalled bet ($3.09) returned to Evelexy1
Evelexy1 collected $6.18 from pot
Evelexy1: doesn't show hand 
*** SUMMARY ***
Total pot $6.50 | Rake $0.32 
Board [7s 5h 5s Kc]
Seat 1: BoyLoc0 (big blind) folded before Flop
Seat 2: v.sting folded before Flop (didn't bet)
Seat 3: sta$igk folded before Flop (didn't bet)
Seat 4: Evelexy1 collected ($6.18)
Seat 5: littleboy930 (button) folded on the Turn
Seat 6: Dravid82 (small blind) folded before Flop



PokerStars Hand #254469763719:  Hold'em No Limit ($0.50/$1.00 USD) - 2025/01/20 16:53:39 WET [2025/01/20 11:53:39 ET]
Table 'Panopaea IV' 6-max Seat #6 is the button
Seat 1: BoyLoc0 ($104.50 in chips) 
Seat 2: v.sting ($100 in chips) 
Seat 3: sta$igk ($114.50 in chips) 
Seat 4: Evelexy1 ($213.30 in chips) 
Seat 5: littleboy930 ($91.70 in chips) 
Seat 6: Dravid82 ($110.23 in chips) 
BoyLoc0: posts small blind $0.50
v.sting: posts big blind $1
*** HOLE CARDS ***
sta$igk: raises $1.50 to $2.50
Evelexy1: folds 
littleboy930: folds 
Dravid82: calls $2.50
BoyLoc0: folds 
v.sting: folds 
*** FLOP *** [2d 7s 9h]
sta$igk: bets $2.04
Dravid82: calls $2.04
*** TURN *** [2d 7s 9h] [Ah]
sta$igk: checks 
Dravid82: bets $5.03
sta$igk: folds 
Uncalled bet ($5.03) returned to Dravid82
Dravid82 collected $10.05 from pot
Dravid82: doesn't show hand 
*** SUMMARY ***
Total pot $10.58 | Rake $0.53 
Board [2d 7s 9h Ah]
Seat 1: BoyLoc0 (small blind) folded before Flop
Seat 2: v.sting (big blind) folded before Flop
Seat 3: sta$igk folded on the Turn
Seat 4: Evelexy1 folded before Flop (didn't bet)
Seat 5: littleboy930 folded before Flop (didn't bet)
Seat 6: Dravid82 (button) collected ($10.05)



PokerStars Hand #254469776190:  Hold'em No Limit ($0.50/$1.00 USD) - 2025/01/20 16:54:35 WET [2025/01/20 11:54:35 ET]
Table 'Panopaea IV' 6-max Seat #1 is the button
Seat 1: BoyLoc0 ($104 in chips) 
Seat 2: v.sting ($100 in chips) 
Seat 3: sta$igk ($109.96 in chips) 
Seat 4: Evelexy1 ($213.30 in chips) 
Seat 5: littleboy930 ($91.70 in chips) 
Seat 6: Dravid82 ($115.74 in chips) 
v.sting: posts small blind $0.50
sta$igk: posts big blind $1
*** HOLE CARDS ***
Evelexy1: folds 
littleboy930: folds 
Dravid82: calls $1
BoyLoc0: folds 
v.sting: folds 
sta$igk: checks 
*** FLOP *** [4c 3s As]
sta$igk: checks 
Dravid82: bets $1
sta$igk: raises $2.19 to $3.19
Dravid82: calls $2.19
*** TURN *** [4c 3s As] [Kc]
sta$igk: bets $8.44
Dravid82: folds 
Uncalled bet ($8.44) returned to sta$igk
sta$igk collected $8.44 from pot
sta$igk: doesn't show hand 
*** SUMMARY ***
Total pot $8.88 | Rake $0.44 
Board [4c 3s As Kc]
Seat 1: BoyLoc0 (button) folded before Flop (didn't bet)
Seat 2: v.sting (small blind) folded before Flop
Seat 3: sta$igk (big blind) collected ($8.44)
Seat 4: Evelexy1 folded before Flop (didn't bet)
Seat 5: littleboy930 folded before Flop (didn't bet)
Seat 6: Dravid82 folded on the Turn



PokerStars Hand #254469784809:  Hold'em No Limit ($0.50/$1.00 USD) - 2025/01/20 16:55:16 WET [2025/01/20 11:55:16 ET]
Table 'Panopaea IV' 6-max Seat #2 is the button
Seat 1: BoyLoc0 ($104 in chips) 
Seat 2: v.sting ($100 in chips) 
Seat 3: sta$igk ($114.21 in chips) 
Seat 4: Evelexy1 ($213.30 in chips) 
Seat 5: littleboy930 ($91.70 in chips) 
Seat 6: Dravid82 ($111.55 in chips) 
sta$igk: posts small blind $0.50
Evelexy1: posts big blind $1
*** HOLE CARDS ***
littleboy930: folds 
Dravid82: folds 
BoyLoc0: raises $1.50 to $2.50
v.sting: folds 
sta$igk: folds 
Evelexy1: folds 
Uncalled bet ($1.50) returned to BoyLoc0
BoyLoc0 collected $2.50 from pot
BoyLoc0: doesn't show hand 
*** SUMMARY ***
Total pot $2.50 | Rake $0 
Seat 1: BoyLoc0 collected ($2.50)
Seat 2: v.sting (button) folded before Flop (didn't bet)
Seat 3: sta$igk (small blind) folded before Flop
Seat 4: Evelexy1 (big blind) folded before Flop
Seat 5: littleboy930 folded before Flop (didn't bet)
Seat 6: Dravid82 folded before Flop (didn't bet)



PokerStars Hand #254469787027:  Hold'em No Limit ($0.50/$1.00 USD) - 2025/01/20 16:55:29 WET [2025/01/20 11:55:29 ET]
Table 'Panopaea IV' 6-max Seat #3 is the button
Seat 1: BoyLoc0 ($105.50 in chips) 
Seat 2: v.sting ($100 in chips) 
Seat 3: sta$igk ($113.71 in chips) 
Seat 4: Evelexy1 ($212.30 in chips) 
Seat 5: littleboy930 ($91.70 in chips) 
Seat 6: Dravid82 ($111.55 in chips) 
Evelexy1: posts small blind $0.50
littleboy930: posts big blind $1
*** HOLE CARDS ***
Dravid82: folds 
BoyLoc0: folds 
v.sting: folds 
sta$igk: raises $1.50 to $2.50
Evelexy1: folds 
littleboy930: folds 
Uncalled bet ($1.50) returned to sta$igk
sta$igk collected $2.50 from pot
sta$igk: doesn't show hand 
*** SUMMARY ***
Total pot $2.50 | Rake $0 
Seat 1: BoyLoc0 folded before Flop (didn't bet)
Seat 2: v.sting folded before Flop (didn't bet)
Seat 3: sta$igk (button) collected ($2.50)
Seat 4: Evelexy1 (small blind) folded before Flop
Seat 5: littleboy930 (big blind) folded before Flop
Seat 6: Dravid82 folded before Flop (didn't bet)



PokerStars Hand #254469789478:  Hold'em No Limit ($0.50/$1.00 USD) - 2025/01/20 16:55:43 WET [2025/01/20 11:55:43 ET]
Table 'Panopaea IV' 6-max Seat #4 is the button
Seat 1: BoyLoc0 ($105.50 in chips) 
Seat 2: v.sting ($100 in chips) 
Seat 3: sta$igk ($115.21 in chips) 
Seat 4: Evelexy1 ($211.80 in chips) 
Seat 5: littleboy930 ($90.70 in chips) 
Seat 6: Dravid82 ($111.55 in chips) 
littleboy930: posts small blind $0.50
Dravid82: posts big blind $1
*** HOLE CARDS ***
BoyLoc0: raises $1.50 to $2.50
v.sting: folds 
sta$igk: raises $5.50 to $8
Evelexy1: folds 
littleboy930: calls $7.50
Dravid82: folds 
BoyLoc0: raises $97.50 to $105.50 and is all-in
sta$igk: folds 
littleboy930: folds 
Uncalled bet ($97.50) returned to BoyLoc0
BoyLoc0 collected $25 from pot
BoyLoc0: doesn't show hand 
*** SUMMARY ***
Total pot $25 | Rake $0 
Seat 1: BoyLoc0 collected ($25)
Seat 2: v.sting folded before Flop (didn't bet)
Seat 3: sta$igk folded before Flop
Seat 4: Evelexy1 (button) folded before Flop (didn't bet)
Seat 5: littleboy930 (small blind) folded before Flop
Seat 6: Dravid82 (big blind) folded before Flop



PokerStars Hand #254469797859:  Hold'em No Limit ($0.50/$1.00 USD) - 2025/01/20 16:56:32 WET [2025/01/20 11:56:32 ET]
Table 'Panopaea IV' 6-max Seat #5 is the button
Seat 1: BoyLoc0 ($122.50 in chips) 
Seat 2: v.sting ($100 in chips) 
Seat 3: sta$igk ($107.21 in chips) 
Seat 4: Evelexy1 ($211.80 in chips) 
Seat 5: littleboy930 ($82.70 in chips) 
Seat 6: Dravid82 ($110.55 in chips) 
Dravid82: posts small blind $0.50
BoyLoc0: posts big blind $1
*** HOLE CARDS ***
v.sting: folds 
sta$igk: raises $1.50 to $2.50
Evelexy1: folds 
littleboy930: folds 
Dravid82: folds 
BoyLoc0: folds 
Uncalled bet ($1.50) returned to sta$igk
sta$igk collected $2.50 from pot
sta$igk: doesn't show hand 
*** SUMMARY ***
Total pot $2.50 | Rake $0 
Seat 1: BoyLoc0 (big blind) folded before Flop
Seat 2: v.sting folded before Flop (didn't bet)
Seat 3: sta$igk collected ($2.50)
Seat 4: Evelexy1 folded before Flop (didn't bet)
Seat 5: littleboy930 (button) folded before Flop (didn't bet)
Seat 6: Dravid82 (small blind) folded before Flop



PokerStars Hand #254469801006:  Hold'em No Limit ($0.50/$1.00 USD) - 2025/01/20 16:56:50 WET [2025/01/20 11:56:50 ET]
Table 'Panopaea IV' 6-max Seat #6 is the button
Seat 1: BoyLoc0 ($121.50 in chips) 
Seat 2: v.sting ($100 in chips) 
Seat 3: sta$igk ($108.71 in chips) 
Seat 4: Evelexy1 ($211.80 in chips) 
Seat 5: littleboy930 ($82.70 in chips) 
Seat 6: Dravid82 ($110.05 in chips) 
BoyLoc0: posts small blind $0.50
v.sting: posts big blind $1
*** HOLE CARDS ***
sta$igk: folds 
Evelexy1: folds 
littleboy930: folds 
Dravid82: folds 
BoyLoc0: folds 
Uncalled bet ($0.50) returned to v.sting
v.sting collected $1 from pot
v.sting: doesn't show hand 
*** SUMMARY ***
Total pot $1 | Rake $0 
Seat 1: BoyLoc0 (small blind) folded before Flop
Seat 2: v.sting (big blind) collected ($1)
Seat 3: sta$igk folded before Flop (didn't bet)
Seat 4: Evelexy1 folded before Flop (didn't bet)
Seat 5: littleboy930 folded before Flop (didn't bet)
Seat 6: Dravid82 (button) folded before Flop (didn't bet)



PokerStars Hand #254469803804:  Hold'em No Limit ($0.50/$1.00 USD) - 2025/01/20 16:57:06 WET [2025/01/20 11:57:06 ET]
Table 'Panopaea IV' 6-max Seat #1 is the button
Seat 1: BoyLoc0 ($121 in chips) 
Seat 2: v.sting ($100.50 in chips) 
Seat 3: sta$igk ($108.71 in chips) 
Seat 4: Evelexy1 ($211.80 in chips) 
Seat 5: littleboy930 ($82.70 in chips) 
Seat 6: Dravid82 ($110.05 in chips) 
v.sting: posts small blind $0.50
sta$igk: posts big blind $1
*** HOLE CARDS ***
Evelexy1: folds 
littleboy930: raises $2 to $3
Dravid82: calls $3
BoyLoc0: folds 
v.sting: folds 
sta$igk: folds 
*** FLOP *** [Th 7d Qs]
littleboy930: checks 
Dravid82: bets $3.56
littleboy930: calls $3.56
*** TURN *** [Th 7d Qs] [Jd]
littleboy930: bets $6.95
Dravid82: folds 
Uncalled bet ($6.95) returned to littleboy930
littleboy930 collected $13.89 from pot
littleboy930: doesn't show hand 
*** SUMMARY ***
Total pot $14.62 | Rake $0.73 
Board [Th 7d Qs Jd]
Seat 1: BoyLoc0 (button) folded before Flop (didn't bet)
Seat 2: v.sting (small blind) folded before Flop
Seat 3: sta$igk (big blind) folded before Flop
Seat 4: Evelexy1 folded before Flop (didn't bet)
Seat 5: littleboy930 collected ($13.89)
Seat 6: Dravid82 folded on the Turn



PokerStars Hand #254469811818:  Hold'em No Limit ($0.50/$1.00 USD) - 2025/01/20 16:57:52 WET [2025/01/20 11:57:52 ET]
Table 'Panopaea IV' 6-max Seat #2 is the button
Seat 1: BoyLoc0 ($121 in chips) 
Seat 2: v.sting ($100 in chips) 
Seat 3: sta$igk ($107.71 in chips) 
Seat 4: Evelexy1 ($211.80 in chips) 
Seat 5: littleboy930 ($90.03 in chips) 
Seat 6: Dravid82 ($103.49 in chips) 
sta$igk: posts small blind $0.50
Evelexy1: posts big blind $1
*** HOLE CARDS ***
littleboy930: folds 
Dravid82: raises $2 to $3
BoyLoc0: folds 
v.sting: folds 
sta$igk: folds 
Evelexy1: folds 
Uncalled bet ($2) returned to Dravid82
Dravid82 collected $2.50 from pot
*** SUMMARY ***
Total pot $2.50 | Rake $0 
Seat 1: BoyLoc0 folded before Flop (didn't bet)
Seat 2: v.sting (button) folded before Flop (didn't bet)
Seat 3: sta$igk (small blind) folded before Flop
Seat 4: Evelexy1 (big blind) folded before Flop
Seat 5: littleboy930 folded before Flop (didn't bet)
Seat 6: Dravid82 collected ($2.50)



PokerStars Hand #254469814320:  Hold'em No Limit ($0.50/$1.00 USD) - 2025/01/20 16:58:06 WET [2025/01/20 11:58:06 ET]
Table 'Panopaea IV' 6-max Seat #3 is the button
Seat 1: BoyLoc0 ($121 in chips) 
Seat 2: v.sting ($100 in chips) 
Seat 3: sta$igk ($107.21 in chips) 
Seat 4: Evelexy1 ($210.80 in chips) 
Seat 5: littleboy930 ($90.03 in chips) 
Seat 6: Dravid82 ($104.99 in chips) 
Evelexy1: posts small blind $0.50
littleboy930: posts big blind $1
*** HOLE CARDS ***
Dravid82 is disconnected 
Dravid82 has timed out while disconnected
Dravid82: folds 
BoyLoc0: folds 
v.sting: folds 
sta$igk: folds 
Evelexy1: folds 
Uncalled bet ($0.50) returned to littleboy930
littleboy930 collected $1 from pot
littleboy930: doesn't show hand 
*** SUMMARY ***
Total pot $1 | Rake $0 
Seat 1: BoyLoc0 folded before Flop (didn't bet)
Seat 2: v.sting folded before Flop (didn't bet)
Seat 3: sta$igk (button) folded before Flop (didn't bet)
Seat 4: Evelexy1 (small blind) folded before Flop
Seat 5: littleboy930 (big blind) collected ($1)
Seat 6: Dravid82 folded before Flop (didn't bet)



PokerStars Hand #254469819508:  Hold'em No Limit ($0.50/$1.00 USD) - 2025/01/20 16:58:37 WET [2025/01/20 11:58:37 ET]
Table 'Panopaea IV' 6-max Seat #4 is the button
Seat 6: Dravid82 ($104.99 in chips) is sitting out
Seat 1: BoyLoc0 ($121 in chips) 
Seat 2: v.sting ($100 in chips) 
Seat 3: sta$igk ($107.21 in chips) 
Seat 4: Evelexy1 ($210.30 in chips) 
Seat 5: littleboy930 ($90.53 in chips) 
littleboy930: posts small blind $0.50
BoyLoc0: posts big blind $1
*** HOLE CARDS ***
v.sting: folds 
sta$igk: raises $1.50 to $2.50
Evelexy1: folds 
littleboy930: folds 
BoyLoc0: raises $10.50 to $13
sta$igk: folds 
Uncalled bet ($10.50) returned to BoyLoc0
BoyLoc0 collected $5.50 from pot
BoyLoc0: doesn't show hand 
*** SUMMARY ***
Total pot $5.50 | Rake $0 
Seat 6: Dravid82
Seat 1: BoyLoc0 (big blind) collected ($5.50)
Seat 2: v.sting folded before Flop (didn't bet)
Seat 3: sta$igk folded before Flop
Seat 4: Evelexy1 (button) folded before Flop (didn't bet)
Seat 5: littleboy930 (small blind) folded before Flop



PokerStars Hand #254469863058:  Hold'em No Limit ($0.50/$1.00 USD) - 2025/01/20 17:02:21 WET [2025/01/20 12:02:21 ET]
Table 'Panopaea IV' 6-max Seat #4 is the button
Seat 1: BoyLoc0 ($119.28 in chips) 
Seat 2: v.sting ($100 in chips) 
Seat 3: sta$igk ($117.62 in chips) 
Seat 4: Evelexy1 ($210.57 in chips) 
Seat 5: littleboy930 ($105.76 in chips) 
Seat 6: Xenicide ($100 in chips) 
littleboy930: posts small blind $0.50
Xenicide: posts big blind $1
*** HOLE CARDS ***
BoyLoc0: folds 
v.sting: folds 
sta$igk: raises $1.50 to $2.50
Evelexy1: folds 
littleboy930: folds 
Xenicide: folds 
Uncalled bet ($1.50) returned to sta$igk
sta$igk collected $2.50 from pot
sta$igk: doesn't show hand 
*** SUMMARY ***
Total pot $2.50 | Rake $0 
Seat 1: BoyLoc0 folded before Flop (didn't bet)
Seat 2: v.sting folded before Flop (didn't bet)
Seat 3: sta$igk collected ($2.50)
Seat 4: Evelexy1 (button) folded before Flop (didn't bet)
Seat 5: littleboy930 (small blind) folded before Flop
Seat 6: Xenicide (big blind) folded before Flop



PokerStars Hand #254469865983:  Hold'em No Limit ($0.50/$1.00 USD) - 2025/01/20 17:02:34 WET [2025/01/20 12:02:34 ET]
Table 'Panopaea IV' 6-max Seat #5 is the button
Seat 1: BoyLoc0 ($119.28 in chips) 
Seat 2: v.sting ($100 in chips) 
Seat 3: sta$igk ($119.12 in chips) 
Seat 4: Evelexy1 ($210.57 in chips) 
Seat 5: littleboy930 ($105.26 in chips) 
Seat 6: Xenicide ($100 in chips) 
Xenicide: posts small blind $0.50
BoyLoc0: posts big blind $1
*** HOLE CARDS ***
v.sting: folds 
sta$igk: folds 
Evelexy1: folds 
littleboy930: raises $2 to $3
Xenicide: folds 
BoyLoc0: raises $9 to $12
littleboy930: calls $9
*** FLOP *** [4c 6c Qc]
BoyLoc0: bets $4
littleboy930: folds 
Uncalled bet ($4) returned to BoyLoc0
BoyLoc0 collected $23.28 from pot
BoyLoc0: doesn't show hand 
*** SUMMARY ***
Total pot $24.50 | Rake $1.22 
Board [4c 6c Qc]
Seat 1: BoyLoc0 (big blind) collected ($23.28)
Seat 2: v.sting folded before Flop (didn't bet)
Seat 3: sta$igk folded before Flop (didn't bet)
Seat 4: Evelexy1 folded before Flop (didn't bet)
Seat 5: littleboy930 (button) folded on the Flop
Seat 6: Xenicide (small blind) folded before Flop



PokerStars Hand #254469877005:  Hold'em No Limit ($0.50/$1.00 USD) - 2025/01/20 17:03:24 WET [2025/01/20 12:03:24 ET]
Table 'Panopaea IV' 6-max Seat #6 is the button
Seat 1: BoyLoc0 ($130.56 in chips) 
Seat 2: v.sting ($100 in chips) 
Seat 3: sta$igk ($119.12 in chips) 
Seat 4: Evelexy1 ($210.57 in chips) 
Seat 5: littleboy930 ($93.26 in chips) 
Seat 6: Xenicide ($100 in chips) 
BoyLoc0: posts small blind $0.50
v.sting: posts big blind $1
*** HOLE CARDS ***
sta$igk: folds 
Evelexy1: raises $1 to $2
littleboy930: raises $3 to $5
Xenicide: folds 
BoyLoc0: raises $14 to $19
v.sting: folds 
Evelexy1: folds 
littleboy930: calls $14
*** FLOP *** [7d Ad 2c]
BoyLoc0: checks 
littleboy930: bets $19.48
BoyLoc0: calls $19.48
*** TURN *** [7d Ad 2c] [8s]
BoyLoc0: checks 
littleboy930: bets $54.78 and is all-in
BoyLoc0: calls $54.78
*** RIVER *** [7d Ad 2c 8s] [5d]
*** SHOW DOWN ***
BoyLoc0: shows [Ah Ac] (three of a kind, Aces)
littleboy930: shows [Qs Kd] (high card Ace)
BoyLoc0 collected $187.02 from pot
*** SUMMARY ***
Total pot $189.52 | Rake $2.50 
Board [7d Ad 2c 8s 5d]
Seat 1: BoyLoc0 (small blind) showed [Ah Ac] and won ($187.02) with three of a kind, Aces
Seat 2: v.sting (big blind) folded before Flop
Seat 3: sta$igk folded before Flop (didn't bet)
Seat 4: Evelexy1 folded before Flop
Seat 5: littleboy930 showed [Qs Kd] and lost with high card Ace
Seat 6: Xenicide (button) folded before Flop (didn't bet)



PokerStars Hand #254469888138:  Hold'em No Limit ($0.50/$1.00 USD) - 2025/01/20 17:04:14 WET [2025/01/20 12:04:14 ET]
Table 'Panopaea IV' 6-max Seat #1 is the button
Seat 1: BoyLoc0 ($224.32 in chips) 
Seat 2: v.sting ($100 in chips) 
Seat 3: sta$igk ($119.12 in chips) 
Seat 4: Evelexy1 ($208.57 in chips) 
Seat 6: Xenicide ($100 in chips) 
v.sting: posts small blind $0.50
sta$igk: posts big blind $1
*** HOLE CARDS ***
Evelexy1: folds 
Xenicide: raises $1 to $2
BoyLoc0: folds 
v.sting: folds 
sta$igk: folds 
Uncalled bet ($1) returned to Xenicide
Xenicide collected $2.50 from pot
*** SUMMARY ***
Total pot $2.50 | Rake $0 
Seat 1: BoyLoc0 (button) folded before Flop (didn't bet)
Seat 2: v.sting (small blind) folded before Flop
Seat 3: sta$igk (big blind) folded before Flop
Seat 4: Evelexy1 folded before Flop (didn't bet)
Seat 6: Xenicide collected ($2.50)



PokerStars Hand #254469894841:  Hold'em No Limit ($0.50/$1.00 USD) - 2025/01/20 17:04:45 WET [2025/01/20 12:04:45 ET]
Table 'Panopaea IV' 6-max Seat #2 is the button
Seat 1: BoyLoc0 ($224.32 in chips) 
Seat 2: v.sting ($100 in chips) 
Seat 3: sta$igk ($118.12 in chips) 
Seat 4: Evelexy1 ($208.57 in chips) 
Seat 6: Xenicide ($101.50 in chips) 
sta$igk: posts small blind $0.50
Evelexy1: posts big blind $1
*** HOLE CARDS ***
Xenicide: folds 
BoyLoc0: folds 
v.sting: raises $1.10 to $2.10
sta$igk: raises $8.90 to $11
Evelexy1: folds 
v.sting: folds 
Uncalled bet ($8.90) returned to sta$igk
RAidakCo joins the table at seat #5 
sta$igk collected $5.20 from pot
sta$igk: doesn't show hand 
RAidakCo leaves the table
*** SUMMARY ***
Total pot $5.20 | Rake $0 
Seat 1: BoyLoc0 folded before Flop (didn't bet)
Seat 2: v.sting (button) folded before Flop
Seat 3: sta$igk (small blind) collected ($5.20)
Seat 4: Evelexy1 (big blind) folded before Flop
Seat 6: Xenicide folded before Flop (didn't bet)



PokerStars Hand #254469901521:  Hold'em No Limit ($0.50/$1.00 USD) - 2025/01/20 17:05:14 WET [2025/01/20 12:05:14 ET]
Table 'Panopaea IV' 6-max Seat #3 is the button
Seat 1: BoyLoc0 ($224.32 in chips) 
Seat 2: v.sting ($100 in chips) 
Seat 3: sta$igk ($121.22 in chips) 
Seat 4: Evelexy1 ($207.57 in chips) 
Seat 6: Xenicide ($101.50 in chips) 
Evelexy1: posts small blind $0.50
Xenicide: posts big blind $1
*** HOLE CARDS ***
BoyLoc0: folds 
v.sting: folds 
sta$igk: raises $1.50 to $2.50
Evelexy1: raises $9.45 to $11.95
Xenicide: folds 
sta$igk: calls $9.45
*** FLOP *** [Jc 7d 3c]
Evelexy1: bets $17.75
sta$igk: folds 
Uncalled bet ($17.75) returned to Evelexy1
Evelexy1 collected $23.66 from pot
Evelexy1: doesn't show hand 
*** SUMMARY ***
Total pot $24.90 | Rake $1.24 
Board [Jc 7d 3c]
Seat 1: BoyLoc0 folded before Flop (didn't bet)
Seat 2: v.sting folded before Flop (didn't bet)
Seat 3: sta$igk (button) folded on the Flop
Seat 4: Evelexy1 (small blind) collected ($23.66)
Seat 6: Xenicide (big blind) folded before Flop



PokerStars Hand #254469908774:  Hold'em No Limit ($0.50/$1.00 USD) - 2025/01/20 17:05:46 WET [2025/01/20 12:05:46 ET]
Table 'Panopaea IV' 6-max Seat #4 is the button
Seat 1: BoyLoc0 ($224.32 in chips) 
Seat 2: v.sting ($100 in chips) 
Seat 3: sta$igk ($109.27 in chips) 
Seat 4: Evelexy1 ($219.28 in chips) 
Seat 6: Xenicide ($100.50 in chips) 
Xenicide: posts small blind $0.50
BoyLoc0: posts big blind $1
*** HOLE CARDS ***
v.sting: folds 
sta$igk: folds 
Evelexy1: raises $1.50 to $2.50
Xenicide: folds 
Aescul@pius joins the table at seat #5 
BoyLoc0: folds 
Uncalled bet ($1.50) returned to Evelexy1
Evelexy1 collected $2.50 from pot
Evelexy1: doesn't show hand 
*** SUMMARY ***
Total pot $2.50 | Rake $0 
Seat 1: BoyLoc0 (big blind) folded before Flop
Seat 2: v.sting folded before Flop (didn't bet)
Seat 3: sta$igk folded before Flop (didn't bet)
Seat 4: Evelexy1 (button) collected ($2.50)
Seat 6: Xenicide (small blind) folded before Flop



PokerStars Hand #254469911836:  Hold'em No Limit ($0.50/$1.00 USD) - 2025/01/20 17:06:00 WET [2025/01/20 12:06:00 ET]
Table 'Panopaea IV' 6-max Seat #6 is the button
Seat 2: v.sting ($100 in chips) is sitting out
Seat 3: sta$igk ($109.27 in chips) is sitting out
Seat 5: Aescul@pius ($100 in chips) is sitting out
Seat 1: BoyLoc0 ($223.32 in chips) 
Seat 4: Evelexy1 ($220.78 in chips) 
Seat 6: Xenicide ($100 in chips) 
BoyLoc0: posts small blind $0.50
v.sting: is sitting out 
sta$igk: is sitting out 
Evelexy1: posts big blind $1
Aescul@pius: sits out 
*** HOLE CARDS ***
v.sting leaves the table
Xenicide: folds 
sta$igk leaves the table
BoyLoc0: folds 
Uncalled bet ($0.50) returned to Evelexy1
Evelexy1 collected $1 from pot
Evelexy1: doesn't show hand 
*** SUMMARY ***
Total pot $1 | Rake $0 
Seat 2: v.sting
Seat 3: sta$igk
Seat 5: Aescul@pius
Seat 1: BoyLoc0 (small blind) folded before Flop
Seat 4: Evelexy1 (big blind) collected ($1)
Seat 6: Xenicide (button) folded before Flop (didn't bet)



PokerStars Hand #254469915638:  Hold'em No Limit ($0.50/$1.00 USD) - 2025/01/20 17:06:17 WET [2025/01/20 12:06:17 ET]
Table 'Panopaea IV' 6-max Seat #1 is the button
Seat 1: BoyLoc0 ($222.82 in chips) 
Seat 4: Evelexy1 ($221.28 in chips) 
Seat 5: Aescul@pius ($100 in chips) 
Seat 6: Xenicide ($100 in chips) 
Evelexy1: posts small blind $0.50
Aescul@pius: posts big blind $1
*** HOLE CARDS ***
Xenicide: folds 
BoyLoc0: folds 
Evelexy1: raises $1.50 to $2.50
Aescul@pius: calls $1.50
*** FLOP *** [5d Kh 4h]
Evelexy1: checks 
Aescul@pius: bets $1.57
Evelexy1: folds 
Uncalled bet ($1.57) returned to Aescul@pius
Aescul@pius collected $4.75 from pot
Aescul@pius: doesn't show hand 
*** SUMMARY ***
Total pot $5 | Rake $0.25 
Board [5d Kh 4h]
Seat 1: BoyLoc0 (button) folded before Flop (didn't bet)
Seat 4: Evelexy1 (small blind) folded on the Flop
Seat 5: Aescul@pius (big blind) collected ($4.75)
Seat 6: Xenicide folded before Flop (didn't bet)



PokerStars Hand #254469920242:  Hold'em No Limit ($0.50/$1.00 USD) - 2025/01/20 17:06:37 WET [2025/01/20 12:06:37 ET]
Table 'Panopaea IV' 6-max Seat #4 is the button
Seat 1: BoyLoc0 ($222.82 in chips) 
Seat 4: Evelexy1 ($218.78 in chips) 
Seat 5: Aescul@pius ($102.25 in chips) 
Seat 6: Xenicide ($100 in chips) 
Aescul@pius: posts small blind $0.50
Xenicide: posts big blind $1
*** HOLE CARDS ***
BoyLoc0: folds 
Evelexy1: folds 
Aescul@pius: folds 
Uncalled bet ($0.50) returned to Xenicide
Xenicide collected $1 from pot
elcutez joins the table at seat #2 
elcutez is disconnected 
*** SUMMARY ***
Total pot $1 | Rake $0 
Seat 1: BoyLoc0 folded before Flop (didn't bet)
Seat 4: Evelexy1 (button) folded before Flop (didn't bet)
Seat 5: Aescul@pius (small blind) folded before Flop
Seat 6: Xenicide (big blind) collected ($1)



PokerStars Hand #254469922536:  Hold'em No Limit ($0.50/$1.00 USD) - 2025/01/20 17:06:48 WET [2025/01/20 12:06:48 ET]
Table 'Panopaea IV' 6-max Seat #5 is the button
Seat 1: BoyLoc0 ($222.82 in chips) is sitting out
Seat 2: elcutez ($100 in chips) 
Seat 4: Evelexy1 ($218.78 in chips) 
Seat 5: Aescul@pius ($101.75 in chips) 
Seat 6: Xenicide ($100.50 in chips) 
Xenicide: posts small blind $0.50
BoyLoc0: is sitting out 
elcutez: posts big blind $1
*** HOLE CARDS ***
Evelexy1: folds 
Aescul@pius: folds 
Xenicide: folds 
Uncalled bet ($0.50) returned to elcutez
elcutez collected $1 from pot
*** SUMMARY ***
Total pot $1 | Rake $0 
Seat 1: BoyLoc0
Seat 2: elcutez (big blind) collected ($1)
Seat 4: Evelexy1 folded before Flop (didn't bet)
Seat 5: Aescul@pius (button) folded before Flop (didn't bet)
Seat 6: Xenicide (small blind) folded before Flop



PokerStars Hand #254469924222:  Hold'em No Limit ($0.50/$1.00 USD) - 2025/01/20 17:06:55 WET [2025/01/20 12:06:55 ET]
Table 'Panopaea IV' 6-max Seat #6 is the button
Seat 1: BoyLoc0 ($222.82 in chips) is sitting out
Seat 2: elcutez ($100.50 in chips) 
Seat 4: Evelexy1 ($218.78 in chips) 
Seat 5: Aescul@pius ($101.75 in chips) 
Seat 6: Xenicide ($100 in chips) 
elcutez: posts small blind $0.50
Evelexy1: posts big blind $1
*** HOLE CARDS ***
Aescul@pius: folds 
Xenicide: raises $1.25 to $2.25
elcutez: raises $5.75 to $8
Evelexy1: folds 
Iospirate joins the table at seat #3 
Iospirate is disconnected 
Xenicide: folds 
Uncalled bet ($5.75) returned to elcutez
elcutez collected $5.50 from pot
*** SUMMARY ***
Total pot $5.50 | Rake $0 
Seat 1: BoyLoc0
Seat 2: elcutez (small blind) collected ($5.50)
Seat 4: Evelexy1 (big blind) folded before Flop
Seat 5: Aescul@pius folded before Flop (didn't bet)
Seat 6: Xenicide (button) folded before Flop



PokerStars Hand #254469931038:  Hold'em No Limit ($0.50/$1.00 USD) - 2025/01/20 17:07:25 WET [2025/01/20 12:07:25 ET]
Table 'Panopaea IV' 6-max Seat #2 is the button
Seat 1: BoyLoc0 ($222.82 in chips) is sitting out
Seat 3: Iospirate ($100 in chips) is sitting out
Seat 2: elcutez ($103.75 in chips) 
Seat 4: Evelexy1 ($217.78 in chips) 
Seat 5: Aescul@pius ($101.75 in chips) 
Seat 6: Xenicide ($100 in chips) 
Evelexy1: posts small blind $0.50
Aescul@pius: posts big blind $1
BoyLoc0: sits out 
*** HOLE CARDS ***
Xenicide: raises $1 to $2
elcutez: folds 
Evelexy1: folds 
Aescul@pius: folds 
Uncalled bet ($1) returned to Xenicide
Xenicide collected $2.50 from pot
*** SUMMARY ***
Total pot $2.50 | Rake $0 
Seat 1: BoyLoc0
Seat 3: Iospirate
Seat 2: elcutez (button) folded before Flop (didn't bet)
Seat 4: Evelexy1 (small blind) folded before Flop
Seat 5: Aescul@pius (big blind) folded before Flop
Seat 6: Xenicide collected ($2.50)



PokerStars Hand #254469933664:  Hold'em No Limit ($0.50/$1.00 USD) - 2025/01/20 17:07:36 WET [2025/01/20 12:07:36 ET]
Table 'Panopaea IV' 6-max Seat #4 is the button
Seat 3: Iospirate ($100 in chips) is sitting out
Seat 6: Xenicide ($101.50 in chips) is sitting out
Seat 1: BoyLoc0 ($222.82 in chips) 
Seat 2: elcutez ($103.75 in chips) 
Seat 4: Evelexy1 ($217.28 in chips) 
Seat 5: Aescul@pius ($100.75 in chips) 
Aescul@pius: posts small blind $0.50
Xenicide: is sitting out 
BoyLoc0: posts big blind $1
Iospirate: sits out 
*** HOLE CARDS ***
elcutez: raises $1.40 to $2.40
Evelexy1: folds 
Aescul@pius: folds 
Xenicide leaves the table
BoyLoc0: folds 
Uncalled bet ($1.40) returned to elcutez
dfino575 joins the table at seat #6 
elcutez collected $2.50 from pot
dfino575 is disconnected 
*** SUMMARY ***
Total pot $2.50 | Rake $0 
Seat 3: Iospirate
Seat 6: Xenicide
Seat 1: BoyLoc0 (big blind) folded before Flop
Seat 2: elcutez collected ($2.50)
Seat 4: Evelexy1 (button) folded before Flop (didn't bet)
Seat 5: Aescul@pius (small blind) folded before Flop



PokerStars Hand #254469938931:  Hold'em No Limit ($0.50/$1.00 USD) - 2025/01/20 17:08:00 WET [2025/01/20 12:08:00 ET]
Table 'Panopaea IV' 6-max Seat #5 is the button
Seat 3: Iospirate ($100 in chips) is sitting out
Seat 6: dfino575 ($100 in chips) is sitting out
Seat 1: BoyLoc0 ($221.82 in chips) 
Seat 2: elcutez ($105.25 in chips) 
Seat 4: Evelexy1 ($217.28 in chips) 
Seat 5: Aescul@pius ($100.25 in chips) 
BoyLoc0: posts small blind $0.50
elcutez: posts big blind $1
Iospirate: sits out 
*** HOLE CARDS ***
Evelexy1: folds 
Aescul@pius: raises $1 to $2
BoyLoc0: raises $7 to $9
elcutez: calls $8
Aescul@pius: folds 
*** FLOP *** [6c 6s 7d]
BoyLoc0: checks 
elcutez: checks 
*** TURN *** [6c 6s 7d] [2c]
BoyLoc0: checks 
elcutez: bets $9.50
BoyLoc0: calls $9.50
*** RIVER *** [6c 6s 7d 2c] [Qd]
BoyLoc0: checks 
elcutez: checks 
*** SHOW DOWN ***
BoyLoc0: shows [Ad Th] (a pair of Sixes)
elcutez: shows [9d 9h] (two pair, Nines and Sixes)
elcutez collected $38 from pot
*** SUMMARY ***
Total pot $39 | Rake $1 
Board [6c 6s 7d 2c Qd]
Seat 3: Iospirate
Seat 6: dfino575
Seat 1: BoyLoc0 (small blind) showed [Ad Th] and lost with a pair of Sixes
Seat 2: elcutez (big blind) showed [9d 9h] and won ($38) with two pair, Nines and Sixes
Seat 4: Evelexy1 folded before Flop (didn't bet)
Seat 5: Aescul@pius (button) folded before Flop



PokerStars Hand #254469948969:  Hold'em No Limit ($0.50/$1.00 USD) - 2025/01/20 17:08:44 WET [2025/01/20 12:08:44 ET]
Table 'Panopaea IV' 6-max Seat #1 is the button
Seat 1: BoyLoc0 ($203.32 in chips) 
Seat 2: elcutez ($124.75 in chips) 
Seat 3: Iospirate ($100 in chips) 
Seat 4: Evelexy1 ($217.28 in chips) 
Seat 5: Aescul@pius ($100 in chips) 
Seat 6: dfino575 ($100 in chips) 
elcutez: posts small blind $0.50
Iospirate: posts big blind $1
dfino575: posts big blind $1
*** HOLE CARDS ***
Evelexy1: folds 
Aescul@pius: folds 
dfino575: raises $2 to $3
BoyLoc0: folds 
elcutez: folds 
Iospirate: calls $2
*** FLOP *** [4h Ad Jc]
Iospirate: checks 
dfino575: bets $2
Iospirate: calls $2
*** TURN *** [4h Ad Jc] [2s]
Iospirate: checks 
dfino575: checks 
*** RIVER *** [4h Ad Jc 2s] [3h]
Iospirate: bets $4.99
dfino575: folds 
Uncalled bet ($4.99) returned to Iospirate
Iospirate collected $9.98 from pot
*** SUMMARY ***
Total pot $10.50 | Rake $0.52 
Board [4h Ad Jc 2s 3h]
Seat 1: BoyLoc0 (button) folded before Flop (didn't bet)
Seat 2: elcutez (small blind) folded before Flop
Seat 3: Iospirate (big blind) collected ($9.98)
Seat 4: Evelexy1 folded before Flop (didn't bet)
Seat 5: Aescul@pius folded before Flop (didn't bet)
Seat 6: dfino575 folded on the River



PokerStars Hand #254469956861:  Hold'em No Limit ($0.50/$1.00 USD) - 2025/01/20 17:09:19 WET [2025/01/20 12:09:19 ET]
Table 'Panopaea IV' 6-max Seat #2 is the button
Seat 1: BoyLoc0 ($203.32 in chips) 
Seat 2: elcutez ($124.25 in chips) 
Seat 3: Iospirate ($104.98 in chips) 
Seat 4: Evelexy1 ($217.28 in chips) 
Seat 5: Aescul@pius ($100 in chips) 
Seat 6: dfino575 ($95 in chips) 
Iospirate: posts small blind $0.50
Evelexy1: posts big blind $1
*** HOLE CARDS ***
Aescul@pius: folds 
dfino575: folds 
BoyLoc0: folds 
elcutez: folds 
Iospirate: folds 
Uncalled bet ($0.50) returned to Evelexy1
Evelexy1 collected $1 from pot
Evelexy1: doesn't show hand 
*** SUMMARY ***
Total pot $1 | Rake $0 
Seat 1: BoyLoc0 folded before Flop (didn't bet)
Seat 2: elcutez (button) folded before Flop (didn't bet)
Seat 3: Iospirate (small blind) folded before Flop
Seat 4: Evelexy1 (big blind) collected ($1)
Seat 5: Aescul@pius folded before Flop (didn't bet)
Seat 6: dfino575 folded before Flop (didn't bet)



PokerStars Hand #254469963039:  Hold'em No Limit ($0.50/$1.00 USD) - 2025/01/20 17:09:46 WET [2025/01/20 12:09:46 ET]
Table 'Panopaea IV' 6-max Seat #3 is the button
Seat 1: BoyLoc0 ($203.32 in chips) 
Seat 2: elcutez ($124.25 in chips) 
Seat 3: Iospirate ($104.48 in chips) 
Seat 4: Evelexy1 ($217.78 in chips) 
Seat 5: Aescul@pius ($100 in chips) 
Seat 6: dfino575 ($95 in chips) 
Evelexy1: posts small blind $0.50
Aescul@pius: posts big blind $1
*** HOLE CARDS ***
dfino575: calls $1
BoyLoc0: folds 
elcutez: folds 
Iospirate: folds 
Evelexy1: calls $0.50
Aescul@pius: checks 
*** FLOP *** [Ad Kh Ts]
Evelexy1: checks 
Aescul@pius: checks 
dfino575: bets $2.85
Evelexy1: calls $2.85
Aescul@pius: folds 
*** TURN *** [Ad Kh Ts] [7s]
Evelexy1: checks 
dfino575: bets $8.26
Evelexy1: folds 
Uncalled bet ($8.26) returned to dfino575
dfino575 collected $8.26 from pot
*** SUMMARY ***
Total pot $8.70 | Rake $0.44 
Board [Ad Kh Ts 7s]
Seat 1: BoyLoc0 folded before Flop (didn't bet)
Seat 2: elcutez folded before Flop (didn't bet)
Seat 3: Iospirate (button) folded before Flop (didn't bet)
Seat 4: Evelexy1 (small blind) folded on the Turn
Seat 5: Aescul@pius (big blind) folded on the Flop
Seat 6: dfino575 collected ($8.26)



PokerStars Hand #254469970144:  Hold'em No Limit ($0.50/$1.00 USD) - 2025/01/20 17:10:17 WET [2025/01/20 12:10:17 ET]
Table 'Panopaea IV' 6-max Seat #4 is the button
Seat 1: BoyLoc0 ($203.32 in chips) 
Seat 2: elcutez ($124.25 in chips) 
Seat 3: Iospirate ($104.48 in chips) 
Seat 4: Evelexy1 ($213.93 in chips) 
Seat 5: Aescul@pius ($100 in chips) 
Seat 6: dfino575 ($99.41 in chips) 
Aescul@pius: posts small blind $0.50
dfino575: posts big blind $1
*** HOLE CARDS ***
BoyLoc0: folds 
elcutez: raises $2 to $3
Iospirate: folds 
Evelexy1: calls $3
Aescul@pius: raises $11 to $14
dfino575: folds 
elcutez: folds 
Evelexy1: folds 
Uncalled bet ($11) returned to Aescul@pius
Aescul@pius collected $10 from pot
Aescul@pius: doesn't show hand 
*** SUMMARY ***
Total pot $10 | Rake $0 
Seat 1: BoyLoc0 folded before Flop (didn't bet)
Seat 2: elcutez folded before Flop
Seat 3: Iospirate folded before Flop (didn't bet)
Seat 4: Evelexy1 (button) folded before Flop
Seat 5: Aescul@pius (small blind) collected ($10)
Seat 6: dfino575 (big blind) folded before Flop



PokerStars Hand #254469979998:  Hold'em No Limit ($0.50/$1.00 USD) - 2025/01/20 17:11:00 WET [2025/01/20 12:11:00 ET]
Table 'Panopaea IV' 6-max Seat #5 is the button
Seat 1: BoyLoc0 ($203.32 in chips) 
Seat 2: elcutez ($121.25 in chips) 
Seat 3: Iospirate ($104.48 in chips) 
Seat 4: Evelexy1 ($210.93 in chips) 
Seat 5: Aescul@pius ($107 in chips) 
Seat 6: dfino575 ($98.41 in chips) 
dfino575: posts small blind $0.50
BoyLoc0: posts big blind $1
*** HOLE CARDS ***
elcutez: folds 
Iospirate: folds 
Evelexy1: folds 
Aescul@pius: folds 
dfino575: raises $2 to $3
BoyLoc0: folds 
Uncalled bet ($2) returned to dfino575
dfino575 collected $2 from pot
*** SUMMARY ***
Total pot $2 | Rake $0 
Seat 1: BoyLoc0 (big blind) folded before Flop
Seat 2: elcutez folded before Flop (didn't bet)
Seat 3: Iospirate folded before Flop (didn't bet)
Seat 4: Evelexy1 folded before Flop (didn't bet)
Seat 5: Aescul@pius (button) folded before Flop (didn't bet)
Seat 6: dfino575 (small blind) collected ($2)



PokerStars Hand #254469982917:  Hold'em No Limit ($0.50/$1.00 USD) - 2025/01/20 17:11:12 WET [2025/01/20 12:11:12 ET]
Table 'Panopaea IV' 6-max Seat #6 is the button
Seat 1: BoyLoc0 ($202.32 in chips) 
Seat 2: elcutez ($121.25 in chips) 
Seat 3: Iospirate ($104.48 in chips) 
Seat 4: Evelexy1 ($210.93 in chips) 
Seat 5: Aescul@pius ($107 in chips) 
Seat 6: dfino575 ($99.41 in chips) 
BoyLoc0: posts small blind $0.50
elcutez: posts big blind $1
*** HOLE CARDS ***
Iospirate: calls $1
Evelexy1: folds 
Aescul@pius: folds 
dfino575: folds 
BoyLoc0: folds 
elcutez: checks 
*** FLOP *** [Jd 5c 9c]
elcutez: checks 
Iospirate: checks 
*** TURN *** [Jd 5c 9c] [6s]
elcutez: bets $2.38
dfino575 leaves the table
Iospirate: folds 
Uncalled bet ($2.38) returned to elcutez
elcutez collected $2.38 from pot
*** SUMMARY ***
Total pot $2.50 | Rake $0.12 
Board [Jd 5c 9c 6s]
Seat 1: BoyLoc0 (small blind) folded before Flop
Seat 2: elcutez (big blind) collected ($2.38)
Seat 3: Iospirate folded on the Turn
Seat 4: Evelexy1 folded before Flop (didn't bet)
Seat 5: Aescul@pius folded before Flop (didn't bet)
Seat 6: dfino575 (button) folded before Flop (didn't bet)



PokerStars Hand #254469989963:  Hold'em No Limit ($0.50/$1.00 USD) - 2025/01/20 17:11:42 WET [2025/01/20 12:11:42 ET]
Table 'Panopaea IV' 6-max Seat #1 is the button
Seat 1: BoyLoc0 ($201.82 in chips) 
Seat 2: elcutez ($122.63 in chips) 
Seat 3: Iospirate ($103.48 in chips) 
Seat 4: Evelexy1 ($210.93 in chips) 
Seat 5: Aescul@pius ($107 in chips) 
elcutez: posts small blind $0.50
Iospirate: posts big blind $1
*** HOLE CARDS ***
Evelexy1: folds 
Aescul@pius: folds 
BoyLoc0: raises $1.50 to $2.50
elcutez: folds 
Iospirate: calls $1.50
*** FLOP *** [2d 8s Kd]
Iospirate: checks 
BoyLoc0: bets $1.72
Iospirate: calls $1.72
*** TURN *** [2d 8s Kd] [7d]
Pon4uk.ua joins the table at seat #6 
Iospirate: checks 
BoyLoc0: checks 
*** RIVER *** [2d 8s Kd 7d] [6h]
Iospirate: bets $4.25
BoyLoc0: folds 
Uncalled bet ($4.25) returned to Iospirate
Iospirate collected $8.49 from pot
*** SUMMARY ***
Total pot $8.94 | Rake $0.45 
Board [2d 8s Kd 7d 6h]
Seat 1: BoyLoc0 (button) folded on the River
Seat 2: elcutez (small blind) folded before Flop
Seat 3: Iospirate (big blind) collected ($8.49)
Seat 4: Evelexy1 folded before Flop (didn't bet)
Seat 5: Aescul@pius folded before Flop (didn't bet)



PokerStars Hand #254470001517:  Hold'em No Limit ($0.50/$1.00 USD) - 2025/01/20 17:12:31 WET [2025/01/20 12:12:31 ET]
Table 'Panopaea IV' 6-max Seat #2 is the button
Seat 6: Pon4uk.ua ($100 in chips) is sitting out
Seat 1: BoyLoc0 ($197.60 in chips) 
Seat 2: elcutez ($122.13 in chips) 
Seat 3: Iospirate ($107.75 in chips) 
Seat 4: Evelexy1 ($210.93 in chips) 
Seat 5: Aescul@pius ($107 in chips) 
Iospirate: posts small blind $0.50
Evelexy1: posts big blind $1
Pon4uk.ua: sits out 
*** HOLE CARDS ***
Aescul@pius: folds 
BoyLoc0: raises $1.50 to $2.50
elcutez: calls $2.50
Iospirate: folds 
Evelexy1: calls $1.50
*** FLOP *** [5d 3c Td]
Evelexy1: checks 
BoyLoc0: checks 
elcutez: bets $4
Evelexy1: calls $4
BoyLoc0: folds 
*** TURN *** [5d 3c Td] [Qs]
Evelexy1: checks 
elcutez: bets $15.20
Evelexy1: folds 
Uncalled bet ($15.20) returned to elcutez
elcutez collected $15.20 from pot
*** SUMMARY ***
Total pot $16 | Rake $0.80 
Board [5d 3c Td Qs]
Seat 6: Pon4uk.ua
Seat 1: BoyLoc0 folded on the Flop
Seat 2: elcutez (button) collected ($15.20)
Seat 3: Iospirate (small blind) folded before Flop
Seat 4: Evelexy1 (big blind) folded on the Turn
Seat 5: Aescul@pius folded before Flop (didn't bet)



PokerStars Hand #254470012938:  Hold'em No Limit ($0.50/$1.00 USD) - 2025/01/20 17:13:18 WET [2025/01/20 12:13:18 ET]
Table 'Panopaea IV' 6-max Seat #3 is the button
Seat 6: Pon4uk.ua ($100 in chips) is sitting out
Seat 1: BoyLoc0 ($195.10 in chips) 
Seat 2: elcutez ($130.83 in chips) 
Seat 3: Iospirate ($107.25 in chips) 
Seat 4: Evelexy1 ($204.43 in chips) 
Seat 5: Aescul@pius ($107 in chips) 
Evelexy1: posts small blind $0.50
Aescul@pius: posts big blind $1
Pon4uk.ua: sits out 
*** HOLE CARDS ***
BoyLoc0: folds 
elcutez: raises $2 to $3
Iospirate: folds 
Evelexy1: folds 
Aescul@pius: folds 
Uncalled bet ($2) returned to elcutez
elcutez collected $2.50 from pot
*** SUMMARY ***
Total pot $2.50 | Rake $0 
Seat 6: Pon4uk.ua
Seat 1: BoyLoc0 folded before Flop (didn't bet)
Seat 2: elcutez collected ($2.50)
Seat 3: Iospirate (button) folded before Flop (didn't bet)
Seat 4: Evelexy1 (small blind) folded before Flop
Seat 5: Aescul@pius (big blind) folded before Flop



PokerStars Hand #254470016619:  Hold'em No Limit ($0.50/$1.00 USD) - 2025/01/20 17:13:34 WET [2025/01/20 12:13:34 ET]
Table 'Panopaea IV' 6-max Seat #4 is the button
Seat 1: BoyLoc0 ($195.10 in chips) 
Seat 2: elcutez ($132.33 in chips) 
Seat 3: Iospirate ($107.25 in chips) 
Seat 4: Evelexy1 ($203.93 in chips) 
Seat 5: Aescul@pius ($106 in chips) 
Seat 6: Pon4uk.ua ($100 in chips) 
Aescul@pius: posts small blind $0.50
Pon4uk.ua: posts big blind $1
*** HOLE CARDS ***
BoyLoc0: folds 
elcutez: raises $2 to $3
Iospirate: folds 
Evelexy1: raises $6 to $9
Aescul@pius: folds 
Pon4uk.ua: folds 
elcutez: calls $6
*** FLOP *** [Qd 6d Qh]
elcutez: checks 
Evelexy1: bets $9.26
elcutez: calls $9.26
*** TURN *** [Qd 6d Qh] [4h]
elcutez: checks 
Evelexy1: bets $27.09
elcutez: folds 
Uncalled bet ($27.09) returned to Evelexy1
Evelexy1 collected $36.12 from pot
Evelexy1: doesn't show hand 
*** SUMMARY ***
Total pot $38.02 | Rake $1.90 
Board [Qd 6d Qh 4h]
Seat 1: BoyLoc0 folded before Flop (didn't bet)
Seat 2: elcutez folded on the Turn
Seat 3: Iospirate folded before Flop (didn't bet)
Seat 4: Evelexy1 (button) collected ($36.12)
Seat 5: Aescul@pius (small blind) folded before Flop
Seat 6: Pon4uk.ua (big blind) folded before Flop



PokerStars Hand #254470025697:  Hold'em No Limit ($0.50/$1.00 USD) - 2025/01/20 17:14:12 WET [2025/01/20 12:14:12 ET]
Table 'Panopaea IV' 6-max Seat #5 is the button
Seat 1: BoyLoc0 ($195.10 in chips) 
Seat 2: elcutez ($114.07 in chips) 
Seat 3: Iospirate ($107.25 in chips) 
Seat 4: Evelexy1 ($221.79 in chips) 
Seat 5: Aescul@pius ($105.50 in chips) 
Seat 6: Pon4uk.ua ($100 in chips) 
Pon4uk.ua: posts small blind $0.50
BoyLoc0: posts big blind $1
*** HOLE CARDS ***
elcutez: folds 
Iospirate: folds 
Evelexy1: folds 
Aescul@pius: folds 
Pon4uk.ua: folds 
Uncalled bet ($0.50) returned to BoyLoc0
BoyLoc0 collected $1 from pot
BoyLoc0: doesn't show hand 
*** SUMMARY ***
Total pot $1 | Rake $0 
Seat 1: BoyLoc0 (big blind) collected ($1)
Seat 2: elcutez folded before Flop (didn't bet)
Seat 3: Iospirate folded before Flop (didn't bet)
Seat 4: Evelexy1 folded before Flop (didn't bet)
Seat 5: Aescul@pius (button) folded before Flop (didn't bet)
Seat 6: Pon4uk.ua (small blind) folded before Flop



PokerStars Hand #254470030753:  Hold'em No Limit ($0.50/$1.00 USD) - 2025/01/20 17:14:32 WET [2025/01/20 12:14:32 ET]
Table 'Panopaea IV' 6-max Seat #6 is the button
Seat 1: BoyLoc0 ($195.60 in chips) 
Seat 2: elcutez ($114.07 in chips) 
Seat 3: Iospirate ($107.25 in chips) 
Seat 4: Evelexy1 ($221.79 in chips) 
Seat 5: Aescul@pius ($105.50 in chips) 
Seat 6: Pon4uk.ua ($100 in chips) 
BoyLoc0: posts small blind $0.50
elcutez: posts big blind $1
*** HOLE CARDS ***
Iospirate: folds 
Evelexy1: folds 
Aescul@pius: folds 
Pon4uk.ua: raises $1.50 to $2.50
BoyLoc0: folds 
elcutez: raises $5.50 to $8
Pon4uk.ua: folds 
Uncalled bet ($5.50) returned to elcutez
elcutez collected $5.50 from pot
*** SUMMARY ***
Total pot $5.50 | Rake $0 
Seat 1: BoyLoc0 (small blind) folded before Flop
Seat 2: elcutez (big blind) collected ($5.50)
Seat 3: Iospirate folded before Flop (didn't bet)
Seat 4: Evelexy1 folded before Flop (didn't bet)
Seat 5: Aescul@pius folded before Flop (didn't bet)
Seat 6: Pon4uk.ua (button) folded before Flop



PokerStars Hand #254470037505:  Hold'em No Limit ($0.50/$1.00 USD) - 2025/01/20 17:15:00 WET [2025/01/20 12:15:00 ET]
Table 'Panopaea IV' 6-max Seat #1 is the button
Seat 1: BoyLoc0 ($195.10 in chips) 
Seat 2: elcutez ($117.07 in chips) 
Seat 3: Iospirate ($107.25 in chips) 
Seat 4: Evelexy1 ($221.79 in chips) 
Seat 5: Aescul@pius ($105.50 in chips) 
Seat 6: Pon4uk.ua ($100 in chips) 
elcutez: posts small blind $0.50
Iospirate: posts big blind $1
*** HOLE CARDS ***
Evelexy1: raises $1 to $2
Aescul@pius: folds 
Pon4uk.ua: folds 
BoyLoc0: folds 
elcutez: folds 
Iospirate: calls $1
*** FLOP *** [4c 2s 4d]
Iospirate: checks 
Evelexy1: checks 
*** TURN *** [4c 2s 4d] [9s]
Iospirate: checks 
Evelexy1: checks 
*** RIVER *** [4c 2s 4d 9s] [Ac]
Iospirate: checks 
Evelexy1: checks 
*** SHOW DOWN ***
Iospirate: shows [5c 8c] (a pair of Fours)
Evelexy1: shows [Qd Th] (a pair of Fours - Ace+Queen kicker)
Evelexy1 collected $4.28 from pot
*** SUMMARY ***
Total pot $4.50 | Rake $0.22 
Board [4c 2s 4d 9s Ac]
Seat 1: BoyLoc0 (button) folded before Flop (didn't bet)
Seat 2: elcutez (small blind) folded before Flop
Seat 3: Iospirate (big blind) showed [5c 8c] and lost with a pair of Fours
Seat 4: Evelexy1 showed [Qd Th] and won ($4.28) with a pair of Fours
Seat 5: Aescul@pius folded before Flop (didn't bet)
Seat 6: Pon4uk.ua folded before Flop (didn't bet)



PokerStars Hand #254470046398:  Hold'em No Limit ($0.50/$1.00 USD) - 2025/01/20 17:15:37 WET [2025/01/20 12:15:37 ET]
Table 'Panopaea IV' 6-max Seat #2 is the button
Seat 1: BoyLoc0 ($195.10 in chips) 
Seat 2: elcutez ($116.57 in chips) 
Seat 3: Iospirate ($105.25 in chips) 
Seat 4: Evelexy1 ($224.07 in chips) 
Seat 5: Aescul@pius ($105.50 in chips) 
Seat 6: Pon4uk.ua ($100 in chips) 
Iospirate: posts small blind $0.50
Evelexy1: posts big blind $1
*** HOLE CARDS ***
Aescul@pius: folds 
Pon4uk.ua: folds 
BoyLoc0: raises $1.50 to $2.50
elcutez: folds 
Iospirate: folds 
Evelexy1: folds 
Uncalled bet ($1.50) returned to BoyLoc0
BoyLoc0 collected $2.50 from pot
BoyLoc0: doesn't show hand 
*** SUMMARY ***
Total pot $2.50 | Rake $0 
Seat 1: BoyLoc0 collected ($2.50)
Seat 2: elcutez (button) folded before Flop (didn't bet)
Seat 3: Iospirate (small blind) folded before Flop
Seat 4: Evelexy1 (big blind) folded before Flop
Seat 5: Aescul@pius folded before Flop (didn't bet)
Seat 6: Pon4uk.ua folded before Flop (didn't bet)



PokerStars Hand #254470051566:  Hold'em No Limit ($0.50/$1.00 USD) - 2025/01/20 17:15:58 WET [2025/01/20 12:15:58 ET]
Table 'Panopaea IV' 6-max Seat #3 is the button
Seat 1: BoyLoc0 ($196.60 in chips) 
Seat 2: elcutez ($116.57 in chips) 
Seat 3: Iospirate ($104.75 in chips) 
Seat 4: Evelexy1 ($223.07 in chips) 
Seat 5: Aescul@pius ($105.50 in chips) 
Seat 6: Pon4uk.ua ($100 in chips) 
Evelexy1: posts small blind $0.50
Aescul@pius: posts big blind $1
*** HOLE CARDS ***
Pon4uk.ua: folds 
BoyLoc0: folds 
elcutez: folds 
Iospirate: folds 
Evelexy1: folds 
Uncalled bet ($0.50) returned to Aescul@pius
Aescul@pius collected $1 from pot
Aescul@pius: doesn't show hand 
*** SUMMARY ***
Total pot $1 | Rake $0 
Seat 1: BoyLoc0 folded before Flop (didn't bet)
Seat 2: elcutez folded before Flop (didn't bet)
Seat 3: Iospirate (button) folded before Flop (didn't bet)
Seat 4: Evelexy1 (small blind) folded before Flop
Seat 5: Aescul@pius (big blind) collected ($1)
Seat 6: Pon4uk.ua folded before Flop (didn't bet)



PokerStars Hand #254470055500:  Hold'em No Limit ($0.50/$1.00 USD) - 2025/01/20 17:16:14 WET [2025/01/20 12:16:14 ET]
Table 'Panopaea IV' 6-max Seat #4 is the button
Seat 1: BoyLoc0 ($196.60 in chips) 
Seat 2: elcutez ($116.57 in chips) 
Seat 3: Iospirate ($104.75 in chips) 
Seat 4: Evelexy1 ($222.57 in chips) 
Seat 5: Aescul@pius ($106 in chips) 
Seat 6: Pon4uk.ua ($100 in chips) 
Aescul@pius: posts small blind $0.50
Pon4uk.ua: posts big blind $1
*** HOLE CARDS ***
BoyLoc0: raises $1.50 to $2.50
elcutez: folds 
Iospirate: folds 
Evelexy1: folds 
Aescul@pius: folds 
Pon4uk.ua: folds 
Uncalled bet ($1.50) returned to BoyLoc0
BoyLoc0 collected $2.50 from pot
BoyLoc0: doesn't show hand 
*** SUMMARY ***
Total pot $2.50 | Rake $0 
Seat 1: BoyLoc0 collected ($2.50)
Seat 2: elcutez folded before Flop (didn't bet)
Seat 3: Iospirate folded before Flop (didn't bet)
Seat 4: Evelexy1 (button) folded before Flop (didn't bet)
Seat 5: Aescul@pius (small blind) folded before Flop
Seat 6: Pon4uk.ua (big blind) folded before Flop



PokerStars Hand #254470060862:  Hold'em No Limit ($0.50/$1.00 USD) - 2025/01/20 17:16:36 WET [2025/01/20 12:16:36 ET]
Table 'Panopaea IV' 6-max Seat #5 is the button
Seat 2: elcutez ($116.57 in chips) is sitting out
Seat 1: BoyLoc0 ($198.10 in chips) 
Seat 3: Iospirate ($104.75 in chips) 
Seat 4: Evelexy1 ($222.57 in chips) 
Seat 5: Aescul@pius ($105.50 in chips) 
Seat 6: Pon4uk.ua ($100 in chips) 
Pon4uk.ua: posts small blind $0.50
BoyLoc0: posts big blind $1
*** HOLE CARDS ***
Iospirate: folds 
Evelexy1: raises $1.50 to $2.50
Aescul@pius: folds 
Pon4uk.ua: folds 
BoyLoc0: calls $1.50
*** FLOP *** [Tc 2h Ac]
BoyLoc0: checks 
Evelexy1: bets $1.74
BoyLoc0: folds 
Uncalled bet ($1.74) returned to Evelexy1
Evelexy1 collected $5.22 from pot
Evelexy1: doesn't show hand 
*** SUMMARY ***
Total pot $5.50 | Rake $0.28 
Board [Tc 2h Ac]
Seat 2: elcutez
Seat 1: BoyLoc0 (big blind) folded on the Flop
Seat 3: Iospirate folded before Flop (didn't bet)
Seat 4: Evelexy1 collected ($5.22)
Seat 5: Aescul@pius (button) folded before Flop (didn't bet)
Seat 6: Pon4uk.ua (small blind) folded before Flop



PokerStars Hand #254470069402:  Hold'em No Limit ($0.50/$1.00 USD) - 2025/01/20 17:17:12 WET [2025/01/20 12:17:12 ET]
Table 'Panopaea IV' 6-max Seat #6 is the button
Seat 2: elcutez ($116.57 in chips) is sitting out
Seat 1: BoyLoc0 ($195.60 in chips) 
Seat 3: Iospirate ($104.75 in chips) 
Seat 4: Evelexy1 ($225.29 in chips) 
Seat 5: Aescul@pius ($105.50 in chips) 
Seat 6: Pon4uk.ua ($100 in chips) 
BoyLoc0: posts small blind $0.50
Iospirate: posts big blind $1
*** HOLE CARDS ***
Evelexy1: raises $1 to $2
Aescul@pius: folds 
Pon4uk.ua: calls $2
BoyLoc0: folds 
Iospirate: folds 
*** FLOP *** [6c 9d 2h]
Evelexy1: bets $1.74
elcutez is disconnected 
Pon4uk.ua: raises $4.35 to $6.09
Evelexy1: calls $4.35
*** TURN *** [6c 9d 2h] [Th]
Evelexy1: checks 
Pon4uk.ua: bets $5.54
Evelexy1: calls $5.54
*** RIVER *** [6c 9d 2h Th] [4d]
Evelexy1: checks 
Pon4uk.ua: checks 
*** SHOW DOWN ***
Evelexy1: shows [8h 9h] (a pair of Nines)
Pon4uk.ua: shows [Kc 9c] (a pair of Nines - King kicker)
Pon4uk.ua collected $27.32 from pot
*** SUMMARY ***
Total pot $28.76 | Rake $1.44 
Board [6c 9d 2h Th 4d]
Seat 2: elcutez
Seat 1: BoyLoc0 (small blind) folded before Flop
Seat 3: Iospirate (big blind) folded before Flop
Seat 4: Evelexy1 showed [8h 9h] and lost with a pair of Nines
Seat 5: Aescul@pius folded before Flop (didn't bet)
Seat 6: Pon4uk.ua (button) showed [Kc 9c] and won ($27.32) with a pair of Nines



PokerStars Hand #254470080712:  Hold'em No Limit ($0.50/$1.00 USD) - 2025/01/20 17:17:58 WET [2025/01/20 12:17:58 ET]
Table 'Panopaea IV' 6-max Seat #1 is the button
Seat 2: elcutez ($116.57 in chips) is sitting out
Seat 1: BoyLoc0 ($195.10 in chips) 
Seat 3: Iospirate ($103.75 in chips) 
Seat 4: Evelexy1 ($211.66 in chips) 
Seat 5: Aescul@pius ($105.50 in chips) 
Seat 6: Pon4uk.ua ($113.69 in chips) 
Iospirate: posts small blind $0.50
Evelexy1: posts big blind $1
*** HOLE CARDS ***
Aescul@pius: folds 
Pon4uk.ua: raises $1.50 to $2.50
BoyLoc0: folds 
Iospirate: calls $2
Evelexy1: folds 
*** FLOP *** [Ks 6c Qc]
Iospirate: checks 
Pon4uk.ua: bets $2.85
Iospirate: raises $2.85 to $5.70
Pon4uk.ua: calls $2.85
*** TURN *** [Ks 6c Qc] [Ts]
Iospirate: bets $12
Pon4uk.ua: calls $12
*** RIVER *** [Ks 6c Qc Ts] [5c]
Iospirate: checks 
Pon4uk.ua: bets $19.67
Iospirate: calls $19.67
*** SHOW DOWN ***
Pon4uk.ua: shows [Ac 7c] (a flush, Ace high)
Iospirate: mucks hand 
Pon4uk.ua collected $78.24 from pot
*** SUMMARY ***
Total pot $80.74 | Rake $2.50 
Board [Ks 6c Qc Ts 5c]
Seat 2: elcutez
Seat 1: BoyLoc0 (button) folded before Flop (didn't bet)
Seat 3: Iospirate (small blind) mucked
Seat 4: Evelexy1 (big blind) folded before Flop
Seat 5: Aescul@pius folded before Flop (didn't bet)
Seat 6: Pon4uk.ua showed [Ac 7c] and won ($78.24) with a flush, Ace high



PokerStars Hand #254470103654:  Hold'em No Limit ($0.50/$1.00 USD) - 2025/01/20 17:19:30 WET [2025/01/20 12:19:30 ET]
Table 'Panopaea IV' 6-max Seat #3 is the button
Seat 2: elcutez ($116.57 in chips) is sitting out
Seat 1: BoyLoc0 ($195.10 in chips) 
Seat 3: Iospirate ($63.88 in chips) 
Seat 4: Evelexy1 ($210.66 in chips) 
Seat 5: Aescul@pius ($105.50 in chips) 
Seat 6: Pon4uk.ua ($152.06 in chips) 
Evelexy1: posts small blind $0.50
Aescul@pius: posts big blind $1
*** HOLE CARDS ***
Pon4uk.ua: folds 
BoyLoc0: raises $1.50 to $2.50
Iospirate: raises $5.50 to $8
Evelexy1: folds 
Aescul@pius: folds 
BoyLoc0: folds 
Uncalled bet ($5.50) returned to Iospirate
Iospirate collected $6.50 from pot
*** SUMMARY ***
Total pot $6.50 | Rake $0 
Seat 2: elcutez
Seat 1: BoyLoc0 folded before Flop
Seat 3: Iospirate (button) collected ($6.50)
Seat 4: Evelexy1 (small blind) folded before Flop
Seat 5: Aescul@pius (big blind) folded before Flop
Seat 6: Pon4uk.ua folded before Flop (didn't bet)



PokerStars Hand #254470110150:  Hold'em No Limit ($0.50/$1.00 USD) - 2025/01/20 17:19:56 WET [2025/01/20 12:19:56 ET]
Table 'Panopaea IV' 6-max Seat #4 is the button
Seat 2: elcutez ($116.57 in chips) is sitting out
Seat 1: BoyLoc0 ($192.60 in chips) 
Seat 3: Iospirate ($67.88 in chips) 
Seat 4: Evelexy1 ($210.16 in chips) 
Seat 5: Aescul@pius ($104.50 in chips) 
Seat 6: Pon4uk.ua ($152.06 in chips) 
Aescul@pius: posts small blind $0.50
Pon4uk.ua: posts big blind $1
*** HOLE CARDS ***
BoyLoc0: folds 
Iospirate: folds 
Evelexy1: raises $1.50 to $2.50
Aescul@pius: folds 
Pon4uk.ua: folds 
Uncalled bet ($1.50) returned to Evelexy1
Evelexy1 collected $2.50 from pot
Evelexy1: doesn't show hand 
*** SUMMARY ***
Total pot $2.50 | Rake $0 
Seat 2: elcutez
Seat 1: BoyLoc0 folded before Flop (didn't bet)
Seat 3: Iospirate folded before Flop (didn't bet)
Seat 4: Evelexy1 (button) collected ($2.50)
Seat 5: Aescul@pius (small blind) folded before Flop
Seat 6: Pon4uk.ua (big blind) folded before Flop



PokerStars Hand #254470116073:  Hold'em No Limit ($0.50/$1.00 USD) - 2025/01/20 17:20:20 WET [2025/01/20 12:20:20 ET]
Table 'Panopaea IV' 6-max Seat #5 is the button
Seat 2: elcutez ($116.57 in chips) is sitting out
Seat 1: BoyLoc0 ($192.60 in chips) 
Seat 3: Iospirate ($67.88 in chips) 
Seat 4: Evelexy1 ($211.66 in chips) 
Seat 5: Aescul@pius ($104 in chips) 
Seat 6: Pon4uk.ua ($151.06 in chips) 
Pon4uk.ua: posts small blind $0.50
BoyLoc0: posts big blind $1
*** HOLE CARDS ***
Iospirate: folds 
Evelexy1: folds 
Aescul@pius: raises $1.50 to $2.50
Pon4uk.ua: folds 
BoyLoc0: folds 
Uncalled bet ($1.50) returned to Aescul@pius
Aescul@pius collected $2.50 from pot
Aescul@pius: doesn't show hand 
*** SUMMARY ***
Total pot $2.50 | Rake $0 
Seat 2: elcutez
Seat 1: BoyLoc0 (big blind) folded before Flop
Seat 3: Iospirate folded before Flop (didn't bet)
Seat 4: Evelexy1 folded before Flop (didn't bet)
Seat 5: Aescul@pius (button) collected ($2.50)
Seat 6: Pon4uk.ua (small blind) folded before Flop



PokerStars Hand #254470124996:  Hold'em No Limit ($0.50/$1.00 USD) - 2025/01/20 17:20:57 WET [2025/01/20 12:20:57 ET]
Table 'Panopaea IV' 6-max Seat #6 is the button
Seat 2: elcutez ($116.57 in chips) is sitting out
Seat 1: BoyLoc0 ($191.60 in chips) 
Seat 3: Iospirate ($67.88 in chips) 
Seat 4: Evelexy1 ($211.66 in chips) 
Seat 5: Aescul@pius ($105.50 in chips) 
Seat 6: Pon4uk.ua ($150.56 in chips) 
BoyLoc0: posts small blind $0.50
Iospirate: posts big blind $1
*** HOLE CARDS ***
Evelexy1: folds 
Aescul@pius: folds 
Pon4uk.ua: folds 
BoyLoc0: raises $2 to $3
Iospirate: folds 
Uncalled bet ($2) returned to BoyLoc0
BoyLoc0 collected $2 from pot
BoyLoc0: doesn't show hand 
*** SUMMARY ***
Total pot $2 | Rake $0 
Seat 2: elcutez
Seat 1: BoyLoc0 (small blind) collected ($2)
Seat 3: Iospirate (big blind) folded before Flop
Seat 4: Evelexy1 folded before Flop (didn't bet)
Seat 5: Aescul@pius folded before Flop (didn't bet)
Seat 6: Pon4uk.ua (button) folded before Flop (didn't bet)



PokerStars Hand #254470129430:  Hold'em No Limit ($0.50/$1.00 USD) - 2025/01/20 17:21:14 WET [2025/01/20 12:21:14 ET]
Table 'Panopaea IV' 6-max Seat #1 is the button
Seat 2: elcutez ($116.57 in chips) is sitting out
Seat 1: BoyLoc0 ($192.60 in chips) 
Seat 3: Iospirate ($66.88 in chips) 
Seat 4: Evelexy1 ($211.66 in chips) 
Seat 5: Aescul@pius ($105.50 in chips) 
Seat 6: Pon4uk.ua ($150.56 in chips) 
Iospirate: posts small blind $0.50
Evelexy1: posts big blind $1
*** HOLE CARDS ***
Aescul@pius: folds 
Pon4uk.ua: folds 
BoyLoc0: raises $1.50 to $2.50
Iospirate: folds 
Evelexy1: folds 
Uncalled bet ($1.50) returned to BoyLoc0
BoyLoc0 collected $2.50 from pot
BoyLoc0: doesn't show hand 
*** SUMMARY ***
Total pot $2.50 | Rake $0 
Seat 2: elcutez
Seat 1: BoyLoc0 (button) collected ($2.50)
Seat 3: Iospirate (small blind) folded before Flop
Seat 4: Evelexy1 (big blind) folded before Flop
Seat 5: Aescul@pius folded before Flop (didn't bet)
Seat 6: Pon4uk.ua folded before Flop (didn't bet)



PokerStars Hand #254470132823:  Hold'em No Limit ($0.50/$1.00 USD) - 2025/01/20 17:21:28 WET [2025/01/20 12:21:28 ET]
Table 'Panopaea IV' 6-max Seat #3 is the button
Seat 2: elcutez ($116.57 in chips) is sitting out
Seat 1: BoyLoc0 ($194.10 in chips) 
Seat 3: Iospirate ($66.38 in chips) 
Seat 4: Evelexy1 ($210.66 in chips) 
Seat 5: Aescul@pius ($105.50 in chips) 
Seat 6: Pon4uk.ua ($150.56 in chips) 
Evelexy1: posts small blind $0.50
Aescul@pius: posts big blind $1
*** HOLE CARDS ***
Pon4uk.ua: folds 
BoyLoc0: raises $1.50 to $2.50
Iospirate: folds 
Evelexy1: folds 
Aescul@pius: folds 
Uncalled bet ($1.50) returned to BoyLoc0
BoyLoc0 collected $2.50 from pot
BoyLoc0: doesn't show hand 
*** SUMMARY ***
Total pot $2.50 | Rake $0 
Seat 2: elcutez
Seat 1: BoyLoc0 collected ($2.50)
Seat 3: Iospirate (button) folded before Flop (didn't bet)
Seat 4: Evelexy1 (small blind) folded before Flop
Seat 5: Aescul@pius (big blind) folded before Flop
Seat 6: Pon4uk.ua folded before Flop (didn't bet)



PokerStars Hand #254470138116:  Hold'em No Limit ($0.50/$1.00 USD) - 2025/01/20 17:21:49 WET [2025/01/20 12:21:49 ET]
Table 'Panopaea IV' 6-max Seat #4 is the button
Seat 2: elcutez ($116.57 in chips) is sitting out
Seat 1: BoyLoc0 ($195.60 in chips) 
Seat 3: Iospirate ($66.38 in chips) 
Seat 4: Evelexy1 ($210.16 in chips) 
Seat 5: Aescul@pius ($104.50 in chips) 
Seat 6: Pon4uk.ua ($150.56 in chips) 
Aescul@pius: posts small blind $0.50
Pon4uk.ua: posts big blind $1
*** HOLE CARDS ***
BoyLoc0: folds 
Iospirate: raises $2 to $3
Evelexy1: calls $3
Aescul@pius: folds 
Pon4uk.ua: calls $2
*** FLOP *** [Jd Kd 5c]
Pon4uk.ua: checks 
Iospirate: bets $9.02
Evelexy1: folds 
Pon4uk.ua: folds 
Uncalled bet ($9.02) returned to Iospirate
Iospirate collected $9.02 from pot
*** SUMMARY ***
Total pot $9.50 | Rake $0.48 
Board [Jd Kd 5c]
Seat 2: elcutez
Seat 1: BoyLoc0 folded before Flop (didn't bet)
Seat 3: Iospirate collected ($9.02)
Seat 4: Evelexy1 (button) folded on the Flop
Seat 5: Aescul@pius (small blind) folded before Flop
Seat 6: Pon4uk.ua (big blind) folded on the Flop



PokerStars Hand #254470148625:  Hold'em No Limit ($0.50/$1.00 USD) - 2025/01/20 17:22:31 WET [2025/01/20 12:22:31 ET]
Table 'Panopaea IV' 6-max Seat #5 is the button
Seat 2: elcutez ($116.57 in chips) is sitting out
Seat 1: BoyLoc0 ($195.60 in chips) 
Seat 3: Iospirate ($72.40 in chips) 
Seat 4: Evelexy1 ($207.16 in chips) 
Seat 5: Aescul@pius ($104 in chips) 
Seat 6: Pon4uk.ua ($147.56 in chips) 
Pon4uk.ua: posts small blind $0.50
BoyLoc0: posts big blind $1
*** HOLE CARDS ***
Iospirate: folds 
Evelexy1: folds 
Aescul@pius: folds 
Pon4uk.ua: folds 
Uncalled bet ($0.50) returned to BoyLoc0
BoyLoc0 collected $1 from pot
BoyLoc0: doesn't show hand 
*** SUMMARY ***
Total pot $1 | Rake $0 
Seat 2: elcutez
Seat 1: BoyLoc0 (big blind) collected ($1)
Seat 3: Iospirate folded before Flop (didn't bet)
Seat 4: Evelexy1 folded before Flop (didn't bet)
Seat 5: Aescul@pius (button) folded before Flop (didn't bet)
Seat 6: Pon4uk.ua (small blind) folded before Flop



