PokerStars Hand #254468523762:  Hold'em No Limit ($0.50/$1.00 USD) - 2025/01/20 15:16:48 WET [2025/01/20 10:16:48 ET]
Table 'Una IV' 6-max Seat #5 is the button
Seat 1: Evelexy1 ($100 in chips) 
Seat 2: Mak.Alse ($112.15 in chips) 
Seat 3: papatango123 ($100 in chips) 
Seat 4: elcutez ($76.61 in chips) 
Seat 5: rafaelleadeb ($83.07 in chips) 
Seat 6: Pon4uk.ua ($113.32 in chips) 
Pon4uk.ua: posts small blind $0.50
Evelexy1: posts big blind $1
*** HOLE CARDS ***
Mak.Alse: folds 
papatango123: folds 
elcutez: folds 
rafaelleadeb: folds 
Pon4uk.ua: raises $1.75 to $2.75
Evelexy1: calls $1.75
*** FLOP *** [4d Td 8s]
Pon4uk.ua: checks 
Evelexy1: checks 
*** TURN *** [4d Td 8s] [Kh]
Pon4uk.ua: checks 
Evelexy1: checks 
*** RIVER *** [4d Td 8s Kh] [9c]
Pon4uk.ua: checks 
Evelexy1: bets $3.45
Pon4uk.ua: folds 
Uncalled bet ($3.45) returned to Evelexy1
Evelexy1 collected $5.22 from pot
Evelexy1: doesn't show hand 
*** SUMMARY ***
Total pot $5.50 | Rake $0.28 
Board [4d Td 8s Kh 9c]
Seat 1: Evelexy1 (big blind) collected ($5.22)
Seat 2: Mak.Alse folded before Flop (didn't bet)
Seat 3: papatango123 folded before Flop (didn't bet)
Seat 4: elcutez folded before Flop (didn't bet)
Seat 5: rafaelleadeb (button) folded before Flop (didn't bet)
Seat 6: Pon4uk.ua (small blind) folded on the River



PokerStars Hand #254468530097:  Hold'em No Limit ($0.50/$1.00 USD) - 2025/01/20 15:17:19 WET [2025/01/20 10:17:19 ET]
Table 'Una IV' 6-max Seat #6 is the button
Seat 1: Evelexy1 ($102.47 in chips) 
Seat 2: Mak.Alse ($112.15 in chips) 
Seat 3: papatango123 ($100 in chips) 
Seat 4: elcutez ($76.61 in chips) 
Seat 5: rafaelleadeb ($83.07 in chips) 
Seat 6: Pon4uk.ua ($110.57 in chips) 
Evelexy1: posts small blind $0.50
Mak.Alse: posts big blind $1
*** HOLE CARDS ***
papatango123: folds 
elcutez: folds 
rafaelleadeb: folds 
Pon4uk.ua: raises $1.50 to $2.50
Evelexy1: folds 
Mak.Alse: folds 
Uncalled bet ($1.50) returned to Pon4uk.ua
Pon4uk.ua collected $2.50 from pot
Pon4uk.ua: doesn't show hand 
*** SUMMARY ***
Total pot $2.50 | Rake $0 
Seat 1: Evelexy1 (small blind) folded before Flop
Seat 2: Mak.Alse (big blind) folded before Flop
Seat 3: papatango123 folded before Flop (didn't bet)
Seat 4: elcutez folded before Flop (didn't bet)
Seat 5: rafaelleadeb folded before Flop (didn't bet)
Seat 6: Pon4uk.ua (button) collected ($2.50)



PokerStars Hand #254468533242:  Hold'em No Limit ($0.50/$1.00 USD) - 2025/01/20 15:17:34 WET [2025/01/20 10:17:34 ET]
Table 'Una IV' 6-max Seat #1 is the button
Seat 1: Evelexy1 ($101.97 in chips) 
Seat 2: Mak.Alse ($111.15 in chips) 
Seat 3: papatango123 ($100 in chips) 
Seat 4: elcutez ($76.61 in chips) 
Seat 5: rafaelleadeb ($83.07 in chips) 
Seat 6: Pon4uk.ua ($112.07 in chips) 
Mak.Alse: posts small blind $0.50
papatango123: posts big blind $1
*** HOLE CARDS ***
elcutez: folds 
rafaelleadeb: folds 
Pon4uk.ua: raises $1.50 to $2.50
Evelexy1: raises $5 to $7.50
Mak.Alse: folds 
papatango123: raises $13.50 to $21
Pon4uk.ua: folds 
Evelexy1: raises $80.97 to $101.97 and is all-in
papatango123: folds 
Uncalled bet ($80.97) returned to Evelexy1
Evelexy1 collected $45 from pot
Evelexy1: doesn't show hand 
*** SUMMARY ***
Total pot $45 | Rake $0 
Seat 1: Evelexy1 (button) collected ($45)
Seat 2: Mak.Alse (small blind) folded before Flop
Seat 3: papatango123 (big blind) folded before Flop
Seat 4: elcutez folded before Flop (didn't bet)
Seat 5: rafaelleadeb folded before Flop (didn't bet)
Seat 6: Pon4uk.ua folded before Flop



PokerStars Hand #254468540704:  Hold'em No Limit ($0.50/$1.00 USD) - 2025/01/20 15:18:10 WET [2025/01/20 10:18:10 ET]
Table 'Una IV' 6-max Seat #2 is the button
Seat 1: Evelexy1 ($125.97 in chips) 
Seat 2: Mak.Alse ($110.65 in chips) 
Seat 3: papatango123 ($100 in chips) 
Seat 4: elcutez ($76.61 in chips) 
Seat 5: rafaelleadeb ($83.07 in chips) 
Seat 6: Pon4uk.ua ($109.57 in chips) 
papatango123: posts small blind $0.50
elcutez: posts big blind $1
*** HOLE CARDS ***
rafaelleadeb: folds 
Pon4uk.ua: folds 
Evelexy1: folds 
Mak.Alse: folds 
papatango123: folds 
Uncalled bet ($0.50) returned to elcutez
elcutez collected $1 from pot
*** SUMMARY ***
Total pot $1 | Rake $0 
Seat 1: Evelexy1 folded before Flop (didn't bet)
Seat 2: Mak.Alse (button) folded before Flop (didn't bet)
Seat 3: papatango123 (small blind) folded before Flop
Seat 4: elcutez (big blind) collected ($1)
Seat 5: rafaelleadeb folded before Flop (didn't bet)
Seat 6: Pon4uk.ua folded before Flop (didn't bet)



PokerStars Hand #254468542967:  Hold'em No Limit ($0.50/$1.00 USD) - 2025/01/20 15:18:21 WET [2025/01/20 10:18:21 ET]
Table 'Una IV' 6-max Seat #3 is the button
Seat 1: Evelexy1 ($125.97 in chips) 
Seat 2: Mak.Alse ($110.65 in chips) 
Seat 3: papatango123 ($100 in chips) 
Seat 4: elcutez ($77.11 in chips) 
Seat 5: rafaelleadeb ($83.07 in chips) 
Seat 6: Pon4uk.ua ($109.57 in chips) 
elcutez: posts small blind $0.50
rafaelleadeb: posts big blind $1
*** HOLE CARDS ***
Pon4uk.ua: folds 
Evelexy1: raises $1 to $2
Mak.Alse: folds 
papatango123: folds 
elcutez: raises $4 to $6
rafaelleadeb: folds 
Evelexy1: calls $4
*** FLOP *** [8d Kh 6s]
elcutez: bets $6.18
Evelexy1: calls $6.18
*** TURN *** [8d Kh 6s] [5h]
elcutez: checks 
Evelexy1: checks 
*** RIVER *** [8d Kh 6s 5h] [3h]
elcutez: checks 
Evelexy1: checks 
*** SHOW DOWN ***
elcutez: shows [Kd Ac] (a pair of Kings)
Evelexy1: mucks hand 
elcutez collected $24.09 from pot
*** SUMMARY ***
Total pot $25.36 | Rake $1.27 
Board [8d Kh 6s 5h 3h]
Seat 1: Evelexy1 mucked
Seat 2: Mak.Alse folded before Flop (didn't bet)
Seat 3: papatango123 (button) folded before Flop (didn't bet)
Seat 4: elcutez (small blind) showed [Kd Ac] and won ($24.09) with a pair of Kings
Seat 5: rafaelleadeb (big blind) folded before Flop
Seat 6: Pon4uk.ua folded before Flop (didn't bet)



PokerStars Hand #254468551818:  Hold'em No Limit ($0.50/$1.00 USD) - 2025/01/20 15:19:04 WET [2025/01/20 10:19:04 ET]
Table 'Una IV' 6-max Seat #4 is the button
Seat 1: Evelexy1 ($113.79 in chips) 
Seat 2: Mak.Alse ($110.65 in chips) 
Seat 3: papatango123 ($100 in chips) 
Seat 4: elcutez ($89.02 in chips) 
Seat 5: rafaelleadeb ($82.07 in chips) 
Seat 6: Pon4uk.ua ($109.57 in chips) 
rafaelleadeb: posts small blind $0.50
Pon4uk.ua: posts big blind $1
*** HOLE CARDS ***
Evelexy1: folds 
Mak.Alse: folds 
papatango123: folds 
elcutez: raises $2 to $3
rafaelleadeb: calls $2.50
Pon4uk.ua: folds 
*** FLOP *** [2h 4c Td]
rafaelleadeb: checks 
elcutez: checks 
*** TURN *** [2h 4c Td] [5c]
rafaelleadeb: checks 
elcutez: bets $3.33
rafaelleadeb: calls $3.33
*** RIVER *** [2h 4c Td 5c] [5d]
rafaelleadeb: checks 
elcutez: checks 
*** SHOW DOWN ***
rafaelleadeb: shows [Qc Ah] (a pair of Fives)
elcutez: shows [7h 7d] (two pair, Sevens and Fives)
elcutez collected $12.98 from pot
*** SUMMARY ***
Total pot $13.66 | Rake $0.68 
Board [2h 4c Td 5c 5d]
Seat 1: Evelexy1 folded before Flop (didn't bet)
Seat 2: Mak.Alse folded before Flop (didn't bet)
Seat 3: papatango123 folded before Flop (didn't bet)
Seat 4: elcutez (button) showed [7h 7d] and won ($12.98) with two pair, Sevens and Fives
Seat 5: rafaelleadeb (small blind) showed [Qc Ah] and lost with a pair of Fives
Seat 6: Pon4uk.ua (big blind) folded before Flop



PokerStars Hand #254468559062:  Hold'em No Limit ($0.50/$1.00 USD) - 2025/01/20 15:19:40 WET [2025/01/20 10:19:40 ET]
Table 'Una IV' 6-max Seat #5 is the button
Seat 1: Evelexy1 ($113.79 in chips) 
Seat 2: Mak.Alse ($110.65 in chips) 
Seat 3: papatango123 ($100 in chips) 
Seat 4: elcutez ($95.67 in chips) 
Seat 5: rafaelleadeb ($75.74 in chips) 
Seat 6: Pon4uk.ua ($108.57 in chips) 
Pon4uk.ua: posts small blind $0.50
Evelexy1: posts big blind $1
*** HOLE CARDS ***
Mak.Alse: folds 
papatango123: folds 
elcutez: folds 
rafaelleadeb: raises $4 to $5
Pon4uk.ua: folds 
Evelexy1: folds 
Uncalled bet ($4) returned to rafaelleadeb
rafaelleadeb collected $2.50 from pot
*** SUMMARY ***
Total pot $2.50 | Rake $0 
Seat 1: Evelexy1 (big blind) folded before Flop
Seat 2: Mak.Alse folded before Flop (didn't bet)
Seat 3: papatango123 folded before Flop (didn't bet)
Seat 4: elcutez folded before Flop (didn't bet)
Seat 5: rafaelleadeb (button) collected ($2.50)
Seat 6: Pon4uk.ua (small blind) folded before Flop



PokerStars Hand #254468564094:  Hold'em No Limit ($0.50/$1.00 USD) - 2025/01/20 15:20:05 WET [2025/01/20 10:20:05 ET]
Table 'Una IV' 6-max Seat #6 is the button
Seat 1: Evelexy1 ($112.79 in chips) 
Seat 2: Mak.Alse ($110.65 in chips) 
Seat 3: papatango123 ($100 in chips) 
Seat 4: elcutez ($95.67 in chips) 
Seat 5: rafaelleadeb ($77.24 in chips) 
Seat 6: Pon4uk.ua ($108.07 in chips) 
Evelexy1: posts small blind $0.50
Mak.Alse: posts big blind $1
*** HOLE CARDS ***
papatango123: raises $1 to $2
elcutez: folds 
rafaelleadeb: folds 
Pon4uk.ua: raises $4.50 to $6.50
Evelexy1: folds 
Mak.Alse: folds 
papatango123: calls $4.50
*** FLOP *** [Kd Js 8c]
papatango123: checks 
Pon4uk.ua: bets $4.55
papatango123: calls $4.55
*** TURN *** [Kd Js 8c] [Td]
papatango123: checks 
Pon4uk.ua: checks 
*** RIVER *** [Kd Js 8c Td] [4c]
papatango123: bets $15.82
Pon4uk.ua: folds 
Uncalled bet ($15.82) returned to papatango123
papatango123 collected $22.42 from pot
papatango123: doesn't show hand 
*** SUMMARY ***
Total pot $23.60 | Rake $1.18 
Board [Kd Js 8c Td 4c]
Seat 1: Evelexy1 (small blind) folded before Flop
Seat 2: Mak.Alse (big blind) folded before Flop
Seat 3: papatango123 collected ($22.42)
Seat 4: elcutez folded before Flop (didn't bet)
Seat 5: rafaelleadeb folded before Flop (didn't bet)
Seat 6: Pon4uk.ua (button) folded on the River



PokerStars Hand #254468575037:  Hold'em No Limit ($0.50/$1.00 USD) - 2025/01/20 15:20:58 WET [2025/01/20 10:20:58 ET]
Table 'Una IV' 6-max Seat #1 is the button
Seat 1: Evelexy1 ($112.29 in chips) 
Seat 2: Mak.Alse ($109.65 in chips) 
Seat 3: papatango123 ($111.37 in chips) 
Seat 4: elcutez ($95.67 in chips) 
Seat 5: rafaelleadeb ($77.24 in chips) 
Seat 6: Pon4uk.ua ($100 in chips) 
Mak.Alse: posts small blind $0.50
papatango123: posts big blind $1
*** HOLE CARDS ***
elcutez: folds 
rafaelleadeb: folds 
Pon4uk.ua: folds 
Evelexy1: folds 
Mak.Alse: folds 
Uncalled bet ($0.50) returned to papatango123
papatango123 collected $1 from pot
papatango123: doesn't show hand 
*** SUMMARY ***
Total pot $1 | Rake $0 
Seat 1: Evelexy1 (button) folded before Flop (didn't bet)
Seat 2: Mak.Alse (small blind) folded before Flop
Seat 3: papatango123 (big blind) collected ($1)
Seat 4: elcutez folded before Flop (didn't bet)
Seat 5: rafaelleadeb folded before Flop (didn't bet)
Seat 6: Pon4uk.ua folded before Flop (didn't bet)



PokerStars Hand #254468577365:  Hold'em No Limit ($0.50/$1.00 USD) - 2025/01/20 15:21:09 WET [2025/01/20 10:21:09 ET]
Table 'Una IV' 6-max Seat #2 is the button
Seat 1: Evelexy1 ($112.29 in chips) 
Seat 2: Mak.Alse ($109.15 in chips) 
Seat 3: papatango123 ($111.87 in chips) 
Seat 4: elcutez ($95.67 in chips) 
Seat 5: rafaelleadeb ($77.24 in chips) 
Seat 6: Pon4uk.ua ($100 in chips) 
papatango123: posts small blind $0.50
elcutez: posts big blind $1
*** HOLE CARDS ***
rafaelleadeb: folds 
Pon4uk.ua: folds 
Evelexy1: folds 
Mak.Alse: raises $1.50 to $2.50
papatango123: folds 
elcutez: folds 
Uncalled bet ($1.50) returned to Mak.Alse
Mak.Alse collected $2.50 from pot
Mak.Alse: doesn't show hand 
*** SUMMARY ***
Total pot $2.50 | Rake $0 
Seat 1: Evelexy1 folded before Flop (didn't bet)
Seat 2: Mak.Alse (button) collected ($2.50)
Seat 3: papatango123 (small blind) folded before Flop
Seat 4: elcutez (big blind) folded before Flop
Seat 5: rafaelleadeb folded before Flop (didn't bet)
Seat 6: Pon4uk.ua folded before Flop (didn't bet)



PokerStars Hand #254468581215:  Hold'em No Limit ($0.50/$1.00 USD) - 2025/01/20 15:21:28 WET [2025/01/20 10:21:28 ET]
Table 'Una IV' 6-max Seat #3 is the button
Seat 1: Evelexy1 ($112.29 in chips) 
Seat 2: Mak.Alse ($110.65 in chips) 
Seat 3: papatango123 ($111.37 in chips) 
Seat 4: elcutez ($94.67 in chips) 
Seat 5: rafaelleadeb ($77.24 in chips) 
Seat 6: Pon4uk.ua ($100 in chips) 
elcutez: posts small blind $0.50
rafaelleadeb: posts big blind $1
*** HOLE CARDS ***
Pon4uk.ua: raises $1 to $2
Evelexy1: folds 
Mak.Alse: folds 
papatango123: folds 
elcutez: raises $6 to $8
rafaelleadeb: folds 
Pon4uk.ua: calls $6
*** FLOP *** [Jd Qs 2c]
elcutez: checks 
Pon4uk.ua: checks 
*** TURN *** [Jd Qs 2c] [3h]
elcutez: bets $10
Pon4uk.ua: folds 
Uncalled bet ($10) returned to elcutez
elcutez collected $16.15 from pot
*** SUMMARY ***
Total pot $17 | Rake $0.85 
Board [Jd Qs 2c 3h]
Seat 1: Evelexy1 folded before Flop (didn't bet)
Seat 2: Mak.Alse folded before Flop (didn't bet)
Seat 3: papatango123 (button) folded before Flop (didn't bet)
Seat 4: elcutez (small blind) collected ($16.15)
Seat 5: rafaelleadeb (big blind) folded before Flop
Seat 6: Pon4uk.ua folded on the Turn



PokerStars Hand #254468593800:  Hold'em No Limit ($0.50/$1.00 USD) - 2025/01/20 15:22:28 WET [2025/01/20 10:22:28 ET]
Table 'Una IV' 6-max Seat #4 is the button
Seat 1: Evelexy1 ($112.29 in chips) 
Seat 2: Mak.Alse ($110.65 in chips) 
Seat 3: papatango123 ($111.37 in chips) 
Seat 4: elcutez ($102.82 in chips) 
Seat 5: rafaelleadeb ($76.24 in chips) 
Seat 6: Pon4uk.ua ($100 in chips) 
rafaelleadeb: posts small blind $0.50
Pon4uk.ua: posts big blind $1
*** HOLE CARDS ***
Evelexy1: raises $1 to $2
Mak.Alse: raises $5.50 to $7.50
papatango123: folds 
elcutez: folds 
rafaelleadeb: folds 
Pon4uk.ua: folds 
Evelexy1: folds 
Uncalled bet ($5.50) returned to Mak.Alse
Mak.Alse collected $5.50 from pot
Mak.Alse: doesn't show hand 
*** SUMMARY ***
Total pot $5.50 | Rake $0 
Seat 1: Evelexy1 folded before Flop
Seat 2: Mak.Alse collected ($5.50)
Seat 3: papatango123 folded before Flop (didn't bet)
Seat 4: elcutez (button) folded before Flop (didn't bet)
Seat 5: rafaelleadeb (small blind) folded before Flop
Seat 6: Pon4uk.ua (big blind) folded before Flop



PokerStars Hand #254468604467:  Hold'em No Limit ($0.50/$1.00 USD) - 2025/01/20 15:23:20 WET [2025/01/20 10:23:20 ET]
Table 'Una IV' 6-max Seat #5 is the button
Seat 1: Evelexy1 ($110.29 in chips) 
Seat 2: Mak.Alse ($114.15 in chips) 
Seat 3: papatango123 ($111.37 in chips) 
Seat 4: elcutez ($102.82 in chips) 
Seat 5: rafaelleadeb ($75.74 in chips) 
Seat 6: Pon4uk.ua ($100 in chips) 
Pon4uk.ua: posts small blind $0.50
Evelexy1: posts big blind $1
*** HOLE CARDS ***
Mak.Alse: folds 
papatango123: folds 
elcutez: folds 
rafaelleadeb: folds 
Pon4uk.ua: raises $1.75 to $2.75
Evelexy1: folds 
Uncalled bet ($1.75) returned to Pon4uk.ua
Pon4uk.ua collected $2 from pot
Pon4uk.ua: doesn't show hand 
*** SUMMARY ***
Total pot $2 | Rake $0 
Seat 1: Evelexy1 (big blind) folded before Flop
Seat 2: Mak.Alse folded before Flop (didn't bet)
Seat 3: papatango123 folded before Flop (didn't bet)
Seat 4: elcutez folded before Flop (didn't bet)
Seat 5: rafaelleadeb (button) folded before Flop (didn't bet)
Seat 6: Pon4uk.ua (small blind) collected ($2)



PokerStars Hand #254468609919:  Hold'em No Limit ($0.50/$1.00 USD) - 2025/01/20 15:23:47 WET [2025/01/20 10:23:47 ET]
Table 'Una IV' 6-max Seat #6 is the button
Seat 1: Evelexy1 ($109.29 in chips) 
Seat 2: Mak.Alse ($114.15 in chips) 
Seat 3: papatango123 ($111.37 in chips) 
Seat 4: elcutez ($102.82 in chips) 
Seat 5: rafaelleadeb ($75.74 in chips) 
Seat 6: Pon4uk.ua ($101 in chips) 
Evelexy1: posts small blind $0.50
Mak.Alse: posts big blind $1
*** HOLE CARDS ***
papatango123: folds 
elcutez: folds 
rafaelleadeb: folds 
Pon4uk.ua: folds 
Evelexy1: folds 
Uncalled bet ($0.50) returned to Mak.Alse
Mak.Alse collected $1 from pot
Mak.Alse: doesn't show hand 
*** SUMMARY ***
Total pot $1 | Rake $0 
Seat 1: Evelexy1 (small blind) folded before Flop
Seat 2: Mak.Alse (big blind) collected ($1)
Seat 3: papatango123 folded before Flop (didn't bet)
Seat 4: elcutez folded before Flop (didn't bet)
Seat 5: rafaelleadeb folded before Flop (didn't bet)
Seat 6: Pon4uk.ua (button) folded before Flop (didn't bet)



PokerStars Hand #254468612011:  Hold'em No Limit ($0.50/$1.00 USD) - 2025/01/20 15:23:57 WET [2025/01/20 10:23:57 ET]
Table 'Una IV' 6-max Seat #1 is the button
Seat 1: Evelexy1 ($108.79 in chips) 
Seat 2: Mak.Alse ($114.65 in chips) 
Seat 3: papatango123 ($111.37 in chips) 
Seat 4: elcutez ($102.82 in chips) 
Seat 5: rafaelleadeb ($75.74 in chips) 
Seat 6: Pon4uk.ua ($101 in chips) 
Mak.Alse: posts small blind $0.50
papatango123: posts big blind $1
*** HOLE CARDS ***
elcutez: folds 
rafaelleadeb: folds 
Pon4uk.ua: folds 
Evelexy1: folds 
Mak.Alse: raises $2 to $3
papatango123: folds 
Uncalled bet ($2) returned to Mak.Alse
Mak.Alse collected $2 from pot
Mak.Alse: doesn't show hand 
*** SUMMARY ***
Total pot $2 | Rake $0 
Seat 1: Evelexy1 (button) folded before Flop (didn't bet)
Seat 2: Mak.Alse (small blind) collected ($2)
Seat 3: papatango123 (big blind) folded before Flop
Seat 4: elcutez folded before Flop (didn't bet)
Seat 5: rafaelleadeb folded before Flop (didn't bet)
Seat 6: Pon4uk.ua folded before Flop (didn't bet)



PokerStars Hand #254468614458:  Hold'em No Limit ($0.50/$1.00 USD) - 2025/01/20 15:24:08 WET [2025/01/20 10:24:08 ET]
Table 'Una IV' 6-max Seat #2 is the button
Seat 1: Evelexy1 ($108.79 in chips) 
Seat 2: Mak.Alse ($115.65 in chips) 
Seat 3: papatango123 ($110.37 in chips) 
Seat 4: elcutez ($102.82 in chips) 
Seat 5: rafaelleadeb ($75.74 in chips) 
Seat 6: Pon4uk.ua ($101 in chips) 
papatango123: posts small blind $0.50
elcutez: posts big blind $1
*** HOLE CARDS ***
rafaelleadeb: calls $1
Pon4uk.ua: raises $3 to $4
Evelexy1: folds 
Mak.Alse: raises $8 to $12
papatango123: folds 
elcutez: folds 
rafaelleadeb: folds 
Pon4uk.ua: folds 
Uncalled bet ($8) returned to Mak.Alse
Mak.Alse collected $10.50 from pot
Mak.Alse: doesn't show hand 
*** SUMMARY ***
Total pot $10.50 | Rake $0 
Seat 1: Evelexy1 folded before Flop (didn't bet)
Seat 2: Mak.Alse (button) collected ($10.50)
Seat 3: papatango123 (small blind) folded before Flop
Seat 4: elcutez (big blind) folded before Flop
Seat 5: rafaelleadeb folded before Flop
Seat 6: Pon4uk.ua folded before Flop



PokerStars Hand #254468620918:  Hold'em No Limit ($0.50/$1.00 USD) - 2025/01/20 15:24:40 WET [2025/01/20 10:24:40 ET]
Table 'Una IV' 6-max Seat #3 is the button
Seat 1: Evelexy1 ($108.79 in chips) 
Seat 2: Mak.Alse ($122.15 in chips) 
Seat 3: papatango123 ($109.87 in chips) 
Seat 4: elcutez ($101.82 in chips) 
Seat 5: rafaelleadeb ($74.74 in chips) 
Seat 6: Pon4uk.ua ($100 in chips) 
elcutez: posts small blind $0.50
rafaelleadeb: posts big blind $1
*** HOLE CARDS ***
Pon4uk.ua has timed out
Pon4uk.ua: folds 
Evelexy1: raises $1 to $2
Mak.Alse: folds 
papatango123: folds 
elcutez: folds 
rafaelleadeb: calls $1
*** FLOP *** [5h Kd 7c]
rafaelleadeb: checks 
Evelexy1: bets $1.43
rafaelleadeb: calls $1.43
*** TURN *** [5h Kd 7c] [8h]
rafaelleadeb: bets $7
Evelexy1: folds 
Uncalled bet ($7) returned to rafaelleadeb
rafaelleadeb collected $6.99 from pot
*** SUMMARY ***
Total pot $7.36 | Rake $0.37 
Board [5h Kd 7c 8h]
Seat 1: Evelexy1 folded on the Turn
Seat 2: Mak.Alse folded before Flop (didn't bet)
Seat 3: papatango123 (button) folded before Flop (didn't bet)
Seat 4: elcutez (small blind) folded before Flop
Seat 5: rafaelleadeb (big blind) collected ($6.99)
Seat 6: Pon4uk.ua folded before Flop (didn't bet)



PokerStars Hand #254468628801:  Hold'em No Limit ($0.50/$1.00 USD) - 2025/01/20 15:25:17 WET [2025/01/20 10:25:17 ET]
Table 'Una IV' 6-max Seat #4 is the button
Seat 1: Evelexy1 ($105.36 in chips) 
Seat 2: Mak.Alse ($122.15 in chips) 
Seat 3: papatango123 ($109.87 in chips) 
Seat 4: elcutez ($101.32 in chips) 
Seat 5: rafaelleadeb ($78.30 in chips) 
Seat 6: Pon4uk.ua ($100 in chips) 
rafaelleadeb: posts small blind $0.50
Pon4uk.ua: posts big blind $1
*** HOLE CARDS ***
Evelexy1: raises $1 to $2
Mak.Alse: folds 
papatango123: folds 
elcutez: folds 
rafaelleadeb: calls $1.50
Pon4uk.ua: calls $1
*** FLOP *** [As Jc 3s]
rafaelleadeb: checks 
Pon4uk.ua: checks 
Evelexy1: checks 
*** TURN *** [As Jc 3s] [Ah]
rafaelleadeb: checks 
Pon4uk.ua: bets $2.85
Evelexy1: calls $2.85
rafaelleadeb: calls $2.85
*** RIVER *** [As Jc 3s Ah] [7d]
rafaelleadeb: checks 
Pon4uk.ua: bets $4.56
Evelexy1: folds 
rafaelleadeb: calls $4.56
*** SHOW DOWN ***
Pon4uk.ua: shows [3d Ad] (a full house, Aces full of Threes)
rafaelleadeb: mucks hand 
Pon4uk.ua collected $22.49 from pot
*** SUMMARY ***
Total pot $23.67 | Rake $1.18 
Board [As Jc 3s Ah 7d]
Seat 1: Evelexy1 folded on the River
Seat 2: Mak.Alse folded before Flop (didn't bet)
Seat 3: papatango123 folded before Flop (didn't bet)
Seat 4: elcutez (button) folded before Flop (didn't bet)
Seat 5: rafaelleadeb (small blind) mucked
Seat 6: Pon4uk.ua (big blind) showed [3d Ad] and won ($22.49) with a full house, Aces full of Threes



PokerStars Hand #254468637994:  Hold'em No Limit ($0.50/$1.00 USD) - 2025/01/20 15:26:00 WET [2025/01/20 10:26:00 ET]
Table 'Una IV' 6-max Seat #5 is the button
Seat 1: Evelexy1 ($100.51 in chips) 
Seat 2: Mak.Alse ($122.15 in chips) 
Seat 3: papatango123 ($109.87 in chips) 
Seat 4: elcutez ($101.32 in chips) 
Seat 5: rafaelleadeb ($68.89 in chips) 
Seat 6: Pon4uk.ua ($113.08 in chips) 
Pon4uk.ua: posts small blind $0.50
Evelexy1: posts big blind $1
*** HOLE CARDS ***
Mak.Alse: folds 
papatango123: raises $1.50 to $2.50
elcutez: calls $2.50
rafaelleadeb: raises $6.50 to $9
Pon4uk.ua: folds 
Evelexy1: folds 
papatango123: calls $6.50
elcutez: calls $6.50
*** FLOP *** [Kh 7h 2s]
papatango123: checks 
elcutez: checks 
rafaelleadeb: checks 
*** TURN *** [Kh 7h 2s] [2c]
papatango123: checks 
elcutez: bets $14
rafaelleadeb: calls $14
papatango123: folds 
*** RIVER *** [Kh 7h 2s 2c] [Ts]
elcutez: checks 
rafaelleadeb: checks 
*** SHOW DOWN ***
elcutez: shows [Qs As] (a pair of Deuces)
rafaelleadeb: shows [Js Jc] (two pair, Jacks and Deuces)
rafaelleadeb collected $54 from pot
*** SUMMARY ***
Total pot $56.50 | Rake $2.50 
Board [Kh 7h 2s 2c Ts]
Seat 1: Evelexy1 (big blind) folded before Flop
Seat 2: Mak.Alse folded before Flop (didn't bet)
Seat 3: papatango123 folded on the Turn
Seat 4: elcutez showed [Qs As] and lost with a pair of Deuces
Seat 5: rafaelleadeb (button) showed [Js Jc] and won ($54) with two pair, Jacks and Deuces
Seat 6: Pon4uk.ua (small blind) folded before Flop



PokerStars Hand #254468646142:  Hold'em No Limit ($0.50/$1.00 USD) - 2025/01/20 15:26:39 WET [2025/01/20 10:26:39 ET]
Table 'Una IV' 6-max Seat #6 is the button
Seat 1: Evelexy1 ($100 in chips) 
Seat 2: Mak.Alse ($122.15 in chips) 
Seat 3: papatango123 ($100.87 in chips) 
Seat 4: elcutez ($78.32 in chips) 
Seat 5: rafaelleadeb ($99.89 in chips) 
Seat 6: Pon4uk.ua ($112.58 in chips) 
Evelexy1: posts small blind $0.50
Mak.Alse: posts big blind $1
*** HOLE CARDS ***
papatango123: folds 
elcutez: folds 
rafaelleadeb: folds 
Pon4uk.ua: folds 
Evelexy1: raises $1.50 to $2.50
Mak.Alse: calls $1.50
*** FLOP *** [5h Jc 5c]
Evelexy1: checks 
Mak.Alse: bets $1.57
Evelexy1: calls $1.57
*** TURN *** [5h Jc 5c] [Qd]
Evelexy1: checks 
Mak.Alse: bets $5.80
Evelexy1: folds 
Uncalled bet ($5.80) returned to Mak.Alse
Mak.Alse collected $7.73 from pot
Mak.Alse: doesn't show hand 
Evelexy1 leaves the table
*** SUMMARY ***
Total pot $8.14 | Rake $0.41 
Board [5h Jc 5c Qd]
Seat 1: Evelexy1 (small blind) folded on the Turn
Seat 2: Mak.Alse (big blind) collected ($7.73)
Seat 3: papatango123 folded before Flop (didn't bet)
Seat 4: elcutez folded before Flop (didn't bet)
Seat 5: rafaelleadeb folded before Flop (didn't bet)
Seat 6: Pon4uk.ua (button) folded before Flop (didn't bet)



PokerStars Hand #254468655563:  Hold'em No Limit ($0.50/$1.00 USD) - 2025/01/20 15:27:23 WET [2025/01/20 10:27:23 ET]
Table 'Una IV' 6-max Seat #2 is the button
Seat 2: Mak.Alse ($125.81 in chips) 
Seat 3: papatango123 ($100.87 in chips) 
Seat 4: elcutez ($78.32 in chips) 
Seat 5: rafaelleadeb ($99.89 in chips) 
Seat 6: Pon4uk.ua ($112.58 in chips) 
papatango123: posts small blind $0.50
elcutez: posts big blind $1
*** HOLE CARDS ***
rafaelleadeb: calls $1
Pon4uk.ua: folds 
Mak.Alse: folds 
papatango123: folds 
elcutez: checks 
*** FLOP *** [9c Qc Ah]
elcutez: checks 
rafaelleadeb: checks 
*** TURN *** [9c Qc Ah] [7s]
elcutez: checks 
rafaelleadeb: bets $1
elcutez: raises $4.38 to $5.38
rafaelleadeb: calls $4.38
*** RIVER *** [9c Qc Ah 7s] [7c]
elcutez: checks 
rafaelleadeb: checks 
*** SHOW DOWN ***
elcutez: shows [8c Ts] (a pair of Sevens)
rafaelleadeb: shows [Js Jh] (two pair, Jacks and Sevens)
IKnowThatFel joins the table at seat #1 
rafaelleadeb collected $12.60 from pot
*** SUMMARY ***
Total pot $13.26 | Rake $0.66 
Board [9c Qc Ah 7s 7c]
Seat 2: Mak.Alse (button) folded before Flop (didn't bet)
Seat 3: papatango123 (small blind) folded before Flop
Seat 4: elcutez (big blind) showed [8c Ts] and lost with a pair of Sevens
Seat 5: rafaelleadeb showed [Js Jh] and won ($12.60) with two pair, Jacks and Sevens
Seat 6: Pon4uk.ua folded before Flop (didn't bet)



PokerStars Hand #254468662258:  Hold'em No Limit ($0.50/$1.00 USD) - 2025/01/20 15:27:54 WET [2025/01/20 10:27:54 ET]
Table 'Una IV' 6-max Seat #3 is the button
Seat 1: IKnowThatFel ($100 in chips) is sitting out
Seat 2: Mak.Alse ($125.81 in chips) 
Seat 3: papatango123 ($100.37 in chips) 
Seat 4: elcutez ($71.94 in chips) 
Seat 5: rafaelleadeb ($106.11 in chips) 
Seat 6: Pon4uk.ua ($112.58 in chips) 
elcutez: posts small blind $0.50
rafaelleadeb: posts big blind $1
IKnowThatFel: sits out 
*** HOLE CARDS ***
Pon4uk.ua: folds 
Mak.Alse: folds 
papatango123: raises $1.50 to $2.50
elcutez: calls $2
rafaelleadeb: folds 
*** FLOP *** [3c 6s Th]
elcutez: checks 
papatango123: bets $1.88
elcutez: calls $1.88
*** TURN *** [3c 6s Th] [7s]
elcutez: checks 
papatango123: bets $9.27
elcutez: folds 
Uncalled bet ($9.27) returned to papatango123
papatango123 collected $9.27 from pot
papatango123: doesn't show hand 
elcutez leaves the table
*** SUMMARY ***
Total pot $9.76 | Rake $0.49 
Board [3c 6s Th 7s]
Seat 1: IKnowThatFel
Seat 2: Mak.Alse folded before Flop (didn't bet)
Seat 3: papatango123 (button) collected ($9.27)
Seat 4: elcutez (small blind) folded on the Turn
Seat 5: rafaelleadeb (big blind) folded before Flop
Seat 6: Pon4uk.ua folded before Flop (didn't bet)



PokerStars Hand #254468669059:  Hold'em No Limit ($0.50/$1.00 USD) - 2025/01/20 15:28:27 WET [2025/01/20 10:28:27 ET]
Table 'Una IV' 6-max Seat #5 is the button
Seat 1: IKnowThatFel ($100 in chips) 
Seat 2: Mak.Alse ($125.81 in chips) 
Seat 3: papatango123 ($105.26 in chips) 
Seat 5: rafaelleadeb ($105.11 in chips) 
Seat 6: Pon4uk.ua ($112.58 in chips) 
Pon4uk.ua: posts small blind $0.50
IKnowThatFel: posts big blind $1
*** HOLE CARDS ***
Mak.Alse: folds 
papatango123: raises $1.50 to $2.50
Rdalonso joins the table at seat #4 
rafaelleadeb: folds 
Pon4uk.ua: folds 
IKnowThatFel: folds 
Uncalled bet ($1.50) returned to papatango123
papatango123 collected $2.50 from pot
papatango123: doesn't show hand 
*** SUMMARY ***
Total pot $2.50 | Rake $0 
Seat 1: IKnowThatFel (big blind) folded before Flop
Seat 2: Mak.Alse folded before Flop (didn't bet)
Seat 3: papatango123 collected ($2.50)
Seat 5: rafaelleadeb (button) folded before Flop (didn't bet)
Seat 6: Pon4uk.ua (small blind) folded before Flop



PokerStars Hand #254468673945:  Hold'em No Limit ($0.50/$1.00 USD) - 2025/01/20 15:28:50 WET [2025/01/20 10:28:50 ET]
Table 'Una IV' 6-max Seat #6 is the button
Seat 4: Rdalonso ($100 in chips) is sitting out
Seat 1: IKnowThatFel ($100 in chips) 
Seat 2: Mak.Alse ($125.81 in chips) 
Seat 3: papatango123 ($106.76 in chips) 
Seat 5: rafaelleadeb ($105.11 in chips) 
Seat 6: Pon4uk.ua ($112.08 in chips) 
IKnowThatFel: posts small blind $0.50
Mak.Alse: posts big blind $1
Rdalonso: sits out 
*** HOLE CARDS ***
papatango123: folds 
rafaelleadeb: folds 
Pon4uk.ua: folds 
IKnowThatFel: raises $2 to $3
Mak.Alse: folds 
Uncalled bet ($2) returned to IKnowThatFel
IKnowThatFel collected $2 from pot
IKnowThatFel: doesn't show hand 
*** SUMMARY ***
Total pot $2 | Rake $0 
Seat 4: Rdalonso
Seat 1: IKnowThatFel (small blind) collected ($2)
Seat 2: Mak.Alse (big blind) folded before Flop
Seat 3: papatango123 folded before Flop (didn't bet)
Seat 5: rafaelleadeb folded before Flop (didn't bet)
Seat 6: Pon4uk.ua (button) folded before Flop (didn't bet)



PokerStars Hand #254468678118:  Hold'em No Limit ($0.50/$1.00 USD) - 2025/01/20 15:29:09 WET [2025/01/20 10:29:09 ET]
Table 'Una IV' 6-max Seat #1 is the button
Seat 4: Rdalonso ($100 in chips) is sitting out
Seat 1: IKnowThatFel ($101 in chips) 
Seat 2: Mak.Alse ($124.81 in chips) 
Seat 3: papatango123 ($106.76 in chips) 
Seat 5: rafaelleadeb ($105.11 in chips) 
Seat 6: Pon4uk.ua ($112.08 in chips) 
Mak.Alse: posts small blind $0.50
papatango123: posts big blind $1
Rdalonso: sits out 
*** HOLE CARDS ***
rafaelleadeb: folds 
Pon4uk.ua: folds 
IKnowThatFel: folds 
Mak.Alse: folds 
Uncalled bet ($0.50) returned to papatango123
papatango123 collected $1 from pot
papatango123: doesn't show hand 
*** SUMMARY ***
Total pot $1 | Rake $0 
Seat 4: Rdalonso
Seat 1: IKnowThatFel (button) folded before Flop (didn't bet)
Seat 2: Mak.Alse (small blind) folded before Flop
Seat 3: papatango123 (big blind) collected ($1)
Seat 5: rafaelleadeb folded before Flop (didn't bet)
Seat 6: Pon4uk.ua folded before Flop (didn't bet)



PokerStars Hand #254468679943:  Hold'em No Limit ($0.50/$1.00 USD) - 2025/01/20 15:29:18 WET [2025/01/20 10:29:18 ET]
Table 'Una IV' 6-max Seat #2 is the button
Seat 1: IKnowThatFel ($101 in chips) 
Seat 2: Mak.Alse ($124.31 in chips) 
Seat 3: papatango123 ($107.26 in chips) 
Seat 4: Rdalonso ($100 in chips) 
Seat 5: rafaelleadeb ($105.11 in chips) 
Seat 6: Pon4uk.ua ($112.08 in chips) 
papatango123: posts small blind $0.50
Rdalonso: posts big blind $1
*** HOLE CARDS ***
rafaelleadeb: folds 
Pon4uk.ua: folds 
IKnowThatFel: folds 
Mak.Alse: folds 
papatango123: folds 
Uncalled bet ($0.50) returned to Rdalonso
Rdalonso collected $1 from pot
Rdalonso: doesn't show hand 
*** SUMMARY ***
Total pot $1 | Rake $0 
Seat 1: IKnowThatFel folded before Flop (didn't bet)
Seat 2: Mak.Alse (button) folded before Flop (didn't bet)
Seat 3: papatango123 (small blind) folded before Flop
Seat 4: Rdalonso (big blind) collected ($1)
Seat 5: rafaelleadeb folded before Flop (didn't bet)
Seat 6: Pon4uk.ua folded before Flop (didn't bet)



PokerStars Hand #254468685509:  Hold'em No Limit ($0.50/$1.00 USD) - 2025/01/20 15:29:44 WET [2025/01/20 10:29:44 ET]
Table 'Una IV' 6-max Seat #3 is the button
Seat 1: IKnowThatFel ($101 in chips) 
Seat 2: Mak.Alse ($124.31 in chips) 
Seat 3: papatango123 ($106.76 in chips) 
Seat 4: Rdalonso ($100.50 in chips) 
Seat 5: rafaelleadeb ($105.11 in chips) 
Seat 6: Pon4uk.ua ($112.08 in chips) 
Rdalonso: posts small blind $0.50
rafaelleadeb: posts big blind $1
*** HOLE CARDS ***
Pon4uk.ua: folds 
IKnowThatFel: folds 
Mak.Alse: folds 
papatango123: raises $1.50 to $2.50
Rdalonso: raises $8.50 to $11
rafaelleadeb: calls $10
papatango123: raises $95.76 to $106.76 and is all-in
Rdalonso: folds 
rafaelleadeb: folds 
Uncalled bet ($95.76) returned to papatango123
papatango123 collected $33 from pot
papatango123: doesn't show hand 
*** SUMMARY ***
Total pot $33 | Rake $0 
Seat 1: IKnowThatFel folded before Flop (didn't bet)
Seat 2: Mak.Alse folded before Flop (didn't bet)
Seat 3: papatango123 (button) collected ($33)
Seat 4: Rdalonso (small blind) folded before Flop
Seat 5: rafaelleadeb (big blind) folded before Flop
Seat 6: Pon4uk.ua folded before Flop (didn't bet)



PokerStars Hand #254468693692:  Hold'em No Limit ($0.50/$1.00 USD) - 2025/01/20 15:30:23 WET [2025/01/20 10:30:23 ET]
Table 'Una IV' 6-max Seat #4 is the button
Seat 1: IKnowThatFel ($101 in chips) 
Seat 2: Mak.Alse ($124.31 in chips) 
Seat 3: papatango123 ($128.76 in chips) 
Seat 4: Rdalonso ($100 in chips) 
Seat 5: rafaelleadeb ($94.11 in chips) 
Seat 6: Pon4uk.ua ($112.08 in chips) 
rafaelleadeb: posts small blind $0.50
Pon4uk.ua: posts big blind $1
*** HOLE CARDS ***
IKnowThatFel: folds 
Mak.Alse: raises $1.50 to $2.50
papatango123: raises $5.50 to $8
Rdalonso: folds 
rafaelleadeb: folds 
Pon4uk.ua: folds 
Mak.Alse: folds 
Uncalled bet ($5.50) returned to papatango123
papatango123 collected $6.50 from pot
papatango123: doesn't show hand 
*** SUMMARY ***
Total pot $6.50 | Rake $0 
Seat 1: IKnowThatFel folded before Flop (didn't bet)
Seat 2: Mak.Alse folded before Flop
Seat 3: papatango123 collected ($6.50)
Seat 4: Rdalonso (button) folded before Flop (didn't bet)
Seat 5: rafaelleadeb (small blind) folded before Flop
Seat 6: Pon4uk.ua (big blind) folded before Flop



PokerStars Hand #254468701375:  Hold'em No Limit ($0.50/$1.00 USD) - 2025/01/20 15:31:00 WET [2025/01/20 10:31:00 ET]
Table 'Una IV' 6-max Seat #5 is the button
Seat 1: IKnowThatFel ($101 in chips) 
Seat 2: Mak.Alse ($121.81 in chips) 
Seat 3: papatango123 ($132.76 in chips) 
Seat 4: Rdalonso ($100 in chips) 
Seat 5: rafaelleadeb ($93.61 in chips) 
Seat 6: Pon4uk.ua ($111.08 in chips) 
Pon4uk.ua: posts small blind $0.50
IKnowThatFel: posts big blind $1
*** HOLE CARDS ***
Mak.Alse: folds 
papatango123: folds 
Rdalonso: raises $1.50 to $2.50
rafaelleadeb: calls $2.50
Pon4uk.ua: folds 
IKnowThatFel: calls $1.50
*** FLOP *** [Kd 2h 6d]
IKnowThatFel: checks 
Rdalonso: checks 
rafaelleadeb: bets $8
IKnowThatFel: folds 
Rdalonso: folds 
Uncalled bet ($8) returned to rafaelleadeb
rafaelleadeb collected $7.60 from pot
*** SUMMARY ***
Total pot $8 | Rake $0.40 
Board [Kd 2h 6d]
Seat 1: IKnowThatFel (big blind) folded on the Flop
Seat 2: Mak.Alse folded before Flop (didn't bet)
Seat 3: papatango123 folded before Flop (didn't bet)
Seat 4: Rdalonso folded on the Flop
Seat 5: rafaelleadeb (button) collected ($7.60)
Seat 6: Pon4uk.ua (small blind) folded before Flop



PokerStars Hand #254468712110:  Hold'em No Limit ($0.50/$1.00 USD) - 2025/01/20 15:31:50 WET [2025/01/20 10:31:50 ET]
Table 'Una IV' 6-max Seat #6 is the button
Seat 1: IKnowThatFel ($100 in chips) 
Seat 2: Mak.Alse ($121.81 in chips) 
Seat 3: papatango123 ($132.76 in chips) 
Seat 4: Rdalonso ($100 in chips) 
Seat 5: rafaelleadeb ($98.71 in chips) 
Seat 6: Pon4uk.ua ($110.58 in chips) 
IKnowThatFel: posts small blind $0.50
Mak.Alse: posts big blind $1
*** HOLE CARDS ***
papatango123: folds 
Rdalonso: raises $1.50 to $2.50
rafaelleadeb: folds 
Pon4uk.ua: folds 
IKnowThatFel: folds 
Mak.Alse: folds 
Uncalled bet ($1.50) returned to Rdalonso
Rdalonso collected $2.50 from pot
Rdalonso: doesn't show hand 
*** SUMMARY ***
Total pot $2.50 | Rake $0 
Seat 1: IKnowThatFel (small blind) folded before Flop
Seat 2: Mak.Alse (big blind) folded before Flop
Seat 3: papatango123 folded before Flop (didn't bet)
Seat 4: Rdalonso collected ($2.50)
Seat 5: rafaelleadeb folded before Flop (didn't bet)
Seat 6: Pon4uk.ua (button) folded before Flop (didn't bet)



PokerStars Hand #254468716516:  Hold'em No Limit ($0.50/$1.00 USD) - 2025/01/20 15:32:10 WET [2025/01/20 10:32:10 ET]
Table 'Una IV' 6-max Seat #1 is the button
Seat 1: IKnowThatFel ($100 in chips) 
Seat 2: Mak.Alse ($120.81 in chips) 
Seat 3: papatango123 ($132.76 in chips) 
Seat 4: Rdalonso ($101.50 in chips) 
Seat 5: rafaelleadeb ($98.71 in chips) 
Seat 6: Pon4uk.ua ($110.58 in chips) 
Mak.Alse: posts small blind $0.50
papatango123: posts big blind $1
*** HOLE CARDS ***
Rdalonso: raises $1.50 to $2.50
rafaelleadeb: folds 
Pon4uk.ua: folds 
IKnowThatFel: folds 
Mak.Alse: raises $9.50 to $12
papatango123: folds 
Rdalonso: folds 
Uncalled bet ($9.50) returned to Mak.Alse
Mak.Alse collected $6 from pot
Mak.Alse: doesn't show hand 
*** SUMMARY ***
Total pot $6 | Rake $0 
Seat 1: IKnowThatFel (button) folded before Flop (didn't bet)
Seat 2: Mak.Alse (small blind) collected ($6)
Seat 3: papatango123 (big blind) folded before Flop
Seat 4: Rdalonso folded before Flop
Seat 5: rafaelleadeb folded before Flop (didn't bet)
Seat 6: Pon4uk.ua folded before Flop (didn't bet)



PokerStars Hand #254468723526:  Hold'em No Limit ($0.50/$1.00 USD) - 2025/01/20 15:32:43 WET [2025/01/20 10:32:43 ET]
Table 'Una IV' 6-max Seat #2 is the button
Seat 1: IKnowThatFel ($100 in chips) 
Seat 2: Mak.Alse ($124.31 in chips) 
Seat 3: papatango123 ($131.76 in chips) 
Seat 4: Rdalonso ($100 in chips) 
Seat 5: rafaelleadeb ($98.71 in chips) 
Seat 6: Pon4uk.ua ($110.58 in chips) 
papatango123: posts small blind $0.50
Rdalonso: posts big blind $1
*** HOLE CARDS ***
rafaelleadeb: folds 
Pon4uk.ua: raises $1 to $2
IKnowThatFel: folds 
Mak.Alse: folds 
papatango123: folds 
Rdalonso: calls $1
*** FLOP *** [2s 9s Ad]
Rdalonso: checks 
Pon4uk.ua: bets $2
Rdalonso: folds 
Uncalled bet ($2) returned to Pon4uk.ua
Pon4uk.ua collected $4.28 from pot
Pon4uk.ua: doesn't show hand 
*** SUMMARY ***
Total pot $4.50 | Rake $0.22 
Board [2s 9s Ad]
Seat 1: IKnowThatFel folded before Flop (didn't bet)
Seat 2: Mak.Alse (button) folded before Flop (didn't bet)
Seat 3: papatango123 (small blind) folded before Flop
Seat 4: Rdalonso (big blind) folded on the Flop
Seat 5: rafaelleadeb folded before Flop (didn't bet)
Seat 6: Pon4uk.ua collected ($4.28)



PokerStars Hand #254468733257:  Hold'em No Limit ($0.50/$1.00 USD) - 2025/01/20 15:33:29 WET [2025/01/20 10:33:29 ET]
Table 'Una IV' 6-max Seat #3 is the button
Seat 1: IKnowThatFel ($100 in chips) 
Seat 2: Mak.Alse ($124.31 in chips) 
Seat 3: papatango123 ($131.26 in chips) 
Seat 4: Rdalonso ($100 in chips) 
Seat 5: rafaelleadeb ($98.71 in chips) 
Seat 6: Pon4uk.ua ($112.86 in chips) 
Rdalonso: posts small blind $0.50
rafaelleadeb: posts big blind $1
*** HOLE CARDS ***
Pon4uk.ua: folds 
IKnowThatFel: folds 
Mak.Alse: raises $1.50 to $2.50
papatango123: folds 
Rdalonso: folds 
rafaelleadeb: calls $1.50
*** FLOP *** [Ks 7c Qd]
rafaelleadeb: checks 
Mak.Alse: bets $1.72
rafaelleadeb: calls $1.72
*** TURN *** [Ks 7c Qd] [5h]
rafaelleadeb: checks 
Mak.Alse: bets $12.73
rafaelleadeb: folds 
Uncalled bet ($12.73) returned to Mak.Alse
Mak.Alse collected $8.49 from pot
Mak.Alse: doesn't show hand 
*** SUMMARY ***
Total pot $8.94 | Rake $0.45 
Board [Ks 7c Qd 5h]
Seat 1: IKnowThatFel folded before Flop (didn't bet)
Seat 2: Mak.Alse collected ($8.49)
Seat 3: papatango123 (button) folded before Flop (didn't bet)
Seat 4: Rdalonso (small blind) folded before Flop
Seat 5: rafaelleadeb (big blind) folded on the Turn
Seat 6: Pon4uk.ua folded before Flop (didn't bet)



PokerStars Hand #254468746541:  Hold'em No Limit ($0.50/$1.00 USD) - 2025/01/20 15:34:31 WET [2025/01/20 10:34:31 ET]
Table 'Una IV' 6-max Seat #4 is the button
Seat 6: Pon4uk.ua ($112.86 in chips) is sitting out
Seat 1: IKnowThatFel ($100 in chips) 
Seat 2: Mak.Alse ($128.58 in chips) 
Seat 3: papatango123 ($131.26 in chips) 
Seat 4: Rdalonso ($100 in chips) 
Seat 5: rafaelleadeb ($94.49 in chips) 
rafaelleadeb: posts small blind $0.50
Pon4uk.ua: is sitting out 
IKnowThatFel: posts big blind $1
*** HOLE CARDS ***
Pon4uk.ua leaves the table
Mak.Alse: folds 
papatango123: folds 
Rdalonso: folds 
rafaelleadeb: folds 
Uncalled bet ($0.50) returned to IKnowThatFel
IKnowThatFel collected $1 from pot
IKnowThatFel: doesn't show hand 
xcinaz joins the table at seat #6 
*** SUMMARY ***
Total pot $1 | Rake $0 
Seat 6: Pon4uk.ua
Seat 1: IKnowThatFel (big blind) collected ($1)
Seat 2: Mak.Alse folded before Flop (didn't bet)
Seat 3: papatango123 folded before Flop (didn't bet)
Seat 4: Rdalonso (button) folded before Flop (didn't bet)
Seat 5: rafaelleadeb (small blind) folded before Flop



PokerStars Hand #254468748475:  Hold'em No Limit ($0.50/$1.00 USD) - 2025/01/20 15:34:40 WET [2025/01/20 10:34:40 ET]
Table 'Una IV' 6-max Seat #5 is the button
Seat 6: xcinaz ($100 in chips) is sitting out
Seat 1: IKnowThatFel ($100.50 in chips) 
Seat 2: Mak.Alse ($128.58 in chips) 
Seat 3: papatango123 ($131.26 in chips) 
Seat 4: Rdalonso ($100 in chips) 
Seat 5: rafaelleadeb ($93.99 in chips) 
IKnowThatFel: posts small blind $0.50
Mak.Alse: posts big blind $1
*** HOLE CARDS ***
papatango123: folds 
Rdalonso: folds 
rafaelleadeb: folds 
IKnowThatFel: folds 
Uncalled bet ($0.50) returned to Mak.Alse
Mak.Alse collected $1 from pot
Mak.Alse: doesn't show hand 
*** SUMMARY ***
Total pot $1 | Rake $0 
Seat 6: xcinaz
Seat 1: IKnowThatFel (small blind) folded before Flop
Seat 2: Mak.Alse (big blind) collected ($1)
Seat 3: papatango123 folded before Flop (didn't bet)
Seat 4: Rdalonso folded before Flop (didn't bet)
Seat 5: rafaelleadeb (button) folded before Flop (didn't bet)



PokerStars Hand #254468752194:  Hold'em No Limit ($0.50/$1.00 USD) - 2025/01/20 15:34:58 WET [2025/01/20 10:34:58 ET]
Table 'Una IV' 6-max Seat #1 is the button
Seat 6: xcinaz ($100 in chips) is sitting out
Seat 1: IKnowThatFel ($100 in chips) 
Seat 2: Mak.Alse ($129.08 in chips) 
Seat 3: papatango123 ($131.26 in chips) 
Seat 4: Rdalonso ($100 in chips) 
Seat 5: rafaelleadeb ($93.99 in chips) 
Mak.Alse: posts small blind $0.50
papatango123: posts big blind $1
xcinaz: sits out 
*** HOLE CARDS ***
Rdalonso: folds 
rafaelleadeb: calls $1
IKnowThatFel: raises $3 to $4
Mak.Alse: folds 
papatango123: folds 
rafaelleadeb: calls $3
*** FLOP *** [Js 3d 2h]
rafaelleadeb: checks 
IKnowThatFel: bets $2.98
rafaelleadeb: calls $2.98
*** TURN *** [Js 3d 2h] [3s]
rafaelleadeb: bets $6
IKnowThatFel: folds 
Uncalled bet ($6) returned to rafaelleadeb
rafaelleadeb collected $14.69 from pot
*** SUMMARY ***
Total pot $15.46 | Rake $0.77 
Board [Js 3d 2h 3s]
Seat 6: xcinaz
Seat 1: IKnowThatFel (button) folded on the Turn
Seat 2: Mak.Alse (small blind) folded before Flop
Seat 3: papatango123 (big blind) folded before Flop
Seat 4: Rdalonso folded before Flop (didn't bet)
Seat 5: rafaelleadeb collected ($14.69)



PokerStars Hand #254468765291:  Hold'em No Limit ($0.50/$1.00 USD) - 2025/01/20 15:35:58 WET [2025/01/20 10:35:58 ET]
Table 'Una IV' 6-max Seat #2 is the button
Seat 6: xcinaz ($100 in chips) is sitting out
Seat 1: IKnowThatFel ($100 in chips) 
Seat 2: Mak.Alse ($128.58 in chips) 
Seat 3: papatango123 ($130.26 in chips) 
Seat 4: Rdalonso ($100 in chips) 
Seat 5: rafaelleadeb ($101.70 in chips) 
papatango123: posts small blind $0.50
Rdalonso: posts big blind $1
xcinaz: sits out 
*** HOLE CARDS ***
rafaelleadeb: folds 
IKnowThatFel: folds 
Mak.Alse: raises $1.50 to $2.50
papatango123: folds 
Rdalonso: calls $1.50
*** FLOP *** [Td 6c Ad]
Rdalonso: checks 
Mak.Alse: bets $3.92
Rdalonso: folds 
Uncalled bet ($3.92) returned to Mak.Alse
Mak.Alse collected $5.22 from pot
Mak.Alse: doesn't show hand 
*** SUMMARY ***
Total pot $5.50 | Rake $0.28 
Board [Td 6c Ad]
Seat 6: xcinaz
Seat 1: IKnowThatFel folded before Flop (didn't bet)
Seat 2: Mak.Alse (button) collected ($5.22)
Seat 3: papatango123 (small blind) folded before Flop
Seat 4: Rdalonso (big blind) folded on the Flop
Seat 5: rafaelleadeb folded before Flop (didn't bet)



PokerStars Hand #254468772217:  Hold'em No Limit ($0.50/$1.00 USD) - 2025/01/20 15:36:31 WET [2025/01/20 10:36:31 ET]
Table 'Una IV' 6-max Seat #3 is the button
Seat 6: xcinaz ($100 in chips) is sitting out
Seat 1: IKnowThatFel ($100 in chips) 
Seat 2: Mak.Alse ($131.30 in chips) 
Seat 3: papatango123 ($129.76 in chips) 
Seat 4: Rdalonso ($100 in chips) 
Seat 5: rafaelleadeb ($101.70 in chips) 
Rdalonso: posts small blind $0.50
rafaelleadeb: posts big blind $1
xcinaz: sits out 
*** HOLE CARDS ***
IKnowThatFel: folds 
Mak.Alse: raises $1.50 to $2.50
papatango123: folds 
Rdalonso: folds 
rafaelleadeb: folds 
Uncalled bet ($1.50) returned to Mak.Alse
Mak.Alse collected $2.50 from pot
Mak.Alse: doesn't show hand 
*** SUMMARY ***
Total pot $2.50 | Rake $0 
Seat 6: xcinaz
Seat 1: IKnowThatFel folded before Flop (didn't bet)
Seat 2: Mak.Alse collected ($2.50)
Seat 3: papatango123 (button) folded before Flop (didn't bet)
Seat 4: Rdalonso (small blind) folded before Flop
Seat 5: rafaelleadeb (big blind) folded before Flop



PokerStars Hand #254468305223:  Hold'em No Limit ($0.50/$1.00 USD) - 2025/01/20 14:57:19 WET [2025/01/20 9:57:19 ET]
Table 'Una IV' 6-max Seat #4 is the button
Seat 4: elcutez ($80.11 in chips) 
Seat 6: ave_fenix800 ($118.10 in chips) 
elcutez: posts small blind $0.50
ave_fenix800: posts big blind $1
*** HOLE CARDS ***
elcutez: raises $2 to $3
ave_fenix800: folds 
Uncalled bet ($2) returned to elcutez
elcutez collected $2 from pot
*** SUMMARY ***
Total pot $2 | Rake $0 
Seat 4: elcutez (button) (small blind) collected ($2)
Seat 6: ave_fenix800 (big blind) folded before Flop



PokerStars Hand #254468308741:  Hold'em No Limit ($0.50/$1.00 USD) - 2025/01/20 14:57:43 WET [2025/01/20 9:57:43 ET]
Table 'Una IV' 6-max Seat #6 is the button
Seat 4: elcutez ($81.11 in chips) 
Seat 6: ave_fenix800 ($117.10 in chips) 
ave_fenix800: posts small blind $0.50
elcutez: posts big blind $1
*** HOLE CARDS ***
ave_fenix800: raises $1 to $2
elcutez: folds 
Uncalled bet ($1) returned to ave_fenix800
ave_fenix800 collected $2 from pot
ave_fenix800: doesn't show hand 
*** SUMMARY ***
Total pot $2 | Rake $0 
Seat 4: elcutez (big blind) folded before Flop
Seat 6: ave_fenix800 (button) (small blind) collected ($2)



PokerStars Hand #254468311223:  Hold'em No Limit ($0.50/$1.00 USD) - 2025/01/20 14:57:59 WET [2025/01/20 9:57:59 ET]
Table 'Una IV' 6-max Seat #4 is the button
Seat 4: elcutez ($80.11 in chips) 
Seat 6: ave_fenix800 ($118.10 in chips) 
elcutez: posts small blind $0.50
ave_fenix800: posts big blind $1
*** HOLE CARDS ***
elcutez: folds 
Uncalled bet ($0.50) returned to ave_fenix800
ave_fenix800 collected $1 from pot
ave_fenix800: doesn't show hand 
*** SUMMARY ***
Total pot $1 | Rake $0 
Seat 4: elcutez (button) (small blind) folded before Flop
Seat 6: ave_fenix800 (big blind) collected ($1)



PokerStars Hand #254468312188:  Hold'em No Limit ($0.50/$1.00 USD) - 2025/01/20 14:58:06 WET [2025/01/20 9:58:06 ET]
Table 'Una IV' 6-max Seat #6 is the button
Seat 4: elcutez ($79.61 in chips) 
Seat 6: ave_fenix800 ($118.60 in chips) 
ave_fenix800: posts small blind $0.50
elcutez: posts big blind $1
*** HOLE CARDS ***
ave_fenix800: folds 
Uncalled bet ($0.50) returned to elcutez
elcutez collected $1 from pot
*** SUMMARY ***
Total pot $1 | Rake $0 
Seat 4: elcutez (big blind) collected ($1)
Seat 6: ave_fenix800 (button) (small blind) folded before Flop



PokerStars Hand #254468314848:  Hold'em No Limit ($0.50/$1.00 USD) - 2025/01/20 14:58:24 WET [2025/01/20 9:58:24 ET]
Table 'Una IV' 6-max Seat #4 is the button
Seat 4: elcutez ($80.11 in chips) 
Seat 6: ave_fenix800 ($118.10 in chips) 
elcutez: posts small blind $0.50
ave_fenix800: posts big blind $1
*** HOLE CARDS ***
nastja336 joins the table at seat #2 
rossieboy222 joins the table at seat #5 
elcutez: raises $2 to $3
Botikacs92 joins the table at seat #1 
rossieboy222 is disconnected 
Botikacs92 is disconnected 
3EPH joins the table at seat #3 
ave_fenix800: folds 
Uncalled bet ($2) returned to elcutez
elcutez collected $2 from pot
elcutez: doesn't show hand 
*** SUMMARY ***
Total pot $2 | Rake $0 
Seat 4: elcutez (button) (small blind) collected ($2)
Seat 6: ave_fenix800 (big blind) folded before Flop



PokerStars Hand #254468316671:  Hold'em No Limit ($0.50/$1.00 USD) - 2025/01/20 14:58:36 WET [2025/01/20 9:58:36 ET]
Table 'Una IV' 6-max Seat #6 is the button
Seat 1: Botikacs92 ($39.69 in chips) is sitting out
Seat 2: nastja336 ($100 in chips) is sitting out
Seat 3: 3EPH ($100 in chips) is sitting out
Seat 4: elcutez ($81.11 in chips) 
Seat 5: rossieboy222 ($17.65 in chips) 
Seat 6: ave_fenix800 ($117.10 in chips) 
elcutez: posts small blind $0.50
rossieboy222: posts big blind $1
*** HOLE CARDS ***
ave_fenix800: folds 
elcutez: folds 
Uncalled bet ($0.50) returned to rossieboy222
rossieboy222 collected $1 from pot
*** SUMMARY ***
Total pot $1 | Rake $0 
Seat 1: Botikacs92
Seat 2: nastja336
Seat 3: 3EPH
Seat 4: elcutez (small blind) folded before Flop
Seat 5: rossieboy222 (big blind) collected ($1)
Seat 6: ave_fenix800 (button) folded before Flop (didn't bet)



PokerStars Hand #254468318386:  Hold'em No Limit ($0.50/$1.00 USD) - 2025/01/20 14:58:47 WET [2025/01/20 9:58:47 ET]
Table 'Una IV' 6-max Seat #4 is the button
Seat 1: Botikacs92 ($39.69 in chips) is sitting out
Seat 2: nastja336 ($100 in chips) is sitting out
Seat 3: 3EPH ($100 in chips) is sitting out
Seat 4: elcutez ($80.61 in chips) 
Seat 5: rossieboy222 ($18.15 in chips) 
Seat 6: ave_fenix800 ($117.10 in chips) 
rossieboy222: posts small blind $0.50
ave_fenix800: posts big blind $1
Botikacs92: sits out 
nastja336: sits out 
3EPH: sits out 
*** HOLE CARDS ***
elcutez: folds 
rossieboy222: raises $1 to $2
ave_fenix800: folds 
Uncalled bet ($1) returned to rossieboy222
rossieboy222 collected $2 from pot
*** SUMMARY ***
Total pot $2 | Rake $0 
Seat 1: Botikacs92
Seat 2: nastja336
Seat 3: 3EPH
Seat 4: elcutez (button) folded before Flop (didn't bet)
Seat 5: rossieboy222 (small blind) collected ($2)
Seat 6: ave_fenix800 (big blind) folded before Flop



PokerStars Hand #254468320476:  Hold'em No Limit ($0.50/$1.00 USD) - 2025/01/20 14:59:01 WET [2025/01/20 9:59:01 ET]
Table 'Una IV' 6-max Seat #5 is the button
Seat 2: nastja336 ($100 in chips) is sitting out
Seat 3: 3EPH ($100 in chips) is sitting out
Seat 1: Botikacs92 ($39.69 in chips) 
Seat 4: elcutez ($80.61 in chips) 
Seat 5: rossieboy222 ($19.15 in chips) 
Seat 6: ave_fenix800 ($116.10 in chips) 
ave_fenix800: posts small blind $0.50
Botikacs92: posts big blind $1
nastja336: sits out 
3EPH: sits out 
*** HOLE CARDS ***
elcutez: folds 
rossieboy222: raises $18.15 to $19.15 and is all-in
ave_fenix800: folds 
Botikacs92: calls $18.15
*** FLOP *** [2s 2h 5c]
*** TURN *** [2s 2h 5c] [5s]
*** RIVER *** [2s 2h 5c 5s] [9s]
*** SHOW DOWN ***
Botikacs92: shows [4s Ah] (two pair, Fives and Deuces)
rossieboy222: shows [7c Ac] (two pair, Fives and Deuces)
Botikacs92 collected $18.90 from pot
rossieboy222 collected $18.90 from pot
*** SUMMARY ***
Total pot $38.80 | Rake $1 
Board [2s 2h 5c 5s 9s]
Seat 2: nastja336
Seat 3: 3EPH
Seat 1: Botikacs92 (big blind) showed [4s Ah] and won ($18.90) with two pair, Fives and Deuces
Seat 4: elcutez folded before Flop (didn't bet)
Seat 5: rossieboy222 (button) showed [7c Ac] and won ($18.90) with two pair, Fives and Deuces
Seat 6: ave_fenix800 (small blind) folded before Flop



PokerStars Hand #254468324513:  Hold'em No Limit ($0.50/$1.00 USD) - 2025/01/20 14:59:27 WET [2025/01/20 9:59:27 ET]
Table 'Una IV' 6-max Seat #6 is the button
Seat 3: 3EPH ($100 in chips) is sitting out
Seat 1: Botikacs92 ($39.44 in chips) 
Seat 2: nastja336 ($100 in chips) 
Seat 4: elcutez ($80.61 in chips) 
Seat 5: rossieboy222 ($18.90 in chips) 
Seat 6: ave_fenix800 ($115.60 in chips) 
Botikacs92: posts small blind $0.50
nastja336: posts big blind $1
3EPH: sits out 
*** HOLE CARDS ***
elcutez: raises $2 to $3
rossieboy222: folds 
ave_fenix800: raises $6 to $9
Botikacs92: folds 
nastja336: folds 
elcutez: folds 
Uncalled bet ($6) returned to ave_fenix800
ave_fenix800 collected $7.50 from pot
ave_fenix800: doesn't show hand 
*** SUMMARY ***
Total pot $7.50 | Rake $0 
Seat 3: 3EPH
Seat 1: Botikacs92 (small blind) folded before Flop
Seat 2: nastja336 (big blind) folded before Flop
Seat 4: elcutez folded before Flop
Seat 5: rossieboy222 folded before Flop (didn't bet)
Seat 6: ave_fenix800 (button) collected ($7.50)



PokerStars Hand #254468329016:  Hold'em No Limit ($0.50/$1.00 USD) - 2025/01/20 14:59:57 WET [2025/01/20 9:59:57 ET]
Table 'Una IV' 6-max Seat #1 is the button
Seat 1: Botikacs92 ($38.94 in chips) 
Seat 2: nastja336 ($100 in chips) 
Seat 3: 3EPH ($100 in chips) 
Seat 4: elcutez ($77.61 in chips) 
Seat 5: rossieboy222 ($18.90 in chips) 
Seat 6: ave_fenix800 ($120.10 in chips) 
nastja336: posts small blind $0.50
3EPH: posts big blind $1
*** HOLE CARDS ***
elcutez: folds 
rossieboy222: folds 
ave_fenix800: folds 
Botikacs92: calls $1
nastja336: calls $0.50
3EPH: raises $5 to $6
Botikacs92: folds 
nastja336: folds 
Uncalled bet ($5) returned to 3EPH
3EPH collected $3 from pot
3EPH: doesn't show hand 
*** SUMMARY ***
Total pot $3 | Rake $0 
Seat 1: Botikacs92 (button) folded before Flop
Seat 2: nastja336 (small blind) folded before Flop
Seat 3: 3EPH (big blind) collected ($3)
Seat 4: elcutez folded before Flop (didn't bet)
Seat 5: rossieboy222 folded before Flop (didn't bet)
Seat 6: ave_fenix800 folded before Flop (didn't bet)



PokerStars Hand #254468335727:  Hold'em No Limit ($0.50/$1.00 USD) - 2025/01/20 15:00:39 WET [2025/01/20 10:00:39 ET]
Table 'Una IV' 6-max Seat #2 is the button
Seat 1: Botikacs92 ($37.94 in chips) 
Seat 2: nastja336 ($100 in chips) 
Seat 3: 3EPH ($102 in chips) 
Seat 4: elcutez ($77.61 in chips) 
Seat 5: rossieboy222 ($18.90 in chips) 
Seat 6: ave_fenix800 ($120.10 in chips) 
3EPH: posts small blind $0.50
elcutez: posts big blind $1
*** HOLE CARDS ***
rossieboy222: folds 
ave_fenix800: folds 
Botikacs92: calls $1
nastja336: folds 
3EPH: raises $3 to $4
elcutez: folds 
Botikacs92: raises $10 to $14
3EPH: folds 
Uncalled bet ($10) returned to Botikacs92
Botikacs92 collected $9 from pot
*** SUMMARY ***
Total pot $9 | Rake $0 
Seat 1: Botikacs92 collected ($9)
Seat 2: nastja336 (button) folded before Flop (didn't bet)
Seat 3: 3EPH (small blind) folded before Flop
Seat 4: elcutez (big blind) folded before Flop
Seat 5: rossieboy222 folded before Flop (didn't bet)
Seat 6: ave_fenix800 folded before Flop (didn't bet)



PokerStars Hand #254468342691:  Hold'em No Limit ($0.50/$1.00 USD) - 2025/01/20 15:01:18 WET [2025/01/20 10:01:18 ET]
Table 'Una IV' 6-max Seat #3 is the button
Seat 1: Botikacs92 ($42.94 in chips) 
Seat 2: nastja336 ($100 in chips) 
Seat 3: 3EPH ($100 in chips) 
Seat 4: elcutez ($76.61 in chips) 
Seat 5: rossieboy222 ($18.90 in chips) 
Seat 6: ave_fenix800 ($120.10 in chips) 
elcutez: posts small blind $0.50
rossieboy222: posts big blind $1
*** HOLE CARDS ***
ave_fenix800: folds 
Botikacs92: calls $1
nastja336: raises $4 to $5
3EPH: folds 
elcutez: folds 
rossieboy222: folds 
Botikacs92: calls $4
*** FLOP *** [9h 8h 2c]
Botikacs92: checks 
nastja336: checks 
*** TURN *** [9h 8h 2c] [5c]
Botikacs92: checks 
nastja336: bets $2.20
Botikacs92: calls $2.20
*** RIVER *** [9h 8h 2c 5c] [5d]
Botikacs92: checks 
nastja336: checks 
*** SHOW DOWN ***
Botikacs92: shows [8d 8s] (a full house, Eights full of Fives)
nastja336: mucks hand 
Botikacs92 collected $15.10 from pot
*** SUMMARY ***
Total pot $15.90 | Rake $0.80 
Board [9h 8h 2c 5c 5d]
Seat 1: Botikacs92 showed [8d 8s] and won ($15.10) with a full house, Eights full of Fives
Seat 2: nastja336 mucked
Seat 3: 3EPH (button) folded before Flop (didn't bet)
Seat 4: elcutez (small blind) folded before Flop
Seat 5: rossieboy222 (big blind) folded before Flop
Seat 6: ave_fenix800 folded before Flop (didn't bet)



PokerStars Hand #254468351170:  Hold'em No Limit ($0.50/$1.00 USD) - 2025/01/20 15:02:03 WET [2025/01/20 10:02:03 ET]
Table 'Una IV' 6-max Seat #4 is the button
Seat 1: Botikacs92 ($50.84 in chips) 
Seat 2: nastja336 ($100 in chips) 
Seat 3: 3EPH ($100 in chips) 
Seat 4: elcutez ($76.11 in chips) 
Seat 5: rossieboy222 ($17.90 in chips) 
Seat 6: ave_fenix800 ($120.10 in chips) 
rossieboy222: posts small blind $0.50
ave_fenix800: posts big blind $1
*** HOLE CARDS ***
Botikacs92: calls $1
nastja336: raises $3 to $4
3EPH: folds 
elcutez: folds 
rossieboy222: folds 
ave_fenix800: folds 
Botikacs92: calls $3
*** FLOP *** [9d Tc As]
Botikacs92: checks 
nastja336: checks 
*** TURN *** [9d Tc As] [7c]
Botikacs92: checks 
nastja336: bets $2.98
Botikacs92: calls $2.98
*** RIVER *** [9d Tc As 7c] [2h]
Botikacs92: checks 
nastja336: checks 
*** SHOW DOWN ***
Botikacs92: shows [6s 9s] (a pair of Nines)
nastja336: shows [Ts Qh] (a pair of Tens)
nastja336 collected $14.69 from pot
*** SUMMARY ***
Total pot $15.46 | Rake $0.77 
Board [9d Tc As 7c 2h]
Seat 1: Botikacs92 showed [6s 9s] and lost with a pair of Nines
Seat 2: nastja336 showed [Ts Qh] and won ($14.69) with a pair of Tens
Seat 3: 3EPH folded before Flop (didn't bet)
Seat 4: elcutez (button) folded before Flop (didn't bet)
Seat 5: rossieboy222 (small blind) folded before Flop
Seat 6: ave_fenix800 (big blind) folded before Flop



PokerStars Hand #254468359230:  Hold'em No Limit ($0.50/$1.00 USD) - 2025/01/20 15:02:44 WET [2025/01/20 10:02:44 ET]
Table 'Una IV' 6-max Seat #5 is the button
Seat 1: Botikacs92 ($43.86 in chips) 
Seat 2: nastja336 ($107.71 in chips) 
Seat 3: 3EPH ($100 in chips) 
Seat 4: elcutez ($76.11 in chips) 
Seat 5: rossieboy222 ($17.40 in chips) 
Seat 6: ave_fenix800 ($119.10 in chips) 
ave_fenix800: posts small blind $0.50
Botikacs92: posts big blind $1
*** HOLE CARDS ***
nastja336: folds 
3EPH: raises $1.50 to $2.50
elcutez: folds 
rossieboy222: folds 
ave_fenix800: raises $8.50 to $11
Botikacs92: calls $10
3EPH: folds 
*** FLOP *** [4c Qd Th]
ave_fenix800: bets $7.69
Botikacs92: raises $25.17 to $32.86 and is all-in
ave_fenix800: calls $25.17
*** TURN *** [4c Qd Th] [6h]
*** RIVER *** [4c Qd Th 6h] [Ah]
*** SHOW DOWN ***
ave_fenix800: shows [Ac As] (three of a kind, Aces)
Botikacs92: shows [7h 7d] (a pair of Sevens)
ave_fenix800 collected $87.72 from pot
*** SUMMARY ***
Total pot $90.22 | Rake $2.50 
Board [4c Qd Th 6h Ah]
Seat 1: Botikacs92 (big blind) showed [7h 7d] and lost with a pair of Sevens
Seat 2: nastja336 folded before Flop (didn't bet)
Seat 3: 3EPH folded before Flop
Seat 4: elcutez folded before Flop (didn't bet)
Seat 5: rossieboy222 (button) folded before Flop (didn't bet)
Seat 6: ave_fenix800 (small blind) showed [Ac As] and won ($87.72) with three of a kind, Aces



PokerStars Hand #254468370574:  Hold'em No Limit ($0.50/$1.00 USD) - 2025/01/20 15:03:42 WET [2025/01/20 10:03:42 ET]
Table 'Una IV' 6-max Seat #6 is the button
Seat 1: Botikacs92 ($0 in chips) is sitting out
Seat 2: nastja336 ($107.71 in chips) 
Seat 3: 3EPH ($100 in chips) 
Seat 4: elcutez ($76.11 in chips) 
Seat 5: rossieboy222 ($17.40 in chips) 
Seat 6: ave_fenix800 ($162.96 in chips) 
nastja336: posts small blind $0.50
3EPH: posts big blind $1
*** HOLE CARDS ***
elcutez: folds 
rossieboy222: folds 
Botikacs92 leaves the table
ave_fenix800: folds 
nastja336: raises $2 to $3
Evelexy1 joins the table at seat #1 
3EPH: calls $2
*** FLOP *** [Kh 5s 6c]
nastja336: bets $1.88
3EPH: calls $1.88
*** TURN *** [Kh 5s 6c] [3s]
nastja336: bets $7.50
3EPH: calls $7.50
*** RIVER *** [Kh 5s 6c 3s] [2d]
nastja336: checks 
3EPH: checks 
*** SHOW DOWN ***
nastja336: shows [Ad Qc] (high card Ace)
3EPH: shows [Td Ks] (a pair of Kings)
3EPH collected $23.52 from pot
*** SUMMARY ***
Total pot $24.76 | Rake $1.24 
Board [Kh 5s 6c 3s 2d]
Seat 1: Botikacs92
Seat 2: nastja336 (small blind) showed [Ad Qc] and lost with high card Ace
Seat 3: 3EPH (big blind) showed [Td Ks] and won ($23.52) with a pair of Kings
Seat 4: elcutez folded before Flop (didn't bet)
Seat 5: rossieboy222 folded before Flop (didn't bet)
Seat 6: ave_fenix800 (button) folded before Flop (didn't bet)



PokerStars Hand #254468379987:  Hold'em No Limit ($0.50/$1.00 USD) - 2025/01/20 15:04:30 WET [2025/01/20 10:04:30 ET]
Table 'Una IV' 6-max Seat #2 is the button
Seat 1: Evelexy1 ($100 in chips) is sitting out
Seat 2: nastja336 ($100 in chips) 
Seat 3: 3EPH ($111.14 in chips) 
Seat 4: elcutez ($76.11 in chips) 
Seat 5: rossieboy222 ($17.40 in chips) 
Seat 6: ave_fenix800 ($162.96 in chips) 
3EPH: posts small blind $0.50
elcutez: posts big blind $1
Evelexy1: sits out 
*** HOLE CARDS ***
rossieboy222: raises $1 to $2
ave_fenix800: folds 
nastja336: folds 
3EPH: folds 
elcutez: calls $1
*** FLOP *** [Ts Qs 6c]
elcutez: checks 
rossieboy222: checks 
*** TURN *** [Ts Qs 6c] [Qh]
elcutez: bets $4.28
rossieboy222: folds 
Uncalled bet ($4.28) returned to elcutez
elcutez collected $4.28 from pot
*** SUMMARY ***
Total pot $4.50 | Rake $0.22 
Board [Ts Qs 6c Qh]
Seat 1: Evelexy1
Seat 2: nastja336 (button) folded before Flop (didn't bet)
Seat 3: 3EPH (small blind) folded before Flop
Seat 4: elcutez (big blind) collected ($4.28)
Seat 5: rossieboy222 folded on the Turn
Seat 6: ave_fenix800 folded before Flop (didn't bet)



PokerStars Hand #254468386954:  Hold'em No Limit ($0.50/$1.00 USD) - 2025/01/20 15:05:05 WET [2025/01/20 10:05:05 ET]
Table 'Una IV' 6-max Seat #3 is the button
Seat 1: Evelexy1 ($100 in chips) is sitting out
Seat 2: nastja336 ($100 in chips) 
Seat 3: 3EPH ($110.64 in chips) 
Seat 4: elcutez ($78.39 in chips) 
Seat 5: rossieboy222 ($15.40 in chips) 
Seat 6: ave_fenix800 ($162.96 in chips) 
elcutez: posts small blind $0.50
rossieboy222: posts big blind $1
Evelexy1: sits out 
*** HOLE CARDS ***
ave_fenix800: folds 
nastja336: raises $1.50 to $2.50
3EPH: folds 
elcutez: folds 
rossieboy222: folds 
Uncalled bet ($1.50) returned to nastja336
nastja336 collected $2.50 from pot
nastja336: doesn't show hand 
*** SUMMARY ***
Total pot $2.50 | Rake $0 
Seat 1: Evelexy1
Seat 2: nastja336 collected ($2.50)
Seat 3: 3EPH (button) folded before Flop (didn't bet)
Seat 4: elcutez (small blind) folded before Flop
Seat 5: rossieboy222 (big blind) folded before Flop
Seat 6: ave_fenix800 folded before Flop (didn't bet)



PokerStars Hand #254468390559:  Hold'em No Limit ($0.50/$1.00 USD) - 2025/01/20 15:05:24 WET [2025/01/20 10:05:24 ET]
Table 'Una IV' 6-max Seat #4 is the button
Seat 1: Evelexy1 ($100 in chips) is sitting out
Seat 2: nastja336 ($101.50 in chips) 
Seat 3: 3EPH ($110.64 in chips) 
Seat 4: elcutez ($77.89 in chips) 
Seat 5: rossieboy222 ($14.40 in chips) 
Seat 6: ave_fenix800 ($162.96 in chips) 
rossieboy222: posts small blind $0.50
ave_fenix800: posts big blind $1
Evelexy1: sits out 
*** HOLE CARDS ***
nastja336: folds 
3EPH: folds 
elcutez: folds 
rossieboy222: raises $1 to $2
ave_fenix800: folds 
Uncalled bet ($1) returned to rossieboy222
rossieboy222 collected $2 from pot
*** SUMMARY ***
Total pot $2 | Rake $0 
Seat 1: Evelexy1
Seat 2: nastja336 folded before Flop (didn't bet)
Seat 3: 3EPH folded before Flop (didn't bet)
Seat 4: elcutez (button) folded before Flop (didn't bet)
Seat 5: rossieboy222 (small blind) collected ($2)
Seat 6: ave_fenix800 (big blind) folded before Flop



PokerStars Hand #254468393951:  Hold'em No Limit ($0.50/$1.00 USD) - 2025/01/20 15:05:41 WET [2025/01/20 10:05:41 ET]
Table 'Una IV' 6-max Seat #5 is the button
Seat 1: Evelexy1 ($100 in chips) 
Seat 2: nastja336 ($101.50 in chips) 
Seat 3: 3EPH ($110.64 in chips) 
Seat 4: elcutez ($77.89 in chips) 
Seat 5: rossieboy222 ($15.40 in chips) 
Seat 6: ave_fenix800 ($161.96 in chips) 
ave_fenix800: posts small blind $0.50
Evelexy1: posts big blind $1
*** HOLE CARDS ***
nastja336: folds 
3EPH: folds 
elcutez: folds 
rossieboy222: folds 
ave_fenix800: raises $2 to $3
Evelexy1: raises $6 to $9
ave_fenix800: calls $6
*** FLOP *** [Tc Js 3c]
ave_fenix800: checks 
Evelexy1: bets $5.64
ave_fenix800: folds 
Uncalled bet ($5.64) returned to Evelexy1
Evelexy1 collected $17.10 from pot
Evelexy1: doesn't show hand 
*** SUMMARY ***
Total pot $18 | Rake $0.90 
Board [Tc Js 3c]
Seat 1: Evelexy1 (big blind) collected ($17.10)
Seat 2: nastja336 folded before Flop (didn't bet)
Seat 3: 3EPH folded before Flop (didn't bet)
Seat 4: elcutez folded before Flop (didn't bet)
Seat 5: rossieboy222 (button) folded before Flop (didn't bet)
Seat 6: ave_fenix800 (small blind) folded on the Flop



PokerStars Hand #254468405601:  Hold'em No Limit ($0.50/$1.00 USD) - 2025/01/20 15:06:41 WET [2025/01/20 10:06:41 ET]
Table 'Una IV' 6-max Seat #6 is the button
Seat 2: nastja336 ($101.50 in chips) is sitting out
Seat 3: 3EPH ($110.64 in chips) is sitting out
Seat 1: Evelexy1 ($108.10 in chips) 
Seat 4: elcutez ($77.89 in chips) 
Seat 5: rossieboy222 ($15.40 in chips) 
Seat 6: ave_fenix800 ($152.96 in chips) 
Evelexy1: posts small blind $0.50
nastja336: is sitting out 
3EPH: is sitting out 
elcutez: posts big blind $1
*** HOLE CARDS ***
nastja336 leaves the table
rossieboy222: raises $1 to $2
3EPH leaves the table
ave_fenix800: folds 
Evelexy1: folds 
elcutez: calls $1
*** FLOP *** [9h 8c Jh]
NOTfishON joins the table at seat #3 
elcutez: checks 
rossieboy222: bets $2
elcutez: folds 
Uncalled bet ($2) returned to rossieboy222
rossieboy222 collected $4.28 from pot
*** SUMMARY ***
Total pot $4.50 | Rake $0.22 
Board [9h 8c Jh]
Seat 2: nastja336
Seat 3: 3EPH
Seat 1: Evelexy1 (small blind) folded before Flop
Seat 4: elcutez (big blind) folded on the Flop
Seat 5: rossieboy222 collected ($4.28)
Seat 6: ave_fenix800 (button) folded before Flop (didn't bet)



PokerStars Hand #254468409310:  Hold'em No Limit ($0.50/$1.00 USD) - 2025/01/20 15:07:00 WET [2025/01/20 10:07:00 ET]
Table 'Una IV' 6-max Seat #1 is the button
Seat 3: NOTfishON ($100 in chips) is sitting out
Seat 1: Evelexy1 ($107.60 in chips) 
Seat 4: elcutez ($75.89 in chips) 
Seat 5: rossieboy222 ($17.68 in chips) 
Seat 6: ave_fenix800 ($152.96 in chips) 
elcutez: posts small blind $0.50
rossieboy222: posts big blind $1
*** HOLE CARDS ***
ave_fenix800: folds 
Evelexy1: raises $1 to $2
elcutez: folds 
rossieboy222: raises $3 to $5
Mak.Alse joins the table at seat #2 
Evelexy1: folds 
Uncalled bet ($3) returned to rossieboy222
rossieboy222 collected $4.50 from pot
rossieboy222: doesn't show hand 
*** SUMMARY ***
Total pot $4.50 | Rake $0 
Seat 3: NOTfishON
Seat 1: Evelexy1 (button) folded before Flop
Seat 4: elcutez (small blind) folded before Flop
Seat 5: rossieboy222 (big blind) collected ($4.50)
Seat 6: ave_fenix800 folded before Flop (didn't bet)



PokerStars Hand #254468413429:  Hold'em No Limit ($0.50/$1.00 USD) - 2025/01/20 15:07:22 WET [2025/01/20 10:07:22 ET]
Table 'Una IV' 6-max Seat #4 is the button
Seat 2: Mak.Alse ($100 in chips) is sitting out
Seat 3: NOTfishON ($100 in chips) is sitting out
Seat 1: Evelexy1 ($105.60 in chips) 
Seat 4: elcutez ($75.39 in chips) 
Seat 5: rossieboy222 ($20.18 in chips) 
Seat 6: ave_fenix800 ($152.96 in chips) 
rossieboy222: posts small blind $0.50
ave_fenix800: posts big blind $1
Mak.Alse: sits out 
NOTfishON: sits out 
*** HOLE CARDS ***
Evelexy1: folds 
elcutez: raises $2 to $3
rossieboy222: folds 
ave_fenix800: folds 
Uncalled bet ($2) returned to elcutez
elcutez collected $2.50 from pot
*** SUMMARY ***
Total pot $2.50 | Rake $0 
Seat 2: Mak.Alse
Seat 3: NOTfishON
Seat 1: Evelexy1 folded before Flop (didn't bet)
Seat 4: elcutez (button) collected ($2.50)
Seat 5: rossieboy222 (small blind) folded before Flop
Seat 6: ave_fenix800 (big blind) folded before Flop



PokerStars Hand #254468416294:  Hold'em No Limit ($0.50/$1.00 USD) - 2025/01/20 15:07:36 WET [2025/01/20 10:07:36 ET]
Table 'Una IV' 6-max Seat #5 is the button
Seat 2: Mak.Alse ($100 in chips) is sitting out
Seat 3: NOTfishON ($100 in chips) is sitting out
Seat 1: Evelexy1 ($105.60 in chips) 
Seat 4: elcutez ($76.89 in chips) 
Seat 5: rossieboy222 ($19.68 in chips) 
Seat 6: ave_fenix800 ($151.96 in chips) 
ave_fenix800: posts small blind $0.50
Evelexy1: posts big blind $1
Mak.Alse: sits out 
NOTfishON: sits out 
*** HOLE CARDS ***
elcutez: folds 
rossieboy222: raises $18.68 to $19.68 and is all-in
ave_fenix800: folds 
Evelexy1: folds 
Uncalled bet ($18.68) returned to rossieboy222
rossieboy222 collected $2.50 from pot
*** SUMMARY ***
Total pot $2.50 | Rake $0 
Seat 2: Mak.Alse
Seat 3: NOTfishON
Seat 1: Evelexy1 (big blind) folded before Flop
Seat 4: elcutez folded before Flop (didn't bet)
Seat 5: rossieboy222 (button) collected ($2.50)
Seat 6: ave_fenix800 (small blind) folded before Flop



PokerStars Hand #254468419358:  Hold'em No Limit ($0.50/$1.00 USD) - 2025/01/20 15:07:52 WET [2025/01/20 10:07:52 ET]
Table 'Una IV' 6-max Seat #6 is the button
Seat 3: NOTfishON ($100 in chips) is sitting out
Seat 1: Evelexy1 ($104.60 in chips) 
Seat 2: Mak.Alse ($100 in chips) 
Seat 4: elcutez ($76.89 in chips) 
Seat 5: rossieboy222 ($21.18 in chips) 
Seat 6: ave_fenix800 ($151.46 in chips) 
Evelexy1: posts small blind $0.50
Mak.Alse: posts big blind $1
NOTfishON: sits out 
*** HOLE CARDS ***
elcutez: folds 
rossieboy222: raises $1 to $2
ave_fenix800: folds 
Evelexy1: folds 
Mak.Alse: folds 
Uncalled bet ($1) returned to rossieboy222
rossieboy222 collected $2.50 from pot
rossieboy222: doesn't show hand 
*** SUMMARY ***
Total pot $2.50 | Rake $0 
Seat 3: NOTfishON
Seat 1: Evelexy1 (small blind) folded before Flop
Seat 2: Mak.Alse (big blind) folded before Flop
Seat 4: elcutez folded before Flop (didn't bet)
Seat 5: rossieboy222 collected ($2.50)
Seat 6: ave_fenix800 (button) folded before Flop (didn't bet)



PokerStars Hand #254468422953:  Hold'em No Limit ($0.50/$1.00 USD) - 2025/01/20 15:08:10 WET [2025/01/20 10:08:10 ET]
Table 'Una IV' 6-max Seat #1 is the button
Seat 1: Evelexy1 ($104.10 in chips) 
Seat 2: Mak.Alse ($100 in chips) 
Seat 3: NOTfishON ($100 in chips) 
Seat 4: elcutez ($76.89 in chips) 
Seat 5: rossieboy222 ($22.68 in chips) 
Seat 6: ave_fenix800 ($151.46 in chips) 
Mak.Alse: posts small blind $0.50
NOTfishON: posts big blind $1
*** HOLE CARDS ***
elcutez: folds 
rossieboy222: folds 
ave_fenix800: folds 
Evelexy1: folds 
Mak.Alse: folds 
Uncalled bet ($0.50) returned to NOTfishON
NOTfishON collected $1 from pot
*** SUMMARY ***
Total pot $1 | Rake $0 
Seat 1: Evelexy1 (button) folded before Flop (didn't bet)
Seat 2: Mak.Alse (small blind) folded before Flop
Seat 3: NOTfishON (big blind) collected ($1)
Seat 4: elcutez folded before Flop (didn't bet)
Seat 5: rossieboy222 folded before Flop (didn't bet)
Seat 6: ave_fenix800 folded before Flop (didn't bet)



PokerStars Hand #254468425390:  Hold'em No Limit ($0.50/$1.00 USD) - 2025/01/20 15:08:23 WET [2025/01/20 10:08:23 ET]
Table 'Una IV' 6-max Seat #2 is the button
Seat 1: Evelexy1 ($104.10 in chips) 
Seat 2: Mak.Alse ($100 in chips) 
Seat 3: NOTfishON ($100.50 in chips) 
Seat 4: elcutez ($76.89 in chips) 
Seat 5: rossieboy222 ($22.68 in chips) 
Seat 6: ave_fenix800 ($151.46 in chips) 
NOTfishON: posts small blind $0.50
elcutez: posts big blind $1
*** HOLE CARDS ***
rossieboy222: folds 
rossieboy222 leaves the table
ave_fenix800: raises $1.20 to $2.20
Evelexy1: folds 
Mak.Alse: folds 
NOTfishON: folds 
elcutez: folds 
Uncalled bet ($1.20) returned to ave_fenix800
ave_fenix800 collected $2.50 from pot
ave_fenix800: doesn't show hand 
*** SUMMARY ***
Total pot $2.50 | Rake $0 
Seat 1: Evelexy1 folded before Flop (didn't bet)
Seat 2: Mak.Alse (button) folded before Flop (didn't bet)
Seat 3: NOTfishON (small blind) folded before Flop
Seat 4: elcutez (big blind) folded before Flop
Seat 5: rossieboy222 folded before Flop (didn't bet)
Seat 6: ave_fenix800 collected ($2.50)



PokerStars Hand #254468429125:  Hold'em No Limit ($0.50/$1.00 USD) - 2025/01/20 15:08:42 WET [2025/01/20 10:08:42 ET]
Table 'Una IV' 6-max Seat #3 is the button
Seat 6: ave_fenix800 ($152.96 in chips) is sitting out
Seat 1: Evelexy1 ($104.10 in chips) 
Seat 2: Mak.Alse ($100 in chips) 
Seat 3: NOTfishON ($100 in chips) 
Seat 4: elcutez ($75.89 in chips) 
elcutez: posts small blind $0.50
ave_fenix800: is sitting out 
Evelexy1: posts big blind $1
*** HOLE CARDS ***
Mak.Alse: folds 
NOTfishON: folds 
elcutez: folds 
Uncalled bet ($0.50) returned to Evelexy1
Evelexy1 collected $1 from pot
Evelexy1: doesn't show hand 
*** SUMMARY ***
Total pot $1 | Rake $0 
Seat 6: ave_fenix800
Seat 1: Evelexy1 (big blind) collected ($1)
Seat 2: Mak.Alse folded before Flop (didn't bet)
Seat 3: NOTfishON (button) folded before Flop (didn't bet)
Seat 4: elcutez (small blind) folded before Flop



PokerStars Hand #254468430923:  Hold'em No Limit ($0.50/$1.00 USD) - 2025/01/20 15:08:51 WET [2025/01/20 10:08:51 ET]
Table 'Una IV' 6-max Seat #4 is the button
Seat 6: ave_fenix800 ($152.96 in chips) is sitting out
Seat 1: Evelexy1 ($104.60 in chips) 
Seat 2: Mak.Alse ($100 in chips) 
Seat 3: NOTfishON ($100 in chips) 
Seat 4: elcutez ($75.39 in chips) 
Evelexy1: posts small blind $0.50
Mak.Alse: posts big blind $1
*** HOLE CARDS ***
NOTfishON: folds 
elcutez: raises $2 to $3
Evelexy1: folds 
Mak.Alse: folds 
Uncalled bet ($2) returned to elcutez
elcutez collected $2.50 from pot
*** SUMMARY ***
Total pot $2.50 | Rake $0 
Seat 6: ave_fenix800
Seat 1: Evelexy1 (small blind) folded before Flop
Seat 2: Mak.Alse (big blind) folded before Flop
Seat 3: NOTfishON folded before Flop (didn't bet)
Seat 4: elcutez (button) collected ($2.50)



PokerStars Hand #254468434126:  Hold'em No Limit ($0.50/$1.00 USD) - 2025/01/20 15:09:08 WET [2025/01/20 10:09:08 ET]
Table 'Una IV' 6-max Seat #1 is the button
Seat 3: NOTfishON ($100 in chips) is sitting out
Seat 6: ave_fenix800 ($152.96 in chips) is sitting out
Seat 1: Evelexy1 ($104.10 in chips) 
Seat 2: Mak.Alse ($100 in chips) 
Seat 4: elcutez ($76.89 in chips) 
Mak.Alse: posts small blind $0.50
NOTfishON: is sitting out 
elcutez: posts big blind $1
*** HOLE CARDS ***
Evelexy1: raises $1.50 to $2.50
Mak.Alse: folds 
elcutez: folds 
Uncalled bet ($1.50) returned to Evelexy1
NOTfishON leaves the table
Evelexy1 collected $2.50 from pot
Evelexy1: doesn't show hand 
*** SUMMARY ***
Total pot $2.50 | Rake $0 
Seat 3: NOTfishON
Seat 6: ave_fenix800
Seat 1: Evelexy1 (button) collected ($2.50)
Seat 2: Mak.Alse (small blind) folded before Flop
Seat 4: elcutez (big blind) folded before Flop



PokerStars Hand #254468436360:  Hold'em No Limit ($0.50/$1.00 USD) - 2025/01/20 15:09:19 WET [2025/01/20 10:09:19 ET]
Table 'Una IV' 6-max Seat #2 is the button
Seat 6: ave_fenix800 ($152.96 in chips) is sitting out
Seat 1: Evelexy1 ($105.60 in chips) 
Seat 2: Mak.Alse ($100 in chips) 
Seat 4: elcutez ($75.89 in chips) 
elcutez: posts small blind $0.50
Evelexy1: posts big blind $1
*** HOLE CARDS ***
Mak.Alse: folds 
elcutez: folds 
Uncalled bet ($0.50) returned to Evelexy1
Evelexy1 collected $1 from pot
Evelexy1: doesn't show hand 
*** SUMMARY ***
Total pot $1 | Rake $0 
Seat 6: ave_fenix800
Seat 1: Evelexy1 (big blind) collected ($1)
Seat 2: Mak.Alse (button) folded before Flop (didn't bet)
Seat 4: elcutez (small blind) folded before Flop



PokerStars Hand #254468437719:  Hold'em No Limit ($0.50/$1.00 USD) - 2025/01/20 15:09:27 WET [2025/01/20 10:09:27 ET]
Table 'Una IV' 6-max Seat #4 is the button
Seat 6: ave_fenix800 ($152.96 in chips) is sitting out
Seat 1: Evelexy1 ($106.10 in chips) 
Seat 2: Mak.Alse ($100 in chips) 
Seat 4: elcutez ($75.39 in chips) 
Evelexy1: posts small blind $0.50
Mak.Alse: posts big blind $1
*** HOLE CARDS ***
elcutez: folds 
Evelexy1: raises $1.50 to $2.50
Mak.Alse: folds 
Uncalled bet ($1.50) returned to Evelexy1
ave_fenix800 leaves the table
Evelexy1 collected $2 from pot
Evelexy1: doesn't show hand 
*** SUMMARY ***
Total pot $2 | Rake $0 
Seat 6: ave_fenix800
Seat 1: Evelexy1 (small blind) collected ($2)
Seat 2: Mak.Alse (big blind) folded before Flop
Seat 4: elcutez (button) folded before Flop (didn't bet)



PokerStars Hand #254468439517:  Hold'em No Limit ($0.50/$1.00 USD) - 2025/01/20 15:09:36 WET [2025/01/20 10:09:36 ET]
Table 'Una IV' 6-max Seat #1 is the button
Seat 1: Evelexy1 ($107.10 in chips) 
Seat 2: Mak.Alse ($100 in chips) 
Seat 4: elcutez ($75.39 in chips) 
Mak.Alse: posts small blind $0.50
elcutez: posts big blind $1
*** HOLE CARDS ***
papatango123 joins the table at seat #3 
Evelexy1: folds 
Mak.Alse: raises $2 to $3
elcutez: calls $2
*** FLOP *** [6s Kh Td]
Mak.Alse: checks 
elcutez: checks 
*** TURN *** [6s Kh Td] [9d]
Mak.Alse: checks 
elcutez: checks 
*** RIVER *** [6s Kh Td 9d] [7c]
Mak.Alse: checks 
elcutez: checks 
*** SHOW DOWN ***
Mak.Alse: shows [Jh 6h] (a pair of Sixes)
elcutez: mucks hand 
Mak.Alse collected $5.70 from pot
*** SUMMARY ***
Total pot $6 | Rake $0.30 
Board [6s Kh Td 9d 7c]
Seat 1: Evelexy1 (button) folded before Flop (didn't bet)
Seat 2: Mak.Alse (small blind) showed [Jh 6h] and won ($5.70) with a pair of Sixes
Seat 4: elcutez (big blind) mucked



PokerStars Hand #254468446130:  Hold'em No Limit ($0.50/$1.00 USD) - 2025/01/20 15:10:11 WET [2025/01/20 10:10:11 ET]
Table 'Una IV' 6-max Seat #2 is the button
Seat 3: papatango123 ($100 in chips) is sitting out
Seat 1: Evelexy1 ($107.10 in chips) 
Seat 2: Mak.Alse ($102.70 in chips) 
Seat 4: elcutez ($72.39 in chips) 
elcutez: posts small blind $0.50
Evelexy1: posts big blind $1
*** HOLE CARDS ***
Mak.Alse: raises $1.50 to $2.50
elcutez: folds 
Evelexy1: calls $1.50
*** FLOP *** [8s Td Jh]
Evelexy1: checks 
Mak.Alse: bets $1.72
Evelexy1: calls $1.72
*** TURN *** [8s Td Jh] [Qs]
Evelexy1: checks 
Mak.Alse: bets $6.37
Evelexy1: folds 
Uncalled bet ($6.37) returned to Mak.Alse
Mak.Alse collected $8.49 from pot
Mak.Alse: doesn't show hand 
*** SUMMARY ***
Total pot $8.94 | Rake $0.45 
Board [8s Td Jh Qs]
Seat 3: papatango123
Seat 1: Evelexy1 (big blind) folded on the Turn
Seat 2: Mak.Alse (button) collected ($8.49)
Seat 4: elcutez (small blind) folded before Flop



PokerStars Hand #254468451747:  Hold'em No Limit ($0.50/$1.00 USD) - 2025/01/20 15:10:41 WET [2025/01/20 10:10:41 ET]
Table 'Una IV' 6-max Seat #4 is the button
Seat 3: papatango123 ($100 in chips) is sitting out
Seat 1: Evelexy1 ($102.88 in chips) 
Seat 2: Mak.Alse ($106.97 in chips) 
Seat 4: elcutez ($71.89 in chips) 
Evelexy1: posts small blind $0.50
Mak.Alse: posts big blind $1
papatango123: sits out 
*** HOLE CARDS ***
elcutez: raises $2 to $3
Evelexy1: folds 
Mak.Alse: calls $2
*** FLOP *** [Qd Th 2h]
Mak.Alse: checks 
elcutez: checks 
*** TURN *** [Qd Th 2h] [7d]
Pon4uk.ua joins the table at seat #6 
Mak.Alse: bets $9.27
elcutez: folds 
Uncalled bet ($9.27) returned to Mak.Alse
Mak.Alse collected $6.18 from pot
Mak.Alse: doesn't show hand 
*** SUMMARY ***
Total pot $6.50 | Rake $0.32 
Board [Qd Th 2h 7d]
Seat 3: papatango123
Seat 1: Evelexy1 (small blind) folded before Flop
Seat 2: Mak.Alse (big blind) collected ($6.18)
Seat 4: elcutez (button) folded on the Turn



PokerStars Hand #254468459819:  Hold'em No Limit ($0.50/$1.00 USD) - 2025/01/20 15:11:23 WET [2025/01/20 10:11:23 ET]
Table 'Una IV' 6-max Seat #1 is the button
Seat 6: Pon4uk.ua ($100 in chips) is sitting out
Seat 1: Evelexy1 ($102.38 in chips) 
Seat 2: Mak.Alse ($110.15 in chips) 
Seat 3: papatango123 ($100 in chips) 
Seat 4: elcutez ($68.89 in chips) 
Mak.Alse: posts small blind $0.50
papatango123: posts big blind $1
Pon4uk.ua: sits out 
*** HOLE CARDS ***
elcutez: folds 
Evelexy1: raises $1.50 to $2.50
Mak.Alse: raises $9.50 to $12
papatango123: folds 
Evelexy1: folds 
Uncalled bet ($9.50) returned to Mak.Alse
Mak.Alse collected $6 from pot
Mak.Alse: doesn't show hand 
*** SUMMARY ***
Total pot $6 | Rake $0 
Seat 6: Pon4uk.ua
Seat 1: Evelexy1 (button) folded before Flop
Seat 2: Mak.Alse (small blind) collected ($6)
Seat 3: papatango123 (big blind) folded before Flop
Seat 4: elcutez folded before Flop (didn't bet)



PokerStars Hand #254468464594:  Hold'em No Limit ($0.50/$1.00 USD) - 2025/01/20 15:11:48 WET [2025/01/20 10:11:48 ET]
Table 'Una IV' 6-max Seat #2 is the button
Seat 6: Pon4uk.ua ($100 in chips) is sitting out
Seat 1: Evelexy1 ($100 in chips) 
Seat 2: Mak.Alse ($113.65 in chips) 
Seat 3: papatango123 ($100 in chips) 
Seat 4: elcutez ($68.89 in chips) 
papatango123: posts small blind $0.50
elcutez: posts big blind $1
Pon4uk.ua: sits out 
*** HOLE CARDS ***
Evelexy1: raises $1.50 to $2.50
Mak.Alse: folds 
papatango123: folds 
elcutez: calls $1.50
*** FLOP *** [4c 5s Ks]
elcutez: checks 
Evelexy1: checks 
*** TURN *** [4c 5s Ks] [Js]
elcutez: checks 
Evelexy1: checks 
*** RIVER *** [4c 5s Ks Js] [6c]
elcutez: checks 
Evelexy1: checks 
*** SHOW DOWN ***
elcutez: shows [7h 5h] (a pair of Fives)
Evelexy1: mucks hand 
elcutez collected $5.22 from pot
*** SUMMARY ***
Total pot $5.50 | Rake $0.28 
Board [4c 5s Ks Js 6c]
Seat 6: Pon4uk.ua
Seat 1: Evelexy1 mucked
Seat 2: Mak.Alse (button) folded before Flop (didn't bet)
Seat 3: papatango123 (small blind) folded before Flop
Seat 4: elcutez (big blind) showed [7h 5h] and won ($5.22) with a pair of Fives



PokerStars Hand #254468471578:  Hold'em No Limit ($0.50/$1.00 USD) - 2025/01/20 15:12:24 WET [2025/01/20 10:12:24 ET]
Table 'Una IV' 6-max Seat #3 is the button
Seat 1: Evelexy1 ($100 in chips) 
Seat 2: Mak.Alse ($113.65 in chips) 
Seat 3: papatango123 ($100 in chips) 
Seat 4: elcutez ($71.61 in chips) 
Seat 6: Pon4uk.ua ($100 in chips) 
elcutez: posts small blind $0.50
Pon4uk.ua: posts big blind $1
*** HOLE CARDS ***
Evelexy1: folds 
Mak.Alse: folds 
papatango123: raises $1.50 to $2.50
rafaelleadeb joins the table at seat #5 
rafaelleadeb is disconnected 
elcutez: folds 
Pon4uk.ua: calls $1.50
*** FLOP *** [3d 8s Ks]
Pon4uk.ua: checks 
papatango123: bets $1.72
Pon4uk.ua: calls $1.72
*** TURN *** [3d 8s Ks] [5c]
Pon4uk.ua: checks 
papatango123: checks 
*** RIVER *** [3d 8s Ks 5c] [2d]
Pon4uk.ua: checks 
papatango123: checks 
*** SHOW DOWN ***
Pon4uk.ua: shows [Ac Js] (high card Ace)
papatango123: shows [Qh Qd] (a pair of Queens)
papatango123 collected $8.49 from pot
*** SUMMARY ***
Total pot $8.94 | Rake $0.45 
Board [3d 8s Ks 5c 2d]
Seat 1: Evelexy1 folded before Flop (didn't bet)
Seat 2: Mak.Alse folded before Flop (didn't bet)
Seat 3: papatango123 (button) showed [Qh Qd] and won ($8.49) with a pair of Queens
Seat 4: elcutez (small blind) folded before Flop
Seat 6: Pon4uk.ua (big blind) showed [Ac Js] and lost with high card Ace



PokerStars Hand #254468479716:  Hold'em No Limit ($0.50/$1.00 USD) - 2025/01/20 15:13:06 WET [2025/01/20 10:13:06 ET]
Table 'Una IV' 6-max Seat #4 is the button
Seat 5: rafaelleadeb ($91.66 in chips) is sitting out
Seat 1: Evelexy1 ($100 in chips) 
Seat 2: Mak.Alse ($113.65 in chips) 
Seat 3: papatango123 ($104.27 in chips) 
Seat 4: elcutez ($71.11 in chips) 
Seat 6: Pon4uk.ua ($100 in chips) 
Pon4uk.ua: posts small blind $0.50
Evelexy1: posts big blind $1
*** HOLE CARDS ***
Mak.Alse: folds 
papatango123: folds 
elcutez: raises $2 to $3
Pon4uk.ua: folds 
Evelexy1: folds 
Uncalled bet ($2) returned to elcutez
elcutez collected $2.50 from pot
*** SUMMARY ***
Total pot $2.50 | Rake $0 
Seat 5: rafaelleadeb
Seat 1: Evelexy1 (big blind) folded before Flop
Seat 2: Mak.Alse folded before Flop (didn't bet)
Seat 3: papatango123 folded before Flop (didn't bet)
Seat 4: elcutez (button) collected ($2.50)
Seat 6: Pon4uk.ua (small blind) folded before Flop



PokerStars Hand #254468511743:  Hold'em No Limit ($0.50/$1.00 USD) - 2025/01/20 15:15:48 WET [2025/01/20 10:15:48 ET]
Table 'Una IV' 6-max Seat #3 is the button
Seat 1: Evelexy1 ($100 in chips) 
Seat 2: Mak.Alse ($112.15 in chips) 
Seat 3: papatango123 ($102.77 in chips) 
Seat 4: elcutez ($73.11 in chips) 
Seat 5: rafaelleadeb ($79.18 in chips) 
Seat 6: Pon4uk.ua ($114.32 in chips) 
elcutez: posts small blind $0.50
rafaelleadeb: posts big blind $1
*** HOLE CARDS ***
Pon4uk.ua: folds 
Evelexy1: folds 
Mak.Alse: folds 
papatango123: raises $1.50 to $2.50
elcutez: raises $6 to $8.50
rafaelleadeb: folds 
papatango123: folds 
Uncalled bet ($6) returned to elcutez
elcutez collected $6 from pot
*** SUMMARY ***
Total pot $6 | Rake $0 
Seat 1: Evelexy1 folded before Flop (didn't bet)
Seat 2: Mak.Alse folded before Flop (didn't bet)
Seat 3: papatango123 (button) folded before Flop
Seat 4: elcutez (small blind) collected ($6)
Seat 5: rafaelleadeb (big blind) folded before Flop
Seat 6: Pon4uk.ua folded before Flop (didn't bet)



PokerStars Hand #254468515959:  Hold'em No Limit ($0.50/$1.00 USD) - 2025/01/20 15:16:09 WET [2025/01/20 10:16:09 ET]
Table 'Una IV' 6-max Seat #4 is the button
Seat 1: Evelexy1 ($100 in chips) 
Seat 2: Mak.Alse ($112.15 in chips) 
Seat 3: papatango123 ($100.27 in chips) 
Seat 4: elcutez ($76.61 in chips) 
Seat 5: rafaelleadeb ($78.18 in chips) 
Seat 6: Pon4uk.ua ($114.32 in chips) 
rafaelleadeb: posts small blind $0.50
Pon4uk.ua: posts big blind $1
*** HOLE CARDS ***
Evelexy1: folds 
Mak.Alse: folds 
papatango123: raises $1.50 to $2.50
elcutez: folds 
rafaelleadeb: calls $2
Pon4uk.ua: folds 
*** FLOP *** [4c Kd 3s]
rafaelleadeb: checks 
papatango123: bets $1.88
rafaelleadeb: calls $1.88
*** TURN *** [4c Kd 3s] [8s]
rafaelleadeb: bets $3
papatango123: folds 
Uncalled bet ($3) returned to rafaelleadeb
rafaelleadeb collected $9.27 from pot
*** SUMMARY ***
Total pot $9.76 | Rake $0.49 
Board [4c Kd 3s 8s]
Seat 1: Evelexy1 folded before Flop (didn't bet)
Seat 2: Mak.Alse folded before Flop (didn't bet)
Seat 3: papatango123 folded on the Turn
Seat 4: elcutez (button) folded before Flop (didn't bet)
Seat 5: rafaelleadeb (small blind) collected ($9.27)
Seat 6: Pon4uk.ua (big blind) folded before Flop



PokerStars Hand #254469037135:  Hold'em No Limit ($0.50/$1.00 USD) - 2025/01/20 15:57:24 WET [2025/01/20 10:57:24 ET]
Table 'Una IV' 6-max Seat #3 is the button
Seat 1: IKnowThatFel ($133.66 in chips) 
Seat 2: Mak.Alse ($111.02 in chips) 
Seat 3: papatango123 ($100 in chips) 
Seat 4: Rdalonso ($172.68 in chips) 
Seat 5: rafaelleadeb ($58.76 in chips) 
Seat 6: xcinaz ($124.34 in chips) 
Rdalonso: posts small blind $0.50
rafaelleadeb: posts big blind $1
*** HOLE CARDS ***
xcinaz: folds 
IKnowThatFel: folds 
Mak.Alse: folds 
papatango123: raises $1.50 to $2.50
Rdalonso: folds 
rafaelleadeb: folds 
Uncalled bet ($1.50) returned to papatango123
papatango123 collected $2.50 from pot
papatango123: doesn't show hand 
*** SUMMARY ***
Total pot $2.50 | Rake $0 
Seat 1: IKnowThatFel folded before Flop (didn't bet)
Seat 2: Mak.Alse folded before Flop (didn't bet)
Seat 3: papatango123 (button) collected ($2.50)
Seat 4: Rdalonso (small blind) folded before Flop
Seat 5: rafaelleadeb (big blind) folded before Flop
Seat 6: xcinaz folded before Flop (didn't bet)



PokerStars Hand #254469040680:  Hold'em No Limit ($0.50/$1.00 USD) - 2025/01/20 15:57:46 WET [2025/01/20 10:57:46 ET]
Table 'Una IV' 6-max Seat #4 is the button
Seat 1: IKnowThatFel ($133.66 in chips) 
Seat 2: Mak.Alse ($111.02 in chips) 
Seat 3: papatango123 ($101.50 in chips) 
Seat 4: Rdalonso ($172.18 in chips) 
Seat 5: rafaelleadeb ($57.76 in chips) 
Seat 6: xcinaz ($124.34 in chips) 
rafaelleadeb: posts small blind $0.50
xcinaz: posts big blind $1
*** HOLE CARDS ***
IKnowThatFel: folds 
Mak.Alse: folds 
papatango123: folds 
Rdalonso: raises $1.50 to $2.50
rafaelleadeb: folds 
xcinaz: folds 
Uncalled bet ($1.50) returned to Rdalonso
Rdalonso collected $2.50 from pot
Rdalonso: doesn't show hand 
*** SUMMARY ***
Total pot $2.50 | Rake $0 
Seat 1: IKnowThatFel folded before Flop (didn't bet)
Seat 2: Mak.Alse folded before Flop (didn't bet)
Seat 3: papatango123 folded before Flop (didn't bet)
Seat 4: Rdalonso (button) collected ($2.50)
Seat 5: rafaelleadeb (small blind) folded before Flop
Seat 6: xcinaz (big blind) folded before Flop



PokerStars Hand #254469044762:  Hold'em No Limit ($0.50/$1.00 USD) - 2025/01/20 15:58:12 WET [2025/01/20 10:58:12 ET]
Table 'Una IV' 6-max Seat #5 is the button
Seat 1: IKnowThatFel ($133.66 in chips) 
Seat 2: Mak.Alse ($111.02 in chips) 
Seat 3: papatango123 ($101.50 in chips) 
Seat 4: Rdalonso ($173.68 in chips) 
Seat 5: rafaelleadeb ($57.26 in chips) 
Seat 6: xcinaz ($123.34 in chips) 
xcinaz: posts small blind $0.50
IKnowThatFel: posts big blind $1
*** HOLE CARDS ***
Mak.Alse: folds 
papatango123: folds 
Rdalonso: folds 
rafaelleadeb: folds 
xcinaz: raises $2 to $3
IKnowThatFel: folds 
Uncalled bet ($2) returned to xcinaz
xcinaz collected $2 from pot
xcinaz: doesn't show hand 
*** SUMMARY ***
Total pot $2 | Rake $0 
Seat 1: IKnowThatFel (big blind) folded before Flop
Seat 2: Mak.Alse folded before Flop (didn't bet)
Seat 3: papatango123 folded before Flop (didn't bet)
Seat 4: Rdalonso folded before Flop (didn't bet)
Seat 5: rafaelleadeb (button) folded before Flop (didn't bet)
Seat 6: xcinaz (small blind) collected ($2)



PokerStars Hand #254469047312:  Hold'em No Limit ($0.50/$1.00 USD) - 2025/01/20 15:58:28 WET [2025/01/20 10:58:28 ET]
Table 'Una IV' 6-max Seat #6 is the button
Seat 1: IKnowThatFel ($132.66 in chips) 
Seat 2: Mak.Alse ($111.02 in chips) 
Seat 3: papatango123 ($101.50 in chips) 
Seat 4: Rdalonso ($173.68 in chips) 
Seat 5: rafaelleadeb ($57.26 in chips) 
Seat 6: xcinaz ($124.34 in chips) 
IKnowThatFel: posts small blind $0.50
Mak.Alse: posts big blind $1
*** HOLE CARDS ***
papatango123: folds 
Rdalonso: folds 
rafaelleadeb: folds 
xcinaz: folds 
IKnowThatFel: raises $2 to $3
Mak.Alse: calls $2
*** FLOP *** [9h 3d 3h]
IKnowThatFel: bets $1.88
Mak.Alse: calls $1.88
*** TURN *** [9h 3d 3h] [5h]
IKnowThatFel: checks 
Mak.Alse: checks 
*** RIVER *** [9h 3d 3h 5h] [2s]
IKnowThatFel: bets $6.95
Mak.Alse: folds 
Uncalled bet ($6.95) returned to IKnowThatFel
IKnowThatFel collected $9.27 from pot
IKnowThatFel: doesn't show hand 
*** SUMMARY ***
Total pot $9.76 | Rake $0.49 
Board [9h 3d 3h 5h 2s]
Seat 1: IKnowThatFel (small blind) collected ($9.27)
Seat 2: Mak.Alse (big blind) folded on the River
Seat 3: papatango123 folded before Flop (didn't bet)
Seat 4: Rdalonso folded before Flop (didn't bet)
Seat 5: rafaelleadeb folded before Flop (didn't bet)
Seat 6: xcinaz (button) folded before Flop (didn't bet)



PokerStars Hand #254469064508:  Hold'em No Limit ($0.50/$1.00 USD) - 2025/01/20 16:00:15 WET [2025/01/20 11:00:15 ET]
Table 'Una IV' 6-max Seat #1 is the button
Seat 1: IKnowThatFel ($137.05 in chips) 
Seat 2: Mak.Alse ($106.14 in chips) 
Seat 3: papatango123 ($101.50 in chips) 
Seat 4: Rdalonso ($173.68 in chips) 
Seat 5: rafaelleadeb ($57.26 in chips) 
Seat 6: xcinaz ($124.34 in chips) 
Mak.Alse: posts small blind $0.50
papatango123: posts big blind $1
*** HOLE CARDS ***
Rdalonso: folds 
rafaelleadeb: folds 
xcinaz: folds 
IKnowThatFel: folds 
Mak.Alse: raises $2 to $3
papatango123: folds 
Uncalled bet ($2) returned to Mak.Alse
Mak.Alse collected $2 from pot
Mak.Alse: doesn't show hand 
*** SUMMARY ***
Total pot $2 | Rake $0 
Seat 1: IKnowThatFel (button) folded before Flop (didn't bet)
Seat 2: Mak.Alse (small blind) collected ($2)
Seat 3: papatango123 (big blind) folded before Flop
Seat 4: Rdalonso folded before Flop (didn't bet)
Seat 5: rafaelleadeb folded before Flop (didn't bet)
Seat 6: xcinaz folded before Flop (didn't bet)



PokerStars Hand #254469066636:  Hold'em No Limit ($0.50/$1.00 USD) - 2025/01/20 16:00:27 WET [2025/01/20 11:00:27 ET]
Table 'Una IV' 6-max Seat #2 is the button
Seat 1: IKnowThatFel ($137.05 in chips) 
Seat 2: Mak.Alse ($107.14 in chips) 
Seat 3: papatango123 ($100.50 in chips) 
Seat 4: Rdalonso ($173.68 in chips) 
Seat 5: rafaelleadeb ($57.26 in chips) 
Seat 6: xcinaz ($124.34 in chips) 
papatango123: posts small blind $0.50
Rdalonso: posts big blind $1
*** HOLE CARDS ***
rafaelleadeb: raises $2 to $3
xcinaz: folds 
IKnowThatFel: folds 
Mak.Alse: folds 
papatango123: folds 
Rdalonso: calls $2
*** FLOP *** [6s 2d 4c]
Rdalonso: checks 
rafaelleadeb: bets $6
Rdalonso: raises $6 to $12
rafaelleadeb: calls $6
*** TURN *** [6s 2d 4c] [8s]
Rdalonso: bets $14.49
rafaelleadeb: folds 
Uncalled bet ($14.49) returned to Rdalonso
Rdalonso collected $28.98 from pot
Rdalonso: doesn't show hand 
*** SUMMARY ***
Total pot $30.50 | Rake $1.52 
Board [6s 2d 4c 8s]
Seat 1: IKnowThatFel folded before Flop (didn't bet)
Seat 2: Mak.Alse (button) folded before Flop (didn't bet)
Seat 3: papatango123 (small blind) folded before Flop
Seat 4: Rdalonso (big blind) collected ($28.98)
Seat 5: rafaelleadeb folded on the Turn
Seat 6: xcinaz folded before Flop (didn't bet)



PokerStars Hand #254469075392:  Hold'em No Limit ($0.50/$1.00 USD) - 2025/01/20 16:01:14 WET [2025/01/20 11:01:14 ET]
Table 'Una IV' 6-max Seat #3 is the button
Seat 1: IKnowThatFel ($137.05 in chips) 
Seat 2: Mak.Alse ($107.14 in chips) 
Seat 3: papatango123 ($100 in chips) 
Seat 4: Rdalonso ($187.66 in chips) 
Seat 5: rafaelleadeb ($42.26 in chips) 
Seat 6: xcinaz ($124.34 in chips) 
Rdalonso: posts small blind $0.50
rafaelleadeb: posts big blind $1
*** HOLE CARDS ***
xcinaz: folds 
IKnowThatFel: folds 
Mak.Alse: raises $1.50 to $2.50
papatango123: raises $5.50 to $8
Rdalonso: folds 
rafaelleadeb: folds 
Mak.Alse: folds 
Uncalled bet ($5.50) returned to papatango123
rafaelleadeb leaves the table
papatango123 collected $6.50 from pot
papatango123: doesn't show hand 
*** SUMMARY ***
Total pot $6.50 | Rake $0 
Seat 1: IKnowThatFel folded before Flop (didn't bet)
Seat 2: Mak.Alse folded before Flop
Seat 3: papatango123 (button) collected ($6.50)
Seat 4: Rdalonso (small blind) folded before Flop
Seat 5: rafaelleadeb (big blind) folded before Flop
Seat 6: xcinaz folded before Flop (didn't bet)



PokerStars Hand #254469079253:  Hold'em No Limit ($0.50/$1.00 USD) - 2025/01/20 16:01:34 WET [2025/01/20 11:01:34 ET]
Table 'Una IV' 6-max Seat #4 is the button
Seat 1: IKnowThatFel ($137.05 in chips) 
Seat 2: Mak.Alse ($104.64 in chips) 
Seat 3: papatango123 ($104 in chips) 
Seat 4: Rdalonso ($187.16 in chips) 
Seat 6: xcinaz ($124.34 in chips) 
xcinaz: posts small blind $0.50
IKnowThatFel: posts big blind $1
*** HOLE CARDS ***
Mak.Alse: folds 
papatango123: raises $1.50 to $2.50
Rdalonso: folds 
xcinaz: folds 
IKnowThatFel: calls $1.50
*** FLOP *** [5d Ac Th]
IKnowThatFel: checks 
papatango123: bets $1.72
IKnowThatFel: raises $3.78 to $5.50
papatango123: calls $3.78
*** TURN *** [5d Ac Th] [2h]
IKnowThatFel: bets $23.52
papatango123: folds 
Uncalled bet ($23.52) returned to IKnowThatFel
IKnowThatFel collected $15.68 from pot
IKnowThatFel: doesn't show hand 
*** SUMMARY ***
Total pot $16.50 | Rake $0.82 
Board [5d Ac Th 2h]
Seat 1: IKnowThatFel (big blind) collected ($15.68)
Seat 2: Mak.Alse folded before Flop (didn't bet)
Seat 3: papatango123 folded on the Turn
Seat 4: Rdalonso (button) folded before Flop (didn't bet)
Seat 6: xcinaz (small blind) folded before Flop



PokerStars Hand #254469092432:  Hold'em No Limit ($0.50/$1.00 USD) - 2025/01/20 16:02:37 WET [2025/01/20 11:02:37 ET]
Table 'Una IV' 6-max Seat #6 is the button
Seat 1: IKnowThatFel ($144.73 in chips) 
Seat 2: Mak.Alse ($104.64 in chips) 
Seat 3: papatango123 ($100 in chips) 
Seat 4: Rdalonso ($187.16 in chips) 
Seat 6: xcinaz ($123.84 in chips) 
IKnowThatFel: posts small blind $0.50
Mak.Alse: posts big blind $1
*** HOLE CARDS ***
papatango123: folds 
Rdalonso: folds 
xcinaz: folds 
IKnowThatFel: raises $2 to $3
Mak.Alse: calls $2
*** FLOP *** [Ks 3s Kc]
IKnowThatFel: bets $1.88
Mak.Alse: folds 
Uncalled bet ($1.88) returned to IKnowThatFel
IKnowThatFel collected $5.70 from pot
IKnowThatFel: doesn't show hand 
*** SUMMARY ***
Total pot $6 | Rake $0.30 
Board [Ks 3s Kc]
Seat 1: IKnowThatFel (small blind) collected ($5.70)
Seat 2: Mak.Alse (big blind) folded on the Flop
Seat 3: papatango123 folded before Flop (didn't bet)
Seat 4: Rdalonso folded before Flop (didn't bet)
Seat 6: xcinaz (button) folded before Flop (didn't bet)



PokerStars Hand #254468775366:  Hold'em No Limit ($0.50/$1.00 USD) - 2025/01/20 15:36:45 WET [2025/01/20 10:36:45 ET]
Table 'Una IV' 6-max Seat #4 is the button
Seat 1: IKnowThatFel ($100 in chips) 
Seat 2: Mak.Alse ($132.80 in chips) 
Seat 3: papatango123 ($129.76 in chips) 
Seat 4: Rdalonso ($100 in chips) 
Seat 5: rafaelleadeb ($100.70 in chips) 
Seat 6: xcinaz ($100 in chips) 
rafaelleadeb: posts small blind $0.50
xcinaz: posts big blind $1
*** HOLE CARDS ***
IKnowThatFel: raises $1.50 to $2.50
Mak.Alse: folds 
papatango123: folds 
Rdalonso: calls $2.50
rafaelleadeb: calls $2
xcinaz: calls $1.50
*** FLOP *** [8c 8s Qh]
rafaelleadeb: checks 
xcinaz: checks 
IKnowThatFel: checks 
Rdalonso: checks 
*** TURN *** [8c 8s Qh] [Th]
rafaelleadeb: bets $4
xcinaz: calls $4
IKnowThatFel: folds 
Rdalonso: calls $4
*** RIVER *** [8c 8s Qh Th] [Jd]
rafaelleadeb: checks 
xcinaz: checks 
Rdalonso: bets $18.39
rafaelleadeb: folds 
xcinaz: folds 
Uncalled bet ($18.39) returned to Rdalonso
Rdalonso collected $20.90 from pot
Rdalonso: doesn't show hand 
*** SUMMARY ***
Total pot $22 | Rake $1.10 
Board [8c 8s Qh Th Jd]
Seat 1: IKnowThatFel folded on the Turn
Seat 2: Mak.Alse folded before Flop (didn't bet)
Seat 3: papatango123 folded before Flop (didn't bet)
Seat 4: Rdalonso (button) collected ($20.90)
Seat 5: rafaelleadeb (small blind) folded on the River
Seat 6: xcinaz (big blind) folded on the River



PokerStars Hand #254468794944:  Hold'em No Limit ($0.50/$1.00 USD) - 2025/01/20 15:38:15 WET [2025/01/20 10:38:15 ET]
Table 'Una IV' 6-max Seat #5 is the button
Seat 1: IKnowThatFel ($100 in chips) 
Seat 2: Mak.Alse ($132.80 in chips) 
Seat 3: papatango123 ($129.76 in chips) 
Seat 4: Rdalonso ($114.40 in chips) 
Seat 5: rafaelleadeb ($94.20 in chips) 
Seat 6: xcinaz ($100 in chips) 
xcinaz: posts small blind $0.50
IKnowThatFel: posts big blind $1
*** HOLE CARDS ***
Mak.Alse: folds 
papatango123: folds 
Rdalonso: raises $1.50 to $2.50
rafaelleadeb: folds 
xcinaz: folds 
IKnowThatFel: calls $1.50
*** FLOP *** [3c 4d Th]
IKnowThatFel: checks 
Rdalonso: bets $2.61
IKnowThatFel: calls $2.61
*** TURN *** [3c 4d Th] [9d]
IKnowThatFel: checks 
Rdalonso: checks 
*** RIVER *** [3c 4d Th 9d] [8d]
IKnowThatFel: bets $7.63
Rdalonso: calls $7.63
*** SHOW DOWN ***
IKnowThatFel: shows [Jd Qs] (a straight, Eight to Queen)
Rdalonso: mucks hand 
IKnowThatFel collected $24.68 from pot
*** SUMMARY ***
Total pot $25.98 | Rake $1.30 
Board [3c 4d Th 9d 8d]
Seat 1: IKnowThatFel (big blind) showed [Jd Qs] and won ($24.68) with a straight, Eight to Queen
Seat 2: Mak.Alse folded before Flop (didn't bet)
Seat 3: papatango123 folded before Flop (didn't bet)
Seat 4: Rdalonso mucked
Seat 5: rafaelleadeb (button) folded before Flop (didn't bet)
Seat 6: xcinaz (small blind) folded before Flop



PokerStars Hand #254468820006:  Hold'em No Limit ($0.50/$1.00 USD) - 2025/01/20 15:40:10 WET [2025/01/20 10:40:10 ET]
Table 'Una IV' 6-max Seat #6 is the button
Seat 1: IKnowThatFel ($111.94 in chips) 
Seat 2: Mak.Alse ($132.80 in chips) 
Seat 3: papatango123 ($129.76 in chips) 
Seat 4: Rdalonso ($101.66 in chips) 
Seat 5: rafaelleadeb ($94.20 in chips) 
Seat 6: xcinaz ($100 in chips) 
IKnowThatFel: posts small blind $0.50
Mak.Alse: posts big blind $1
*** HOLE CARDS ***
papatango123: folds 
Rdalonso: folds 
rafaelleadeb: folds 
xcinaz: folds 
IKnowThatFel: raises $2 to $3
Mak.Alse: folds 
Uncalled bet ($2) returned to IKnowThatFel
IKnowThatFel collected $2 from pot
IKnowThatFel: doesn't show hand 
*** SUMMARY ***
Total pot $2 | Rake $0 
Seat 1: IKnowThatFel (small blind) collected ($2)
Seat 2: Mak.Alse (big blind) folded before Flop
Seat 3: papatango123 folded before Flop (didn't bet)
Seat 4: Rdalonso folded before Flop (didn't bet)
Seat 5: rafaelleadeb folded before Flop (didn't bet)
Seat 6: xcinaz (button) folded before Flop (didn't bet)



PokerStars Hand #254468823782:  Hold'em No Limit ($0.50/$1.00 USD) - 2025/01/20 15:40:28 WET [2025/01/20 10:40:28 ET]
Table 'Una IV' 6-max Seat #1 is the button
Seat 1: IKnowThatFel ($112.94 in chips) 
Seat 2: Mak.Alse ($131.80 in chips) 
Seat 3: papatango123 ($129.76 in chips) 
Seat 4: Rdalonso ($101.66 in chips) 
Seat 5: rafaelleadeb ($94.20 in chips) 
Seat 6: xcinaz ($100 in chips) 
Mak.Alse: posts small blind $0.50
papatango123: posts big blind $1
*** HOLE CARDS ***
Rdalonso: folds 
rafaelleadeb: folds 
xcinaz: folds 
IKnowThatFel: raises $1.50 to $2.50
Mak.Alse: folds 
papatango123: raises $9.50 to $12
IKnowThatFel: folds 
Uncalled bet ($9.50) returned to papatango123
papatango123 collected $5.50 from pot
papatango123: doesn't show hand 
*** SUMMARY ***
Total pot $5.50 | Rake $0 
Seat 1: IKnowThatFel (button) folded before Flop
Seat 2: Mak.Alse (small blind) folded before Flop
Seat 3: papatango123 (big blind) collected ($5.50)
Seat 4: Rdalonso folded before Flop (didn't bet)
Seat 5: rafaelleadeb folded before Flop (didn't bet)
Seat 6: xcinaz folded before Flop (didn't bet)



PokerStars Hand #254468831229:  Hold'em No Limit ($0.50/$1.00 USD) - 2025/01/20 15:41:02 WET [2025/01/20 10:41:02 ET]
Table 'Una IV' 6-max Seat #2 is the button
Seat 1: IKnowThatFel ($110.44 in chips) 
Seat 2: Mak.Alse ($131.30 in chips) 
Seat 3: papatango123 ($132.76 in chips) 
Seat 4: Rdalonso ($101.66 in chips) 
Seat 5: rafaelleadeb ($94.20 in chips) 
Seat 6: xcinaz ($100 in chips) 
papatango123: posts small blind $0.50
Rdalonso: posts big blind $1
*** HOLE CARDS ***
rafaelleadeb: folds 
xcinaz: raises $1 to $2
IKnowThatFel: folds 
Mak.Alse: raises $5.50 to $7.50
papatango123: folds 
Rdalonso: folds 
xcinaz: folds 
Uncalled bet ($5.50) returned to Mak.Alse
Mak.Alse collected $5.50 from pot
Mak.Alse: doesn't show hand 
*** SUMMARY ***
Total pot $5.50 | Rake $0 
Seat 1: IKnowThatFel folded before Flop (didn't bet)
Seat 2: Mak.Alse (button) collected ($5.50)
Seat 3: papatango123 (small blind) folded before Flop
Seat 4: Rdalonso (big blind) folded before Flop
Seat 5: rafaelleadeb folded before Flop (didn't bet)
Seat 6: xcinaz folded before Flop



PokerStars Hand #254468838182:  Hold'em No Limit ($0.50/$1.00 USD) - 2025/01/20 15:41:33 WET [2025/01/20 10:41:33 ET]
Table 'Una IV' 6-max Seat #3 is the button
Seat 1: IKnowThatFel ($110.44 in chips) 
Seat 2: Mak.Alse ($134.80 in chips) 
Seat 3: papatango123 ($132.26 in chips) 
Seat 4: Rdalonso ($100.66 in chips) 
Seat 5: rafaelleadeb ($94.20 in chips) 
Seat 6: xcinaz ($100 in chips) 
Rdalonso: posts small blind $0.50
rafaelleadeb: posts big blind $1
*** HOLE CARDS ***
xcinaz: folds 
IKnowThatFel: folds 
Mak.Alse: raises $1.50 to $2.50
papatango123: folds 
Rdalonso: folds 
rafaelleadeb: folds 
Uncalled bet ($1.50) returned to Mak.Alse
Mak.Alse collected $2.50 from pot
Mak.Alse: doesn't show hand 
*** SUMMARY ***
Total pot $2.50 | Rake $0 
Seat 1: IKnowThatFel folded before Flop (didn't bet)
Seat 2: Mak.Alse collected ($2.50)
Seat 3: papatango123 (button) folded before Flop (didn't bet)
Seat 4: Rdalonso (small blind) folded before Flop
Seat 5: rafaelleadeb (big blind) folded before Flop
Seat 6: xcinaz folded before Flop (didn't bet)



PokerStars Hand #254468843347:  Hold'em No Limit ($0.50/$1.00 USD) - 2025/01/20 15:41:56 WET [2025/01/20 10:41:56 ET]
Table 'Una IV' 6-max Seat #4 is the button
Seat 1: IKnowThatFel ($110.44 in chips) 
Seat 2: Mak.Alse ($136.30 in chips) 
Seat 3: papatango123 ($132.26 in chips) 
Seat 4: Rdalonso ($100.16 in chips) 
Seat 5: rafaelleadeb ($93.20 in chips) 
Seat 6: xcinaz ($100 in chips) 
rafaelleadeb: posts small blind $0.50
xcinaz: posts big blind $1
*** HOLE CARDS ***
IKnowThatFel: folds 
Mak.Alse: folds 
papatango123: raises $1.50 to $2.50
Rdalonso: folds 
rafaelleadeb: folds 
xcinaz: calls $1.50
*** FLOP *** [2h 6c 8s]
xcinaz: checks 
papatango123: checks 
*** TURN *** [2h 6c 8s] [Qs]
xcinaz: checks 
papatango123: checks 
*** RIVER *** [2h 6c 8s Qs] [Jd]
xcinaz: checks 
papatango123: checks 
*** SHOW DOWN ***
xcinaz: shows [5c 5s] (a pair of Fives)
papatango123: shows [7h 7s] (a pair of Sevens)
papatango123 collected $5.22 from pot
*** SUMMARY ***
Total pot $5.50 | Rake $0.28 
Board [2h 6c 8s Qs Jd]
Seat 1: IKnowThatFel folded before Flop (didn't bet)
Seat 2: Mak.Alse folded before Flop (didn't bet)
Seat 3: papatango123 showed [7h 7s] and won ($5.22) with a pair of Sevens
Seat 4: Rdalonso (button) folded before Flop (didn't bet)
Seat 5: rafaelleadeb (small blind) folded before Flop
Seat 6: xcinaz (big blind) showed [5c 5s] and lost with a pair of Fives



PokerStars Hand #254468857233:  Hold'em No Limit ($0.50/$1.00 USD) - 2025/01/20 15:42:59 WET [2025/01/20 10:42:59 ET]
Table 'Una IV' 6-max Seat #5 is the button
Seat 1: IKnowThatFel ($110.44 in chips) 
Seat 2: Mak.Alse ($136.30 in chips) 
Seat 3: papatango123 ($134.98 in chips) 
Seat 4: Rdalonso ($100.16 in chips) 
Seat 5: rafaelleadeb ($92.70 in chips) 
Seat 6: xcinaz ($100 in chips) 
xcinaz: posts small blind $0.50
IKnowThatFel: posts big blind $1
*** HOLE CARDS ***
Mak.Alse: folds 
papatango123: folds 
Rdalonso: folds 
rafaelleadeb: raises $2 to $3
xcinaz: folds 
IKnowThatFel: calls $2
*** FLOP *** [8h 3c 3s]
IKnowThatFel: checks 
rafaelleadeb: checks 
*** TURN *** [8h 3c 3s] [Js]
IKnowThatFel: checks 
rafaelleadeb: checks 
*** RIVER *** [8h 3c 3s Js] [6s]
IKnowThatFel: bets $1
rafaelleadeb: folds 
Uncalled bet ($1) returned to IKnowThatFel
IKnowThatFel collected $6.18 from pot
IKnowThatFel: doesn't show hand 
*** SUMMARY ***
Total pot $6.50 | Rake $0.32 
Board [8h 3c 3s Js 6s]
Seat 1: IKnowThatFel (big blind) collected ($6.18)
Seat 2: Mak.Alse folded before Flop (didn't bet)
Seat 3: papatango123 folded before Flop (didn't bet)
Seat 4: Rdalonso folded before Flop (didn't bet)
Seat 5: rafaelleadeb (button) folded on the River
Seat 6: xcinaz (small blind) folded before Flop



PokerStars Hand #254468869356:  Hold'em No Limit ($0.50/$1.00 USD) - 2025/01/20 15:43:55 WET [2025/01/20 10:43:55 ET]
Table 'Una IV' 6-max Seat #6 is the button
Seat 1: IKnowThatFel ($113.62 in chips) 
Seat 2: Mak.Alse ($136.30 in chips) 
Seat 3: papatango123 ($134.98 in chips) 
Seat 4: Rdalonso ($100.16 in chips) 
Seat 5: rafaelleadeb ($89.70 in chips) 
Seat 6: xcinaz ($100 in chips) 
IKnowThatFel: posts small blind $0.50
Mak.Alse: posts big blind $1
*** HOLE CARDS ***
papatango123: raises $1 to $2
Rdalonso: folds 
rafaelleadeb: folds 
xcinaz: raises $5 to $7
IKnowThatFel: folds 
Mak.Alse: folds 
papatango123: calls $5
*** FLOP *** [Jh Ac Qd]
papatango123: checks 
xcinaz: bets $3.68
papatango123: calls $3.68
*** TURN *** [Jh Ac Qd] [5h]
papatango123: checks 
xcinaz: bets $18.46
papatango123: folds 
Uncalled bet ($18.46) returned to xcinaz
xcinaz collected $21.72 from pot
xcinaz: doesn't show hand 
*** SUMMARY ***
Total pot $22.86 | Rake $1.14 
Board [Jh Ac Qd 5h]
Seat 1: IKnowThatFel (small blind) folded before Flop
Seat 2: Mak.Alse (big blind) folded before Flop
Seat 3: papatango123 folded on the Turn
Seat 4: Rdalonso folded before Flop (didn't bet)
Seat 5: rafaelleadeb folded before Flop (didn't bet)
Seat 6: xcinaz (button) collected ($21.72)



PokerStars Hand #254468885333:  Hold'em No Limit ($0.50/$1.00 USD) - 2025/01/20 15:45:07 WET [2025/01/20 10:45:07 ET]
Table 'Una IV' 6-max Seat #1 is the button
Seat 1: IKnowThatFel ($113.12 in chips) 
Seat 2: Mak.Alse ($135.30 in chips) 
Seat 3: papatango123 ($124.30 in chips) 
Seat 4: Rdalonso ($100.16 in chips) 
Seat 5: rafaelleadeb ($89.70 in chips) 
Seat 6: xcinaz ($111.04 in chips) 
Mak.Alse: posts small blind $0.50
papatango123: posts big blind $1
*** HOLE CARDS ***
Rdalonso: folds 
rafaelleadeb: calls $1
xcinaz: folds 
IKnowThatFel: raises $2.50 to $3.50
Mak.Alse: folds 
papatango123: folds 
rafaelleadeb: calls $2.50
*** FLOP *** [4h 5s Kd]
rafaelleadeb: checks 
IKnowThatFel: bets $4.04
rafaelleadeb: calls $4.04
*** TURN *** [4h 5s Kd] [2d]
rafaelleadeb: checks 
IKnowThatFel: bets $11.81
rafaelleadeb: calls $11.81
*** RIVER *** [4h 5s Kd 2d] [Kc]
rafaelleadeb: checks 
IKnowThatFel: checks 
*** SHOW DOWN ***
rafaelleadeb: shows [8d 6d] (a pair of Kings)
IKnowThatFel: shows [Kh 9c] (three of a kind, Kings)
IKnowThatFel collected $38.19 from pot
*** SUMMARY ***
Total pot $40.20 | Rake $2.01 
Board [4h 5s Kd 2d Kc]
Seat 1: IKnowThatFel (button) showed [Kh 9c] and won ($38.19) with three of a kind, Kings
Seat 2: Mak.Alse (small blind) folded before Flop
Seat 3: papatango123 (big blind) folded before Flop
Seat 4: Rdalonso folded before Flop (didn't bet)
Seat 5: rafaelleadeb showed [8d 6d] and lost with a pair of Kings
Seat 6: xcinaz folded before Flop (didn't bet)



PokerStars Hand #254468902062:  Hold'em No Limit ($0.50/$1.00 USD) - 2025/01/20 15:46:24 WET [2025/01/20 10:46:24 ET]
Table 'Una IV' 6-max Seat #2 is the button
Seat 1: IKnowThatFel ($131.96 in chips) 
Seat 2: Mak.Alse ($134.80 in chips) 
Seat 3: papatango123 ($123.30 in chips) 
Seat 4: Rdalonso ($100.16 in chips) 
Seat 5: rafaelleadeb ($70.35 in chips) 
Seat 6: xcinaz ($111.04 in chips) 
papatango123: posts small blind $0.50
Rdalonso: posts big blind $1
*** HOLE CARDS ***
rafaelleadeb: folds 
xcinaz: folds 
IKnowThatFel: folds 
Mak.Alse: folds 
papatango123: raises $2 to $3
Rdalonso: calls $2
*** FLOP *** [6d 3d 5s]
papatango123: bets $4.28
Rdalonso: calls $4.28
*** TURN *** [6d 3d 5s] [Ks]
papatango123: bets $9
Rdalonso: calls $9
*** RIVER *** [6d 3d 5s Ks] [2h]
papatango123: checks 
Rdalonso: bets $39.24
papatango123: calls $39.24
*** SHOW DOWN ***
Rdalonso: shows [4c 6c] (a straight, Deuce to Six)
papatango123: mucks hand 
Rdalonso collected $108.54 from pot
*** SUMMARY ***
Total pot $111.04 | Rake $2.50 
Board [6d 3d 5s Ks 2h]
Seat 1: IKnowThatFel folded before Flop (didn't bet)
Seat 2: Mak.Alse (button) folded before Flop (didn't bet)
Seat 3: papatango123 (small blind) mucked
Seat 4: Rdalonso (big blind) showed [4c 6c] and won ($108.54) with a straight, Deuce to Six
Seat 5: rafaelleadeb folded before Flop (didn't bet)
Seat 6: xcinaz folded before Flop (didn't bet)



PokerStars Hand #254468919391:  Hold'em No Limit ($0.50/$1.00 USD) - 2025/01/20 15:47:43 WET [2025/01/20 10:47:43 ET]
Table 'Una IV' 6-max Seat #3 is the button
Seat 1: IKnowThatFel ($131.96 in chips) 
Seat 2: Mak.Alse ($134.80 in chips) 
Seat 3: papatango123 ($100 in chips) 
Seat 4: Rdalonso ($153.18 in chips) 
Seat 5: rafaelleadeb ($70.35 in chips) 
Seat 6: xcinaz ($111.04 in chips) 
Rdalonso: posts small blind $0.50
rafaelleadeb: posts big blind $1
*** HOLE CARDS ***
xcinaz: folds 
IKnowThatFel: folds 
Mak.Alse: folds 
papatango123: folds 
Rdalonso: raises $2 to $3
rafaelleadeb: folds 
Uncalled bet ($2) returned to Rdalonso
Rdalonso collected $2 from pot
Rdalonso: doesn't show hand 
*** SUMMARY ***
Total pot $2 | Rake $0 
Seat 1: IKnowThatFel folded before Flop (didn't bet)
Seat 2: Mak.Alse folded before Flop (didn't bet)
Seat 3: papatango123 (button) folded before Flop (didn't bet)
Seat 4: Rdalonso (small blind) collected ($2)
Seat 5: rafaelleadeb (big blind) folded before Flop
Seat 6: xcinaz folded before Flop (didn't bet)



PokerStars Hand #254468923419:  Hold'em No Limit ($0.50/$1.00 USD) - 2025/01/20 15:48:01 WET [2025/01/20 10:48:01 ET]
Table 'Una IV' 6-max Seat #4 is the button
Seat 1: IKnowThatFel ($131.96 in chips) 
Seat 2: Mak.Alse ($134.80 in chips) 
Seat 3: papatango123 ($100 in chips) 
Seat 4: Rdalonso ($154.18 in chips) 
Seat 5: rafaelleadeb ($69.35 in chips) 
Seat 6: xcinaz ($111.04 in chips) 
rafaelleadeb: posts small blind $0.50
xcinaz: posts big blind $1
*** HOLE CARDS ***
IKnowThatFel: folds 
Mak.Alse: folds 
papatango123: folds 
Rdalonso: folds 
rafaelleadeb: raises $2 to $3
xcinaz: folds 
Uncalled bet ($2) returned to rafaelleadeb
rafaelleadeb collected $2 from pot
*** SUMMARY ***
Total pot $2 | Rake $0 
Seat 1: IKnowThatFel folded before Flop (didn't bet)
Seat 2: Mak.Alse folded before Flop (didn't bet)
Seat 3: papatango123 folded before Flop (didn't bet)
Seat 4: Rdalonso (button) folded before Flop (didn't bet)
Seat 5: rafaelleadeb (small blind) collected ($2)
Seat 6: xcinaz (big blind) folded before Flop



PokerStars Hand #254468928079:  Hold'em No Limit ($0.50/$1.00 USD) - 2025/01/20 15:48:23 WET [2025/01/20 10:48:23 ET]
Table 'Una IV' 6-max Seat #5 is the button
Seat 1: IKnowThatFel ($131.96 in chips) 
Seat 2: Mak.Alse ($134.80 in chips) 
Seat 3: papatango123 ($100 in chips) 
Seat 4: Rdalonso ($154.18 in chips) 
Seat 5: rafaelleadeb ($70.35 in chips) 
Seat 6: xcinaz ($110.04 in chips) 
xcinaz: posts small blind $0.50
IKnowThatFel: posts big blind $1
*** HOLE CARDS ***
Mak.Alse: folds 
papatango123: folds 
Rdalonso: raises $1.50 to $2.50
rafaelleadeb: folds 
xcinaz: folds 
IKnowThatFel: folds 
Uncalled bet ($1.50) returned to Rdalonso
Rdalonso collected $2.50 from pot
Rdalonso: doesn't show hand 
*** SUMMARY ***
Total pot $2.50 | Rake $0 
Seat 1: IKnowThatFel (big blind) folded before Flop
Seat 2: Mak.Alse folded before Flop (didn't bet)
Seat 3: papatango123 folded before Flop (didn't bet)
Seat 4: Rdalonso collected ($2.50)
Seat 5: rafaelleadeb (button) folded before Flop (didn't bet)
Seat 6: xcinaz (small blind) folded before Flop



PokerStars Hand #254468931675:  Hold'em No Limit ($0.50/$1.00 USD) - 2025/01/20 15:48:39 WET [2025/01/20 10:48:39 ET]
Table 'Una IV' 6-max Seat #6 is the button
Seat 1: IKnowThatFel ($130.96 in chips) 
Seat 2: Mak.Alse ($134.80 in chips) 
Seat 3: papatango123 ($100 in chips) 
Seat 4: Rdalonso ($155.68 in chips) 
Seat 5: rafaelleadeb ($70.35 in chips) 
Seat 6: xcinaz ($109.54 in chips) 
IKnowThatFel: posts small blind $0.50
Mak.Alse: posts big blind $1
*** HOLE CARDS ***
papatango123: folds 
Rdalonso: folds 
rafaelleadeb has timed out
rafaelleadeb: folds 
xcinaz: folds 
IKnowThatFel: folds 
Uncalled bet ($0.50) returned to Mak.Alse
Mak.Alse collected $1 from pot
Mak.Alse: doesn't show hand 
*** SUMMARY ***
Total pot $1 | Rake $0 
Seat 1: IKnowThatFel (small blind) folded before Flop
Seat 2: Mak.Alse (big blind) collected ($1)
Seat 3: papatango123 folded before Flop (didn't bet)
Seat 4: Rdalonso folded before Flop (didn't bet)
Seat 5: rafaelleadeb folded before Flop (didn't bet)
Seat 6: xcinaz (button) folded before Flop (didn't bet)



PokerStars Hand #254468941383:  Hold'em No Limit ($0.50/$1.00 USD) - 2025/01/20 15:49:25 WET [2025/01/20 10:49:25 ET]
Table 'Una IV' 6-max Seat #1 is the button
Seat 1: IKnowThatFel ($130.46 in chips) 
Seat 2: Mak.Alse ($135.30 in chips) 
Seat 3: papatango123 ($100 in chips) 
Seat 4: Rdalonso ($155.68 in chips) 
Seat 5: rafaelleadeb ($70.35 in chips) 
Seat 6: xcinaz ($109.54 in chips) 
Mak.Alse: posts small blind $0.50
papatango123: posts big blind $1
*** HOLE CARDS ***
Rdalonso: raises $1.50 to $2.50
rafaelleadeb: folds 
xcinaz: folds 
IKnowThatFel: folds 
Mak.Alse: raises $9.50 to $12
papatango123: folds 
Rdalonso: raises $13 to $25
Mak.Alse: calls $13
*** FLOP *** [Ac 5h 4d]
Mak.Alse: checks 
Rdalonso: bets $12.13
Mak.Alse: folds 
Uncalled bet ($12.13) returned to Rdalonso
Rdalonso collected $48.50 from pot
Rdalonso: doesn't show hand 
*** SUMMARY ***
Total pot $51 | Rake $2.50 
Board [Ac 5h 4d]
Seat 1: IKnowThatFel (button) folded before Flop (didn't bet)
Seat 2: Mak.Alse (small blind) folded on the Flop
Seat 3: papatango123 (big blind) folded before Flop
Seat 4: Rdalonso collected ($48.50)
Seat 5: rafaelleadeb folded before Flop (didn't bet)
Seat 6: xcinaz folded before Flop (didn't bet)



PokerStars Hand #254468957985:  Hold'em No Limit ($0.50/$1.00 USD) - 2025/01/20 15:50:42 WET [2025/01/20 10:50:42 ET]
Table 'Una IV' 6-max Seat #2 is the button
Seat 1: IKnowThatFel ($130.46 in chips) 
Seat 2: Mak.Alse ($110.30 in chips) 
Seat 3: papatango123 ($100 in chips) 
Seat 4: Rdalonso ($179.18 in chips) 
Seat 5: rafaelleadeb ($70.35 in chips) 
Seat 6: xcinaz ($109.54 in chips) 
papatango123: posts small blind $0.50
Rdalonso: posts big blind $1
*** HOLE CARDS ***
rafaelleadeb: folds 
xcinaz: folds 
IKnowThatFel: folds 
Mak.Alse: raises $1.50 to $2.50
papatango123: folds 
Rdalonso: folds 
Uncalled bet ($1.50) returned to Mak.Alse
Mak.Alse collected $2.50 from pot
Mak.Alse: doesn't show hand 
*** SUMMARY ***
Total pot $2.50 | Rake $0 
Seat 1: IKnowThatFel folded before Flop (didn't bet)
Seat 2: Mak.Alse (button) collected ($2.50)
Seat 3: papatango123 (small blind) folded before Flop
Seat 4: Rdalonso (big blind) folded before Flop
Seat 5: rafaelleadeb folded before Flop (didn't bet)
Seat 6: xcinaz folded before Flop (didn't bet)



PokerStars Hand #254468962878:  Hold'em No Limit ($0.50/$1.00 USD) - 2025/01/20 15:51:04 WET [2025/01/20 10:51:04 ET]
Table 'Una IV' 6-max Seat #3 is the button
Seat 1: IKnowThatFel ($130.46 in chips) 
Seat 2: Mak.Alse ($111.80 in chips) 
Seat 3: papatango123 ($100 in chips) 
Seat 4: Rdalonso ($178.18 in chips) 
Seat 5: rafaelleadeb ($70.35 in chips) 
Seat 6: xcinaz ($109.54 in chips) 
Rdalonso: posts small blind $0.50
rafaelleadeb: posts big blind $1
*** HOLE CARDS ***
xcinaz: raises $1 to $2
IKnowThatFel: folds 
Mak.Alse: folds 
papatango123: folds 
Rdalonso: folds 
rafaelleadeb: calls $1
*** FLOP *** [Qh 8h Jd]
rafaelleadeb: checks 
xcinaz: checks 
*** TURN *** [Qh 8h Jd] [3s]
rafaelleadeb: bets $6
xcinaz: calls $6
*** RIVER *** [Qh 8h Jd 3s] [2s]
rafaelleadeb: checks 
xcinaz: checks 
*** SHOW DOWN ***
rafaelleadeb: shows [5d 4d] (high card Queen)
xcinaz: shows [9s 9h] (a pair of Nines)
xcinaz collected $15.68 from pot
*** SUMMARY ***
Total pot $16.50 | Rake $0.82 
Board [Qh 8h Jd 3s 2s]
Seat 1: IKnowThatFel folded before Flop (didn't bet)
Seat 2: Mak.Alse folded before Flop (didn't bet)
Seat 3: papatango123 (button) folded before Flop (didn't bet)
Seat 4: Rdalonso (small blind) folded before Flop
Seat 5: rafaelleadeb (big blind) showed [5d 4d] and lost with high card Queen
Seat 6: xcinaz showed [9s 9h] and won ($15.68) with a pair of Nines



PokerStars Hand #254468976019:  Hold'em No Limit ($0.50/$1.00 USD) - 2025/01/20 15:52:07 WET [2025/01/20 10:52:07 ET]
Table 'Una IV' 6-max Seat #4 is the button
Seat 1: IKnowThatFel ($130.46 in chips) 
Seat 2: Mak.Alse ($111.80 in chips) 
Seat 3: papatango123 ($100 in chips) 
Seat 4: Rdalonso ($177.68 in chips) 
Seat 5: rafaelleadeb ($62.35 in chips) 
Seat 6: xcinaz ($117.22 in chips) 
rafaelleadeb: posts small blind $0.50
xcinaz: posts big blind $1
*** HOLE CARDS ***
IKnowThatFel: raises $1.50 to $2.50
Mak.Alse: folds 
papatango123: folds 
Rdalonso: folds 
rafaelleadeb: calls $2
xcinaz: folds 
*** FLOP *** [3c 2c Qh]
rafaelleadeb: checks 
IKnowThatFel: bets $1.88
rafaelleadeb: folds 
Uncalled bet ($1.88) returned to IKnowThatFel
IKnowThatFel collected $5.70 from pot
IKnowThatFel: doesn't show hand 
*** SUMMARY ***
Total pot $6 | Rake $0.30 
Board [3c 2c Qh]
Seat 1: IKnowThatFel collected ($5.70)
Seat 2: Mak.Alse folded before Flop (didn't bet)
Seat 3: papatango123 folded before Flop (didn't bet)
Seat 4: Rdalonso (button) folded before Flop (didn't bet)
Seat 5: rafaelleadeb (small blind) folded on the Flop
Seat 6: xcinaz (big blind) folded before Flop



PokerStars Hand #254468982774:  Hold'em No Limit ($0.50/$1.00 USD) - 2025/01/20 15:52:38 WET [2025/01/20 10:52:38 ET]
Table 'Una IV' 6-max Seat #5 is the button
Seat 1: IKnowThatFel ($133.66 in chips) 
Seat 2: Mak.Alse ($111.80 in chips) 
Seat 3: papatango123 ($100 in chips) 
Seat 4: Rdalonso ($177.68 in chips) 
Seat 5: rafaelleadeb ($59.85 in chips) 
Seat 6: xcinaz ($116.22 in chips) 
xcinaz: posts small blind $0.50
IKnowThatFel: posts big blind $1
*** HOLE CARDS ***
Mak.Alse: folds 
papatango123: folds 
Rdalonso: raises $1.50 to $2.50
rafaelleadeb: calls $2.50
xcinaz: folds 
IKnowThatFel: folds 
*** FLOP *** [Ah Ad 8h]
Rdalonso: checks 
rafaelleadeb: checks 
*** TURN *** [Ah Ad 8h] [Td]
Rdalonso: checks 
rafaelleadeb: checks 
*** RIVER *** [Ah Ad 8h Td] [Qd]
Rdalonso: checks 
rafaelleadeb: checks 
*** SHOW DOWN ***
Rdalonso: shows [6s 6c] (two pair, Aces and Sixes)
rafaelleadeb: shows [8c Jc] (two pair, Aces and Eights)
rafaelleadeb collected $6.18 from pot
*** SUMMARY ***
Total pot $6.50 | Rake $0.32 
Board [Ah Ad 8h Td Qd]
Seat 1: IKnowThatFel (big blind) folded before Flop
Seat 2: Mak.Alse folded before Flop (didn't bet)
Seat 3: papatango123 folded before Flop (didn't bet)
Seat 4: Rdalonso showed [6s 6c] and lost with two pair, Aces and Sixes
Seat 5: rafaelleadeb (button) showed [8c Jc] and won ($6.18) with two pair, Aces and Eights
Seat 6: xcinaz (small blind) folded before Flop



PokerStars Hand #254468990394:  Hold'em No Limit ($0.50/$1.00 USD) - 2025/01/20 15:53:13 WET [2025/01/20 10:53:13 ET]
Table 'Una IV' 6-max Seat #6 is the button
Seat 1: IKnowThatFel ($132.66 in chips) 
Seat 2: Mak.Alse ($111.80 in chips) 
Seat 3: papatango123 ($100 in chips) 
Seat 4: Rdalonso ($175.18 in chips) 
Seat 5: rafaelleadeb ($63.53 in chips) 
Seat 6: xcinaz ($115.72 in chips) 
IKnowThatFel: posts small blind $0.50
Mak.Alse: posts big blind $1
*** HOLE CARDS ***
papatango123: folds 
Rdalonso: folds 
rafaelleadeb: raises $2 to $3
xcinaz: raises $5 to $8
IKnowThatFel: folds 
Mak.Alse: folds 
rafaelleadeb: calls $5
*** FLOP *** [Qd 5d 2s]
rafaelleadeb: checks 
xcinaz: bets $4.16
rafaelleadeb: folds 
Uncalled bet ($4.16) returned to xcinaz
xcinaz collected $16.62 from pot
xcinaz: doesn't show hand 
*** SUMMARY ***
Total pot $17.50 | Rake $0.88 
Board [Qd 5d 2s]
Seat 1: IKnowThatFel (small blind) folded before Flop
Seat 2: Mak.Alse (big blind) folded before Flop
Seat 3: papatango123 folded before Flop (didn't bet)
Seat 4: Rdalonso folded before Flop (didn't bet)
Seat 5: rafaelleadeb folded on the Flop
Seat 6: xcinaz (button) collected ($16.62)



PokerStars Hand #254468998504:  Hold'em No Limit ($0.50/$1.00 USD) - 2025/01/20 15:53:50 WET [2025/01/20 10:53:50 ET]
Table 'Una IV' 6-max Seat #1 is the button
Seat 1: IKnowThatFel ($132.16 in chips) 
Seat 2: Mak.Alse ($110.80 in chips) 
Seat 3: papatango123 ($100 in chips) 
Seat 4: Rdalonso ($175.18 in chips) 
Seat 5: rafaelleadeb ($55.53 in chips) 
Seat 6: xcinaz ($124.34 in chips) 
Mak.Alse: posts small blind $0.50
papatango123: posts big blind $1
*** HOLE CARDS ***
Rdalonso: folds 
rafaelleadeb: folds 
xcinaz: raises $1.20 to $2.20
IKnowThatFel: folds 
Mak.Alse: folds 
papatango123: folds 
Uncalled bet ($1.20) returned to xcinaz
xcinaz collected $2.50 from pot
xcinaz: doesn't show hand 
*** SUMMARY ***
Total pot $2.50 | Rake $0 
Seat 1: IKnowThatFel (button) folded before Flop (didn't bet)
Seat 2: Mak.Alse (small blind) folded before Flop
Seat 3: papatango123 (big blind) folded before Flop
Seat 4: Rdalonso folded before Flop (didn't bet)
Seat 5: rafaelleadeb folded before Flop (didn't bet)
Seat 6: xcinaz collected ($2.50)



PokerStars Hand #254469002063:  Hold'em No Limit ($0.50/$1.00 USD) - 2025/01/20 15:54:07 WET [2025/01/20 10:54:07 ET]
Table 'Una IV' 6-max Seat #2 is the button
Seat 1: IKnowThatFel ($132.16 in chips) 
Seat 2: Mak.Alse ($110.30 in chips) 
Seat 3: papatango123 ($100 in chips) 
Seat 4: Rdalonso ($175.18 in chips) 
Seat 5: rafaelleadeb ($55.53 in chips) 
Seat 6: xcinaz ($125.84 in chips) 
papatango123: posts small blind $0.50
Rdalonso: posts big blind $1
*** HOLE CARDS ***
rafaelleadeb: folds 
xcinaz: folds 
IKnowThatFel: folds 
Mak.Alse: raises $1.50 to $2.50
papatango123: folds 
Rdalonso: calls $1.50
*** FLOP *** [7s Ks Tc]
Rdalonso: checks 
Mak.Alse: bets $1.72
Rdalonso: folds 
Uncalled bet ($1.72) returned to Mak.Alse
Mak.Alse collected $5.22 from pot
Mak.Alse: doesn't show hand 
*** SUMMARY ***
Total pot $5.50 | Rake $0.28 
Board [7s Ks Tc]
Seat 1: IKnowThatFel folded before Flop (didn't bet)
Seat 2: Mak.Alse (button) collected ($5.22)
Seat 3: papatango123 (small blind) folded before Flop
Seat 4: Rdalonso (big blind) folded on the Flop
Seat 5: rafaelleadeb folded before Flop (didn't bet)
Seat 6: xcinaz folded before Flop (didn't bet)



PokerStars Hand #254469010204:  Hold'em No Limit ($0.50/$1.00 USD) - 2025/01/20 15:54:44 WET [2025/01/20 10:54:44 ET]
Table 'Una IV' 6-max Seat #3 is the button
Seat 1: IKnowThatFel ($132.16 in chips) 
Seat 2: Mak.Alse ($113.02 in chips) 
Seat 3: papatango123 ($100 in chips) 
Seat 4: Rdalonso ($172.68 in chips) 
Seat 5: rafaelleadeb ($55.53 in chips) 
Seat 6: xcinaz ($125.84 in chips) 
Rdalonso: posts small blind $0.50
rafaelleadeb: posts big blind $1
*** HOLE CARDS ***
xcinaz: folds 
IKnowThatFel: raises $1.50 to $2.50
Mak.Alse: folds 
papatango123: folds 
Rdalonso: folds 
rafaelleadeb: folds 
Uncalled bet ($1.50) returned to IKnowThatFel
IKnowThatFel collected $2.50 from pot
IKnowThatFel: doesn't show hand 
*** SUMMARY ***
Total pot $2.50 | Rake $0 
Seat 1: IKnowThatFel collected ($2.50)
Seat 2: Mak.Alse folded before Flop (didn't bet)
Seat 3: papatango123 (button) folded before Flop (didn't bet)
Seat 4: Rdalonso (small blind) folded before Flop
Seat 5: rafaelleadeb (big blind) folded before Flop
Seat 6: xcinaz folded before Flop (didn't bet)



PokerStars Hand #254469014441:  Hold'em No Limit ($0.50/$1.00 USD) - 2025/01/20 15:55:04 WET [2025/01/20 10:55:04 ET]
Table 'Una IV' 6-max Seat #4 is the button
Seat 1: IKnowThatFel ($133.66 in chips) 
Seat 2: Mak.Alse ($113.02 in chips) 
Seat 3: papatango123 ($100 in chips) 
Seat 4: Rdalonso ($172.18 in chips) 
Seat 5: rafaelleadeb ($54.53 in chips) 
Seat 6: xcinaz ($125.84 in chips) 
rafaelleadeb: posts small blind $0.50
xcinaz: posts big blind $1
*** HOLE CARDS ***
IKnowThatFel: folds 
Mak.Alse: folds 
papatango123: folds 
Rdalonso: folds 
rafaelleadeb: raises $3 to $4
xcinaz: folds 
Uncalled bet ($3) returned to rafaelleadeb
rafaelleadeb collected $2 from pot
*** SUMMARY ***
Total pot $2 | Rake $0 
Seat 1: IKnowThatFel folded before Flop (didn't bet)
Seat 2: Mak.Alse folded before Flop (didn't bet)
Seat 3: papatango123 folded before Flop (didn't bet)
Seat 4: Rdalonso (button) folded before Flop (didn't bet)
Seat 5: rafaelleadeb (small blind) collected ($2)
Seat 6: xcinaz (big blind) folded before Flop



PokerStars Hand #254469017522:  Hold'em No Limit ($0.50/$1.00 USD) - 2025/01/20 15:55:23 WET [2025/01/20 10:55:23 ET]
Table 'Una IV' 6-max Seat #5 is the button
Seat 1: IKnowThatFel ($133.66 in chips) 
Seat 2: Mak.Alse ($113.02 in chips) 
Seat 3: papatango123 ($100 in chips) 
Seat 4: Rdalonso ($172.18 in chips) 
Seat 5: rafaelleadeb ($55.53 in chips) 
Seat 6: xcinaz ($124.84 in chips) 
xcinaz: posts small blind $0.50
IKnowThatFel: posts big blind $1
*** HOLE CARDS ***
Mak.Alse: folds 
papatango123: folds 
Rdalonso: folds 
rafaelleadeb: calls $1
xcinaz: folds 
IKnowThatFel: checks 
*** FLOP *** [5d 6c 3c]
IKnowThatFel: checks 
rafaelleadeb: bets $5
IKnowThatFel: folds 
Uncalled bet ($5) returned to rafaelleadeb
rafaelleadeb collected $2.38 from pot
*** SUMMARY ***
Total pot $2.50 | Rake $0.12 
Board [5d 6c 3c]
Seat 1: IKnowThatFel (big blind) folded on the Flop
Seat 2: Mak.Alse folded before Flop (didn't bet)
Seat 3: papatango123 folded before Flop (didn't bet)
Seat 4: Rdalonso folded before Flop (didn't bet)
Seat 5: rafaelleadeb (button) collected ($2.38)
Seat 6: xcinaz (small blind) folded before Flop



PokerStars Hand #254469025426:  Hold'em No Limit ($0.50/$1.00 USD) - 2025/01/20 15:56:12 WET [2025/01/20 10:56:12 ET]
Table 'Una IV' 6-max Seat #6 is the button
Seat 1: IKnowThatFel ($132.66 in chips) 
Seat 2: Mak.Alse ($113.02 in chips) 
Seat 3: papatango123 ($100 in chips) 
Seat 4: Rdalonso ($172.18 in chips) 
Seat 5: rafaelleadeb ($56.91 in chips) 
Seat 6: xcinaz ($124.34 in chips) 
IKnowThatFel: posts small blind $0.50
Mak.Alse: posts big blind $1
*** HOLE CARDS ***
papatango123: folds 
Rdalonso: raises $1.50 to $2.50
rafaelleadeb: folds 
xcinaz: folds 
IKnowThatFel: folds 
Mak.Alse: folds 
Uncalled bet ($1.50) returned to Rdalonso
Rdalonso collected $2.50 from pot
Rdalonso: doesn't show hand 
*** SUMMARY ***
Total pot $2.50 | Rake $0 
Seat 1: IKnowThatFel (small blind) folded before Flop
Seat 2: Mak.Alse (big blind) folded before Flop
Seat 3: papatango123 folded before Flop (didn't bet)
Seat 4: Rdalonso collected ($2.50)
Seat 5: rafaelleadeb folded before Flop (didn't bet)
Seat 6: xcinaz (button) folded before Flop (didn't bet)



PokerStars Hand #254469028758:  Hold'em No Limit ($0.50/$1.00 USD) - 2025/01/20 15:56:32 WET [2025/01/20 10:56:32 ET]
Table 'Una IV' 6-max Seat #1 is the button
Seat 1: IKnowThatFel ($132.16 in chips) 
Seat 2: Mak.Alse ($112.02 in chips) 
Seat 3: papatango123 ($100 in chips) 
Seat 4: Rdalonso ($173.68 in chips) 
Seat 5: rafaelleadeb ($56.91 in chips) 
Seat 6: xcinaz ($124.34 in chips) 
Mak.Alse: posts small blind $0.50
papatango123: posts big blind $1
*** HOLE CARDS ***
Rdalonso: folds 
rafaelleadeb: calls $1
xcinaz: folds 
IKnowThatFel: folds 
Mak.Alse: calls $0.50
papatango123: checks 
*** FLOP *** [3s 3d Ac]
Mak.Alse: checks 
papatango123: checks 
rafaelleadeb: bets $4
Mak.Alse: folds 
papatango123: folds 
Uncalled bet ($4) returned to rafaelleadeb
rafaelleadeb collected $2.85 from pot
*** SUMMARY ***
Total pot $3 | Rake $0.15 
Board [3s 3d Ac]
Seat 1: IKnowThatFel (button) folded before Flop (didn't bet)
Seat 2: Mak.Alse (small blind) folded on the Flop
Seat 3: papatango123 (big blind) folded on the Flop
Seat 4: Rdalonso folded before Flop (didn't bet)
Seat 5: rafaelleadeb collected ($2.85)
Seat 6: xcinaz folded before Flop (didn't bet)



PokerStars Hand #254469033828:  Hold'em No Limit ($0.50/$1.00 USD) - 2025/01/20 15:57:04 WET [2025/01/20 10:57:04 ET]
Table 'Una IV' 6-max Seat #2 is the button
Seat 1: IKnowThatFel ($132.16 in chips) 
Seat 2: Mak.Alse ($111.02 in chips) 
Seat 3: papatango123 ($100 in chips) 
Seat 4: Rdalonso ($173.68 in chips) 
Seat 5: rafaelleadeb ($58.76 in chips) 
Seat 6: xcinaz ($124.34 in chips) 
papatango123: posts small blind $0.50
Rdalonso: posts big blind $1
*** HOLE CARDS ***
rafaelleadeb: folds 
xcinaz: folds 
IKnowThatFel: raises $1.50 to $2.50
Mak.Alse: folds 
papatango123: folds 
Rdalonso: folds 
Uncalled bet ($1.50) returned to IKnowThatFel
IKnowThatFel collected $2.50 from pot
IKnowThatFel: doesn't show hand 
*** SUMMARY ***
Total pot $2.50 | Rake $0 
Seat 1: IKnowThatFel collected ($2.50)
Seat 2: Mak.Alse (button) folded before Flop (didn't bet)
Seat 3: papatango123 (small blind) folded before Flop
Seat 4: Rdalonso (big blind) folded before Flop
Seat 5: rafaelleadeb folded before Flop (didn't bet)
Seat 6: xcinaz folded before Flop (didn't bet)



