PokerStars Hand #254471060638:  Hold'em No Limit ($0.50/$1.00 USD) - 2025/01/20 18:23:16 WET [2025/01/20 13:23:16 ET]
Table 'Alfaterna III' 6-max Seat #4 is the button
Seat 1: michasia ($100 in chips) 
Seat 2: Winau8 ($51.22 in chips) 
Seat 3: Supermegopro ($100 in chips) 
Seat 4: Espada Fish ($100 in chips) 
Seat 5: worker0k ($100 in chips) 
Seat 6: Rezzonner ($100 in chips) 
worker0k: posts small blind $0.50
Rezzonner: posts big blind $1
*** HOLE CARDS ***
michasia: folds 
Winau8: calls $1
Supermegopro: raises $4 to $5
Espada Fish: folds 
worker0k: folds 
Rezzonner: folds 
Winau8: calls $4
*** FLOP *** [Kc 3c 4s]
Winau8: checks 
Supermegopro: bets $8
Winau8: calls $8
*** TURN *** [Kc 3c 4s] [5h]
Winau8: checks 
Supermegopro: bets $40
Winau8: folds 
Uncalled bet ($40) returned to Supermegopro
Supermegopro collected $26.12 from pot
Supermegopro: doesn't show hand 
*** SUMMARY ***
Total pot $27.50 | Rake $1.38 
Board [Kc 3c 4s 5h]
Seat 1: michasia folded before Flop (didn't bet)
Seat 2: Winau8 folded on the Turn
Seat 3: Supermegopro collected ($26.12)
Seat 4: Espada Fish (button) folded before Flop (didn't bet)
Seat 5: worker0k (small blind) folded before Flop
Seat 6: Rezzonner (big blind) folded before Flop



PokerStars Hand #254471079282:  Hold'em No Limit ($0.50/$1.00 USD) - 2025/01/20 18:24:24 WET [2025/01/20 13:24:24 ET]
Table 'Alfaterna III' 6-max Seat #5 is the button
Seat 1: michasia ($100 in chips) 
Seat 2: Winau8 ($38.22 in chips) 
Seat 3: Supermegopro ($113.12 in chips) 
Seat 4: Espada Fish ($100 in chips) 
Seat 5: worker0k ($100 in chips) 
Seat 6: Rezzonner ($100 in chips) 
Rezzonner: posts small blind $0.50
michasia: posts big blind $1
*** HOLE CARDS ***
Winau8: calls $1
Supermegopro: folds 
Espada Fish: folds 
worker0k: folds 
Rezzonner: raises $4 to $5
michasia: folds 
Winau8: calls $4
*** FLOP *** [Kd Jh 6s]
Rezzonner: bets $3.45
Winau8: folds 
Uncalled bet ($3.45) returned to Rezzonner
Rezzonner collected $10.45 from pot
Rezzonner: doesn't show hand 
*** SUMMARY ***
Total pot $11 | Rake $0.55 
Board [Kd Jh 6s]
Seat 1: michasia (big blind) folded before Flop
Seat 2: Winau8 folded on the Flop
Seat 3: Supermegopro folded before Flop (didn't bet)
Seat 4: Espada Fish folded before Flop (didn't bet)
Seat 5: worker0k (button) folded before Flop (didn't bet)
Seat 6: Rezzonner (small blind) collected ($10.45)



PokerStars Hand #254471089388:  Hold'em No Limit ($0.50/$1.00 USD) - 2025/01/20 18:25:01 WET [2025/01/20 13:25:01 ET]
Table 'Alfaterna III' 6-max Seat #6 is the button
Seat 1: michasia ($100 in chips) 
Seat 2: Winau8 ($33.22 in chips) 
Seat 3: Supermegopro ($113.12 in chips) 
Seat 4: Espada Fish ($100 in chips) 
Seat 5: worker0k ($100 in chips) 
Seat 6: Rezzonner ($105.45 in chips) 
michasia: posts small blind $0.50
Winau8: posts big blind $1
*** HOLE CARDS ***
Supermegopro: raises $1.50 to $2.50
Espada Fish: folds 
worker0k: folds 
Rezzonner: folds 
michasia: folds 
Winau8: folds 
Uncalled bet ($1.50) returned to Supermegopro
Supermegopro collected $2.50 from pot
Supermegopro: doesn't show hand 
*** SUMMARY ***
Total pot $2.50 | Rake $0 
Seat 1: michasia (small blind) folded before Flop
Seat 2: Winau8 (big blind) folded before Flop
Seat 3: Supermegopro collected ($2.50)
Seat 4: Espada Fish folded before Flop (didn't bet)
Seat 5: worker0k folded before Flop (didn't bet)
Seat 6: Rezzonner (button) folded before Flop (didn't bet)



PokerStars Hand #254471092770:  Hold'em No Limit ($0.50/$1.00 USD) - 2025/01/20 18:25:13 WET [2025/01/20 13:25:13 ET]
Table 'Alfaterna III' 6-max Seat #1 is the button
Seat 1: michasia ($100 in chips) 
Seat 2: Winau8 ($32.22 in chips) 
Seat 3: Supermegopro ($114.62 in chips) 
Seat 4: Espada Fish ($100 in chips) 
Seat 5: worker0k ($100 in chips) 
Seat 6: Rezzonner ($105.45 in chips) 
Winau8: posts small blind $0.50
Supermegopro: posts big blind $1
*** HOLE CARDS ***
Espada Fish: folds 
worker0k: folds 
Rezzonner: folds 
michasia: raises $1.80 to $2.80
Winau8: folds 
Supermegopro: folds 
Uncalled bet ($1.80) returned to michasia
michasia collected $2.50 from pot
michasia: doesn't show hand 
*** SUMMARY ***
Total pot $2.50 | Rake $0 
Seat 1: michasia (button) collected ($2.50)
Seat 2: Winau8 (small blind) folded before Flop
Seat 3: Supermegopro (big blind) folded before Flop
Seat 4: Espada Fish folded before Flop (didn't bet)
Seat 5: worker0k folded before Flop (didn't bet)
Seat 6: Rezzonner folded before Flop (didn't bet)



PokerStars Hand #254472155758:  Hold'em No Limit ($0.50/$1.00 USD) - 2025/01/20 19:28:58 WET [2025/01/20 14:28:58 ET]
Table 'Alfaterna III' 6-max Seat #3 is the button
Seat 1: michasia ($154.66 in chips) 
Seat 2: Winau8 ($112.53 in chips) 
Seat 3: Supermegopro ($100 in chips) 
Seat 4: Espada Fish ($100 in chips) 
Seat 5: BoyLoc0 ($208.74 in chips) 
Seat 6: Rezzonner ($116.34 in chips) 
Espada Fish: posts small blind $0.50
BoyLoc0: posts big blind $1
*** HOLE CARDS ***
Rezzonner: folds 
michasia: folds 
Rezzonner leaves the table
Winau8: calls $1
Supermegopro: folds 
Espada Fish: folds 
BoyLoc0: checks 
*** FLOP *** [Js 5c 2d]
BoyLoc0: checks 
Winau8: checks 
*** TURN *** [Js 5c 2d] [5s]
BoyLoc0: checks 
Winau8: bets $2
BoyLoc0: folds 
Uncalled bet ($2) returned to Winau8
Winau8 collected $2.38 from pot
Winau8: doesn't show hand 
*** SUMMARY ***
Total pot $2.50 | Rake $0.12 
Board [Js 5c 2d 5s]
Seat 1: michasia folded before Flop (didn't bet)
Seat 2: Winau8 collected ($2.38)
Seat 3: Supermegopro (button) folded before Flop (didn't bet)
Seat 4: Espada Fish (small blind) folded before Flop
Seat 5: BoyLoc0 (big blind) folded on the Turn
Seat 6: Rezzonner folded before Flop (didn't bet)



PokerStars Hand #254472165436:  Hold'em No Limit ($0.50/$1.00 USD) - 2025/01/20 19:29:31 WET [2025/01/20 14:29:31 ET]
Table 'Alfaterna III' 6-max Seat #4 is the button
Seat 1: michasia ($154.66 in chips) 
Seat 2: Winau8 ($113.91 in chips) 
Seat 3: Supermegopro ($100 in chips) 
Seat 4: Espada Fish ($100 in chips) 
Seat 5: BoyLoc0 ($207.74 in chips) 
BoyLoc0: posts small blind $0.50
michasia: posts big blind $1
*** HOLE CARDS ***
Unipoker11 joins the table at seat #6 
Winau8: folds 
Supermegopro: folds 
Espada Fish: raises $1.50 to $2.50
BoyLoc0: folds 
michasia: folds 
Uncalled bet ($1.50) returned to Espada Fish
Espada Fish collected $2.50 from pot
Espada Fish: doesn't show hand 
*** SUMMARY ***
Total pot $2.50 | Rake $0 
Seat 1: michasia (big blind) folded before Flop
Seat 2: Winau8 folded before Flop (didn't bet)
Seat 3: Supermegopro folded before Flop (didn't bet)
Seat 4: Espada Fish (button) collected ($2.50)
Seat 5: BoyLoc0 (small blind) folded before Flop



PokerStars Hand #254472170413:  Hold'em No Limit ($0.50/$1.00 USD) - 2025/01/20 19:29:48 WET [2025/01/20 14:29:48 ET]
Table 'Alfaterna III' 6-max Seat #5 is the button
Seat 6: Unipoker11 ($100 in chips) is sitting out
Seat 1: michasia ($153.66 in chips) 
Seat 2: Winau8 ($113.91 in chips) 
Seat 3: Supermegopro ($100 in chips) 
Seat 4: Espada Fish ($101.50 in chips) 
Seat 5: BoyLoc0 ($207.24 in chips) 
michasia: posts small blind $0.50
Winau8: posts big blind $1
*** HOLE CARDS ***
Supermegopro: folds 
Espada Fish: folds 
BoyLoc0: raises $1 to $2
michasia: folds 
Winau8: calls $1
*** FLOP *** [7s 2c 7c]
Winau8: checks 
BoyLoc0: bets $1.41
Winau8: folds 
Uncalled bet ($1.41) returned to BoyLoc0
BoyLoc0 collected $4.28 from pot
BoyLoc0: doesn't show hand 
*** SUMMARY ***
Total pot $4.50 | Rake $0.22 
Board [7s 2c 7c]
Seat 6: Unipoker11
Seat 1: michasia (small blind) folded before Flop
Seat 2: Winau8 (big blind) folded on the Flop
Seat 3: Supermegopro folded before Flop (didn't bet)
Seat 4: Espada Fish folded before Flop (didn't bet)
Seat 5: BoyLoc0 (button) collected ($4.28)



PokerStars Hand #254472178557:  Hold'em No Limit ($0.50/$1.00 USD) - 2025/01/20 19:30:15 WET [2025/01/20 14:30:15 ET]
Table 'Alfaterna III' 6-max Seat #1 is the button
Seat 6: Unipoker11 ($100 in chips) is sitting out
Seat 1: michasia ($153.16 in chips) 
Seat 2: Winau8 ($111.91 in chips) 
Seat 3: Supermegopro ($100 in chips) 
Seat 4: Espada Fish ($101.50 in chips) 
Seat 5: BoyLoc0 ($209.52 in chips) 
Winau8: posts small blind $0.50
Supermegopro: posts big blind $1
Unipoker11: sits out 
*** HOLE CARDS ***
Espada Fish: raises $1.20 to $2.20
BoyLoc0: folds 
michasia: calls $2.20
Winau8: folds 
Supermegopro: calls $1.20
*** FLOP *** [2d Ks Qc]
Supermegopro: checks 
Espada Fish: checks 
michasia: checks 
*** TURN *** [2d Ks Qc] [Kd]
Supermegopro: checks 
Espada Fish: checks 
michasia: checks 
*** RIVER *** [2d Ks Qc Kd] [3c]
Supermegopro: checks 
Espada Fish: bets $2.22
michasia: calls $2.22
Supermegopro: folds 
*** SHOW DOWN ***
Espada Fish: shows [Qd Ac] (two pair, Kings and Queens)
michasia: mucks hand 
Espada Fish collected $10.96 from pot
*** SUMMARY ***
Total pot $11.54 | Rake $0.58 
Board [2d Ks Qc Kd 3c]
Seat 6: Unipoker11
Seat 1: michasia (button) mucked
Seat 2: Winau8 (small blind) folded before Flop
Seat 3: Supermegopro (big blind) folded on the River
Seat 4: Espada Fish showed [Qd Ac] and won ($10.96) with two pair, Kings and Queens
Seat 5: BoyLoc0 folded before Flop (didn't bet)



PokerStars Hand #254472199776:  Hold'em No Limit ($0.50/$1.00 USD) - 2025/01/20 19:31:28 WET [2025/01/20 14:31:28 ET]
Table 'Alfaterna III' 6-max Seat #2 is the button
Seat 6: Unipoker11 ($100 in chips) is sitting out
Seat 1: michasia ($148.74 in chips) 
Seat 2: Winau8 ($111.41 in chips) 
Seat 3: Supermegopro ($100 in chips) 
Seat 4: Espada Fish ($108.04 in chips) 
Seat 5: BoyLoc0 ($209.52 in chips) 
Supermegopro: posts small blind $0.50
Espada Fish: posts big blind $1
Unipoker11: sits out 
*** HOLE CARDS ***
BoyLoc0: folds 
michasia: folds 
Winau8: calls $1
Supermegopro: raises $4 to $5
Espada Fish: folds 
Winau8: calls $4
*** FLOP *** [2s Kc 3s]
Supermegopro: bets $4.18
Winau8: folds 
Uncalled bet ($4.18) returned to Supermegopro
Supermegopro collected $10.45 from pot
Supermegopro: doesn't show hand 
*** SUMMARY ***
Total pot $11 | Rake $0.55 
Board [2s Kc 3s]
Seat 6: Unipoker11
Seat 1: michasia folded before Flop (didn't bet)
Seat 2: Winau8 (button) folded on the Flop
Seat 3: Supermegopro (small blind) collected ($10.45)
Seat 4: Espada Fish (big blind) folded before Flop
Seat 5: BoyLoc0 folded before Flop (didn't bet)



PokerStars Hand #254472210928:  Hold'em No Limit ($0.50/$1.00 USD) - 2025/01/20 19:32:05 WET [2025/01/20 14:32:05 ET]
Table 'Alfaterna III' 6-max Seat #3 is the button
Seat 6: Unipoker11 ($100 in chips) is sitting out
Seat 1: michasia ($148.74 in chips) 
Seat 2: Winau8 ($106.41 in chips) 
Seat 3: Supermegopro ($105.45 in chips) 
Seat 4: Espada Fish ($107.04 in chips) 
Seat 5: BoyLoc0 ($209.52 in chips) 
Espada Fish: posts small blind $0.50
BoyLoc0: posts big blind $1
Unipoker11: sits out 
*** HOLE CARDS ***
michasia: folds 
Winau8: calls $1
Supermegopro: raises $3 to $4
Espada Fish: folds 
BoyLoc0: calls $3
Winau8: folds 
*** FLOP *** [5h 8s Kh]
BoyLoc0: checks 
Supermegopro: checks 
*** TURN *** [5h 8s Kh] [Ad]
BoyLoc0: checks 
Supermegopro: bets $2.98
BoyLoc0: folds 
Uncalled bet ($2.98) returned to Supermegopro
Supermegopro collected $9.02 from pot
Supermegopro: doesn't show hand 
*** SUMMARY ***
Total pot $9.50 | Rake $0.48 
Board [5h 8s Kh Ad]
Seat 6: Unipoker11
Seat 1: michasia folded before Flop (didn't bet)
Seat 2: Winau8 folded before Flop
Seat 3: Supermegopro (button) collected ($9.02)
Seat 4: Espada Fish (small blind) folded before Flop
Seat 5: BoyLoc0 (big blind) folded on the Turn



PokerStars Hand #254472230633:  Hold'em No Limit ($0.50/$1.00 USD) - 2025/01/20 19:33:12 WET [2025/01/20 14:33:12 ET]
Table 'Alfaterna III' 6-max Seat #4 is the button
Seat 1: michasia ($148.74 in chips) 
Seat 2: Winau8 ($105.41 in chips) 
Seat 3: Supermegopro ($110.47 in chips) 
Seat 4: Espada Fish ($106.54 in chips) 
Seat 5: BoyLoc0 ($205.52 in chips) 
Seat 6: Unipoker11 ($100 in chips) 
BoyLoc0: posts small blind $0.50
Unipoker11: posts big blind $1
*** HOLE CARDS ***
michasia: folds 
Winau8: calls $1
Supermegopro: raises $3 to $4
Espada Fish: folds 
BoyLoc0: folds 
Unipoker11: folds 
Winau8: calls $3
*** FLOP *** [Kh Tc Ah]
Winau8: checks 
Supermegopro: bets $3.61
Winau8: calls $3.61
*** TURN *** [Kh Tc Ah] [8h]
Winau8: checks 
Supermegopro: bets $7.94
Winau8: calls $7.94
*** RIVER *** [Kh Tc Ah 8h] [Td]
Winau8: checks 
Supermegopro: bets $15.49
Winau8: calls $15.49
*** SHOW DOWN ***
Supermegopro: shows [7h 6h] (a flush, Ace high)
Winau8: mucks hand 
Supermegopro collected $61.08 from pot
*** SUMMARY ***
Total pot $63.58 | Rake $2.50 
Board [Kh Tc Ah 8h Td]
Seat 1: michasia folded before Flop (didn't bet)
Seat 2: Winau8 mucked
Seat 3: Supermegopro showed [7h 6h] and won ($61.08) with a flush, Ace high
Seat 4: Espada Fish (button) folded before Flop (didn't bet)
Seat 5: BoyLoc0 (small blind) folded before Flop
Seat 6: Unipoker11 (big blind) folded before Flop



PokerStars Hand #254472256144:  Hold'em No Limit ($0.50/$1.00 USD) - 2025/01/20 19:34:37 WET [2025/01/20 14:34:37 ET]
Table 'Alfaterna III' 6-max Seat #5 is the button
Seat 1: michasia ($148.74 in chips) 
Seat 2: Winau8 ($74.37 in chips) 
Seat 3: Supermegopro ($140.51 in chips) 
Seat 4: Espada Fish ($106.54 in chips) 
Seat 5: BoyLoc0 ($205.02 in chips) 
Seat 6: Unipoker11 ($100 in chips) 
Unipoker11: posts small blind $0.50
michasia: posts big blind $1
*** HOLE CARDS ***
Winau8: calls $1
Supermegopro: raises $3 to $4
Espada Fish: folds 
BoyLoc0: folds 
Unipoker11: calls $3.50
michasia: folds 
Winau8: calls $3
*** FLOP *** [2h Th 8d]
Unipoker11: checks 
Winau8: checks 
Supermegopro: checks 
*** TURN *** [2h Th 8d] [5d]
Unipoker11: checks 
Winau8: checks 
Supermegopro: checks 
*** RIVER *** [2h Th 8d 5d] [Jc]
Unipoker11: checks 
Winau8: checks 
Supermegopro: checks 
*** SHOW DOWN ***
Unipoker11: shows [4d 4s] (a pair of Fours)
Winau8: mucks hand 
Supermegopro: mucks hand 
Unipoker11 collected $12.35 from pot
*** SUMMARY ***
Total pot $13 | Rake $0.65 
Board [2h Th 8d 5d Jc]
Seat 1: michasia (big blind) folded before Flop
Seat 2: Winau8 mucked
Seat 3: Supermegopro mucked
Seat 4: Espada Fish folded before Flop (didn't bet)
Seat 5: BoyLoc0 (button) folded before Flop (didn't bet)
Seat 6: Unipoker11 (small blind) showed [4d 4s] and won ($12.35) with a pair of Fours



PokerStars Hand #254472282788:  Hold'em No Limit ($0.50/$1.00 USD) - 2025/01/20 19:36:07 WET [2025/01/20 14:36:07 ET]
Table 'Alfaterna III' 6-max Seat #6 is the button
Seat 1: michasia ($147.74 in chips) 
Seat 2: Winau8 ($70.37 in chips) 
Seat 3: Supermegopro ($136.51 in chips) 
Seat 4: Espada Fish ($106.54 in chips) 
Seat 5: BoyLoc0 ($205.02 in chips) 
Seat 6: Unipoker11 ($108.35 in chips) 
michasia: posts small blind $0.50
Winau8: posts big blind $1
*** HOLE CARDS ***
Supermegopro: folds 
Espada Fish: folds 
BoyLoc0: raises $1.50 to $2.50
Unipoker11: folds 
michasia: folds 
Winau8: folds 
Uncalled bet ($1.50) returned to BoyLoc0
BoyLoc0 collected $2.50 from pot
BoyLoc0: doesn't show hand 
*** SUMMARY ***
Total pot $2.50 | Rake $0 
Seat 1: michasia (small blind) folded before Flop
Seat 2: Winau8 (big blind) folded before Flop
Seat 3: Supermegopro folded before Flop (didn't bet)
Seat 4: Espada Fish folded before Flop (didn't bet)
Seat 5: BoyLoc0 collected ($2.50)
Seat 6: Unipoker11 (button) folded before Flop (didn't bet)



PokerStars Hand #254472290633:  Hold'em No Limit ($0.50/$1.00 USD) - 2025/01/20 19:36:33 WET [2025/01/20 14:36:33 ET]
Table 'Alfaterna III' 6-max Seat #1 is the button
Seat 1: michasia ($147.24 in chips) 
Seat 2: Winau8 ($69.37 in chips) 
Seat 3: Supermegopro ($136.51 in chips) 
Seat 4: Espada Fish ($106.54 in chips) 
Seat 5: BoyLoc0 ($206.52 in chips) 
Seat 6: Unipoker11 ($108.35 in chips) 
Winau8: posts small blind $0.50
Supermegopro: posts big blind $1
*** HOLE CARDS ***
Espada Fish: folds 
BoyLoc0: raises $1.50 to $2.50
Unipoker11: folds 
michasia: folds 
Winau8: folds 
Supermegopro: folds 
Uncalled bet ($1.50) returned to BoyLoc0
BoyLoc0 collected $2.50 from pot
BoyLoc0: doesn't show hand 
*** SUMMARY ***
Total pot $2.50 | Rake $0 
Seat 1: michasia (button) folded before Flop (didn't bet)
Seat 2: Winau8 (small blind) folded before Flop
Seat 3: Supermegopro (big blind) folded before Flop
Seat 4: Espada Fish folded before Flop (didn't bet)
Seat 5: BoyLoc0 collected ($2.50)
Seat 6: Unipoker11 folded before Flop (didn't bet)



PokerStars Hand #254472293665:  Hold'em No Limit ($0.50/$1.00 USD) - 2025/01/20 19:36:43 WET [2025/01/20 14:36:43 ET]
Table 'Alfaterna III' 6-max Seat #2 is the button
Seat 1: michasia ($147.24 in chips) 
Seat 2: Winau8 ($68.87 in chips) 
Seat 3: Supermegopro ($135.51 in chips) 
Seat 4: Espada Fish ($106.54 in chips) 
Seat 5: BoyLoc0 ($208.02 in chips) 
Seat 6: Unipoker11 ($108.35 in chips) 
Supermegopro: posts small blind $0.50
Espada Fish: posts big blind $1
*** HOLE CARDS ***
BoyLoc0: folds 
Unipoker11: folds 
michasia: folds 
Winau8: calls $1
Supermegopro: folds 
Espada Fish: checks 
*** FLOP *** [3s 3h Ts]
Espada Fish: checks 
Winau8: checks 
*** TURN *** [3s 3h Ts] [7h]
Espada Fish: checks 
Winau8: checks 
*** RIVER *** [3s 3h Ts 7h] [Kd]
Espada Fish: bets $1.79
Winau8: folds 
Uncalled bet ($1.79) returned to Espada Fish
Espada Fish collected $2.38 from pot
Espada Fish: doesn't show hand 
*** SUMMARY ***
Total pot $2.50 | Rake $0.12 
Board [3s 3h Ts 7h Kd]
Seat 1: michasia folded before Flop (didn't bet)
Seat 2: Winau8 (button) folded on the River
Seat 3: Supermegopro (small blind) folded before Flop
Seat 4: Espada Fish (big blind) collected ($2.38)
Seat 5: BoyLoc0 folded before Flop (didn't bet)
Seat 6: Unipoker11 folded before Flop (didn't bet)



PokerStars Hand #254472308744:  Hold'em No Limit ($0.50/$1.00 USD) - 2025/01/20 19:37:34 WET [2025/01/20 14:37:34 ET]
Table 'Alfaterna III' 6-max Seat #3 is the button
Seat 1: michasia ($147.24 in chips) 
Seat 2: Winau8 ($67.87 in chips) 
Seat 3: Supermegopro ($135.01 in chips) 
Seat 4: Espada Fish ($107.92 in chips) 
Seat 5: BoyLoc0 ($208.02 in chips) 
Seat 6: Unipoker11 ($108.35 in chips) 
Espada Fish: posts small blind $0.50
BoyLoc0: posts big blind $1
*** HOLE CARDS ***
Unipoker11: folds 
michasia: folds 
Winau8: calls $1
Supermegopro: folds 
Espada Fish: raises $3 to $4
BoyLoc0: folds 
Winau8: calls $3
*** FLOP *** [4d 9s 6s]
Espada Fish: checks 
Winau8: checks 
*** TURN *** [4d 9s 6s] [Ts]
Espada Fish: bets $2.82
Winau8: folds 
Uncalled bet ($2.82) returned to Espada Fish
Espada Fish collected $8.55 from pot
Espada Fish: doesn't show hand 
*** SUMMARY ***
Total pot $9 | Rake $0.45 
Board [4d 9s 6s Ts]
Seat 1: michasia folded before Flop (didn't bet)
Seat 2: Winau8 folded on the Turn
Seat 3: Supermegopro (button) folded before Flop (didn't bet)
Seat 4: Espada Fish (small blind) collected ($8.55)
Seat 5: BoyLoc0 (big blind) folded before Flop
Seat 6: Unipoker11 folded before Flop (didn't bet)



PokerStars Hand #254472324429:  Hold'em No Limit ($0.50/$1.00 USD) - 2025/01/20 19:38:26 WET [2025/01/20 14:38:26 ET]
Table 'Alfaterna III' 6-max Seat #4 is the button
Seat 6: Unipoker11 ($108.35 in chips) is sitting out
Seat 1: michasia ($147.24 in chips) 
Seat 2: Winau8 ($63.87 in chips) 
Seat 3: Supermegopro ($135.01 in chips) 
Seat 4: Espada Fish ($112.47 in chips) 
Seat 5: BoyLoc0 ($207.02 in chips) 
BoyLoc0: posts small blind $0.50
Unipoker11: is sitting out 
michasia: posts big blind $1
*** HOLE CARDS ***
Unipoker11 leaves the table
Winau8: folds 
Supermegopro: folds 
Espada Fish: folds 
BoyLoc0: folds 
Uncalled bet ($0.50) returned to michasia
michasia collected $1 from pot
michasia: doesn't show hand 
*** SUMMARY ***
Total pot $1 | Rake $0 
Seat 6: Unipoker11
Seat 1: michasia (big blind) collected ($1)
Seat 2: Winau8 folded before Flop (didn't bet)
Seat 3: Supermegopro folded before Flop (didn't bet)
Seat 4: Espada Fish (button) folded before Flop (didn't bet)
Seat 5: BoyLoc0 (small blind) folded before Flop



PokerStars Hand #254472327747:  Hold'em No Limit ($0.50/$1.00 USD) - 2025/01/20 19:38:37 WET [2025/01/20 14:38:37 ET]
Table 'Alfaterna III' 6-max Seat #5 is the button
Seat 1: michasia ($147.74 in chips) 
Seat 2: Winau8 ($63.87 in chips) 
Seat 3: Supermegopro ($135.01 in chips) 
Seat 4: Espada Fish ($112.47 in chips) 
Seat 5: BoyLoc0 ($206.52 in chips) 
michasia: posts small blind $0.50
Winau8: posts big blind $1
*** HOLE CARDS ***
Supermegopro: folds 
Supermegopro leaves the table
Espada Fish: folds 
BoyLoc0: folds 
michasia: folds 
Uncalled bet ($0.50) returned to Winau8
Winau8 collected $1 from pot
Winau8: doesn't show hand 
*** SUMMARY ***
Total pot $1 | Rake $0 
Seat 1: michasia (small blind) folded before Flop
Seat 2: Winau8 (big blind) collected ($1)
Seat 3: Supermegopro folded before Flop (didn't bet)
Seat 4: Espada Fish folded before Flop (didn't bet)
Seat 5: BoyLoc0 (button) folded before Flop (didn't bet)



PokerStars Hand #254472331870:  Hold'em No Limit ($0.50/$1.00 USD) - 2025/01/20 19:38:50 WET [2025/01/20 14:38:50 ET]
Table 'Alfaterna III' 6-max Seat #1 is the button
Seat 1: michasia ($147.24 in chips) 
Seat 2: Winau8 ($64.37 in chips) 
Seat 4: Espada Fish ($112.47 in chips) 
Seat 5: BoyLoc0 ($206.52 in chips) 
Winau8: posts small blind $0.50
Espada Fish: posts big blind $1
*** HOLE CARDS ***
BoyLoc0: raises $1.50 to $2.50
michasia: raises $5 to $7.50
Winau8: folds 
sta$igk joins the table at seat #6 
Espada Fish: raises $14.50 to $22
BoyLoc0: raises $184.52 to $206.52 and is all-in
michasia: folds 
Espada Fish: calls $90.47 and is all-in
Uncalled bet ($94.05) returned to BoyLoc0
*** FLOP *** [Kh Th 2h]
*** TURN *** [Kh Th 2h] [3c]
*** RIVER *** [Kh Th 2h 3c] [8h]
*** SHOW DOWN ***
Espada Fish: shows [Ks Ad] (a pair of Kings)
BoyLoc0: shows [Qd Qs] (a pair of Queens)
Espada Fish cashed out the hand for $99.23 | Cash Out Fee $2.02
*** SUMMARY ***
Total pot $232.94 | Rake $1 
Board [Kh Th 2h 3c 8h]
Seat 1: michasia (button) folded before Flop
Seat 2: Winau8 (small blind) folded before Flop
Seat 4: Espada Fish (big blind) showed [Ks Ad] and won ($231.94) with a pair of Kings (pot not awarded as player cashed out)
Seat 5: BoyLoc0 showed [Qd Qs] and lost with a pair of Queens



PokerStars Hand #254472347603:  Hold'em No Limit ($0.50/$1.00 USD) - 2025/01/20 19:39:42 WET [2025/01/20 14:39:42 ET]
Table 'Alfaterna III' 6-max Seat #2 is the button
Seat 6: sta$igk ($100 in chips) is sitting out
Seat 1: michasia ($139.74 in chips) 
Seat 2: Winau8 ($63.87 in chips) 
Seat 4: Espada Fish ($100 in chips) 
Seat 5: BoyLoc0 ($100 in chips) 
Espada Fish: posts small blind $0.50
BoyLoc0: posts big blind $1
sta$igk: sits out 
*** HOLE CARDS ***
michasia: folds 
Winau8: calls $1
Espada Fish: folds 
BoyLoc0: raises $4 to $5
Winau8: calls $4
*** FLOP *** [8s As 7d]
BoyLoc0: checks 
Winau8: checks 
*** TURN *** [8s As 7d] [5h]
BoyLoc0: bets $7.49
Winau8: calls $7.49
*** RIVER *** [8s As 7d 5h] [Jd]
BoyLoc0: checks 
Winau8: checks 
*** SHOW DOWN ***
BoyLoc0: shows [Ah 9c] (a pair of Aces)
Winau8: mucks hand 
BoyLoc0 collected $24.48 from pot
UnRRRReal joins the table at seat #3 
*** SUMMARY ***
Total pot $25.48 | Rake $1 
Board [8s As 7d 5h Jd]
Seat 6: sta$igk
Seat 1: michasia folded before Flop (didn't bet)
Seat 2: Winau8 (button) mucked
Seat 4: Espada Fish (small blind) folded before Flop
Seat 5: BoyLoc0 (big blind) showed [Ah 9c] and won ($24.48) with a pair of Aces



PokerStars Hand #254472366088:  Hold'em No Limit ($0.50/$1.00 USD) - 2025/01/20 19:40:44 WET [2025/01/20 14:40:44 ET]
Table 'Alfaterna III' 6-max Seat #4 is the button
Seat 1: michasia ($139.74 in chips) is sitting out
Seat 2: Winau8 ($51.38 in chips) 
Seat 3: UnRRRReal ($100 in chips) 
Seat 4: Espada Fish ($100 in chips) 
Seat 5: BoyLoc0 ($111.99 in chips) 
Seat 6: sta$igk ($100 in chips) 
BoyLoc0: posts small blind $0.50
sta$igk: posts big blind $1
UnRRRReal is connected 
UnRRRReal: posts big blind $1
*** HOLE CARDS ***
Winau8: calls $1
UnRRRReal: checks 
Espada Fish: folds 
BoyLoc0: raises $6.50 to $7.50
sta$igk: folds 
Winau8: folds 
UnRRRReal: folds 
Uncalled bet ($6.50) returned to BoyLoc0
BoyLoc0 collected $4 from pot
BoyLoc0: doesn't show hand 
*** SUMMARY ***
Total pot $4 | Rake $0 
Seat 1: michasia
Seat 2: Winau8 folded before Flop
Seat 3: UnRRRReal folded before Flop (didn't bet)
Seat 4: Espada Fish (button) folded before Flop (didn't bet)
Seat 5: BoyLoc0 (small blind) collected ($4)
Seat 6: sta$igk (big blind) folded before Flop



PokerStars Hand #254472376241:  Hold'em No Limit ($0.50/$1.00 USD) - 2025/01/20 19:41:18 WET [2025/01/20 14:41:18 ET]
Table 'Alfaterna III' 6-max Seat #5 is the button
Seat 1: michasia ($139.74 in chips) is sitting out
Seat 2: Winau8 ($50.38 in chips) 
Seat 3: UnRRRReal ($100 in chips) 
Seat 4: Espada Fish ($100 in chips) 
Seat 5: BoyLoc0 ($114.99 in chips) 
Seat 6: sta$igk ($100 in chips) 
sta$igk: posts small blind $0.50
Winau8: posts big blind $1
*** HOLE CARDS ***
UnRRRReal: folds 
Espada Fish: folds 
BoyLoc0: folds 
sta$igk: folds 
Uncalled bet ($0.50) returned to Winau8
Winau8 collected $1 from pot
Winau8: doesn't show hand 
*** SUMMARY ***
Total pot $1 | Rake $0 
Seat 1: michasia
Seat 2: Winau8 (big blind) collected ($1)
Seat 3: UnRRRReal folded before Flop (didn't bet)
Seat 4: Espada Fish folded before Flop (didn't bet)
Seat 5: BoyLoc0 (button) folded before Flop (didn't bet)
Seat 6: sta$igk (small blind) folded before Flop



PokerStars Hand #254472382267:  Hold'em No Limit ($0.50/$1.00 USD) - 2025/01/20 19:41:38 WET [2025/01/20 14:41:38 ET]
Table 'Alfaterna III' 6-max Seat #6 is the button
Seat 1: michasia ($139.74 in chips) is sitting out
Seat 2: Winau8 ($50.88 in chips) 
Seat 3: UnRRRReal ($100 in chips) 
Seat 4: Espada Fish ($100 in chips) 
Seat 5: BoyLoc0 ($114.99 in chips) 
Seat 6: sta$igk ($100 in chips) 
Winau8: posts small blind $0.50
UnRRRReal: posts big blind $1
*** HOLE CARDS ***
Espada Fish: raises $1.20 to $2.20
BoyLoc0: folds 
sta$igk: folds 
Winau8: folds 
UnRRRReal: folds 
Uncalled bet ($1.20) returned to Espada Fish
Espada Fish collected $2.50 from pot
Espada Fish: doesn't show hand 
*** SUMMARY ***
Total pot $2.50 | Rake $0 
Seat 1: michasia
Seat 2: Winau8 (small blind) folded before Flop
Seat 3: UnRRRReal (big blind) folded before Flop
Seat 4: Espada Fish collected ($2.50)
Seat 5: BoyLoc0 folded before Flop (didn't bet)
Seat 6: sta$igk (button) folded before Flop (didn't bet)



PokerStars Hand #254472387628:  Hold'em No Limit ($0.50/$1.00 USD) - 2025/01/20 19:41:56 WET [2025/01/20 14:41:56 ET]
Table 'Alfaterna III' 6-max Seat #2 is the button
Seat 1: michasia ($139.74 in chips) is sitting out
Seat 2: Winau8 ($50.38 in chips) 
Seat 3: UnRRRReal ($100 in chips) 
Seat 4: Espada Fish ($101.50 in chips) 
Seat 5: BoyLoc0 ($114.99 in chips) 
Seat 6: sta$igk ($100 in chips) 
UnRRRReal: posts small blind $0.50
Espada Fish: posts big blind $1
*** HOLE CARDS ***
BoyLoc0: folds 
sta$igk: folds 
Winau8: calls $1
UnRRRReal: folds 
Espada Fish: checks 
*** FLOP *** [Ad 4c 6d]
Espada Fish: checks 
Winau8: checks 
*** TURN *** [Ad 4c 6d] [4s]
Espada Fish: bets $1.79
Winau8: folds 
Uncalled bet ($1.79) returned to Espada Fish
Espada Fish collected $2.38 from pot
Espada Fish: doesn't show hand 
*** SUMMARY ***
Total pot $2.50 | Rake $0.12 
Board [Ad 4c 6d 4s]
Seat 1: michasia
Seat 2: Winau8 (button) folded on the Turn
Seat 3: UnRRRReal (small blind) folded before Flop
Seat 4: Espada Fish (big blind) collected ($2.38)
Seat 5: BoyLoc0 folded before Flop (didn't bet)
Seat 6: sta$igk folded before Flop (didn't bet)



PokerStars Hand #254472400582:  Hold'em No Limit ($0.50/$1.00 USD) - 2025/01/20 19:42:39 WET [2025/01/20 14:42:39 ET]
Table 'Alfaterna III' 6-max Seat #3 is the button
Seat 1: michasia ($139.74 in chips) is sitting out
Seat 2: Winau8 ($49.38 in chips) 
Seat 3: UnRRRReal ($100 in chips) 
Seat 4: Espada Fish ($102.88 in chips) 
Seat 5: BoyLoc0 ($114.99 in chips) 
Seat 6: sta$igk ($100 in chips) 
Espada Fish: posts small blind $0.50
BoyLoc0: posts big blind $1
*** HOLE CARDS ***
sta$igk: folds 
Winau8: raises $2 to $3
UnRRRReal: folds 
Espada Fish: folds 
BoyLoc0: calls $2
*** FLOP *** [7d 9h 4s]
BoyLoc0: checks 
Winau8: bets $4
BoyLoc0: calls $4
*** TURN *** [7d 9h 4s] [Qd]
BoyLoc0: checks 
Winau8: bets $5
BoyLoc0: folds 
Uncalled bet ($5) returned to Winau8
Winau8 collected $13.78 from pot
Winau8: doesn't show hand 
*** SUMMARY ***
Total pot $14.50 | Rake $0.72 
Board [7d 9h 4s Qd]
Seat 1: michasia
Seat 2: Winau8 collected ($13.78)
Seat 3: UnRRRReal (button) folded before Flop (didn't bet)
Seat 4: Espada Fish (small blind) folded before Flop
Seat 5: BoyLoc0 (big blind) folded on the Turn
Seat 6: sta$igk folded before Flop (didn't bet)



PokerStars Hand #254472411333:  Hold'em No Limit ($0.50/$1.00 USD) - 2025/01/20 19:43:14 WET [2025/01/20 14:43:14 ET]
Table 'Alfaterna III' 6-max Seat #4 is the button
Seat 1: michasia ($139.74 in chips) is sitting out
Seat 2: Winau8 ($56.16 in chips) 
Seat 3: UnRRRReal ($100 in chips) 
Seat 4: Espada Fish ($102.38 in chips) 
Seat 5: BoyLoc0 ($107.99 in chips) 
Seat 6: sta$igk ($100 in chips) 
BoyLoc0: posts small blind $0.50
sta$igk: posts big blind $1
michasia: sits out 
*** HOLE CARDS ***
Winau8: raises $1 to $2
UnRRRReal: folds 
Espada Fish: folds 
BoyLoc0: folds 
sta$igk: calls $1
*** FLOP *** [5d 5h Th]
sta$igk: checks 
Winau8: checks 
*** TURN *** [5d 5h Th] [3d]
sta$igk: bets $7.49
Winau8: folds 
Uncalled bet ($7.49) returned to sta$igk
sta$igk collected $4.28 from pot
sta$igk: doesn't show hand 
*** SUMMARY ***
Total pot $4.50 | Rake $0.22 
Board [5d 5h Th 3d]
Seat 1: michasia
Seat 2: Winau8 folded on the Turn
Seat 3: UnRRRReal folded before Flop (didn't bet)
Seat 4: Espada Fish (button) folded before Flop (didn't bet)
Seat 5: BoyLoc0 (small blind) folded before Flop
Seat 6: sta$igk (big blind) collected ($4.28)



PokerStars Hand #254472419123:  Hold'em No Limit ($0.50/$1.00 USD) - 2025/01/20 19:43:41 WET [2025/01/20 14:43:41 ET]
Table 'Alfaterna III' 6-max Seat #5 is the button
Seat 1: michasia ($139.74 in chips) 
Seat 2: Winau8 ($54.16 in chips) 
Seat 3: UnRRRReal ($100 in chips) 
Seat 4: Espada Fish ($102.38 in chips) 
Seat 5: BoyLoc0 ($107.49 in chips) 
Seat 6: sta$igk ($102.28 in chips) 
sta$igk: posts small blind $0.50
michasia: posts big blind $1
*** HOLE CARDS ***
Winau8: folds 
UnRRRReal: raises $1.50 to $2.50
Espada Fish: folds 
BoyLoc0: folds 
sta$igk: folds 
michasia: folds 
Uncalled bet ($1.50) returned to UnRRRReal
UnRRRReal collected $2.50 from pot
UnRRRReal: doesn't show hand 
*** SUMMARY ***
Total pot $2.50 | Rake $0 
Seat 1: michasia (big blind) folded before Flop
Seat 2: Winau8 folded before Flop (didn't bet)
Seat 3: UnRRRReal collected ($2.50)
Seat 4: Espada Fish folded before Flop (didn't bet)
Seat 5: BoyLoc0 (button) folded before Flop (didn't bet)
Seat 6: sta$igk (small blind) folded before Flop



PokerStars Hand #254472423821:  Hold'em No Limit ($0.50/$1.00 USD) - 2025/01/20 19:43:56 WET [2025/01/20 14:43:56 ET]
Table 'Alfaterna III' 6-max Seat #6 is the button
Seat 1: michasia ($138.74 in chips) 
Seat 2: Winau8 ($54.16 in chips) 
Seat 3: UnRRRReal ($101.50 in chips) 
Seat 4: Espada Fish ($102.38 in chips) 
Seat 5: BoyLoc0 ($107.49 in chips) 
Seat 6: sta$igk ($101.78 in chips) 
michasia: posts small blind $0.50
Winau8: posts big blind $1
*** HOLE CARDS ***
UnRRRReal: folds 
Espada Fish: folds 
BoyLoc0: raises $1.50 to $2.50
sta$igk: folds 
michasia: folds 
Winau8: folds 
Uncalled bet ($1.50) returned to BoyLoc0
BoyLoc0 collected $2.50 from pot
BoyLoc0: doesn't show hand 
*** SUMMARY ***
Total pot $2.50 | Rake $0 
Seat 1: michasia (small blind) folded before Flop
Seat 2: Winau8 (big blind) folded before Flop
Seat 3: UnRRRReal folded before Flop (didn't bet)
Seat 4: Espada Fish folded before Flop (didn't bet)
Seat 5: BoyLoc0 collected ($2.50)
Seat 6: sta$igk (button) folded before Flop (didn't bet)



PokerStars Hand #254472430667:  Hold'em No Limit ($0.50/$1.00 USD) - 2025/01/20 19:44:19 WET [2025/01/20 14:44:19 ET]
Table 'Alfaterna III' 6-max Seat #1 is the button
Seat 1: michasia ($138.24 in chips) 
Seat 2: Winau8 ($53.16 in chips) 
Seat 3: UnRRRReal ($101.50 in chips) 
Seat 4: Espada Fish ($102.38 in chips) 
Seat 5: BoyLoc0 ($108.99 in chips) 
Seat 6: sta$igk ($101.78 in chips) 
Winau8: posts small blind $0.50
UnRRRReal: posts big blind $1
*** HOLE CARDS ***
Espada Fish: folds 
BoyLoc0: raises $1.50 to $2.50
sta$igk: folds 
michasia: folds 
Winau8: calls $2
UnRRRReal: folds 
*** FLOP *** [Jc Ah 5h]
Winau8: checks 
BoyLoc0: bets $4.28
Winau8: folds 
Uncalled bet ($4.28) returned to BoyLoc0
BoyLoc0 collected $5.70 from pot
BoyLoc0: doesn't show hand 
*** SUMMARY ***
Total pot $6 | Rake $0.30 
Board [Jc Ah 5h]
Seat 1: michasia (button) folded before Flop (didn't bet)
Seat 2: Winau8 (small blind) folded on the Flop
Seat 3: UnRRRReal (big blind) folded before Flop
Seat 4: Espada Fish folded before Flop (didn't bet)
Seat 5: BoyLoc0 collected ($5.70)
Seat 6: sta$igk folded before Flop (didn't bet)



PokerStars Hand #254472441151:  Hold'em No Limit ($0.50/$1.00 USD) - 2025/01/20 19:44:53 WET [2025/01/20 14:44:53 ET]
Table 'Alfaterna III' 6-max Seat #2 is the button
Seat 1: michasia ($138.24 in chips) 
Seat 2: Winau8 ($50.66 in chips) 
Seat 3: UnRRRReal ($100.50 in chips) 
Seat 4: Espada Fish ($102.38 in chips) 
Seat 5: BoyLoc0 ($112.19 in chips) 
Seat 6: sta$igk ($101.78 in chips) 
UnRRRReal: posts small blind $0.50
Espada Fish: posts big blind $1
*** HOLE CARDS ***
BoyLoc0: folds 
sta$igk: raises $1.50 to $2.50
michasia: folds 
Winau8: folds 
UnRRRReal: folds 
Espada Fish: folds 
Uncalled bet ($1.50) returned to sta$igk
sta$igk collected $2.50 from pot
sta$igk: doesn't show hand 
*** SUMMARY ***
Total pot $2.50 | Rake $0 
Seat 1: michasia folded before Flop (didn't bet)
Seat 2: Winau8 (button) folded before Flop (didn't bet)
Seat 3: UnRRRReal (small blind) folded before Flop
Seat 4: Espada Fish (big blind) folded before Flop
Seat 5: BoyLoc0 folded before Flop (didn't bet)
Seat 6: sta$igk collected ($2.50)



PokerStars Hand #254472446662:  Hold'em No Limit ($0.50/$1.00 USD) - 2025/01/20 19:45:12 WET [2025/01/20 14:45:12 ET]
Table 'Alfaterna III' 6-max Seat #3 is the button
Seat 1: michasia ($138.24 in chips) 
Seat 2: Winau8 ($50.66 in chips) 
Seat 3: UnRRRReal ($100 in chips) 
Seat 4: Espada Fish ($101.38 in chips) 
Seat 5: BoyLoc0 ($112.19 in chips) 
Seat 6: sta$igk ($103.28 in chips) 
Espada Fish: posts small blind $0.50
BoyLoc0: posts big blind $1
*** HOLE CARDS ***
sta$igk: folds 
michasia: folds 
Winau8: folds 
UnRRRReal: folds 
Espada Fish: folds 
Uncalled bet ($0.50) returned to BoyLoc0
BoyLoc0 collected $1 from pot
BoyLoc0: doesn't show hand 
*** SUMMARY ***
Total pot $1 | Rake $0 
Seat 1: michasia folded before Flop (didn't bet)
Seat 2: Winau8 folded before Flop (didn't bet)
Seat 3: UnRRRReal (button) folded before Flop (didn't bet)
Seat 4: Espada Fish (small blind) folded before Flop
Seat 5: BoyLoc0 (big blind) collected ($1)
Seat 6: sta$igk folded before Flop (didn't bet)



PokerStars Hand #254472450833:  Hold'em No Limit ($0.50/$1.00 USD) - 2025/01/20 19:45:25 WET [2025/01/20 14:45:25 ET]
Table 'Alfaterna III' 6-max Seat #4 is the button
Seat 1: michasia ($138.24 in chips) 
Seat 2: Winau8 ($50.66 in chips) 
Seat 3: UnRRRReal ($100 in chips) 
Seat 4: Espada Fish ($100.88 in chips) 
Seat 5: BoyLoc0 ($112.69 in chips) 
Seat 6: sta$igk ($103.28 in chips) 
BoyLoc0: posts small blind $0.50
sta$igk: posts big blind $1
*** HOLE CARDS ***
michasia: folds 
Winau8: calls $1
UnRRRReal: folds 
Espada Fish: folds 
BoyLoc0: calls $0.50
sta$igk: checks 
*** FLOP *** [9c Qs Ts]
BoyLoc0: checks 
sta$igk: checks 
Winau8: checks 
*** TURN *** [9c Qs Ts] [4s]
BoyLoc0: checks 
sta$igk: checks 
Winau8: checks 
*** RIVER *** [9c Qs Ts 4s] [8d]
BoyLoc0: checks 
sta$igk: bets $2.85
Winau8: calls $2.85
BoyLoc0: folds 
*** SHOW DOWN ***
sta$igk: shows [7s 6s] (a flush, Queen high)
Winau8: mucks hand 
sta$igk collected $8.26 from pot
*** SUMMARY ***
Total pot $8.70 | Rake $0.44 
Board [9c Qs Ts 4s 8d]
Seat 1: michasia folded before Flop (didn't bet)
Seat 2: Winau8 mucked
Seat 3: UnRRRReal folded before Flop (didn't bet)
Seat 4: Espada Fish (button) folded before Flop (didn't bet)
Seat 5: BoyLoc0 (small blind) folded on the River
Seat 6: sta$igk (big blind) showed [7s 6s] and won ($8.26) with a flush, Queen high



PokerStars Hand #254472466511:  Hold'em No Limit ($0.50/$1.00 USD) - 2025/01/20 19:46:17 WET [2025/01/20 14:46:17 ET]
Table 'Alfaterna III' 6-max Seat #5 is the button
Seat 1: michasia ($138.24 in chips) 
Seat 2: Winau8 ($46.81 in chips) 
Seat 3: UnRRRReal ($100 in chips) 
Seat 4: Espada Fish ($100.88 in chips) 
Seat 5: BoyLoc0 ($111.69 in chips) 
Seat 6: sta$igk ($107.69 in chips) 
sta$igk: posts small blind $0.50
michasia: posts big blind $1
*** HOLE CARDS ***
Winau8: folds 
UnRRRReal: raises $1.50 to $2.50
Espada Fish: folds 
BoyLoc0: folds 
sta$igk: raises $8.50 to $11
michasia: folds 
UnRRRReal: folds 
Uncalled bet ($8.50) returned to sta$igk
sta$igk collected $6 from pot
sta$igk: doesn't show hand 
*** SUMMARY ***
Total pot $6 | Rake $0 
Seat 1: michasia (big blind) folded before Flop
Seat 2: Winau8 folded before Flop (didn't bet)
Seat 3: UnRRRReal folded before Flop
Seat 4: Espada Fish folded before Flop (didn't bet)
Seat 5: BoyLoc0 (button) folded before Flop (didn't bet)
Seat 6: sta$igk (small blind) collected ($6)



PokerStars Hand #254472475861:  Hold'em No Limit ($0.50/$1.00 USD) - 2025/01/20 19:46:47 WET [2025/01/20 14:46:47 ET]
Table 'Alfaterna III' 6-max Seat #6 is the button
Seat 1: michasia ($137.24 in chips) 
Seat 2: Winau8 ($46.81 in chips) 
Seat 3: UnRRRReal ($100 in chips) 
Seat 4: Espada Fish ($100.88 in chips) 
Seat 5: BoyLoc0 ($111.69 in chips) 
Seat 6: sta$igk ($111.19 in chips) 
michasia: posts small blind $0.50
Winau8: posts big blind $1
*** HOLE CARDS ***
UnRRRReal: folds 
Espada Fish: folds 
BoyLoc0: folds 
sta$igk: folds 
michasia: folds 
Uncalled bet ($0.50) returned to Winau8
Winau8 collected $1 from pot
Winau8: doesn't show hand 
*** SUMMARY ***
Total pot $1 | Rake $0 
Seat 1: michasia (small blind) folded before Flop
Seat 2: Winau8 (big blind) collected ($1)
Seat 3: UnRRRReal folded before Flop (didn't bet)
Seat 4: Espada Fish folded before Flop (didn't bet)
Seat 5: BoyLoc0 folded before Flop (didn't bet)
Seat 6: sta$igk (button) folded before Flop (didn't bet)



PokerStars Hand #254472479265:  Hold'em No Limit ($0.50/$1.00 USD) - 2025/01/20 19:46:59 WET [2025/01/20 14:46:59 ET]
Table 'Alfaterna III' 6-max Seat #1 is the button
Seat 1: michasia ($136.74 in chips) 
Seat 2: Winau8 ($47.31 in chips) 
Seat 3: UnRRRReal ($100 in chips) 
Seat 4: Espada Fish ($100.88 in chips) 
Seat 5: BoyLoc0 ($111.69 in chips) 
Seat 6: sta$igk ($111.19 in chips) 
Winau8: posts small blind $0.50
UnRRRReal: posts big blind $1
*** HOLE CARDS ***
Espada Fish: folds 
BoyLoc0: folds 
sta$igk: folds 
michasia: folds 
Winau8: folds 
Uncalled bet ($0.50) returned to UnRRRReal
UnRRRReal collected $1 from pot
UnRRRReal: doesn't show hand 
*** SUMMARY ***
Total pot $1 | Rake $0 
Seat 1: michasia (button) folded before Flop (didn't bet)
Seat 2: Winau8 (small blind) folded before Flop
Seat 3: UnRRRReal (big blind) collected ($1)
Seat 4: Espada Fish folded before Flop (didn't bet)
Seat 5: BoyLoc0 folded before Flop (didn't bet)
Seat 6: sta$igk folded before Flop (didn't bet)



PokerStars Hand #254472483258:  Hold'em No Limit ($0.50/$1.00 USD) - 2025/01/20 19:47:11 WET [2025/01/20 14:47:11 ET]
Table 'Alfaterna III' 6-max Seat #2 is the button
Seat 1: michasia ($136.74 in chips) 
Seat 2: Winau8 ($46.81 in chips) 
Seat 3: UnRRRReal ($100.50 in chips) 
Seat 4: Espada Fish ($100.88 in chips) 
Seat 5: BoyLoc0 ($111.69 in chips) 
Seat 6: sta$igk ($111.19 in chips) 
UnRRRReal: posts small blind $0.50
Espada Fish: posts big blind $1
*** HOLE CARDS ***
BoyLoc0: folds 
sta$igk: folds 
michasia: folds 
Winau8: folds 
UnRRRReal: folds 
Uncalled bet ($0.50) returned to Espada Fish
Espada Fish collected $1 from pot
Espada Fish: doesn't show hand 
*** SUMMARY ***
Total pot $1 | Rake $0 
Seat 1: michasia folded before Flop (didn't bet)
Seat 2: Winau8 (button) folded before Flop (didn't bet)
Seat 3: UnRRRReal (small blind) folded before Flop
Seat 4: Espada Fish (big blind) collected ($1)
Seat 5: BoyLoc0 folded before Flop (didn't bet)
Seat 6: sta$igk folded before Flop (didn't bet)



PokerStars Hand #254472490225:  Hold'em No Limit ($0.50/$1.00 USD) - 2025/01/20 19:47:34 WET [2025/01/20 14:47:34 ET]
Table 'Alfaterna III' 6-max Seat #3 is the button
Seat 1: michasia ($136.74 in chips) 
Seat 2: Winau8 ($46.81 in chips) 
Seat 3: UnRRRReal ($100 in chips) 
Seat 4: Espada Fish ($101.38 in chips) 
Seat 5: BoyLoc0 ($111.69 in chips) 
Seat 6: sta$igk ($111.19 in chips) 
Espada Fish: posts small blind $0.50
BoyLoc0: posts big blind $1
*** HOLE CARDS ***
sta$igk: folds 
michasia: raises $1.60 to $2.60
Winau8: folds 
UnRRRReal: folds 
Espada Fish: folds 
BoyLoc0: folds 
Uncalled bet ($1.60) returned to michasia
michasia collected $2.50 from pot
michasia: doesn't show hand 
*** SUMMARY ***
Total pot $2.50 | Rake $0 
Seat 1: michasia collected ($2.50)
Seat 2: Winau8 folded before Flop (didn't bet)
Seat 3: UnRRRReal (button) folded before Flop (didn't bet)
Seat 4: Espada Fish (small blind) folded before Flop
Seat 5: BoyLoc0 (big blind) folded before Flop
Seat 6: sta$igk folded before Flop (didn't bet)



PokerStars Hand #254472495988:  Hold'em No Limit ($0.50/$1.00 USD) - 2025/01/20 19:47:54 WET [2025/01/20 14:47:54 ET]
Table 'Alfaterna III' 6-max Seat #4 is the button
Seat 1: michasia ($138.24 in chips) 
Seat 2: Winau8 ($46.81 in chips) 
Seat 3: UnRRRReal ($100 in chips) 
Seat 4: Espada Fish ($100.88 in chips) 
Seat 5: BoyLoc0 ($110.69 in chips) 
Seat 6: sta$igk ($111.19 in chips) 
BoyLoc0: posts small blind $0.50
sta$igk: posts big blind $1
*** HOLE CARDS ***
michasia: folds 
Winau8: folds 
UnRRRReal: raises $1.50 to $2.50
Espada Fish: folds 
BoyLoc0: folds 
sta$igk: folds 
Uncalled bet ($1.50) returned to UnRRRReal
UnRRRReal collected $2.50 from pot
UnRRRReal: doesn't show hand 
*** SUMMARY ***
Total pot $2.50 | Rake $0 
Seat 1: michasia folded before Flop (didn't bet)
Seat 2: Winau8 folded before Flop (didn't bet)
Seat 3: UnRRRReal collected ($2.50)
Seat 4: Espada Fish (button) folded before Flop (didn't bet)
Seat 5: BoyLoc0 (small blind) folded before Flop
Seat 6: sta$igk (big blind) folded before Flop



PokerStars Hand #254472501605:  Hold'em No Limit ($0.50/$1.00 USD) - 2025/01/20 19:48:12 WET [2025/01/20 14:48:12 ET]
Table 'Alfaterna III' 6-max Seat #5 is the button
Seat 1: michasia ($138.24 in chips) 
Seat 2: Winau8 ($46.81 in chips) 
Seat 3: UnRRRReal ($101.50 in chips) 
Seat 4: Espada Fish ($100.88 in chips) 
Seat 5: BoyLoc0 ($110.19 in chips) 
Seat 6: sta$igk ($110.19 in chips) 
sta$igk: posts small blind $0.50
michasia: posts big blind $1
*** HOLE CARDS ***
Winau8: raises $1 to $2
UnRRRReal: folds 
Espada Fish: folds 
BoyLoc0: folds 
sta$igk: folds 
michasia: calls $1
*** FLOP *** [Th 4h 6s]
michasia: checks 
Winau8: checks 
*** TURN *** [Th 4h 6s] [3d]
michasia: bets $2.85
Winau8: folds 
Uncalled bet ($2.85) returned to michasia
michasia collected $4.28 from pot
michasia: doesn't show hand 
*** SUMMARY ***
Total pot $4.50 | Rake $0.22 
Board [Th 4h 6s 3d]
Seat 1: michasia (big blind) collected ($4.28)
Seat 2: Winau8 folded on the Turn
Seat 3: UnRRRReal folded before Flop (didn't bet)
Seat 4: Espada Fish folded before Flop (didn't bet)
Seat 5: BoyLoc0 (button) folded before Flop (didn't bet)
Seat 6: sta$igk (small blind) folded before Flop



PokerStars Hand #254472510354:  Hold'em No Limit ($0.50/$1.00 USD) - 2025/01/20 19:48:40 WET [2025/01/20 14:48:40 ET]
Table 'Alfaterna III' 6-max Seat #6 is the button
Seat 1: michasia ($140.52 in chips) 
Seat 2: Winau8 ($44.81 in chips) 
Seat 3: UnRRRReal ($101.50 in chips) 
Seat 4: Espada Fish ($100.88 in chips) 
Seat 5: BoyLoc0 ($110.19 in chips) 
Seat 6: sta$igk ($109.69 in chips) 
michasia: posts small blind $0.50
Winau8: posts big blind $1
*** HOLE CARDS ***
UnRRRReal: folds 
Espada Fish: folds 
BoyLoc0: folds 
sta$igk: folds 
michasia: raises $2 to $3
Winau8: calls $2
*** FLOP *** [Ac 9c 7d]
michasia: checks 
Winau8: bets $3
michasia: folds 
Uncalled bet ($3) returned to Winau8
Winau8 collected $5.70 from pot
Winau8: doesn't show hand 
*** SUMMARY ***
Total pot $6 | Rake $0.30 
Board [Ac 9c 7d]
Seat 1: michasia (small blind) folded on the Flop
Seat 2: Winau8 (big blind) collected ($5.70)
Seat 3: UnRRRReal folded before Flop (didn't bet)
Seat 4: Espada Fish folded before Flop (didn't bet)
Seat 5: BoyLoc0 folded before Flop (didn't bet)
Seat 6: sta$igk (button) folded before Flop (didn't bet)



PokerStars Hand #254472520829:  Hold'em No Limit ($0.50/$1.00 USD) - 2025/01/20 19:49:15 WET [2025/01/20 14:49:15 ET]
Table 'Alfaterna III' 6-max Seat #1 is the button
Seat 1: michasia ($137.52 in chips) 
Seat 2: Winau8 ($47.51 in chips) 
Seat 3: UnRRRReal ($101.50 in chips) 
Seat 4: Espada Fish ($100.88 in chips) 
Seat 5: BoyLoc0 ($110.19 in chips) 
Seat 6: sta$igk ($109.69 in chips) 
Winau8: posts small blind $0.50
UnRRRReal: posts big blind $1
*** HOLE CARDS ***
Espada Fish: folds 
BoyLoc0: folds 
sta$igk: folds 
michasia: raises $1.80 to $2.80
Winau8: folds 
UnRRRReal: folds 
Uncalled bet ($1.80) returned to michasia
michasia collected $2.50 from pot
michasia: doesn't show hand 
*** SUMMARY ***
Total pot $2.50 | Rake $0 
Seat 1: michasia (button) collected ($2.50)
Seat 2: Winau8 (small blind) folded before Flop
Seat 3: UnRRRReal (big blind) folded before Flop
Seat 4: Espada Fish folded before Flop (didn't bet)
Seat 5: BoyLoc0 folded before Flop (didn't bet)
Seat 6: sta$igk folded before Flop (didn't bet)



PokerStars Hand #254471456442:  Hold'em No Limit ($0.50/$1.00 USD) - 2025/01/20 18:46:43 WET [2025/01/20 13:46:43 ET]
Table 'Alfaterna III' 6-max Seat #4 is the button
Seat 1: michasia ($141.88 in chips) is sitting out
Seat 2: Winau8 ($77.58 in chips) 
Seat 3: Supermegopro ($116.52 in chips) 
Seat 4: Espada Fish ($113.79 in chips) 
Seat 5: BoyLoc0 ($100 in chips) 
Seat 6: Rezzonner ($100 in chips) 
BoyLoc0: posts small blind $0.50
Rezzonner: posts big blind $1
*** HOLE CARDS ***
Winau8 has timed out
Winau8: folds 
Supermegopro: folds 
Espada Fish: folds 
BoyLoc0: raises $2 to $3
Rezzonner: raises $6 to $9
BoyLoc0: calls $6
*** FLOP *** [As Kc Jc]
BoyLoc0: checks 
Rezzonner: bets $5.64
BoyLoc0: calls $5.64
*** TURN *** [As Kc Jc] [3s]
BoyLoc0: checks 
Rezzonner: bets $20.87
BoyLoc0: raises $64.49 to $85.36 and is all-in
Rezzonner: calls $64.49 and is all-in
*** RIVER *** [As Kc Jc 3s] [4d]
*** SHOW DOWN ***
BoyLoc0: shows [Ad Js] (two pair, Aces and Jacks)
Rezzonner: shows [Ah Qh] (a pair of Aces)
BoyLoc0 collected $197.50 from pot
*** SUMMARY ***
Total pot $200 | Rake $2.50 
Board [As Kc Jc 3s 4d]
Seat 1: michasia
Seat 2: Winau8 folded before Flop (didn't bet)
Seat 3: Supermegopro folded before Flop (didn't bet)
Seat 4: Espada Fish (button) folded before Flop (didn't bet)
Seat 5: BoyLoc0 (small blind) showed [Ad Js] and won ($197.50) with two pair, Aces and Jacks
Seat 6: Rezzonner (big blind) showed [Ah Qh] and lost with a pair of Aces



PokerStars Hand #254471488564:  Hold'em No Limit ($0.50/$1.00 USD) - 2025/01/20 18:48:37 WET [2025/01/20 13:48:37 ET]
Table 'Alfaterna III' 6-max Seat #5 is the button
Seat 1: michasia ($141.88 in chips) 
Seat 2: Winau8 ($77.58 in chips) 
Seat 3: Supermegopro ($116.52 in chips) 
Seat 4: Espada Fish ($113.79 in chips) 
Seat 5: BoyLoc0 ($197.50 in chips) 
Seat 6: Rezzonner ($100 in chips) 
Rezzonner: posts small blind $0.50
michasia: posts big blind $1
*** HOLE CARDS ***
Winau8: calls $1
Supermegopro: folds 
Espada Fish: folds 
BoyLoc0: folds 
Rezzonner: folds 
michasia: raises $2.50 to $3.50
Winau8: folds 
Uncalled bet ($2.50) returned to michasia
michasia collected $2.50 from pot
michasia: doesn't show hand 
*** SUMMARY ***
Total pot $2.50 | Rake $0 
Seat 1: michasia (big blind) collected ($2.50)
Seat 2: Winau8 folded before Flop
Seat 3: Supermegopro folded before Flop (didn't bet)
Seat 4: Espada Fish folded before Flop (didn't bet)
Seat 5: BoyLoc0 (button) folded before Flop (didn't bet)
Seat 6: Rezzonner (small blind) folded before Flop



PokerStars Hand #254471496497:  Hold'em No Limit ($0.50/$1.00 USD) - 2025/01/20 18:49:05 WET [2025/01/20 13:49:05 ET]
Table 'Alfaterna III' 6-max Seat #6 is the button
Seat 1: michasia ($143.38 in chips) 
Seat 2: Winau8 ($76.58 in chips) 
Seat 3: Supermegopro ($116.52 in chips) 
Seat 4: Espada Fish ($113.79 in chips) 
Seat 5: BoyLoc0 ($197.50 in chips) 
Seat 6: Rezzonner ($100 in chips) 
michasia: posts small blind $0.50
Winau8: posts big blind $1
*** HOLE CARDS ***
Supermegopro: folds 
Espada Fish: folds 
BoyLoc0: folds 
Rezzonner: raises $1.50 to $2.50
michasia: folds 
Winau8: folds 
Uncalled bet ($1.50) returned to Rezzonner
Rezzonner collected $2.50 from pot
Rezzonner: doesn't show hand 
*** SUMMARY ***
Total pot $2.50 | Rake $0 
Seat 1: michasia (small blind) folded before Flop
Seat 2: Winau8 (big blind) folded before Flop
Seat 3: Supermegopro folded before Flop (didn't bet)
Seat 4: Espada Fish folded before Flop (didn't bet)
Seat 5: BoyLoc0 folded before Flop (didn't bet)
Seat 6: Rezzonner (button) collected ($2.50)



PokerStars Hand #254471501058:  Hold'em No Limit ($0.50/$1.00 USD) - 2025/01/20 18:49:21 WET [2025/01/20 13:49:21 ET]
Table 'Alfaterna III' 6-max Seat #1 is the button
Seat 1: michasia ($142.88 in chips) 
Seat 2: Winau8 ($75.58 in chips) 
Seat 3: Supermegopro ($116.52 in chips) 
Seat 4: Espada Fish ($113.79 in chips) 
Seat 5: BoyLoc0 ($197.50 in chips) 
Seat 6: Rezzonner ($101.50 in chips) 
Winau8: posts small blind $0.50
Supermegopro: posts big blind $1
*** HOLE CARDS ***
Espada Fish: raises $1.20 to $2.20
BoyLoc0: folds 
Rezzonner: folds 
michasia: folds 
Winau8: folds 
Supermegopro: calls $1.20
*** FLOP *** [Kd Jc 3s]
Supermegopro: checks 
Espada Fish: checks 
*** TURN *** [Kd Jc 3s] [9h]
Supermegopro: bets $2.33
Espada Fish: folds 
Uncalled bet ($2.33) returned to Supermegopro
Supermegopro collected $4.66 from pot
Supermegopro: doesn't show hand 
*** SUMMARY ***
Total pot $4.90 | Rake $0.24 
Board [Kd Jc 3s 9h]
Seat 1: michasia (button) folded before Flop (didn't bet)
Seat 2: Winau8 (small blind) folded before Flop
Seat 3: Supermegopro (big blind) collected ($4.66)
Seat 4: Espada Fish folded on the Turn
Seat 5: BoyLoc0 folded before Flop (didn't bet)
Seat 6: Rezzonner folded before Flop (didn't bet)



PokerStars Hand #254471515681:  Hold'em No Limit ($0.50/$1.00 USD) - 2025/01/20 18:50:13 WET [2025/01/20 13:50:13 ET]
Table 'Alfaterna III' 6-max Seat #2 is the button
Seat 1: michasia ($142.88 in chips) 
Seat 2: Winau8 ($75.08 in chips) 
Seat 3: Supermegopro ($118.98 in chips) 
Seat 4: Espada Fish ($111.59 in chips) 
Seat 5: BoyLoc0 ($197.50 in chips) 
Seat 6: Rezzonner ($101.50 in chips) 
Supermegopro: posts small blind $0.50
Espada Fish: posts big blind $1
*** HOLE CARDS ***
BoyLoc0: raises $1.50 to $2.50
Rezzonner: folds 
michasia: folds 
Winau8: folds 
Supermegopro: folds 
Espada Fish: calls $1.50
*** FLOP *** [8h 6d 5s]
Espada Fish: checks 
BoyLoc0: checks 
*** TURN *** [8h 6d 5s] [8s]
Espada Fish: checks 
BoyLoc0: bets $3.92
Espada Fish: folds 
Uncalled bet ($3.92) returned to BoyLoc0
BoyLoc0 collected $5.22 from pot
BoyLoc0: doesn't show hand 
*** SUMMARY ***
Total pot $5.50 | Rake $0.28 
Board [8h 6d 5s 8s]
Seat 1: michasia folded before Flop (didn't bet)
Seat 2: Winau8 (button) folded before Flop (didn't bet)
Seat 3: Supermegopro (small blind) folded before Flop
Seat 4: Espada Fish (big blind) folded on the Turn
Seat 5: BoyLoc0 collected ($5.22)
Seat 6: Rezzonner folded before Flop (didn't bet)



PokerStars Hand #254471529905:  Hold'em No Limit ($0.50/$1.00 USD) - 2025/01/20 18:51:03 WET [2025/01/20 13:51:03 ET]
Table 'Alfaterna III' 6-max Seat #3 is the button
Seat 1: michasia ($142.88 in chips) 
Seat 2: Winau8 ($75.08 in chips) 
Seat 3: Supermegopro ($118.48 in chips) 
Seat 4: Espada Fish ($109.09 in chips) 
Seat 5: BoyLoc0 ($200.22 in chips) 
Seat 6: Rezzonner ($101.50 in chips) 
Espada Fish: posts small blind $0.50
BoyLoc0: posts big blind $1
*** HOLE CARDS ***
Rezzonner: folds 
michasia: raises $1.60 to $2.60
Winau8: folds 
Supermegopro: folds 
Espada Fish: folds 
BoyLoc0: folds 
Uncalled bet ($1.60) returned to michasia
michasia collected $2.50 from pot
michasia: doesn't show hand 
*** SUMMARY ***
Total pot $2.50 | Rake $0 
Seat 1: michasia collected ($2.50)
Seat 2: Winau8 folded before Flop (didn't bet)
Seat 3: Supermegopro (button) folded before Flop (didn't bet)
Seat 4: Espada Fish (small blind) folded before Flop
Seat 5: BoyLoc0 (big blind) folded before Flop
Seat 6: Rezzonner folded before Flop (didn't bet)



PokerStars Hand #254471533195:  Hold'em No Limit ($0.50/$1.00 USD) - 2025/01/20 18:51:15 WET [2025/01/20 13:51:15 ET]
Table 'Alfaterna III' 6-max Seat #4 is the button
Seat 1: michasia ($144.38 in chips) 
Seat 2: Winau8 ($75.08 in chips) 
Seat 3: Supermegopro ($118.48 in chips) 
Seat 4: Espada Fish ($108.59 in chips) 
Seat 5: BoyLoc0 ($199.22 in chips) 
Seat 6: Rezzonner ($101.50 in chips) 
BoyLoc0: posts small blind $0.50
Rezzonner: posts big blind $1
*** HOLE CARDS ***
michasia: folds 
Winau8: raises $1 to $2
Supermegopro: folds 
Espada Fish: folds 
BoyLoc0: folds 
Rezzonner: calls $1
*** FLOP *** [7d 4d Th]
Rezzonner: checks 
Winau8: checks 
*** TURN *** [7d 4d Th] [Qc]
Rezzonner: bets $3
Winau8: calls $3
*** RIVER *** [7d 4d Th Qc] [5h]
Rezzonner: bets $7.50
Winau8: folds 
Uncalled bet ($7.50) returned to Rezzonner
Rezzonner collected $9.98 from pot
Rezzonner: doesn't show hand 
*** SUMMARY ***
Total pot $10.50 | Rake $0.52 
Board [7d 4d Th Qc 5h]
Seat 1: michasia folded before Flop (didn't bet)
Seat 2: Winau8 folded on the River
Seat 3: Supermegopro folded before Flop (didn't bet)
Seat 4: Espada Fish (button) folded before Flop (didn't bet)
Seat 5: BoyLoc0 (small blind) folded before Flop
Seat 6: Rezzonner (big blind) collected ($9.98)



PokerStars Hand #254471544843:  Hold'em No Limit ($0.50/$1.00 USD) - 2025/01/20 18:51:57 WET [2025/01/20 13:51:57 ET]
Table 'Alfaterna III' 6-max Seat #5 is the button
Seat 1: michasia ($144.38 in chips) 
Seat 2: Winau8 ($70.08 in chips) 
Seat 3: Supermegopro ($118.48 in chips) 
Seat 4: Espada Fish ($108.59 in chips) 
Seat 5: BoyLoc0 ($198.72 in chips) 
Seat 6: Rezzonner ($106.48 in chips) 
Rezzonner: posts small blind $0.50
michasia: posts big blind $1
*** HOLE CARDS ***
Winau8: folds 
Supermegopro: folds 
Espada Fish: folds 
BoyLoc0: folds 
Rezzonner: folds 
Uncalled bet ($0.50) returned to michasia
michasia collected $1 from pot
michasia: doesn't show hand 
*** SUMMARY ***
Total pot $1 | Rake $0 
Seat 1: michasia (big blind) collected ($1)
Seat 2: Winau8 folded before Flop (didn't bet)
Seat 3: Supermegopro folded before Flop (didn't bet)
Seat 4: Espada Fish folded before Flop (didn't bet)
Seat 5: BoyLoc0 (button) folded before Flop (didn't bet)
Seat 6: Rezzonner (small blind) folded before Flop



PokerStars Hand #254471548285:  Hold'em No Limit ($0.50/$1.00 USD) - 2025/01/20 18:52:09 WET [2025/01/20 13:52:09 ET]
Table 'Alfaterna III' 6-max Seat #6 is the button
Seat 1: michasia ($144.88 in chips) 
Seat 2: Winau8 ($70.08 in chips) 
Seat 3: Supermegopro ($118.48 in chips) 
Seat 4: Espada Fish ($108.59 in chips) 
Seat 5: BoyLoc0 ($198.72 in chips) 
Seat 6: Rezzonner ($105.98 in chips) 
michasia: posts small blind $0.50
Winau8: posts big blind $1
*** HOLE CARDS ***
Supermegopro: folds 
Espada Fish: folds 
BoyLoc0: raises $1.50 to $2.50
Rezzonner: folds 
michasia: folds 
Winau8: folds 
Uncalled bet ($1.50) returned to BoyLoc0
BoyLoc0 collected $2.50 from pot
BoyLoc0: doesn't show hand 
*** SUMMARY ***
Total pot $2.50 | Rake $0 
Seat 1: michasia (small blind) folded before Flop
Seat 2: Winau8 (big blind) folded before Flop
Seat 3: Supermegopro folded before Flop (didn't bet)
Seat 4: Espada Fish folded before Flop (didn't bet)
Seat 5: BoyLoc0 collected ($2.50)
Seat 6: Rezzonner (button) folded before Flop (didn't bet)



PokerStars Hand #254471555365:  Hold'em No Limit ($0.50/$1.00 USD) - 2025/01/20 18:52:35 WET [2025/01/20 13:52:35 ET]
Table 'Alfaterna III' 6-max Seat #1 is the button
Seat 1: michasia ($144.38 in chips) 
Seat 2: Winau8 ($69.08 in chips) 
Seat 3: Supermegopro ($118.48 in chips) 
Seat 4: Espada Fish ($108.59 in chips) 
Seat 5: BoyLoc0 ($200.22 in chips) 
Seat 6: Rezzonner ($105.98 in chips) 
Winau8: posts small blind $0.50
Supermegopro: posts big blind $1
*** HOLE CARDS ***
Espada Fish: folds 
BoyLoc0: folds 
Rezzonner: folds 
michasia: raises $1.80 to $2.80
Winau8: calls $2.30
Supermegopro: folds 
*** FLOP *** [6s Jc 2c]
Winau8: checks 
michasia: bets $2.07
Winau8: folds 
Uncalled bet ($2.07) returned to michasia
michasia collected $6.27 from pot
michasia: doesn't show hand 
*** SUMMARY ***
Total pot $6.60 | Rake $0.33 
Board [6s Jc 2c]
Seat 1: michasia (button) collected ($6.27)
Seat 2: Winau8 (small blind) folded on the Flop
Seat 3: Supermegopro (big blind) folded before Flop
Seat 4: Espada Fish folded before Flop (didn't bet)
Seat 5: BoyLoc0 folded before Flop (didn't bet)
Seat 6: Rezzonner folded before Flop (didn't bet)



PokerStars Hand #254471563168:  Hold'em No Limit ($0.50/$1.00 USD) - 2025/01/20 18:53:03 WET [2025/01/20 13:53:03 ET]
Table 'Alfaterna III' 6-max Seat #2 is the button
Seat 1: michasia ($147.85 in chips) 
Seat 2: Winau8 ($66.28 in chips) 
Seat 3: Supermegopro ($117.48 in chips) 
Seat 4: Espada Fish ($108.59 in chips) 
Seat 5: BoyLoc0 ($200.22 in chips) 
Seat 6: Rezzonner ($105.98 in chips) 
Supermegopro: posts small blind $0.50
Espada Fish: posts big blind $1
*** HOLE CARDS ***
BoyLoc0: folds 
Rezzonner: folds 
michasia: folds 
Winau8: folds 
Supermegopro: raises $2 to $3
Espada Fish: calls $2
*** FLOP *** [Kc Kd 6c]
Supermegopro: bets $2.85
Espada Fish: folds 
Uncalled bet ($2.85) returned to Supermegopro
Supermegopro collected $5.70 from pot
Supermegopro: doesn't show hand 
*** SUMMARY ***
Total pot $6 | Rake $0.30 
Board [Kc Kd 6c]
Seat 1: michasia folded before Flop (didn't bet)
Seat 2: Winau8 (button) folded before Flop (didn't bet)
Seat 3: Supermegopro (small blind) collected ($5.70)
Seat 4: Espada Fish (big blind) folded on the Flop
Seat 5: BoyLoc0 folded before Flop (didn't bet)
Seat 6: Rezzonner folded before Flop (didn't bet)



PokerStars Hand #254471575286:  Hold'em No Limit ($0.50/$1.00 USD) - 2025/01/20 18:53:45 WET [2025/01/20 13:53:45 ET]
Table 'Alfaterna III' 6-max Seat #3 is the button
Seat 1: michasia ($147.85 in chips) 
Seat 2: Winau8 ($66.28 in chips) 
Seat 3: Supermegopro ($120.18 in chips) 
Seat 4: Espada Fish ($105.59 in chips) 
Seat 5: BoyLoc0 ($200.22 in chips) 
Seat 6: Rezzonner ($105.98 in chips) 
Espada Fish: posts small blind $0.50
BoyLoc0: posts big blind $1
*** HOLE CARDS ***
Rezzonner: folds 
michasia: folds 
Winau8: folds 
Supermegopro: folds 
Espada Fish: folds 
Uncalled bet ($0.50) returned to BoyLoc0
BoyLoc0 collected $1 from pot
BoyLoc0: doesn't show hand 
*** SUMMARY ***
Total pot $1 | Rake $0 
Seat 1: michasia folded before Flop (didn't bet)
Seat 2: Winau8 folded before Flop (didn't bet)
Seat 3: Supermegopro (button) folded before Flop (didn't bet)
Seat 4: Espada Fish (small blind) folded before Flop
Seat 5: BoyLoc0 (big blind) collected ($1)
Seat 6: Rezzonner folded before Flop (didn't bet)



PokerStars Hand #254471579784:  Hold'em No Limit ($0.50/$1.00 USD) - 2025/01/20 18:54:02 WET [2025/01/20 13:54:02 ET]
Table 'Alfaterna III' 6-max Seat #4 is the button
Seat 1: michasia ($147.85 in chips) 
Seat 2: Winau8 ($66.28 in chips) 
Seat 3: Supermegopro ($120.18 in chips) 
Seat 4: Espada Fish ($105.09 in chips) 
Seat 5: BoyLoc0 ($200.72 in chips) 
Seat 6: Rezzonner ($105.98 in chips) 
BoyLoc0: posts small blind $0.50
Rezzonner: posts big blind $1
*** HOLE CARDS ***
michasia: raises $1.60 to $2.60
Winau8: folds 
Supermegopro: folds 
Espada Fish: folds 
BoyLoc0: folds 
Rezzonner: folds 
Uncalled bet ($1.60) returned to michasia
michasia collected $2.50 from pot
michasia: doesn't show hand 
*** SUMMARY ***
Total pot $2.50 | Rake $0 
Seat 1: michasia collected ($2.50)
Seat 2: Winau8 folded before Flop (didn't bet)
Seat 3: Supermegopro folded before Flop (didn't bet)
Seat 4: Espada Fish (button) folded before Flop (didn't bet)
Seat 5: BoyLoc0 (small blind) folded before Flop
Seat 6: Rezzonner (big blind) folded before Flop



PokerStars Hand #254471584432:  Hold'em No Limit ($0.50/$1.00 USD) - 2025/01/20 18:54:18 WET [2025/01/20 13:54:18 ET]
Table 'Alfaterna III' 6-max Seat #5 is the button
Seat 1: michasia ($149.35 in chips) 
Seat 2: Winau8 ($66.28 in chips) 
Seat 3: Supermegopro ($120.18 in chips) 
Seat 4: Espada Fish ($105.09 in chips) 
Seat 5: BoyLoc0 ($200.22 in chips) 
Seat 6: Rezzonner ($104.98 in chips) 
Rezzonner: posts small blind $0.50
michasia: posts big blind $1
*** HOLE CARDS ***
Winau8: raises $1 to $2
Supermegopro: raises $5 to $7
Espada Fish: folds 
BoyLoc0: folds 
Rezzonner: folds 
michasia: folds 
Winau8: calls $5
*** FLOP *** [Qd 7s 9s]
Winau8: checks 
Supermegopro: checks 
*** TURN *** [Qd 7s 9s] [Qs]
Winau8: bets $4
Supermegopro: calls $4
*** RIVER *** [Qd 7s 9s Qs] [5d]
Winau8: bets $4
Supermegopro: folds 
Uncalled bet ($4) returned to Winau8
Winau8 collected $22.32 from pot
Winau8: doesn't show hand 
*** SUMMARY ***
Total pot $23.50 | Rake $1.18 
Board [Qd 7s 9s Qs 5d]
Seat 1: michasia (big blind) folded before Flop
Seat 2: Winau8 collected ($22.32)
Seat 3: Supermegopro folded on the River
Seat 4: Espada Fish folded before Flop (didn't bet)
Seat 5: BoyLoc0 (button) folded before Flop (didn't bet)
Seat 6: Rezzonner (small blind) folded before Flop



PokerStars Hand #254471599250:  Hold'em No Limit ($0.50/$1.00 USD) - 2025/01/20 18:55:13 WET [2025/01/20 13:55:13 ET]
Table 'Alfaterna III' 6-max Seat #6 is the button
Seat 1: michasia ($148.35 in chips) 
Seat 2: Winau8 ($77.60 in chips) 
Seat 3: Supermegopro ($109.18 in chips) 
Seat 4: Espada Fish ($105.09 in chips) 
Seat 5: BoyLoc0 ($200.22 in chips) 
Seat 6: Rezzonner ($104.48 in chips) 
michasia: posts small blind $0.50
Winau8: posts big blind $1
*** HOLE CARDS ***
Supermegopro: folds 
Espada Fish: folds 
BoyLoc0: folds 
Rezzonner: folds 
michasia: raises $2 to $3
Winau8: folds 
Uncalled bet ($2) returned to michasia
michasia collected $2 from pot
michasia: doesn't show hand 
*** SUMMARY ***
Total pot $2 | Rake $0 
Seat 1: michasia (small blind) collected ($2)
Seat 2: Winau8 (big blind) folded before Flop
Seat 3: Supermegopro folded before Flop (didn't bet)
Seat 4: Espada Fish folded before Flop (didn't bet)
Seat 5: BoyLoc0 folded before Flop (didn't bet)
Seat 6: Rezzonner (button) folded before Flop (didn't bet)



PokerStars Hand #254471603638:  Hold'em No Limit ($0.50/$1.00 USD) - 2025/01/20 18:55:35 WET [2025/01/20 13:55:35 ET]
Table 'Alfaterna III' 6-max Seat #1 is the button
Seat 1: michasia ($149.35 in chips) 
Seat 2: Winau8 ($76.60 in chips) 
Seat 3: Supermegopro ($109.18 in chips) 
Seat 4: Espada Fish ($105.09 in chips) 
Seat 5: BoyLoc0 ($200.22 in chips) 
Seat 6: Rezzonner ($104.48 in chips) 
Winau8: posts small blind $0.50
Supermegopro: posts big blind $1
*** HOLE CARDS ***
Espada Fish: folds 
BoyLoc0: folds 
Rezzonner: folds 
michasia: folds 
Winau8: calls $0.50
Supermegopro: checks 
*** FLOP *** [7d Qh Tc]
Winau8: checks 
Supermegopro: checks 
*** TURN *** [7d Qh Tc] [6h]
Winau8: bets $2
Supermegopro: raises $4 to $6
Winau8: folds 
Uncalled bet ($4) returned to Supermegopro
Supermegopro collected $5.70 from pot
Supermegopro: doesn't show hand 
*** SUMMARY ***
Total pot $6 | Rake $0.30 
Board [7d Qh Tc 6h]
Seat 1: michasia (button) folded before Flop (didn't bet)
Seat 2: Winau8 (small blind) folded on the Turn
Seat 3: Supermegopro (big blind) collected ($5.70)
Seat 4: Espada Fish folded before Flop (didn't bet)
Seat 5: BoyLoc0 folded before Flop (didn't bet)
Seat 6: Rezzonner folded before Flop (didn't bet)



PokerStars Hand #254471614136:  Hold'em No Limit ($0.50/$1.00 USD) - 2025/01/20 18:56:27 WET [2025/01/20 13:56:27 ET]
Table 'Alfaterna III' 6-max Seat #2 is the button
Seat 1: michasia ($149.35 in chips) 
Seat 2: Winau8 ($73.60 in chips) 
Seat 3: Supermegopro ($111.88 in chips) 
Seat 4: Espada Fish ($105.09 in chips) 
Seat 5: BoyLoc0 ($200.22 in chips) 
Seat 6: Rezzonner ($104.48 in chips) 
Supermegopro: posts small blind $0.50
Espada Fish: posts big blind $1
*** HOLE CARDS ***
BoyLoc0: folds 
Rezzonner: raises $1.50 to $2.50
michasia: folds 
Winau8: folds 
Supermegopro: folds 
Espada Fish: folds 
Uncalled bet ($1.50) returned to Rezzonner
Rezzonner collected $2.50 from pot
Rezzonner: doesn't show hand 
*** SUMMARY ***
Total pot $2.50 | Rake $0 
Seat 1: michasia folded before Flop (didn't bet)
Seat 2: Winau8 (button) folded before Flop (didn't bet)
Seat 3: Supermegopro (small blind) folded before Flop
Seat 4: Espada Fish (big blind) folded before Flop
Seat 5: BoyLoc0 folded before Flop (didn't bet)
Seat 6: Rezzonner collected ($2.50)



PokerStars Hand #254471618448:  Hold'em No Limit ($0.50/$1.00 USD) - 2025/01/20 18:56:48 WET [2025/01/20 13:56:48 ET]
Table 'Alfaterna III' 6-max Seat #3 is the button
Seat 1: michasia ($149.35 in chips) 
Seat 2: Winau8 ($73.60 in chips) 
Seat 3: Supermegopro ($111.38 in chips) 
Seat 4: Espada Fish ($104.09 in chips) 
Seat 5: BoyLoc0 ($200.22 in chips) 
Seat 6: Rezzonner ($105.98 in chips) 
Espada Fish: posts small blind $0.50
BoyLoc0: posts big blind $1
*** HOLE CARDS ***
Rezzonner: folds 
michasia: raises $1.60 to $2.60
Winau8: calls $2.60
Supermegopro: calls $2.60
Espada Fish: folds 
BoyLoc0: folds 
*** FLOP *** [6d 5d Js]
michasia: checks 
Winau8: checks 
Supermegopro: checks 
*** TURN *** [6d 5d Js] [9c]
michasia: checks 
Winau8: bets $3
Supermegopro: raises $12.61 to $15.61
michasia: folds 
Winau8: calls $12.61
*** RIVER *** [6d 5d Js 9c] [2h]
Winau8: bets $4
Supermegopro: calls $4
*** SHOW DOWN ***
Winau8: shows [8c 9h] (a pair of Nines)
Supermegopro: mucks hand 
Winau8 collected $46.09 from pot
*** SUMMARY ***
Total pot $48.52 | Rake $2.43 
Board [6d 5d Js 9c 2h]
Seat 1: michasia folded on the Turn
Seat 2: Winau8 showed [8c 9h] and won ($46.09) with a pair of Nines
Seat 3: Supermegopro (button) mucked
Seat 4: Espada Fish (small blind) folded before Flop
Seat 5: BoyLoc0 (big blind) folded before Flop
Seat 6: Rezzonner folded before Flop (didn't bet)



PokerStars Hand #254471632875:  Hold'em No Limit ($0.50/$1.00 USD) - 2025/01/20 18:57:58 WET [2025/01/20 13:57:58 ET]
Table 'Alfaterna III' 6-max Seat #4 is the button
Seat 1: michasia ($146.75 in chips) 
Seat 2: Winau8 ($97.48 in chips) 
Seat 3: Supermegopro ($100 in chips) 
Seat 4: Espada Fish ($103.59 in chips) 
Seat 5: BoyLoc0 ($199.22 in chips) 
Seat 6: Rezzonner ($105.98 in chips) 
BoyLoc0: posts small blind $0.50
Rezzonner: posts big blind $1
*** HOLE CARDS ***
michasia: folds 
Winau8: folds 
Supermegopro: folds 
Espada Fish: folds 
BoyLoc0: folds 
Uncalled bet ($0.50) returned to Rezzonner
Rezzonner collected $1 from pot
Rezzonner: doesn't show hand 
*** SUMMARY ***
Total pot $1 | Rake $0 
Seat 1: michasia folded before Flop (didn't bet)
Seat 2: Winau8 folded before Flop (didn't bet)
Seat 3: Supermegopro folded before Flop (didn't bet)
Seat 4: Espada Fish (button) folded before Flop (didn't bet)
Seat 5: BoyLoc0 (small blind) folded before Flop
Seat 6: Rezzonner (big blind) collected ($1)



PokerStars Hand #254471636099:  Hold'em No Limit ($0.50/$1.00 USD) - 2025/01/20 18:58:14 WET [2025/01/20 13:58:14 ET]
Table 'Alfaterna III' 6-max Seat #5 is the button
Seat 1: michasia ($146.75 in chips) 
Seat 2: Winau8 ($97.48 in chips) 
Seat 3: Supermegopro ($100 in chips) 
Seat 4: Espada Fish ($103.59 in chips) 
Seat 5: BoyLoc0 ($198.72 in chips) 
Seat 6: Rezzonner ($106.48 in chips) 
Rezzonner: posts small blind $0.50
michasia: posts big blind $1
*** HOLE CARDS ***
Winau8: raises $1 to $2
Supermegopro: folds 
Espada Fish: folds 
BoyLoc0: folds 
Rezzonner: folds 
michasia: calls $1
*** FLOP *** [9h 2s 6s]
michasia: checks 
Winau8: bets $2
michasia: calls $2
*** TURN *** [9h 2s 6s] [3c]
michasia: checks 
Winau8: bets $4
michasia: calls $4
*** RIVER *** [9h 2s 6s 3c] [4h]
michasia: checks 
Winau8: checks 
*** SHOW DOWN ***
michasia: shows [5c 6d] (a straight, Deuce to Six)
Winau8: mucks hand 
michasia collected $15.68 from pot
*** SUMMARY ***
Total pot $16.50 | Rake $0.82 
Board [9h 2s 6s 3c 4h]
Seat 1: michasia (big blind) showed [5c 6d] and won ($15.68) with a straight, Deuce to Six
Seat 2: Winau8 mucked
Seat 3: Supermegopro folded before Flop (didn't bet)
Seat 4: Espada Fish folded before Flop (didn't bet)
Seat 5: BoyLoc0 (button) folded before Flop (didn't bet)
Seat 6: Rezzonner (small blind) folded before Flop



PokerStars Hand #254471646062:  Hold'em No Limit ($0.50/$1.00 USD) - 2025/01/20 18:59:01 WET [2025/01/20 13:59:01 ET]
Table 'Alfaterna III' 6-max Seat #6 is the button
Seat 1: michasia ($154.43 in chips) 
Seat 2: Winau8 ($89.48 in chips) 
Seat 3: Supermegopro ($100 in chips) 
Seat 4: Espada Fish ($103.59 in chips) 
Seat 5: BoyLoc0 ($198.72 in chips) 
Seat 6: Rezzonner ($105.98 in chips) 
michasia: posts small blind $0.50
Winau8: posts big blind $1
*** HOLE CARDS ***
Supermegopro: raises $1.50 to $2.50
Espada Fish: folds 
BoyLoc0: folds 
Rezzonner: folds 
michasia: folds 
Winau8: folds 
Uncalled bet ($1.50) returned to Supermegopro
Supermegopro collected $2.50 from pot
Supermegopro: doesn't show hand 
*** SUMMARY ***
Total pot $2.50 | Rake $0 
Seat 1: michasia (small blind) folded before Flop
Seat 2: Winau8 (big blind) folded before Flop
Seat 3: Supermegopro collected ($2.50)
Seat 4: Espada Fish folded before Flop (didn't bet)
Seat 5: BoyLoc0 folded before Flop (didn't bet)
Seat 6: Rezzonner (button) folded before Flop (didn't bet)



PokerStars Hand #254471651629:  Hold'em No Limit ($0.50/$1.00 USD) - 2025/01/20 18:59:29 WET [2025/01/20 13:59:29 ET]
Table 'Alfaterna III' 6-max Seat #1 is the button
Seat 1: michasia ($153.93 in chips) 
Seat 2: Winau8 ($88.48 in chips) 
Seat 3: Supermegopro ($101.50 in chips) 
Seat 4: Espada Fish ($103.59 in chips) 
Seat 5: BoyLoc0 ($198.72 in chips) 
Seat 6: Rezzonner ($105.98 in chips) 
Winau8: posts small blind $0.50
Supermegopro: posts big blind $1
*** HOLE CARDS ***
Espada Fish: folds 
BoyLoc0: folds 
Rezzonner: folds 
michasia: folds 
Winau8: folds 
Uncalled bet ($0.50) returned to Supermegopro
Supermegopro collected $1 from pot
Supermegopro: doesn't show hand 
*** SUMMARY ***
Total pot $1 | Rake $0 
Seat 1: michasia (button) folded before Flop (didn't bet)
Seat 2: Winau8 (small blind) folded before Flop
Seat 3: Supermegopro (big blind) collected ($1)
Seat 4: Espada Fish folded before Flop (didn't bet)
Seat 5: BoyLoc0 folded before Flop (didn't bet)
Seat 6: Rezzonner folded before Flop (didn't bet)



PokerStars Hand #254471653684:  Hold'em No Limit ($0.50/$1.00 USD) - 2025/01/20 18:59:38 WET [2025/01/20 13:59:38 ET]
Table 'Alfaterna III' 6-max Seat #2 is the button
Seat 1: michasia ($153.93 in chips) 
Seat 2: Winau8 ($87.98 in chips) 
Seat 3: Supermegopro ($102 in chips) 
Seat 4: Espada Fish ($103.59 in chips) 
Seat 5: BoyLoc0 ($198.72 in chips) 
Seat 6: Rezzonner ($105.98 in chips) 
Supermegopro: posts small blind $0.50
Espada Fish: posts big blind $1
*** HOLE CARDS ***
BoyLoc0: folds 
Rezzonner: raises $1.50 to $2.50
michasia: folds 
Winau8: calls $2.50
Supermegopro: folds 
Espada Fish: folds 
*** FLOP *** [Kd Qc 2c]
Rezzonner: checks 
Winau8: checks 
*** TURN *** [Kd Qc 2c] [Kh]
Rezzonner: bets $3.09
Winau8: calls $3.09
*** RIVER *** [Kd Qc 2c Kh] [Tc]
Rezzonner: checks 
Winau8: checks 
*** SHOW DOWN ***
Rezzonner: shows [Qs Ad] (two pair, Kings and Queens)
Winau8: mucks hand 
Rezzonner collected $12.05 from pot
*** SUMMARY ***
Total pot $12.68 | Rake $0.63 
Board [Kd Qc 2c Kh Tc]
Seat 1: michasia folded before Flop (didn't bet)
Seat 2: Winau8 (button) mucked
Seat 3: Supermegopro (small blind) folded before Flop
Seat 4: Espada Fish (big blind) folded before Flop
Seat 5: BoyLoc0 folded before Flop (didn't bet)
Seat 6: Rezzonner showed [Qs Ad] and won ($12.05) with two pair, Kings and Queens



PokerStars Hand #254471664853:  Hold'em No Limit ($0.50/$1.00 USD) - 2025/01/20 19:00:30 WET [2025/01/20 14:00:30 ET]
Table 'Alfaterna III' 6-max Seat #3 is the button
Seat 1: michasia ($153.93 in chips) 
Seat 2: Winau8 ($82.39 in chips) 
Seat 3: Supermegopro ($101.50 in chips) 
Seat 4: Espada Fish ($102.59 in chips) 
Seat 5: BoyLoc0 ($198.72 in chips) 
Seat 6: Rezzonner ($112.44 in chips) 
Espada Fish: posts small blind $0.50
BoyLoc0: posts big blind $1
*** HOLE CARDS ***
Rezzonner: folds 
michasia: folds 
Winau8: calls $1
Supermegopro: folds 
Espada Fish: raises $3 to $4
BoyLoc0: folds 
Winau8: folds 
Uncalled bet ($3) returned to Espada Fish
Espada Fish collected $3 from pot
Espada Fish: doesn't show hand 
*** SUMMARY ***
Total pot $3 | Rake $0 
Seat 1: michasia folded before Flop (didn't bet)
Seat 2: Winau8 folded before Flop
Seat 3: Supermegopro (button) folded before Flop (didn't bet)
Seat 4: Espada Fish (small blind) collected ($3)
Seat 5: BoyLoc0 (big blind) folded before Flop
Seat 6: Rezzonner folded before Flop (didn't bet)



PokerStars Hand #254471669790:  Hold'em No Limit ($0.50/$1.00 USD) - 2025/01/20 19:00:52 WET [2025/01/20 14:00:52 ET]
Table 'Alfaterna III' 6-max Seat #4 is the button
Seat 1: michasia ($153.93 in chips) 
Seat 2: Winau8 ($81.39 in chips) 
Seat 3: Supermegopro ($101.50 in chips) 
Seat 4: Espada Fish ($104.59 in chips) 
Seat 5: BoyLoc0 ($197.72 in chips) 
Seat 6: Rezzonner ($112.44 in chips) 
BoyLoc0: posts small blind $0.50
Rezzonner: posts big blind $1
*** HOLE CARDS ***
michasia: folds 
Winau8: folds 
Supermegopro: folds 
Espada Fish: raises $1.50 to $2.50
BoyLoc0: folds 
Rezzonner: folds 
Uncalled bet ($1.50) returned to Espada Fish
Espada Fish collected $2.50 from pot
Espada Fish: doesn't show hand 
*** SUMMARY ***
Total pot $2.50 | Rake $0 
Seat 1: michasia folded before Flop (didn't bet)
Seat 2: Winau8 folded before Flop (didn't bet)
Seat 3: Supermegopro folded before Flop (didn't bet)
Seat 4: Espada Fish (button) collected ($2.50)
Seat 5: BoyLoc0 (small blind) folded before Flop
Seat 6: Rezzonner (big blind) folded before Flop



PokerStars Hand #254471673989:  Hold'em No Limit ($0.50/$1.00 USD) - 2025/01/20 19:01:09 WET [2025/01/20 14:01:09 ET]
Table 'Alfaterna III' 6-max Seat #5 is the button
Seat 1: michasia ($153.93 in chips) 
Seat 2: Winau8 ($81.39 in chips) 
Seat 3: Supermegopro ($101.50 in chips) 
Seat 4: Espada Fish ($106.09 in chips) 
Seat 5: BoyLoc0 ($197.22 in chips) 
Seat 6: Rezzonner ($111.44 in chips) 
Rezzonner: posts small blind $0.50
michasia: posts big blind $1
*** HOLE CARDS ***
Winau8: calls $1
Supermegopro: folds 
Espada Fish: folds 
BoyLoc0: raises $3 to $4
Rezzonner: folds 
michasia: folds 
Winau8: calls $3
*** FLOP *** [Jc Qd 9s]
Winau8: checks 
BoyLoc0: checks 
*** TURN *** [Jc Qd 9s] [Th]
Winau8: checks 
BoyLoc0: bets $6.77
Winau8: folds 
Uncalled bet ($6.77) returned to BoyLoc0
BoyLoc0 collected $9.02 from pot
BoyLoc0: doesn't show hand 
*** SUMMARY ***
Total pot $9.50 | Rake $0.48 
Board [Jc Qd 9s Th]
Seat 1: michasia (big blind) folded before Flop
Seat 2: Winau8 folded on the Turn
Seat 3: Supermegopro folded before Flop (didn't bet)
Seat 4: Espada Fish folded before Flop (didn't bet)
Seat 5: BoyLoc0 (button) collected ($9.02)
Seat 6: Rezzonner (small blind) folded before Flop



PokerStars Hand #254471687890:  Hold'em No Limit ($0.50/$1.00 USD) - 2025/01/20 19:02:02 WET [2025/01/20 14:02:02 ET]
Table 'Alfaterna III' 6-max Seat #6 is the button
Seat 1: michasia ($152.93 in chips) 
Seat 2: Winau8 ($77.39 in chips) 
Seat 3: Supermegopro ($101.50 in chips) 
Seat 4: Espada Fish ($106.09 in chips) 
Seat 5: BoyLoc0 ($202.24 in chips) 
Seat 6: Rezzonner ($110.94 in chips) 
michasia: posts small blind $0.50
Winau8: posts big blind $1
*** HOLE CARDS ***
Supermegopro: folds 
Espada Fish: folds 
BoyLoc0: folds 
Rezzonner: raises $1.50 to $2.50
michasia: folds 
Winau8: calls $1.50
*** FLOP *** [3d Jd 8s]
Winau8: checks 
Rezzonner: bets $1.72
Winau8: calls $1.72
*** TURN *** [3d Jd 8s] [Kd]
Winau8: checks 
Rezzonner: checks 
*** RIVER *** [3d Jd 8s Kd] [Ts]
Winau8: checks 
Rezzonner: bets $6.37
Winau8: calls $6.37
*** SHOW DOWN ***
Rezzonner: shows [3c As] (a pair of Threes)
Winau8: shows [7c 8d] (a pair of Eights)
Winau8 collected $20.60 from pot
*** SUMMARY ***
Total pot $21.68 | Rake $1.08 
Board [3d Jd 8s Kd Ts]
Seat 1: michasia (small blind) folded before Flop
Seat 2: Winau8 (big blind) showed [7c 8d] and won ($20.60) with a pair of Eights
Seat 3: Supermegopro folded before Flop (didn't bet)
Seat 4: Espada Fish folded before Flop (didn't bet)
Seat 5: BoyLoc0 folded before Flop (didn't bet)
Seat 6: Rezzonner (button) showed [3c As] and lost with a pair of Threes



PokerStars Hand #254471704172:  Hold'em No Limit ($0.50/$1.00 USD) - 2025/01/20 19:03:00 WET [2025/01/20 14:03:00 ET]
Table 'Alfaterna III' 6-max Seat #1 is the button
Seat 1: michasia ($152.43 in chips) 
Seat 2: Winau8 ($87.40 in chips) 
Seat 3: Supermegopro ($101.50 in chips) 
Seat 4: Espada Fish ($106.09 in chips) 
Seat 5: BoyLoc0 ($202.24 in chips) 
Seat 6: Rezzonner ($100.35 in chips) 
Winau8: posts small blind $0.50
Supermegopro: posts big blind $1
*** HOLE CARDS ***
Espada Fish: folds 
BoyLoc0: folds 
Rezzonner: folds 
michasia: raises $1.80 to $2.80
Winau8: folds 
Supermegopro: folds 
Uncalled bet ($1.80) returned to michasia
michasia collected $2.50 from pot
michasia: doesn't show hand 
*** SUMMARY ***
Total pot $2.50 | Rake $0 
Seat 1: michasia (button) collected ($2.50)
Seat 2: Winau8 (small blind) folded before Flop
Seat 3: Supermegopro (big blind) folded before Flop
Seat 4: Espada Fish folded before Flop (didn't bet)
Seat 5: BoyLoc0 folded before Flop (didn't bet)
Seat 6: Rezzonner folded before Flop (didn't bet)



PokerStars Hand #254471710749:  Hold'em No Limit ($0.50/$1.00 USD) - 2025/01/20 19:03:23 WET [2025/01/20 14:03:23 ET]
Table 'Alfaterna III' 6-max Seat #2 is the button
Seat 1: michasia ($153.93 in chips) 
Seat 2: Winau8 ($86.90 in chips) 
Seat 3: Supermegopro ($100.50 in chips) 
Seat 4: Espada Fish ($106.09 in chips) 
Seat 5: BoyLoc0 ($202.24 in chips) 
Seat 6: Rezzonner ($100.35 in chips) 
Supermegopro: posts small blind $0.50
Espada Fish: posts big blind $1
*** HOLE CARDS ***
BoyLoc0: folds 
Rezzonner: folds 
michasia: folds 
Winau8: folds 
Supermegopro: raises $2 to $3
Espada Fish: folds 
Uncalled bet ($2) returned to Supermegopro
Supermegopro collected $2 from pot
Supermegopro: doesn't show hand 
*** SUMMARY ***
Total pot $2 | Rake $0 
Seat 1: michasia folded before Flop (didn't bet)
Seat 2: Winau8 (button) folded before Flop (didn't bet)
Seat 3: Supermegopro (small blind) collected ($2)
Seat 4: Espada Fish (big blind) folded before Flop
Seat 5: BoyLoc0 folded before Flop (didn't bet)
Seat 6: Rezzonner folded before Flop (didn't bet)



PokerStars Hand #254471717628:  Hold'em No Limit ($0.50/$1.00 USD) - 2025/01/20 19:03:48 WET [2025/01/20 14:03:48 ET]
Table 'Alfaterna III' 6-max Seat #3 is the button
Seat 1: michasia ($153.93 in chips) 
Seat 2: Winau8 ($86.90 in chips) 
Seat 3: Supermegopro ($101.50 in chips) 
Seat 4: Espada Fish ($105.09 in chips) 
Seat 5: BoyLoc0 ($202.24 in chips) 
Seat 6: Rezzonner ($100.35 in chips) 
Espada Fish: posts small blind $0.50
BoyLoc0: posts big blind $1
*** HOLE CARDS ***
Rezzonner: folds 
michasia: folds 
Winau8 has timed out
Winau8: folds 
Supermegopro: folds 
Espada Fish: raises $2 to $3
BoyLoc0: raises $7 to $10
Espada Fish: folds 
Uncalled bet ($7) returned to BoyLoc0
BoyLoc0 collected $6 from pot
BoyLoc0: doesn't show hand 
*** SUMMARY ***
Total pot $6 | Rake $0 
Seat 1: michasia folded before Flop (didn't bet)
Seat 2: Winau8 folded before Flop (didn't bet)
Seat 3: Supermegopro (button) folded before Flop (didn't bet)
Seat 4: Espada Fish (small blind) folded before Flop
Seat 5: BoyLoc0 (big blind) collected ($6)
Seat 6: Rezzonner folded before Flop (didn't bet)



PokerStars Hand #254471732665:  Hold'em No Limit ($0.50/$1.00 USD) - 2025/01/20 19:04:40 WET [2025/01/20 14:04:40 ET]
Table 'Alfaterna III' 6-max Seat #4 is the button
Seat 1: michasia ($153.93 in chips) 
Seat 2: Winau8 ($86.90 in chips) 
Seat 3: Supermegopro ($101.50 in chips) 
Seat 4: Espada Fish ($102.09 in chips) 
Seat 5: BoyLoc0 ($205.24 in chips) 
Seat 6: Rezzonner ($100.35 in chips) 
BoyLoc0: posts small blind $0.50
Rezzonner: posts big blind $1
*** HOLE CARDS ***
michasia: folds 
Winau8: raises $1 to $2
Supermegopro: folds 
Espada Fish: raises $5 to $7
BoyLoc0: folds 
Rezzonner: folds 
Winau8: calls $5
*** FLOP *** [2s Ah 5h]
Winau8: checks 
Espada Fish: checks 
*** TURN *** [2s Ah 5h] [Tc]
Winau8: bets $2
Espada Fish: calls $2
*** RIVER *** [2s Ah 5h Tc] [9c]
Winau8: bets $9.26
Espada Fish: folds 
Uncalled bet ($9.26) returned to Winau8
Winau8 collected $18.52 from pot
Winau8: doesn't show hand 
*** SUMMARY ***
Total pot $19.50 | Rake $0.98 
Board [2s Ah 5h Tc 9c]
Seat 1: michasia folded before Flop (didn't bet)
Seat 2: Winau8 collected ($18.52)
Seat 3: Supermegopro folded before Flop (didn't bet)
Seat 4: Espada Fish (button) folded on the River
Seat 5: BoyLoc0 (small blind) folded before Flop
Seat 6: Rezzonner (big blind) folded before Flop



PokerStars Hand #254471753722:  Hold'em No Limit ($0.50/$1.00 USD) - 2025/01/20 19:05:53 WET [2025/01/20 14:05:53 ET]
Table 'Alfaterna III' 6-max Seat #5 is the button
Seat 1: michasia ($153.93 in chips) 
Seat 2: Winau8 ($96.42 in chips) 
Seat 3: Supermegopro ($101.50 in chips) 
Seat 4: Espada Fish ($100 in chips) 
Seat 5: BoyLoc0 ($204.74 in chips) 
Seat 6: Rezzonner ($100 in chips) 
Rezzonner: posts small blind $0.50
michasia: posts big blind $1
*** HOLE CARDS ***
Winau8: calls $1
Supermegopro: folds 
Espada Fish: folds 
BoyLoc0: folds 
Rezzonner: folds 
michasia: checks 
*** FLOP *** [7h 9c 8c]
michasia: checks 
Winau8: checks 
*** TURN *** [7h 9c 8c] [9s]
michasia: checks 
Winau8: checks 
*** RIVER *** [7h 9c 8c 9s] [Ad]
michasia: checks 
Winau8: checks 
*** SHOW DOWN ***
michasia: shows [2s Ac] (two pair, Aces and Nines)
Winau8: mucks hand 
michasia collected $2.38 from pot
*** SUMMARY ***
Total pot $2.50 | Rake $0.12 
Board [7h 9c 8c 9s Ad]
Seat 1: michasia (big blind) showed [2s Ac] and won ($2.38) with two pair, Aces and Nines
Seat 2: Winau8 mucked
Seat 3: Supermegopro folded before Flop (didn't bet)
Seat 4: Espada Fish folded before Flop (didn't bet)
Seat 5: BoyLoc0 (button) folded before Flop (didn't bet)
Seat 6: Rezzonner (small blind) folded before Flop



PokerStars Hand #254471762711:  Hold'em No Limit ($0.50/$1.00 USD) - 2025/01/20 19:06:25 WET [2025/01/20 14:06:25 ET]
Table 'Alfaterna III' 6-max Seat #6 is the button
Seat 1: michasia ($155.31 in chips) 
Seat 2: Winau8 ($95.42 in chips) 
Seat 3: Supermegopro ($101.50 in chips) 
Seat 4: Espada Fish ($100 in chips) 
Seat 5: BoyLoc0 ($204.74 in chips) 
Seat 6: Rezzonner ($100 in chips) 
michasia: posts small blind $0.50
Winau8: posts big blind $1
*** HOLE CARDS ***
Supermegopro: folds 
Espada Fish has timed out
Espada Fish: folds 
BoyLoc0: folds 
Rezzonner: folds 
michasia: raises $2 to $3
Winau8: folds 
Uncalled bet ($2) returned to michasia
michasia collected $2 from pot
michasia: doesn't show hand 
*** SUMMARY ***
Total pot $2 | Rake $0 
Seat 1: michasia (small blind) collected ($2)
Seat 2: Winau8 (big blind) folded before Flop
Seat 3: Supermegopro folded before Flop (didn't bet)
Seat 4: Espada Fish folded before Flop (didn't bet)
Seat 5: BoyLoc0 folded before Flop (didn't bet)
Seat 6: Rezzonner (button) folded before Flop (didn't bet)



PokerStars Hand #254471769199:  Hold'em No Limit ($0.50/$1.00 USD) - 2025/01/20 19:06:47 WET [2025/01/20 14:06:47 ET]
Table 'Alfaterna III' 6-max Seat #1 is the button
Seat 1: michasia ($156.31 in chips) 
Seat 2: Winau8 ($94.42 in chips) 
Seat 3: Supermegopro ($101.50 in chips) 
Seat 4: Espada Fish ($100 in chips) 
Seat 5: BoyLoc0 ($204.74 in chips) 
Seat 6: Rezzonner ($100 in chips) 
Winau8: posts small blind $0.50
Supermegopro: posts big blind $1
*** HOLE CARDS ***
Espada Fish: folds 
BoyLoc0: raises $1.50 to $2.50
Rezzonner: folds 
michasia: folds 
Winau8: calls $2
Supermegopro: folds 
*** FLOP *** [Th 5c 8c]
Winau8: checks 
BoyLoc0: checks 
*** TURN *** [Th 5c 8c] [Qs]
Winau8: bets $2
BoyLoc0: folds 
Uncalled bet ($2) returned to Winau8
Winau8 collected $5.70 from pot
Winau8: doesn't show hand 
*** SUMMARY ***
Total pot $6 | Rake $0.30 
Board [Th 5c 8c Qs]
Seat 1: michasia (button) folded before Flop (didn't bet)
Seat 2: Winau8 (small blind) collected ($5.70)
Seat 3: Supermegopro (big blind) folded before Flop
Seat 4: Espada Fish folded before Flop (didn't bet)
Seat 5: BoyLoc0 folded on the Turn
Seat 6: Rezzonner folded before Flop (didn't bet)



PokerStars Hand #254471778295:  Hold'em No Limit ($0.50/$1.00 USD) - 2025/01/20 19:07:19 WET [2025/01/20 14:07:19 ET]
Table 'Alfaterna III' 6-max Seat #2 is the button
Seat 1: michasia ($156.31 in chips) 
Seat 2: Winau8 ($97.62 in chips) 
Seat 3: Supermegopro ($100.50 in chips) 
Seat 4: Espada Fish ($100 in chips) 
Seat 5: BoyLoc0 ($202.24 in chips) 
Seat 6: Rezzonner ($100 in chips) 
Supermegopro: posts small blind $0.50
Espada Fish: posts big blind $1
*** HOLE CARDS ***
BoyLoc0: folds 
Rezzonner: raises $1.50 to $2.50
michasia: folds 
Winau8: folds 
Supermegopro: folds 
Espada Fish: calls $1.50
*** FLOP *** [Kd 2d Ts]
Espada Fish: checks 
Rezzonner: bets $1.72
Espada Fish: calls $1.72
*** TURN *** [Kd 2d Ts] [Kc]
Espada Fish: checks 
Rezzonner: checks 
*** RIVER *** [Kd 2d Ts Kc] [2h]
Espada Fish: checks 
Rezzonner: checks 
*** SHOW DOWN ***
Espada Fish: shows [Jc Ad] (two pair, Kings and Deuces)
Rezzonner: shows [Ac Qc] (two pair, Kings and Deuces)
Espada Fish collected $4.25 from pot
Rezzonner collected $4.24 from pot
*** SUMMARY ***
Total pot $8.94 | Rake $0.45 
Board [Kd 2d Ts Kc 2h]
Seat 1: michasia folded before Flop (didn't bet)
Seat 2: Winau8 (button) folded before Flop (didn't bet)
Seat 3: Supermegopro (small blind) folded before Flop
Seat 4: Espada Fish (big blind) showed [Jc Ad] and won ($4.25) with two pair, Kings and Deuces
Seat 5: BoyLoc0 folded before Flop (didn't bet)
Seat 6: Rezzonner showed [Ac Qc] and won ($4.24) with two pair, Kings and Deuces



PokerStars Hand #254471803272:  Hold'em No Limit ($0.50/$1.00 USD) - 2025/01/20 19:08:47 WET [2025/01/20 14:08:47 ET]
Table 'Alfaterna III' 6-max Seat #3 is the button
Seat 1: michasia ($156.31 in chips) 
Seat 2: Winau8 ($97.62 in chips) 
Seat 3: Supermegopro ($100 in chips) 
Seat 4: Espada Fish ($100.03 in chips) 
Seat 5: BoyLoc0 ($202.24 in chips) 
Seat 6: Rezzonner ($100.02 in chips) 
Espada Fish: posts small blind $0.50
BoyLoc0: posts big blind $1
*** HOLE CARDS ***
Rezzonner: folds 
michasia: folds 
Winau8: raises $1 to $2
Supermegopro: raises $5 to $7
Espada Fish: folds 
BoyLoc0: raises $13 to $20
Winau8: folds 
Supermegopro: folds 
Uncalled bet ($13) returned to BoyLoc0
BoyLoc0 collected $16.50 from pot
BoyLoc0: doesn't show hand 
*** SUMMARY ***
Total pot $16.50 | Rake $0 
Seat 1: michasia folded before Flop (didn't bet)
Seat 2: Winau8 folded before Flop
Seat 3: Supermegopro (button) folded before Flop
Seat 4: Espada Fish (small blind) folded before Flop
Seat 5: BoyLoc0 (big blind) collected ($16.50)
Seat 6: Rezzonner folded before Flop (didn't bet)



PokerStars Hand #254471812960:  Hold'em No Limit ($0.50/$1.00 USD) - 2025/01/20 19:09:21 WET [2025/01/20 14:09:21 ET]
Table 'Alfaterna III' 6-max Seat #4 is the button
Seat 1: michasia ($156.31 in chips) 
Seat 2: Winau8 ($95.62 in chips) 
Seat 3: Supermegopro ($100 in chips) 
Seat 4: Espada Fish ($100 in chips) 
Seat 5: BoyLoc0 ($211.74 in chips) 
Seat 6: Rezzonner ($100.02 in chips) 
BoyLoc0: posts small blind $0.50
Rezzonner: posts big blind $1
*** HOLE CARDS ***
michasia: raises $1.60 to $2.60
Winau8: calls $2.60
Supermegopro: folds 
Espada Fish: folds 
BoyLoc0: folds 
Rezzonner: calls $1.60
*** FLOP *** [3s 7h 9d]
Rezzonner: checks 
michasia: bets $2.60
Winau8: folds 
Rezzonner: calls $2.60
*** TURN *** [3s 7h 9d] [7s]
Rezzonner: bets $3.85
michasia: raises $7.70 to $11.55
Rezzonner: raises $17.96 to $29.51
michasia: folds 
Uncalled bet ($17.96) returned to Rezzonner
Rezzonner collected $34.77 from pot
Rezzonner: doesn't show hand 
*** SUMMARY ***
Total pot $36.60 | Rake $1.83 
Board [3s 7h 9d 7s]
Seat 1: michasia folded on the Turn
Seat 2: Winau8 folded on the Flop
Seat 3: Supermegopro folded before Flop (didn't bet)
Seat 4: Espada Fish (button) folded before Flop (didn't bet)
Seat 5: BoyLoc0 (small blind) folded before Flop
Seat 6: Rezzonner (big blind) collected ($34.77)



PokerStars Hand #254471835371:  Hold'em No Limit ($0.50/$1.00 USD) - 2025/01/20 19:10:38 WET [2025/01/20 14:10:38 ET]
Table 'Alfaterna III' 6-max Seat #5 is the button
Seat 1: michasia ($139.56 in chips) 
Seat 2: Winau8 ($93.02 in chips) 
Seat 3: Supermegopro ($100 in chips) 
Seat 4: Espada Fish ($100 in chips) 
Seat 5: BoyLoc0 ($211.24 in chips) 
Seat 6: Rezzonner ($118.04 in chips) 
Rezzonner: posts small blind $0.50
michasia: posts big blind $1
*** HOLE CARDS ***
Winau8: raises $1 to $2
Supermegopro: folds 
Espada Fish: folds 
BoyLoc0: folds 
Rezzonner: folds 
michasia: folds 
Uncalled bet ($1) returned to Winau8
Winau8 collected $2.50 from pot
Winau8: doesn't show hand 
*** SUMMARY ***
Total pot $2.50 | Rake $0 
Seat 1: michasia (big blind) folded before Flop
Seat 2: Winau8 collected ($2.50)
Seat 3: Supermegopro folded before Flop (didn't bet)
Seat 4: Espada Fish folded before Flop (didn't bet)
Seat 5: BoyLoc0 (button) folded before Flop (didn't bet)
Seat 6: Rezzonner (small blind) folded before Flop



PokerStars Hand #254471838767:  Hold'em No Limit ($0.50/$1.00 USD) - 2025/01/20 19:10:50 WET [2025/01/20 14:10:50 ET]
Table 'Alfaterna III' 6-max Seat #6 is the button
Seat 1: michasia ($138.56 in chips) 
Seat 2: Winau8 ($94.52 in chips) 
Seat 3: Supermegopro ($100 in chips) 
Seat 4: Espada Fish ($100 in chips) 
Seat 5: BoyLoc0 ($211.24 in chips) 
Seat 6: Rezzonner ($117.54 in chips) 
michasia: posts small blind $0.50
Winau8: posts big blind $1
*** HOLE CARDS ***
Supermegopro: folds 
Espada Fish: raises $1.20 to $2.20
BoyLoc0: folds 
Rezzonner: folds 
michasia: folds 
Winau8: calls $1.20
*** FLOP *** [Js 7d 7s]
Winau8: checks 
Espada Fish: bets $1.54
Winau8: folds 
Uncalled bet ($1.54) returned to Espada Fish
Espada Fish collected $4.66 from pot
Espada Fish: doesn't show hand 
*** SUMMARY ***
Total pot $4.90 | Rake $0.24 
Board [Js 7d 7s]
Seat 1: michasia (small blind) folded before Flop
Seat 2: Winau8 (big blind) folded on the Flop
Seat 3: Supermegopro folded before Flop (didn't bet)
Seat 4: Espada Fish collected ($4.66)
Seat 5: BoyLoc0 folded before Flop (didn't bet)
Seat 6: Rezzonner (button) folded before Flop (didn't bet)



PokerStars Hand #254471852154:  Hold'em No Limit ($0.50/$1.00 USD) - 2025/01/20 19:11:36 WET [2025/01/20 14:11:36 ET]
Table 'Alfaterna III' 6-max Seat #1 is the button
Seat 1: michasia ($138.06 in chips) 
Seat 2: Winau8 ($92.32 in chips) 
Seat 3: Supermegopro ($100 in chips) 
Seat 4: Espada Fish ($102.46 in chips) 
Seat 5: BoyLoc0 ($211.24 in chips) 
Seat 6: Rezzonner ($117.54 in chips) 
Winau8: posts small blind $0.50
Supermegopro: posts big blind $1
*** HOLE CARDS ***
Espada Fish: folds 
BoyLoc0: raises $1.50 to $2.50
Rezzonner: folds 
michasia: folds 
Winau8: folds 
Supermegopro: folds 
Uncalled bet ($1.50) returned to BoyLoc0
BoyLoc0 collected $2.50 from pot
BoyLoc0: doesn't show hand 
*** SUMMARY ***
Total pot $2.50 | Rake $0 
Seat 1: michasia (button) folded before Flop (didn't bet)
Seat 2: Winau8 (small blind) folded before Flop
Seat 3: Supermegopro (big blind) folded before Flop
Seat 4: Espada Fish folded before Flop (didn't bet)
Seat 5: BoyLoc0 collected ($2.50)
Seat 6: Rezzonner folded before Flop (didn't bet)



PokerStars Hand #254471857115:  Hold'em No Limit ($0.50/$1.00 USD) - 2025/01/20 19:11:53 WET [2025/01/20 14:11:53 ET]
Table 'Alfaterna III' 6-max Seat #2 is the button
Seat 1: michasia ($138.06 in chips) 
Seat 2: Winau8 ($91.82 in chips) 
Seat 3: Supermegopro ($100 in chips) 
Seat 4: Espada Fish ($102.46 in chips) 
Seat 5: BoyLoc0 ($212.74 in chips) 
Seat 6: Rezzonner ($117.54 in chips) 
Supermegopro: posts small blind $0.50
Espada Fish: posts big blind $1
*** HOLE CARDS ***
BoyLoc0: folds 
Rezzonner: folds 
michasia: folds 
Winau8: calls $1
Supermegopro: folds 
Espada Fish: checks 
*** FLOP *** [5d Kd 8c]
Espada Fish: checks 
Winau8: checks 
*** TURN *** [5d Kd 8c] [2h]
Espada Fish: checks 
Winau8: bets $3
Espada Fish: folds 
Uncalled bet ($3) returned to Winau8
Winau8 collected $2.38 from pot
Winau8: doesn't show hand 
*** SUMMARY ***
Total pot $2.50 | Rake $0.12 
Board [5d Kd 8c 2h]
Seat 1: michasia folded before Flop (didn't bet)
Seat 2: Winau8 (button) collected ($2.38)
Seat 3: Supermegopro (small blind) folded before Flop
Seat 4: Espada Fish (big blind) folded on the Turn
Seat 5: BoyLoc0 folded before Flop (didn't bet)
Seat 6: Rezzonner folded before Flop (didn't bet)



PokerStars Hand #254471869483:  Hold'em No Limit ($0.50/$1.00 USD) - 2025/01/20 19:12:36 WET [2025/01/20 14:12:36 ET]
Table 'Alfaterna III' 6-max Seat #3 is the button
Seat 1: michasia ($138.06 in chips) 
Seat 2: Winau8 ($93.20 in chips) 
Seat 3: Supermegopro ($100 in chips) 
Seat 4: Espada Fish ($101.46 in chips) 
Seat 5: BoyLoc0 ($212.74 in chips) 
Seat 6: Rezzonner ($117.54 in chips) 
Espada Fish: posts small blind $0.50
BoyLoc0: posts big blind $1
*** HOLE CARDS ***
Rezzonner: folds 
michasia: folds 
Winau8: folds 
Supermegopro: folds 
Espada Fish: raises $2 to $3
BoyLoc0: calls $2
*** FLOP *** [7s 3s 3c]
Espada Fish: checks 
BoyLoc0: checks 
*** TURN *** [7s 3s 3c] [7c]
Espada Fish: checks 
BoyLoc0: checks 
*** RIVER *** [7s 3s 3c 7c] [9s]
Espada Fish: checks 
BoyLoc0: checks 
*** SHOW DOWN ***
Espada Fish: shows [4h 4s] (two pair, Sevens and Fours)
BoyLoc0: mucks hand 
Espada Fish collected $5.70 from pot
*** SUMMARY ***
Total pot $6 | Rake $0.30 
Board [7s 3s 3c 7c 9s]
Seat 1: michasia folded before Flop (didn't bet)
Seat 2: Winau8 folded before Flop (didn't bet)
Seat 3: Supermegopro (button) folded before Flop (didn't bet)
Seat 4: Espada Fish (small blind) showed [4h 4s] and won ($5.70) with two pair, Sevens and Fours
Seat 5: BoyLoc0 (big blind) mucked
Seat 6: Rezzonner folded before Flop (didn't bet)



PokerStars Hand #254471887247:  Hold'em No Limit ($0.50/$1.00 USD) - 2025/01/20 19:13:37 WET [2025/01/20 14:13:37 ET]
Table 'Alfaterna III' 6-max Seat #4 is the button
Seat 1: michasia ($138.06 in chips) 
Seat 2: Winau8 ($93.20 in chips) 
Seat 3: Supermegopro ($100 in chips) 
Seat 4: Espada Fish ($104.16 in chips) 
Seat 5: BoyLoc0 ($209.74 in chips) 
Seat 6: Rezzonner ($117.54 in chips) 
BoyLoc0: posts small blind $0.50
Rezzonner: posts big blind $1
*** HOLE CARDS ***
michasia: folds 
Winau8: folds 
Supermegopro: folds 
Espada Fish: raises $1.50 to $2.50
BoyLoc0: folds 
Rezzonner: folds 
Uncalled bet ($1.50) returned to Espada Fish
Espada Fish collected $2.50 from pot
Espada Fish: doesn't show hand 
*** SUMMARY ***
Total pot $2.50 | Rake $0 
Seat 1: michasia folded before Flop (didn't bet)
Seat 2: Winau8 folded before Flop (didn't bet)
Seat 3: Supermegopro folded before Flop (didn't bet)
Seat 4: Espada Fish (button) collected ($2.50)
Seat 5: BoyLoc0 (small blind) folded before Flop
Seat 6: Rezzonner (big blind) folded before Flop



PokerStars Hand #254471892096:  Hold'em No Limit ($0.50/$1.00 USD) - 2025/01/20 19:13:53 WET [2025/01/20 14:13:53 ET]
Table 'Alfaterna III' 6-max Seat #5 is the button
Seat 1: michasia ($138.06 in chips) 
Seat 2: Winau8 ($93.20 in chips) 
Seat 3: Supermegopro ($100 in chips) 
Seat 4: Espada Fish ($105.66 in chips) 
Seat 5: BoyLoc0 ($209.24 in chips) 
Seat 6: Rezzonner ($116.54 in chips) 
Rezzonner: posts small blind $0.50
michasia: posts big blind $1
*** HOLE CARDS ***
Winau8: raises $1 to $2
Supermegopro: folds 
Espada Fish: folds 
BoyLoc0: folds 
Rezzonner: folds 
michasia: calls $1
*** FLOP *** [9c 2d 4d]
michasia: checks 
Winau8: checks 
*** TURN *** [9c 2d 4d] [5h]
michasia: bets $2.85
Winau8: folds 
Uncalled bet ($2.85) returned to michasia
michasia collected $4.28 from pot
michasia: doesn't show hand 
*** SUMMARY ***
Total pot $4.50 | Rake $0.22 
Board [9c 2d 4d 5h]
Seat 1: michasia (big blind) collected ($4.28)
Seat 2: Winau8 folded on the Turn
Seat 3: Supermegopro folded before Flop (didn't bet)
Seat 4: Espada Fish folded before Flop (didn't bet)
Seat 5: BoyLoc0 (button) folded before Flop (didn't bet)
Seat 6: Rezzonner (small blind) folded before Flop



PokerStars Hand #254471904534:  Hold'em No Limit ($0.50/$1.00 USD) - 2025/01/20 19:14:36 WET [2025/01/20 14:14:36 ET]
Table 'Alfaterna III' 6-max Seat #6 is the button
Seat 1: michasia ($140.34 in chips) 
Seat 2: Winau8 ($91.20 in chips) 
Seat 3: Supermegopro ($100 in chips) 
Seat 4: Espada Fish ($105.66 in chips) 
Seat 5: BoyLoc0 ($209.24 in chips) 
Seat 6: Rezzonner ($116.04 in chips) 
michasia: posts small blind $0.50
Winau8: posts big blind $1
*** HOLE CARDS ***
Supermegopro: folds 
Espada Fish: raises $1.20 to $2.20
BoyLoc0: folds 
Rezzonner: folds 
michasia: folds 
Winau8: folds 
Uncalled bet ($1.20) returned to Espada Fish
Espada Fish collected $2.50 from pot
Espada Fish: doesn't show hand 
*** SUMMARY ***
Total pot $2.50 | Rake $0 
Seat 1: michasia (small blind) folded before Flop
Seat 2: Winau8 (big blind) folded before Flop
Seat 3: Supermegopro folded before Flop (didn't bet)
Seat 4: Espada Fish collected ($2.50)
Seat 5: BoyLoc0 folded before Flop (didn't bet)
Seat 6: Rezzonner (button) folded before Flop (didn't bet)



PokerStars Hand #254471910098:  Hold'em No Limit ($0.50/$1.00 USD) - 2025/01/20 19:14:55 WET [2025/01/20 14:14:55 ET]
Table 'Alfaterna III' 6-max Seat #1 is the button
Seat 1: michasia ($139.84 in chips) 
Seat 2: Winau8 ($90.20 in chips) 
Seat 3: Supermegopro ($100 in chips) 
Seat 4: Espada Fish ($107.16 in chips) 
Seat 5: BoyLoc0 ($209.24 in chips) 
Seat 6: Rezzonner ($116.04 in chips) 
Winau8: posts small blind $0.50
Supermegopro: posts big blind $1
*** HOLE CARDS ***
Espada Fish: folds 
BoyLoc0: raises $1.50 to $2.50
Rezzonner: folds 
michasia: folds 
Winau8: folds 
Supermegopro: calls $1.50
*** FLOP *** [As Kd 4c]
Supermegopro: checks 
BoyLoc0: bets $1.72
Supermegopro: calls $1.72
*** TURN *** [As Kd 4c] [9s]
Supermegopro: checks 
BoyLoc0: checks 
*** RIVER *** [As Kd 4c 9s] [Kc]
Supermegopro: bets $4.25
BoyLoc0: raises $17.74 to $21.99
Supermegopro: folds 
Uncalled bet ($17.74) returned to BoyLoc0
BoyLoc0 collected $16.57 from pot
BoyLoc0: doesn't show hand 
*** SUMMARY ***
Total pot $17.44 | Rake $0.87 
Board [As Kd 4c 9s Kc]
Seat 1: michasia (button) folded before Flop (didn't bet)
Seat 2: Winau8 (small blind) folded before Flop
Seat 3: Supermegopro (big blind) folded on the River
Seat 4: Espada Fish folded before Flop (didn't bet)
Seat 5: BoyLoc0 collected ($16.57)
Seat 6: Rezzonner folded before Flop (didn't bet)



PokerStars Hand #254471929144:  Hold'em No Limit ($0.50/$1.00 USD) - 2025/01/20 19:16:00 WET [2025/01/20 14:16:00 ET]
Table 'Alfaterna III' 6-max Seat #2 is the button
Seat 1: michasia ($139.84 in chips) 
Seat 2: Winau8 ($89.70 in chips) 
Seat 3: Supermegopro ($100 in chips) 
Seat 4: Espada Fish ($107.16 in chips) 
Seat 5: BoyLoc0 ($217.34 in chips) 
Seat 6: Rezzonner ($116.04 in chips) 
Supermegopro: posts small blind $0.50
Espada Fish: posts big blind $1
*** HOLE CARDS ***
BoyLoc0: folds 
Rezzonner: raises $1.50 to $2.50
michasia: folds 
Winau8: folds 
Supermegopro: folds 
Espada Fish: folds 
Uncalled bet ($1.50) returned to Rezzonner
Rezzonner collected $2.50 from pot
Rezzonner: doesn't show hand 
*** SUMMARY ***
Total pot $2.50 | Rake $0 
Seat 1: michasia folded before Flop (didn't bet)
Seat 2: Winau8 (button) folded before Flop (didn't bet)
Seat 3: Supermegopro (small blind) folded before Flop
Seat 4: Espada Fish (big blind) folded before Flop
Seat 5: BoyLoc0 folded before Flop (didn't bet)
Seat 6: Rezzonner collected ($2.50)



PokerStars Hand #254471935235:  Hold'em No Limit ($0.50/$1.00 USD) - 2025/01/20 19:16:22 WET [2025/01/20 14:16:22 ET]
Table 'Alfaterna III' 6-max Seat #3 is the button
Seat 1: michasia ($139.84 in chips) 
Seat 2: Winau8 ($89.70 in chips) 
Seat 3: Supermegopro ($100 in chips) 
Seat 4: Espada Fish ($106.16 in chips) 
Seat 5: BoyLoc0 ($217.34 in chips) 
Seat 6: Rezzonner ($117.54 in chips) 
Espada Fish: posts small blind $0.50
BoyLoc0: posts big blind $1
*** HOLE CARDS ***
Rezzonner: folds 
michasia: folds 
Winau8: calls $1
Supermegopro: raises $5.50 to $6.50
Espada Fish: folds 
BoyLoc0: folds 
Winau8: calls $5.50
*** FLOP *** [Kd 6h Ad]
Winau8: checks 
Supermegopro: bets $5.51
Winau8: raises $5.51 to $11.02
Supermegopro: calls $5.51
*** TURN *** [Kd 6h Ad] [9c]
Winau8: checks 
Supermegopro: checks 
*** RIVER *** [Kd 6h Ad 9c] [2h]
Winau8: bets $15.36
Supermegopro: folds 
Uncalled bet ($15.36) returned to Winau8
Winau8 collected $34.71 from pot
Winau8: doesn't show hand 
*** SUMMARY ***
Total pot $36.54 | Rake $1.83 
Board [Kd 6h Ad 9c 2h]
Seat 1: michasia folded before Flop (didn't bet)
Seat 2: Winau8 collected ($34.71)
Seat 3: Supermegopro (button) folded on the River
Seat 4: Espada Fish (small blind) folded before Flop
Seat 5: BoyLoc0 (big blind) folded before Flop
Seat 6: Rezzonner folded before Flop (didn't bet)



PokerStars Hand #254471954266:  Hold'em No Limit ($0.50/$1.00 USD) - 2025/01/20 19:17:27 WET [2025/01/20 14:17:27 ET]
Table 'Alfaterna III' 6-max Seat #4 is the button
Seat 1: michasia ($139.84 in chips) 
Seat 2: Winau8 ($106.89 in chips) 
Seat 3: Supermegopro ($100 in chips) 
Seat 4: Espada Fish ($105.66 in chips) 
Seat 5: BoyLoc0 ($216.34 in chips) 
Seat 6: Rezzonner ($117.54 in chips) 
BoyLoc0: posts small blind $0.50
Rezzonner: posts big blind $1
*** HOLE CARDS ***
michasia: folds 
Winau8: folds 
Supermegopro: folds 
Espada Fish: raises $1.50 to $2.50
BoyLoc0: folds 
Rezzonner: folds 
Uncalled bet ($1.50) returned to Espada Fish
Espada Fish collected $2.50 from pot
Espada Fish: doesn't show hand 
*** SUMMARY ***
Total pot $2.50 | Rake $0 
Seat 1: michasia folded before Flop (didn't bet)
Seat 2: Winau8 folded before Flop (didn't bet)
Seat 3: Supermegopro folded before Flop (didn't bet)
Seat 4: Espada Fish (button) collected ($2.50)
Seat 5: BoyLoc0 (small blind) folded before Flop
Seat 6: Rezzonner (big blind) folded before Flop



PokerStars Hand #254471959790:  Hold'em No Limit ($0.50/$1.00 USD) - 2025/01/20 19:17:46 WET [2025/01/20 14:17:46 ET]
Table 'Alfaterna III' 6-max Seat #5 is the button
Seat 1: michasia ($139.84 in chips) 
Seat 2: Winau8 ($106.89 in chips) 
Seat 3: Supermegopro ($100 in chips) 
Seat 4: Espada Fish ($107.16 in chips) 
Seat 5: BoyLoc0 ($215.84 in chips) 
Seat 6: Rezzonner ($116.54 in chips) 
Rezzonner: posts small blind $0.50
michasia: posts big blind $1
*** HOLE CARDS ***
Winau8: folds 
Supermegopro: folds 
Espada Fish: folds 
BoyLoc0: folds 
Rezzonner: raises $2 to $3
michasia: calls $2
*** FLOP *** [4c Ah Js]
Rezzonner: bets $1.88
michasia: raises $9.12 to $11
Rezzonner: folds 
Uncalled bet ($9.12) returned to michasia
michasia collected $9.27 from pot
michasia: doesn't show hand 
*** SUMMARY ***
Total pot $9.76 | Rake $0.49 
Board [4c Ah Js]
Seat 1: michasia (big blind) collected ($9.27)
Seat 2: Winau8 folded before Flop (didn't bet)
Seat 3: Supermegopro folded before Flop (didn't bet)
Seat 4: Espada Fish folded before Flop (didn't bet)
Seat 5: BoyLoc0 (button) folded before Flop (didn't bet)
Seat 6: Rezzonner (small blind) folded on the Flop



PokerStars Hand #254471969733:  Hold'em No Limit ($0.50/$1.00 USD) - 2025/01/20 19:18:21 WET [2025/01/20 14:18:21 ET]
Table 'Alfaterna III' 6-max Seat #6 is the button
Seat 1: michasia ($144.23 in chips) 
Seat 2: Winau8 ($106.89 in chips) 
Seat 3: Supermegopro ($100 in chips) 
Seat 4: Espada Fish ($107.16 in chips) 
Seat 5: BoyLoc0 ($215.84 in chips) 
Seat 6: Rezzonner ($111.66 in chips) 
michasia: posts small blind $0.50
Winau8: posts big blind $1
*** HOLE CARDS ***
Supermegopro: folds 
Espada Fish: folds 
BoyLoc0: folds 
Rezzonner: folds 
michasia: raises $2 to $3
Winau8: folds 
Uncalled bet ($2) returned to michasia
michasia collected $2 from pot
michasia: doesn't show hand 
*** SUMMARY ***
Total pot $2 | Rake $0 
Seat 1: michasia (small blind) collected ($2)
Seat 2: Winau8 (big blind) folded before Flop
Seat 3: Supermegopro folded before Flop (didn't bet)
Seat 4: Espada Fish folded before Flop (didn't bet)
Seat 5: BoyLoc0 folded before Flop (didn't bet)
Seat 6: Rezzonner (button) folded before Flop (didn't bet)



PokerStars Hand #254471974086:  Hold'em No Limit ($0.50/$1.00 USD) - 2025/01/20 19:18:35 WET [2025/01/20 14:18:35 ET]
Table 'Alfaterna III' 6-max Seat #1 is the button
Seat 1: michasia ($145.23 in chips) 
Seat 2: Winau8 ($105.89 in chips) 
Seat 3: Supermegopro ($100 in chips) 
Seat 4: Espada Fish ($107.16 in chips) 
Seat 5: BoyLoc0 ($215.84 in chips) 
Seat 6: Rezzonner ($111.66 in chips) 
Winau8: posts small blind $0.50
Supermegopro: posts big blind $1
*** HOLE CARDS ***
Espada Fish: folds 
BoyLoc0: folds 
Rezzonner: folds 
michasia: folds 
Winau8: calls $0.50
Supermegopro: raises $4 to $5
Winau8: folds 
Uncalled bet ($4) returned to Supermegopro
Supermegopro collected $2 from pot
Supermegopro: doesn't show hand 
*** SUMMARY ***
Total pot $2 | Rake $0 
Seat 1: michasia (button) folded before Flop (didn't bet)
Seat 2: Winau8 (small blind) folded before Flop
Seat 3: Supermegopro (big blind) collected ($2)
Seat 4: Espada Fish folded before Flop (didn't bet)
Seat 5: BoyLoc0 folded before Flop (didn't bet)
Seat 6: Rezzonner folded before Flop (didn't bet)



PokerStars Hand #254471979953:  Hold'em No Limit ($0.50/$1.00 USD) - 2025/01/20 19:18:56 WET [2025/01/20 14:18:56 ET]
Table 'Alfaterna III' 6-max Seat #2 is the button
Seat 1: michasia ($145.23 in chips) 
Seat 2: Winau8 ($104.89 in chips) 
Seat 3: Supermegopro ($101 in chips) 
Seat 4: Espada Fish ($107.16 in chips) 
Seat 5: BoyLoc0 ($215.84 in chips) 
Seat 6: Rezzonner ($111.66 in chips) 
Supermegopro: posts small blind $0.50
Espada Fish: posts big blind $1
*** HOLE CARDS ***
BoyLoc0: folds 
Rezzonner: folds 
michasia: folds 
Winau8: raises $1 to $2
Supermegopro: folds 
Espada Fish: folds 
Uncalled bet ($1) returned to Winau8
Winau8 collected $2.50 from pot
Winau8: doesn't show hand 
*** SUMMARY ***
Total pot $2.50 | Rake $0 
Seat 1: michasia folded before Flop (didn't bet)
Seat 2: Winau8 (button) collected ($2.50)
Seat 3: Supermegopro (small blind) folded before Flop
Seat 4: Espada Fish (big blind) folded before Flop
Seat 5: BoyLoc0 folded before Flop (didn't bet)
Seat 6: Rezzonner folded before Flop (didn't bet)



PokerStars Hand #254471995413:  Hold'em No Limit ($0.50/$1.00 USD) - 2025/01/20 19:19:48 WET [2025/01/20 14:19:48 ET]
Table 'Alfaterna III' 6-max Seat #3 is the button
Seat 1: michasia ($145.23 in chips) 
Seat 2: Winau8 ($106.39 in chips) 
Seat 3: Supermegopro ($100.50 in chips) 
Seat 4: Espada Fish ($106.16 in chips) 
Seat 5: BoyLoc0 ($215.84 in chips) 
Seat 6: Rezzonner ($111.66 in chips) 
Espada Fish: posts small blind $0.50
BoyLoc0: posts big blind $1
*** HOLE CARDS ***
Rezzonner: raises $1.50 to $2.50
michasia: folds 
Winau8: calls $2.50
Supermegopro: folds 
Espada Fish: folds 
BoyLoc0: folds 
*** FLOP *** [6s Kd 2c]
Rezzonner: checks 
Winau8: checks 
*** TURN *** [6s Kd 2c] [Td]
Rezzonner: bets $4
Winau8: folds 
Uncalled bet ($4) returned to Rezzonner
Rezzonner collected $6.18 from pot
Rezzonner: doesn't show hand 
*** SUMMARY ***
Total pot $6.50 | Rake $0.32 
Board [6s Kd 2c Td]
Seat 1: michasia folded before Flop (didn't bet)
Seat 2: Winau8 folded on the Turn
Seat 3: Supermegopro (button) folded before Flop (didn't bet)
Seat 4: Espada Fish (small blind) folded before Flop
Seat 5: BoyLoc0 (big blind) folded before Flop
Seat 6: Rezzonner collected ($6.18)



PokerStars Hand #254472010575:  Hold'em No Limit ($0.50/$1.00 USD) - 2025/01/20 19:20:40 WET [2025/01/20 14:20:40 ET]
Table 'Alfaterna III' 6-max Seat #4 is the button
Seat 1: michasia ($145.23 in chips) 
Seat 2: Winau8 ($103.89 in chips) 
Seat 3: Supermegopro ($100.50 in chips) 
Seat 4: Espada Fish ($105.66 in chips) 
Seat 5: BoyLoc0 ($214.84 in chips) 
Seat 6: Rezzonner ($115.34 in chips) 
BoyLoc0: posts small blind $0.50
Rezzonner: posts big blind $1
*** HOLE CARDS ***
michasia: folds 
Winau8: raises $1 to $2
Supermegopro: calls $2
Espada Fish: folds 
BoyLoc0: folds 
Rezzonner: folds 
*** FLOP *** [Th 9s 7d]
Winau8: checks 
Supermegopro: checks 
*** TURN *** [Th 9s 7d] [4c]
Winau8: bets $3
Supermegopro: calls $3
*** RIVER *** [Th 9s 7d 4c] [9c]
Winau8: checks 
Supermegopro: checks 
*** SHOW DOWN ***
Winau8: shows [8c 8h] (two pair, Nines and Eights)
Supermegopro: mucks hand 
Winau8 collected $10.92 from pot
*** SUMMARY ***
Total pot $11.50 | Rake $0.58 
Board [Th 9s 7d 4c 9c]
Seat 1: michasia folded before Flop (didn't bet)
Seat 2: Winau8 showed [8c 8h] and won ($10.92) with two pair, Nines and Eights
Seat 3: Supermegopro mucked
Seat 4: Espada Fish (button) folded before Flop (didn't bet)
Seat 5: BoyLoc0 (small blind) folded before Flop
Seat 6: Rezzonner (big blind) folded before Flop



PokerStars Hand #254472024517:  Hold'em No Limit ($0.50/$1.00 USD) - 2025/01/20 19:21:28 WET [2025/01/20 14:21:28 ET]
Table 'Alfaterna III' 6-max Seat #5 is the button
Seat 1: michasia ($145.23 in chips) 
Seat 2: Winau8 ($109.81 in chips) 
Seat 3: Supermegopro ($100 in chips) 
Seat 4: Espada Fish ($105.66 in chips) 
Seat 5: BoyLoc0 ($214.34 in chips) 
Seat 6: Rezzonner ($114.34 in chips) 
Rezzonner: posts small blind $0.50
michasia: posts big blind $1
*** HOLE CARDS ***
Winau8: folds 
Supermegopro: folds 
Espada Fish: folds 
BoyLoc0: raises $1.50 to $2.50
Rezzonner: raises $8.50 to $11
michasia: folds 
BoyLoc0: folds 
Uncalled bet ($8.50) returned to Rezzonner
Rezzonner collected $6 from pot
Rezzonner: doesn't show hand 
*** SUMMARY ***
Total pot $6 | Rake $0 
Seat 1: michasia (big blind) folded before Flop
Seat 2: Winau8 folded before Flop (didn't bet)
Seat 3: Supermegopro folded before Flop (didn't bet)
Seat 4: Espada Fish folded before Flop (didn't bet)
Seat 5: BoyLoc0 (button) folded before Flop
Seat 6: Rezzonner (small blind) collected ($6)



PokerStars Hand #254472033588:  Hold'em No Limit ($0.50/$1.00 USD) - 2025/01/20 19:21:59 WET [2025/01/20 14:21:59 ET]
Table 'Alfaterna III' 6-max Seat #6 is the button
Seat 1: michasia ($144.23 in chips) 
Seat 2: Winau8 ($109.81 in chips) 
Seat 3: Supermegopro ($100 in chips) 
Seat 4: Espada Fish ($105.66 in chips) 
Seat 5: BoyLoc0 ($211.84 in chips) 
Seat 6: Rezzonner ($117.84 in chips) 
michasia: posts small blind $0.50
Winau8: posts big blind $1
*** HOLE CARDS ***
Supermegopro: folds 
Espada Fish: folds 
BoyLoc0: folds 
Rezzonner: folds 
michasia: raises $2 to $3
Winau8: calls $2
*** FLOP *** [5h 5c 9h]
michasia: bets $3.80
Winau8: calls $3.80
*** TURN *** [5h 5c 9h] [Ts]
michasia: checks 
Winau8: checks 
*** RIVER *** [5h 5c 9h Ts] [Ks]
michasia: bets $8.61
Winau8: calls $8.61
*** SHOW DOWN ***
michasia: shows [Ac Kd] (two pair, Kings and Fives)
Winau8: mucks hand 
michasia collected $29.28 from pot
*** SUMMARY ***
Total pot $30.82 | Rake $1.54 
Board [5h 5c 9h Ts Ks]
Seat 1: michasia (small blind) showed [Ac Kd] and won ($29.28) with two pair, Kings and Fives
Seat 2: Winau8 (big blind) mucked
Seat 3: Supermegopro folded before Flop (didn't bet)
Seat 4: Espada Fish folded before Flop (didn't bet)
Seat 5: BoyLoc0 folded before Flop (didn't bet)
Seat 6: Rezzonner (button) folded before Flop (didn't bet)



PokerStars Hand #254472046605:  Hold'em No Limit ($0.50/$1.00 USD) - 2025/01/20 19:22:44 WET [2025/01/20 14:22:44 ET]
Table 'Alfaterna III' 6-max Seat #1 is the button
Seat 1: michasia ($158.10 in chips) 
Seat 2: Winau8 ($94.40 in chips) 
Seat 3: Supermegopro ($100 in chips) 
Seat 4: Espada Fish ($105.66 in chips) 
Seat 5: BoyLoc0 ($211.84 in chips) 
Seat 6: Rezzonner ($117.84 in chips) 
Winau8: posts small blind $0.50
Supermegopro: posts big blind $1
*** HOLE CARDS ***
Espada Fish: raises $1.20 to $2.20
BoyLoc0: folds 
Rezzonner: folds 
michasia: raises $4.40 to $6.60
Winau8: folds 
Supermegopro: folds 
Espada Fish: raises $13.40 to $20
michasia: folds 
Uncalled bet ($13.40) returned to Espada Fish
Espada Fish collected $14.70 from pot
Espada Fish: doesn't show hand 
*** SUMMARY ***
Total pot $14.70 | Rake $0 
Seat 1: michasia (button) folded before Flop
Seat 2: Winau8 (small blind) folded before Flop
Seat 3: Supermegopro (big blind) folded before Flop
Seat 4: Espada Fish collected ($14.70)
Seat 5: BoyLoc0 folded before Flop (didn't bet)
Seat 6: Rezzonner folded before Flop (didn't bet)



PokerStars Hand #254472058112:  Hold'em No Limit ($0.50/$1.00 USD) - 2025/01/20 19:23:23 WET [2025/01/20 14:23:23 ET]
Table 'Alfaterna III' 6-max Seat #2 is the button
Seat 1: michasia ($151.50 in chips) 
Seat 2: Winau8 ($93.90 in chips) 
Seat 3: Supermegopro ($100 in chips) 
Seat 4: Espada Fish ($113.76 in chips) 
Seat 5: BoyLoc0 ($211.84 in chips) 
Seat 6: Rezzonner ($117.84 in chips) 
Supermegopro: posts small blind $0.50
Espada Fish: posts big blind $1
*** HOLE CARDS ***
BoyLoc0: folds 
Rezzonner: folds 
michasia: folds 
Winau8: folds 
Supermegopro: raises $2 to $3
Espada Fish: folds 
Uncalled bet ($2) returned to Supermegopro
Supermegopro collected $2 from pot
Supermegopro: doesn't show hand 
*** SUMMARY ***
Total pot $2 | Rake $0 
Seat 1: michasia folded before Flop (didn't bet)
Seat 2: Winau8 (button) folded before Flop (didn't bet)
Seat 3: Supermegopro (small blind) collected ($2)
Seat 4: Espada Fish (big blind) folded before Flop
Seat 5: BoyLoc0 folded before Flop (didn't bet)
Seat 6: Rezzonner folded before Flop (didn't bet)



PokerStars Hand #254472064455:  Hold'em No Limit ($0.50/$1.00 USD) - 2025/01/20 19:23:45 WET [2025/01/20 14:23:45 ET]
Table 'Alfaterna III' 6-max Seat #3 is the button
Seat 1: michasia ($151.50 in chips) 
Seat 2: Winau8 ($93.90 in chips) 
Seat 3: Supermegopro ($101 in chips) 
Seat 4: Espada Fish ($112.76 in chips) 
Seat 5: BoyLoc0 ($211.84 in chips) 
Seat 6: Rezzonner ($117.84 in chips) 
Espada Fish: posts small blind $0.50
BoyLoc0: posts big blind $1
*** HOLE CARDS ***
Rezzonner: folds 
michasia: raises $1.60 to $2.60
Winau8: folds 
Supermegopro: folds 
Espada Fish: folds 
BoyLoc0: calls $1.60
*** FLOP *** [Kh 5c 6c]
BoyLoc0: checks 
michasia: bets $1.79
BoyLoc0: folds 
Uncalled bet ($1.79) returned to michasia
michasia collected $5.42 from pot
michasia: doesn't show hand 
*** SUMMARY ***
Total pot $5.70 | Rake $0.28 
Board [Kh 5c 6c]
Seat 1: michasia collected ($5.42)
Seat 2: Winau8 folded before Flop (didn't bet)
Seat 3: Supermegopro (button) folded before Flop (didn't bet)
Seat 4: Espada Fish (small blind) folded before Flop
Seat 5: BoyLoc0 (big blind) folded on the Flop
Seat 6: Rezzonner folded before Flop (didn't bet)



PokerStars Hand #254472074817:  Hold'em No Limit ($0.50/$1.00 USD) - 2025/01/20 19:24:21 WET [2025/01/20 14:24:21 ET]
Table 'Alfaterna III' 6-max Seat #4 is the button
Seat 1: michasia ($154.32 in chips) 
Seat 2: Winau8 ($93.90 in chips) 
Seat 3: Supermegopro ($101 in chips) 
Seat 4: Espada Fish ($112.26 in chips) 
Seat 5: BoyLoc0 ($209.24 in chips) 
Seat 6: Rezzonner ($117.84 in chips) 
BoyLoc0: posts small blind $0.50
Rezzonner: posts big blind $1
*** HOLE CARDS ***
michasia: folds 
Winau8: calls $1
Supermegopro: folds 
Espada Fish: folds 
BoyLoc0: folds 
Rezzonner: checks 
*** FLOP *** [9s Td 3h]
Rezzonner: checks 
Winau8: checks 
*** TURN *** [9s Td 3h] [3c]
Rezzonner: checks 
Winau8: bets $3
Rezzonner: folds 
Uncalled bet ($3) returned to Winau8
Winau8 collected $2.38 from pot
Winau8: doesn't show hand 
*** SUMMARY ***
Total pot $2.50 | Rake $0.12 
Board [9s Td 3h 3c]
Seat 1: michasia folded before Flop (didn't bet)
Seat 2: Winau8 collected ($2.38)
Seat 3: Supermegopro folded before Flop (didn't bet)
Seat 4: Espada Fish (button) folded before Flop (didn't bet)
Seat 5: BoyLoc0 (small blind) folded before Flop
Seat 6: Rezzonner (big blind) folded on the Turn



PokerStars Hand #254472093111:  Hold'em No Limit ($0.50/$1.00 USD) - 2025/01/20 19:25:24 WET [2025/01/20 14:25:24 ET]
Table 'Alfaterna III' 6-max Seat #5 is the button
Seat 1: michasia ($154.32 in chips) 
Seat 2: Winau8 ($95.28 in chips) 
Seat 3: Supermegopro ($101 in chips) 
Seat 4: Espada Fish ($112.26 in chips) 
Seat 5: BoyLoc0 ($208.74 in chips) 
Seat 6: Rezzonner ($116.84 in chips) 
Rezzonner: posts small blind $0.50
michasia: posts big blind $1
*** HOLE CARDS ***
Winau8: folds 
Supermegopro: folds 
Espada Fish: raises $1.20 to $2.20
BoyLoc0: folds 
Rezzonner: folds 
michasia: calls $1.20
*** FLOP *** [2d Kd 3h]
michasia: checks 
Espada Fish: checks 
*** TURN *** [2d Kd 3h] [3c]
michasia: checks 
Espada Fish: bets $1.54
michasia: calls $1.54
*** RIVER *** [2d Kd 3h 3c] [9c]
michasia: checks 
Espada Fish: bets $5.69
michasia: calls $5.69
*** SHOW DOWN ***
Espada Fish: shows [Qh 8h] (a pair of Threes)
michasia: shows [7h Kh] (two pair, Kings and Threes)
michasia collected $18.39 from pot
*** SUMMARY ***
Total pot $19.36 | Rake $0.97 
Board [2d Kd 3h 3c 9c]
Seat 1: michasia (big blind) showed [7h Kh] and won ($18.39) with two pair, Kings and Threes
Seat 2: Winau8 folded before Flop (didn't bet)
Seat 3: Supermegopro folded before Flop (didn't bet)
Seat 4: Espada Fish showed [Qh 8h] and lost with a pair of Threes
Seat 5: BoyLoc0 (button) folded before Flop (didn't bet)
Seat 6: Rezzonner (small blind) folded before Flop



PokerStars Hand #254472115165:  Hold'em No Limit ($0.50/$1.00 USD) - 2025/01/20 19:26:39 WET [2025/01/20 14:26:39 ET]
Table 'Alfaterna III' 6-max Seat #6 is the button
Seat 1: michasia ($163.28 in chips) 
Seat 2: Winau8 ($95.28 in chips) 
Seat 3: Supermegopro ($101 in chips) 
Seat 4: Espada Fish ($102.83 in chips) 
Seat 5: BoyLoc0 ($208.74 in chips) 
Seat 6: Rezzonner ($116.34 in chips) 
michasia: posts small blind $0.50
Winau8: posts big blind $1
*** HOLE CARDS ***
Supermegopro: folds 
Espada Fish: folds 
BoyLoc0: folds 
Rezzonner: folds 
michasia: folds 
Uncalled bet ($0.50) returned to Winau8
Winau8 collected $1 from pot
Winau8: doesn't show hand 
*** SUMMARY ***
Total pot $1 | Rake $0 
Seat 1: michasia (small blind) folded before Flop
Seat 2: Winau8 (big blind) collected ($1)
Seat 3: Supermegopro folded before Flop (didn't bet)
Seat 4: Espada Fish folded before Flop (didn't bet)
Seat 5: BoyLoc0 folded before Flop (didn't bet)
Seat 6: Rezzonner (button) folded before Flop (didn't bet)



PokerStars Hand #254472119101:  Hold'em No Limit ($0.50/$1.00 USD) - 2025/01/20 19:26:52 WET [2025/01/20 14:26:52 ET]
Table 'Alfaterna III' 6-max Seat #1 is the button
Seat 1: michasia ($162.78 in chips) 
Seat 2: Winau8 ($95.78 in chips) 
Seat 3: Supermegopro ($101 in chips) 
Seat 4: Espada Fish ($102.83 in chips) 
Seat 5: BoyLoc0 ($208.74 in chips) 
Seat 6: Rezzonner ($116.34 in chips) 
Winau8: posts small blind $0.50
Supermegopro: posts big blind $1
*** HOLE CARDS ***
Espada Fish: folds 
BoyLoc0: folds 
Rezzonner: folds 
michasia: raises $1.80 to $2.80
Winau8: calls $2.30
Supermegopro: calls $1.80
*** FLOP *** [3s Kh Qd]
Winau8: checks 
Supermegopro: checks 
michasia: bets $5.32
Winau8: raises $5.32 to $10.64
Supermegopro: folds 
michasia: folds 
Uncalled bet ($5.32) returned to Winau8
Winau8 collected $18.09 from pot
Winau8: doesn't show hand 
*** SUMMARY ***
Total pot $19.04 | Rake $0.95 
Board [3s Kh Qd]
Seat 1: michasia (button) folded on the Flop
Seat 2: Winau8 (small blind) collected ($18.09)
Seat 3: Supermegopro (big blind) folded on the Flop
Seat 4: Espada Fish folded before Flop (didn't bet)
Seat 5: BoyLoc0 folded before Flop (didn't bet)
Seat 6: Rezzonner folded before Flop (didn't bet)



PokerStars Hand #254472130350:  Hold'em No Limit ($0.50/$1.00 USD) - 2025/01/20 19:27:31 WET [2025/01/20 14:27:31 ET]
Table 'Alfaterna III' 6-max Seat #2 is the button
Seat 1: michasia ($154.66 in chips) 
Seat 2: Winau8 ($105.75 in chips) 
Seat 3: Supermegopro ($100 in chips) 
Seat 4: Espada Fish ($102.83 in chips) 
Seat 5: BoyLoc0 ($208.74 in chips) 
Seat 6: Rezzonner ($116.34 in chips) 
Supermegopro: posts small blind $0.50
Espada Fish: posts big blind $1
*** HOLE CARDS ***
BoyLoc0: folds 
Rezzonner: folds 
michasia: folds 
Winau8: calls $1
Supermegopro: folds 
Espada Fish: checks 
*** FLOP *** [8d 7s Kd]
Espada Fish: checks 
Winau8: bets $2
Espada Fish: calls $2
*** TURN *** [8d 7s Kd] [Kh]
Espada Fish: checks 
Winau8: bets $4
Espada Fish: calls $4
*** RIVER *** [8d 7s Kd Kh] [6c]
Espada Fish: checks 
Winau8: checks 
*** SHOW DOWN ***
Espada Fish: shows [4s 4d] (two pair, Kings and Fours)
Winau8: shows [7d Td] (two pair, Kings and Sevens)
Winau8 collected $13.78 from pot
*** SUMMARY ***
Total pot $14.50 | Rake $0.72 
Board [8d 7s Kd Kh 6c]
Seat 1: michasia folded before Flop (didn't bet)
Seat 2: Winau8 (button) showed [7d Td] and won ($13.78) with two pair, Kings and Sevens
Seat 3: Supermegopro (small blind) folded before Flop
Seat 4: Espada Fish (big blind) showed [4s 4d] and lost with two pair, Kings and Fours
Seat 5: BoyLoc0 folded before Flop (didn't bet)
Seat 6: Rezzonner folded before Flop (didn't bet)



PokerStars Hand #254471098354:  Hold'em No Limit ($0.50/$1.00 USD) - 2025/01/20 18:25:33 WET [2025/01/20 13:25:33 ET]
Table 'Alfaterna III' 6-max Seat #2 is the button
Seat 1: michasia ($101.50 in chips) 
Seat 2: Winau8 ($31.72 in chips) 
Seat 3: Supermegopro ($113.62 in chips) 
Seat 4: Espada Fish ($100 in chips) 
Seat 5: worker0k ($100 in chips) 
Seat 6: Rezzonner ($105.45 in chips) 
Supermegopro: posts small blind $0.50
Espada Fish: posts big blind $1
*** HOLE CARDS ***
worker0k: folds 
Rezzonner: folds 
michasia: folds 
Winau8: calls $1
Supermegopro: calls $0.50
Espada Fish: checks 
*** FLOP *** [9s 6c 5h]
Supermegopro: checks 
Espada Fish: checks 
Winau8: checks 
*** TURN *** [9s 6c 5h] [6d]
Supermegopro: checks 
Espada Fish: checks 
Winau8: checks 
*** RIVER *** [9s 6c 5h 6d] [As]
Supermegopro: checks 
Espada Fish: checks 
Winau8: checks 
*** SHOW DOWN ***
Supermegopro: shows [Td Qh] (a pair of Sixes)
Espada Fish: shows [2c 2h] (two pair, Sixes and Deuces)
Winau8: shows [4d 4c] (two pair, Sixes and Fours)
Winau8 collected $2.85 from pot
*** SUMMARY ***
Total pot $3 | Rake $0.15 
Board [9s 6c 5h 6d As]
Seat 1: michasia folded before Flop (didn't bet)
Seat 2: Winau8 (button) showed [4d 4c] and won ($2.85) with two pair, Sixes and Fours
Seat 3: Supermegopro (small blind) showed [Td Qh] and lost with a pair of Sixes
Seat 4: Espada Fish (big blind) showed [2c 2h] and lost with two pair, Sixes and Deuces
Seat 5: worker0k folded before Flop (didn't bet)
Seat 6: Rezzonner folded before Flop (didn't bet)



PokerStars Hand #254471116315:  Hold'em No Limit ($0.50/$1.00 USD) - 2025/01/20 18:26:38 WET [2025/01/20 13:26:38 ET]
Table 'Alfaterna III' 6-max Seat #3 is the button
Seat 1: michasia ($101.50 in chips) 
Seat 2: Winau8 ($33.57 in chips) 
Seat 3: Supermegopro ($112.62 in chips) 
Seat 4: Espada Fish ($100 in chips) 
Seat 5: worker0k ($100 in chips) 
Seat 6: Rezzonner ($105.45 in chips) 
Espada Fish: posts small blind $0.50
worker0k: posts big blind $1
*** HOLE CARDS ***
Rezzonner: folds 
michasia: folds 
Winau8: calls $1
Supermegopro: folds 
Espada Fish: folds 
worker0k: raises $3 to $4
Winau8: calls $3
*** FLOP *** [9s Qd 4d]
worker0k: bets $4.04
Winau8: folds 
Uncalled bet ($4.04) returned to worker0k
worker0k collected $8.08 from pot
*** SUMMARY ***
Total pot $8.50 | Rake $0.42 
Board [9s Qd 4d]
Seat 1: michasia folded before Flop (didn't bet)
Seat 2: Winau8 folded on the Flop
Seat 3: Supermegopro (button) folded before Flop (didn't bet)
Seat 4: Espada Fish (small blind) folded before Flop
Seat 5: worker0k (big blind) collected ($8.08)
Seat 6: Rezzonner folded before Flop (didn't bet)



PokerStars Hand #254471122926:  Hold'em No Limit ($0.50/$1.00 USD) - 2025/01/20 18:27:01 WET [2025/01/20 13:27:01 ET]
Table 'Alfaterna III' 6-max Seat #4 is the button
Seat 1: michasia ($101.50 in chips) 
Seat 2: Winau8 ($29.57 in chips) 
Seat 3: Supermegopro ($112.62 in chips) 
Seat 4: Espada Fish ($100 in chips) 
Seat 5: worker0k ($104.08 in chips) 
Seat 6: Rezzonner ($105.45 in chips) 
worker0k: posts small blind $0.50
Rezzonner: posts big blind $1
*** HOLE CARDS ***
michasia: folds 
Winau8: folds 
Supermegopro: raises $1.50 to $2.50
Espada Fish: folds 
worker0k: folds 
Rezzonner: folds 
Uncalled bet ($1.50) returned to Supermegopro
Supermegopro collected $2.50 from pot
Supermegopro: doesn't show hand 
*** SUMMARY ***
Total pot $2.50 | Rake $0 
Seat 1: michasia folded before Flop (didn't bet)
Seat 2: Winau8 folded before Flop (didn't bet)
Seat 3: Supermegopro collected ($2.50)
Seat 4: Espada Fish (button) folded before Flop (didn't bet)
Seat 5: worker0k (small blind) folded before Flop
Seat 6: Rezzonner (big blind) folded before Flop



PokerStars Hand #254471129511:  Hold'em No Limit ($0.50/$1.00 USD) - 2025/01/20 18:27:25 WET [2025/01/20 13:27:25 ET]
Table 'Alfaterna III' 6-max Seat #5 is the button
Seat 1: michasia ($101.50 in chips) 
Seat 2: Winau8 ($29.57 in chips) 
Seat 3: Supermegopro ($114.12 in chips) 
Seat 4: Espada Fish ($100 in chips) 
Seat 5: worker0k ($103.58 in chips) 
Seat 6: Rezzonner ($104.45 in chips) 
Rezzonner: posts small blind $0.50
michasia: posts big blind $1
*** HOLE CARDS ***
Winau8: folds 
Supermegopro: raises $1.50 to $2.50
Espada Fish: folds 
worker0k: folds 
Rezzonner: folds 
michasia: folds 
Uncalled bet ($1.50) returned to Supermegopro
Supermegopro collected $2.50 from pot
Supermegopro: doesn't show hand 
*** SUMMARY ***
Total pot $2.50 | Rake $0 
Seat 1: michasia (big blind) folded before Flop
Seat 2: Winau8 folded before Flop (didn't bet)
Seat 3: Supermegopro collected ($2.50)
Seat 4: Espada Fish folded before Flop (didn't bet)
Seat 5: worker0k (button) folded before Flop (didn't bet)
Seat 6: Rezzonner (small blind) folded before Flop



PokerStars Hand #254471134996:  Hold'em No Limit ($0.50/$1.00 USD) - 2025/01/20 18:27:45 WET [2025/01/20 13:27:45 ET]
Table 'Alfaterna III' 6-max Seat #6 is the button
Seat 1: michasia ($100.50 in chips) 
Seat 2: Winau8 ($29.57 in chips) 
Seat 3: Supermegopro ($115.62 in chips) 
Seat 4: Espada Fish ($100 in chips) 
Seat 5: worker0k ($103.58 in chips) 
Seat 6: Rezzonner ($103.95 in chips) 
michasia: posts small blind $0.50
Winau8: posts big blind $1
*** HOLE CARDS ***
Supermegopro: folds 
Espada Fish: folds 
worker0k: folds 
Rezzonner: folds 
michasia: raises $2 to $3
Winau8: calls $2
*** FLOP *** [2h As 7c]
michasia: bets $1.88
Winau8: raises $1.88 to $3.76
michasia: folds 
Uncalled bet ($1.88) returned to Winau8
Winau8 collected $9.27 from pot
Winau8: doesn't show hand 
*** SUMMARY ***
Total pot $9.76 | Rake $0.49 
Board [2h As 7c]
Seat 1: michasia (small blind) folded on the Flop
Seat 2: Winau8 (big blind) collected ($9.27)
Seat 3: Supermegopro folded before Flop (didn't bet)
Seat 4: Espada Fish folded before Flop (didn't bet)
Seat 5: worker0k folded before Flop (didn't bet)
Seat 6: Rezzonner (button) folded before Flop (didn't bet)



PokerStars Hand #254471144015:  Hold'em No Limit ($0.50/$1.00 USD) - 2025/01/20 18:28:17 WET [2025/01/20 13:28:17 ET]
Table 'Alfaterna III' 6-max Seat #1 is the button
Seat 1: michasia ($100 in chips) 
Seat 2: Winau8 ($33.96 in chips) 
Seat 3: Supermegopro ($115.62 in chips) 
Seat 4: Espada Fish ($100 in chips) 
Seat 5: worker0k ($103.58 in chips) 
Seat 6: Rezzonner ($103.95 in chips) 
Winau8: posts small blind $0.50
Supermegopro: posts big blind $1
*** HOLE CARDS ***
Espada Fish: folds 
worker0k: folds 
Rezzonner: raises $1.50 to $2.50
michasia: folds 
Winau8: raises $1.50 to $4
Supermegopro: folds 
Rezzonner: calls $1.50
*** FLOP *** [9s 8c Ad]
Winau8: checks 
Rezzonner: checks 
*** TURN *** [9s 8c Ad] [6d]
Winau8: bets $1
Rezzonner: calls $1
*** RIVER *** [9s 8c Ad 6d] [Kc]
Winau8: bets $6
Rezzonner: calls $6
*** SHOW DOWN ***
Winau8: shows [As Ac] (three of a kind, Aces)
Rezzonner: mucks hand 
Winau8 collected $21.85 from pot
*** SUMMARY ***
Total pot $23 | Rake $1.15 
Board [9s 8c Ad 6d Kc]
Seat 1: michasia (button) folded before Flop (didn't bet)
Seat 2: Winau8 (small blind) showed [As Ac] and won ($21.85) with three of a kind, Aces
Seat 3: Supermegopro (big blind) folded before Flop
Seat 4: Espada Fish folded before Flop (didn't bet)
Seat 5: worker0k folded before Flop (didn't bet)
Seat 6: Rezzonner mucked



PokerStars Hand #254471161217:  Hold'em No Limit ($0.50/$1.00 USD) - 2025/01/20 18:29:20 WET [2025/01/20 13:29:20 ET]
Table 'Alfaterna III' 6-max Seat #2 is the button
Seat 1: michasia ($100 in chips) 
Seat 2: Winau8 ($44.81 in chips) 
Seat 3: Supermegopro ($114.62 in chips) 
Seat 4: Espada Fish ($100 in chips) 
Seat 5: worker0k ($103.58 in chips) 
Seat 6: Rezzonner ($100 in chips) 
Supermegopro: posts small blind $0.50
Espada Fish: posts big blind $1
*** HOLE CARDS ***
worker0k: folds 
Rezzonner: folds 
michasia: folds 
Winau8: folds 
Supermegopro: raises $2 to $3
Espada Fish: raises $7 to $10
Supermegopro: calls $7
*** FLOP *** [5c 7d 3d]
Supermegopro: checks 
Espada Fish: checks 
*** TURN *** [5c 7d 3d] [2h]
Supermegopro: bets $12.67
Espada Fish: calls $12.67
*** RIVER *** [5c 7d 3d 2h] [Kd]
Supermegopro: bets $28.71
Espada Fish: folds 
Uncalled bet ($28.71) returned to Supermegopro
Supermegopro collected $43.07 from pot
Supermegopro: doesn't show hand 
*** SUMMARY ***
Total pot $45.34 | Rake $2.27 
Board [5c 7d 3d 2h Kd]
Seat 1: michasia folded before Flop (didn't bet)
Seat 2: Winau8 (button) folded before Flop (didn't bet)
Seat 3: Supermegopro (small blind) collected ($43.07)
Seat 4: Espada Fish (big blind) folded on the River
Seat 5: worker0k folded before Flop (didn't bet)
Seat 6: Rezzonner folded before Flop (didn't bet)



PokerStars Hand #254471183066:  Hold'em No Limit ($0.50/$1.00 USD) - 2025/01/20 18:30:38 WET [2025/01/20 13:30:38 ET]
Table 'Alfaterna III' 6-max Seat #3 is the button
Seat 1: michasia ($100 in chips) 
Seat 2: Winau8 ($44.81 in chips) 
Seat 3: Supermegopro ($135.02 in chips) 
Seat 4: Espada Fish ($100 in chips) 
Seat 5: worker0k ($103.58 in chips) 
Seat 6: Rezzonner ($100 in chips) 
Espada Fish: posts small blind $0.50
worker0k: posts big blind $1
*** HOLE CARDS ***
Rezzonner: folds 
michasia: raises $1.60 to $2.60
Winau8: folds 
Supermegopro: folds 
Espada Fish: folds 
worker0k: folds 
Uncalled bet ($1.60) returned to michasia
michasia collected $2.50 from pot
michasia: doesn't show hand 
*** SUMMARY ***
Total pot $2.50 | Rake $0 
Seat 1: michasia collected ($2.50)
Seat 2: Winau8 folded before Flop (didn't bet)
Seat 3: Supermegopro (button) folded before Flop (didn't bet)
Seat 4: Espada Fish (small blind) folded before Flop
Seat 5: worker0k (big blind) folded before Flop
Seat 6: Rezzonner folded before Flop (didn't bet)



PokerStars Hand #254471186686:  Hold'em No Limit ($0.50/$1.00 USD) - 2025/01/20 18:30:50 WET [2025/01/20 13:30:50 ET]
Table 'Alfaterna III' 6-max Seat #4 is the button
Seat 1: michasia ($101.50 in chips) 
Seat 2: Winau8 ($44.81 in chips) 
Seat 3: Supermegopro ($135.02 in chips) 
Seat 4: Espada Fish ($100 in chips) 
Seat 5: worker0k ($102.58 in chips) 
Seat 6: Rezzonner ($100 in chips) 
worker0k: posts small blind $0.50
Rezzonner: posts big blind $1
*** HOLE CARDS ***
michasia: folds 
Winau8: calls $1
Supermegopro: folds 
Espada Fish: folds 
worker0k: folds 
Rezzonner: checks 
*** FLOP *** [6s 9h Js]
Rezzonner: checks 
Winau8: checks 
*** TURN *** [6s 9h Js] [9d]
Rezzonner: bets $2
Winau8: folds 
Uncalled bet ($2) returned to Rezzonner
Rezzonner collected $2.38 from pot
Rezzonner: doesn't show hand 
*** SUMMARY ***
Total pot $2.50 | Rake $0.12 
Board [6s 9h Js 9d]
Seat 1: michasia folded before Flop (didn't bet)
Seat 2: Winau8 folded on the Turn
Seat 3: Supermegopro folded before Flop (didn't bet)
Seat 4: Espada Fish (button) folded before Flop (didn't bet)
Seat 5: worker0k (small blind) folded before Flop
Seat 6: Rezzonner (big blind) collected ($2.38)



PokerStars Hand #254471198320:  Hold'em No Limit ($0.50/$1.00 USD) - 2025/01/20 18:31:32 WET [2025/01/20 13:31:32 ET]
Table 'Alfaterna III' 6-max Seat #5 is the button
Seat 1: michasia ($101.50 in chips) 
Seat 2: Winau8 ($43.81 in chips) 
Seat 3: Supermegopro ($135.02 in chips) 
Seat 4: Espada Fish ($100 in chips) 
Seat 5: worker0k ($102.08 in chips) 
Seat 6: Rezzonner ($101.38 in chips) 
Rezzonner: posts small blind $0.50
michasia: posts big blind $1
*** HOLE CARDS ***
Winau8: folds 
Supermegopro: raises $1.50 to $2.50
Espada Fish: folds 
worker0k: folds 
Rezzonner: folds 
michasia: folds 
Uncalled bet ($1.50) returned to Supermegopro
Supermegopro collected $2.50 from pot
Supermegopro: doesn't show hand 
*** SUMMARY ***
Total pot $2.50 | Rake $0 
Seat 1: michasia (big blind) folded before Flop
Seat 2: Winau8 folded before Flop (didn't bet)
Seat 3: Supermegopro collected ($2.50)
Seat 4: Espada Fish folded before Flop (didn't bet)
Seat 5: worker0k (button) folded before Flop (didn't bet)
Seat 6: Rezzonner (small blind) folded before Flop



PokerStars Hand #254471204697:  Hold'em No Limit ($0.50/$1.00 USD) - 2025/01/20 18:31:55 WET [2025/01/20 13:31:55 ET]
Table 'Alfaterna III' 6-max Seat #6 is the button
Seat 1: michasia ($100.50 in chips) 
Seat 2: Winau8 ($43.81 in chips) 
Seat 3: Supermegopro ($136.52 in chips) 
Seat 4: Espada Fish ($100 in chips) 
Seat 5: worker0k ($102.08 in chips) 
Seat 6: Rezzonner ($100.88 in chips) 
michasia: posts small blind $0.50
Winau8: posts big blind $1
*** HOLE CARDS ***
Supermegopro: folds 
Espada Fish: folds 
worker0k: folds 
Rezzonner: folds 
michasia: folds 
Uncalled bet ($0.50) returned to Winau8
Winau8 collected $1 from pot
Winau8: doesn't show hand 
*** SUMMARY ***
Total pot $1 | Rake $0 
Seat 1: michasia (small blind) folded before Flop
Seat 2: Winau8 (big blind) collected ($1)
Seat 3: Supermegopro folded before Flop (didn't bet)
Seat 4: Espada Fish folded before Flop (didn't bet)
Seat 5: worker0k folded before Flop (didn't bet)
Seat 6: Rezzonner (button) folded before Flop (didn't bet)



PokerStars Hand #254471208559:  Hold'em No Limit ($0.50/$1.00 USD) - 2025/01/20 18:32:09 WET [2025/01/20 13:32:09 ET]
Table 'Alfaterna III' 6-max Seat #1 is the button
Seat 1: michasia ($100 in chips) 
Seat 2: Winau8 ($44.31 in chips) 
Seat 3: Supermegopro ($136.52 in chips) 
Seat 4: Espada Fish ($100 in chips) 
Seat 5: worker0k ($102.08 in chips) 
Seat 6: Rezzonner ($100.88 in chips) 
Winau8: posts small blind $0.50
Supermegopro: posts big blind $1
*** HOLE CARDS ***
Espada Fish: folds 
worker0k: folds 
Rezzonner: folds 
michasia: folds 
Winau8: folds 
Uncalled bet ($0.50) returned to Supermegopro
Supermegopro collected $1 from pot
Supermegopro: doesn't show hand 
*** SUMMARY ***
Total pot $1 | Rake $0 
Seat 1: michasia (button) folded before Flop (didn't bet)
Seat 2: Winau8 (small blind) folded before Flop
Seat 3: Supermegopro (big blind) collected ($1)
Seat 4: Espada Fish folded before Flop (didn't bet)
Seat 5: worker0k folded before Flop (didn't bet)
Seat 6: Rezzonner folded before Flop (didn't bet)



PokerStars Hand #254471213034:  Hold'em No Limit ($0.50/$1.00 USD) - 2025/01/20 18:32:25 WET [2025/01/20 13:32:25 ET]
Table 'Alfaterna III' 6-max Seat #2 is the button
Seat 1: michasia ($100 in chips) 
Seat 2: Winau8 ($43.81 in chips) 
Seat 3: Supermegopro ($137.02 in chips) 
Seat 4: Espada Fish ($100 in chips) 
Seat 5: worker0k ($102.08 in chips) 
Seat 6: Rezzonner ($100.88 in chips) 
Supermegopro: posts small blind $0.50
Espada Fish: posts big blind $1
*** HOLE CARDS ***
worker0k: folds 
Rezzonner: raises $1.50 to $2.50
michasia: folds 
Winau8: folds 
Supermegopro: folds 
Espada Fish: folds 
Uncalled bet ($1.50) returned to Rezzonner
Rezzonner collected $2.50 from pot
Rezzonner: doesn't show hand 
*** SUMMARY ***
Total pot $2.50 | Rake $0 
Seat 1: michasia folded before Flop (didn't bet)
Seat 2: Winau8 (button) folded before Flop (didn't bet)
Seat 3: Supermegopro (small blind) folded before Flop
Seat 4: Espada Fish (big blind) folded before Flop
Seat 5: worker0k folded before Flop (didn't bet)
Seat 6: Rezzonner collected ($2.50)



PokerStars Hand #254471218510:  Hold'em No Limit ($0.50/$1.00 USD) - 2025/01/20 18:32:44 WET [2025/01/20 13:32:44 ET]
Table 'Alfaterna III' 6-max Seat #3 is the button
Seat 1: michasia ($100 in chips) 
Seat 2: Winau8 ($43.81 in chips) 
Seat 3: Supermegopro ($136.52 in chips) 
Seat 4: Espada Fish ($100 in chips) 
Seat 5: worker0k ($102.08 in chips) 
Seat 6: Rezzonner ($102.38 in chips) 
Espada Fish: posts small blind $0.50
worker0k: posts big blind $1
*** HOLE CARDS ***
Rezzonner: raises $1.50 to $2.50
michasia: folds 
Winau8: calls $2.50
Supermegopro: folds 
Espada Fish: folds 
worker0k: folds 
*** FLOP *** [5s 2d 8c]
Rezzonner: checks 
Winau8: bets $2
Rezzonner: calls $2
*** TURN *** [5s 2d 8c] [Kc]
Rezzonner: checks 
Winau8: checks 
*** RIVER *** [5s 2d 8c Kc] [Js]
Rezzonner: checks 
Winau8: checks 
*** SHOW DOWN ***
Rezzonner: shows [6d 6h] (a pair of Sixes)
Winau8: shows [Qh 8d] (a pair of Eights)
Winau8 collected $9.98 from pot
*** SUMMARY ***
Total pot $10.50 | Rake $0.52 
Board [5s 2d 8c Kc Js]
Seat 1: michasia folded before Flop (didn't bet)
Seat 2: Winau8 showed [Qh 8d] and won ($9.98) with a pair of Eights
Seat 3: Supermegopro (button) folded before Flop (didn't bet)
Seat 4: Espada Fish (small blind) folded before Flop
Seat 5: worker0k (big blind) folded before Flop
Seat 6: Rezzonner showed [6d 6h] and lost with a pair of Sixes



PokerStars Hand #254471238203:  Hold'em No Limit ($0.50/$1.00 USD) - 2025/01/20 18:33:54 WET [2025/01/20 13:33:54 ET]
Table 'Alfaterna III' 6-max Seat #4 is the button
Seat 1: michasia ($100 in chips) 
Seat 2: Winau8 ($49.29 in chips) 
Seat 3: Supermegopro ($136.52 in chips) 
Seat 4: Espada Fish ($100 in chips) 
Seat 5: worker0k ($101.08 in chips) 
Seat 6: Rezzonner ($100 in chips) 
worker0k: posts small blind $0.50
Rezzonner: posts big blind $1
*** HOLE CARDS ***
michasia: raises $1.60 to $2.60
Winau8: folds 
Supermegopro: folds 
Espada Fish: folds 
worker0k: raises $8.40 to $11
Rezzonner: folds 
michasia: calls $8.40
*** FLOP *** [Qs 3d 5d]
worker0k: checks 
michasia: checks 
*** TURN *** [Qs 3d 5d] [Kd]
worker0k: checks 
michasia: checks 
*** RIVER *** [Qs 3d 5d Kd] [Td]
worker0k: checks 
michasia: checks 
*** SHOW DOWN ***
worker0k: shows [Tc Ac] (a pair of Tens)
michasia: mucks hand 
worker0k collected $21.85 from pot
*** SUMMARY ***
Total pot $23 | Rake $1.15 
Board [Qs 3d 5d Kd Td]
Seat 1: michasia mucked
Seat 2: Winau8 folded before Flop (didn't bet)
Seat 3: Supermegopro folded before Flop (didn't bet)
Seat 4: Espada Fish (button) folded before Flop (didn't bet)
Seat 5: worker0k (small blind) showed [Tc Ac] and won ($21.85) with a pair of Tens
Seat 6: Rezzonner (big blind) folded before Flop



PokerStars Hand #254471251685:  Hold'em No Limit ($0.50/$1.00 USD) - 2025/01/20 18:34:42 WET [2025/01/20 13:34:42 ET]
Table 'Alfaterna III' 6-max Seat #5 is the button
Seat 1: michasia ($100 in chips) 
Seat 2: Winau8 ($49.29 in chips) 
Seat 3: Supermegopro ($136.52 in chips) 
Seat 4: Espada Fish ($100 in chips) 
Seat 5: worker0k ($111.93 in chips) 
Seat 6: Rezzonner ($100 in chips) 
Rezzonner: posts small blind $0.50
michasia: posts big blind $1
*** HOLE CARDS ***
Winau8: calls $1
Supermegopro: folds 
Espada Fish: folds 
worker0k: folds 
Rezzonner: calls $0.50
michasia: checks 
*** FLOP *** [Js Tc 4d]
Rezzonner: checks 
michasia: checks 
Winau8: checks 
*** TURN *** [Js Tc 4d] [9h]
Rezzonner: checks 
michasia: bets $1.90
Winau8: raises $1.90 to $3.80
Rezzonner: folds 
michasia: folds 
Uncalled bet ($1.90) returned to Winau8
Winau8 collected $6.46 from pot
Winau8: doesn't show hand 
*** SUMMARY ***
Total pot $6.80 | Rake $0.34 
Board [Js Tc 4d 9h]
Seat 1: michasia (big blind) folded on the Turn
Seat 2: Winau8 collected ($6.46)
Seat 3: Supermegopro folded before Flop (didn't bet)
Seat 4: Espada Fish folded before Flop (didn't bet)
Seat 5: worker0k (button) folded before Flop (didn't bet)
Seat 6: Rezzonner (small blind) folded on the Turn



PokerStars Hand #254471261535:  Hold'em No Limit ($0.50/$1.00 USD) - 2025/01/20 18:35:17 WET [2025/01/20 13:35:17 ET]
Table 'Alfaterna III' 6-max Seat #6 is the button
Seat 1: michasia ($100 in chips) 
Seat 2: Winau8 ($52.85 in chips) 
Seat 3: Supermegopro ($136.52 in chips) 
Seat 4: Espada Fish ($100 in chips) 
Seat 5: worker0k ($111.93 in chips) 
Seat 6: Rezzonner ($100 in chips) 
michasia: posts small blind $0.50
Winau8: posts big blind $1
*** HOLE CARDS ***
Supermegopro: folds 
Espada Fish: folds 
worker0k: folds 
Rezzonner: folds 
michasia: folds 
Uncalled bet ($0.50) returned to Winau8
Winau8 collected $1 from pot
Winau8: doesn't show hand 
*** SUMMARY ***
Total pot $1 | Rake $0 
Seat 1: michasia (small blind) folded before Flop
Seat 2: Winau8 (big blind) collected ($1)
Seat 3: Supermegopro folded before Flop (didn't bet)
Seat 4: Espada Fish folded before Flop (didn't bet)
Seat 5: worker0k folded before Flop (didn't bet)
Seat 6: Rezzonner (button) folded before Flop (didn't bet)



PokerStars Hand #254471264178:  Hold'em No Limit ($0.50/$1.00 USD) - 2025/01/20 18:35:26 WET [2025/01/20 13:35:26 ET]
Table 'Alfaterna III' 6-max Seat #1 is the button
Seat 1: michasia ($100 in chips) 
Seat 2: Winau8 ($53.35 in chips) 
Seat 3: Supermegopro ($136.52 in chips) 
Seat 4: Espada Fish ($100 in chips) 
Seat 5: worker0k ($111.93 in chips) 
Seat 6: Rezzonner ($100 in chips) 
Winau8: posts small blind $0.50
Supermegopro: posts big blind $1
*** HOLE CARDS ***
Espada Fish: folds 
worker0k: folds 
Rezzonner: folds 
michasia: raises $1.80 to $2.80
Winau8: calls $2.30
Supermegopro: folds 
*** FLOP *** [2c Kc 3c]
Winau8: checks 
michasia: checks 
*** TURN *** [2c Kc 3c] [Qh]
Winau8: checks 
michasia: checks 
*** RIVER *** [2c Kc 3c Qh] [8c]
Winau8: bets $3
michasia: folds 
Uncalled bet ($3) returned to Winau8
Winau8 collected $6.27 from pot
Winau8: doesn't show hand 
*** SUMMARY ***
Total pot $6.60 | Rake $0.33 
Board [2c Kc 3c Qh 8c]
Seat 1: michasia (button) folded on the River
Seat 2: Winau8 (small blind) collected ($6.27)
Seat 3: Supermegopro (big blind) folded before Flop
Seat 4: Espada Fish folded before Flop (didn't bet)
Seat 5: worker0k folded before Flop (didn't bet)
Seat 6: Rezzonner folded before Flop (didn't bet)



PokerStars Hand #254471276035:  Hold'em No Limit ($0.50/$1.00 USD) - 2025/01/20 18:36:08 WET [2025/01/20 13:36:08 ET]
Table 'Alfaterna III' 6-max Seat #2 is the button
Seat 1: michasia ($100 in chips) 
Seat 2: Winau8 ($56.82 in chips) 
Seat 3: Supermegopro ($135.52 in chips) 
Seat 4: Espada Fish ($100 in chips) 
Seat 5: worker0k ($111.93 in chips) 
Seat 6: Rezzonner ($100 in chips) 
Supermegopro: posts small blind $0.50
Espada Fish: posts big blind $1
*** HOLE CARDS ***
worker0k: folds 
Rezzonner: folds 
michasia: folds 
Winau8: folds 
Supermegopro: raises $2 to $3
Espada Fish: folds 
Uncalled bet ($2) returned to Supermegopro
Supermegopro collected $2 from pot
Supermegopro: doesn't show hand 
*** SUMMARY ***
Total pot $2 | Rake $0 
Seat 1: michasia folded before Flop (didn't bet)
Seat 2: Winau8 (button) folded before Flop (didn't bet)
Seat 3: Supermegopro (small blind) collected ($2)
Seat 4: Espada Fish (big blind) folded before Flop
Seat 5: worker0k folded before Flop (didn't bet)
Seat 6: Rezzonner folded before Flop (didn't bet)



PokerStars Hand #254471282321:  Hold'em No Limit ($0.50/$1.00 USD) - 2025/01/20 18:36:30 WET [2025/01/20 13:36:30 ET]
Table 'Alfaterna III' 6-max Seat #3 is the button
Seat 1: michasia ($100 in chips) 
Seat 2: Winau8 ($56.82 in chips) 
Seat 3: Supermegopro ($136.52 in chips) 
Seat 4: Espada Fish ($100 in chips) 
Seat 5: worker0k ($111.93 in chips) 
Seat 6: Rezzonner ($100 in chips) 
Espada Fish: posts small blind $0.50
worker0k: posts big blind $1
*** HOLE CARDS ***
Rezzonner: folds 
michasia: folds 
Winau8: folds 
Supermegopro: raises $2 to $3
Espada Fish: folds 
worker0k: folds 
Uncalled bet ($2) returned to Supermegopro
Supermegopro collected $2.50 from pot
Supermegopro: doesn't show hand 
*** SUMMARY ***
Total pot $2.50 | Rake $0 
Seat 1: michasia folded before Flop (didn't bet)
Seat 2: Winau8 folded before Flop (didn't bet)
Seat 3: Supermegopro (button) collected ($2.50)
Seat 4: Espada Fish (small blind) folded before Flop
Seat 5: worker0k (big blind) folded before Flop
Seat 6: Rezzonner folded before Flop (didn't bet)



PokerStars Hand #254471287340:  Hold'em No Limit ($0.50/$1.00 USD) - 2025/01/20 18:36:48 WET [2025/01/20 13:36:48 ET]
Table 'Alfaterna III' 6-max Seat #4 is the button
Seat 1: michasia ($100 in chips) 
Seat 2: Winau8 ($56.82 in chips) 
Seat 3: Supermegopro ($138.02 in chips) 
Seat 4: Espada Fish ($100 in chips) 
Seat 5: worker0k ($110.93 in chips) 
Seat 6: Rezzonner ($100 in chips) 
worker0k: posts small blind $0.50
Rezzonner: posts big blind $1
*** HOLE CARDS ***
michasia: raises $1.60 to $2.60
Winau8: folds 
Supermegopro: folds 
Espada Fish: folds 
worker0k: folds 
Rezzonner: raises $8.40 to $11
michasia: calls $8.40
*** FLOP *** [2c Ts 9h]
Rezzonner: bets $10.69
michasia: calls $10.69
*** TURN *** [2c Ts 9h] [6h]
Rezzonner: checks 
michasia: checks 
*** RIVER *** [2c Ts 9h 6h] [7c]
Rezzonner: checks 
michasia: bets $27.79
Rezzonner: calls $27.79
*** SHOW DOWN ***
michasia: shows [8d 9d] (a straight, Six to Ten)
Rezzonner: mucks hand 
michasia collected $96.96 from pot
*** SUMMARY ***
Total pot $99.46 | Rake $2.50 
Board [2c Ts 9h 6h 7c]
Seat 1: michasia showed [8d 9d] and won ($96.96) with a straight, Six to Ten
Seat 2: Winau8 folded before Flop (didn't bet)
Seat 3: Supermegopro folded before Flop (didn't bet)
Seat 4: Espada Fish (button) folded before Flop (didn't bet)
Seat 5: worker0k (small blind) folded before Flop
Seat 6: Rezzonner (big blind) mucked



PokerStars Hand #254471307265:  Hold'em No Limit ($0.50/$1.00 USD) - 2025/01/20 18:37:59 WET [2025/01/20 13:37:59 ET]
Table 'Alfaterna III' 6-max Seat #5 is the button
Seat 1: michasia ($147.48 in chips) 
Seat 2: Winau8 ($56.82 in chips) 
Seat 3: Supermegopro ($138.02 in chips) 
Seat 4: Espada Fish ($100 in chips) 
Seat 5: worker0k ($110.43 in chips) 
Seat 6: Rezzonner ($100 in chips) 
Rezzonner: posts small blind $0.50
michasia: posts big blind $1
*** HOLE CARDS ***
Winau8: calls $1
Supermegopro: folds 
Espada Fish: folds 
worker0k: folds 
Rezzonner: folds 
michasia: checks 
*** FLOP *** [Th Ah 5h]
michasia: checks 
Winau8: checks 
*** TURN *** [Th Ah 5h] [8d]
michasia: checks 
Winau8: bets $2
michasia: folds 
Uncalled bet ($2) returned to Winau8
Winau8 collected $2.38 from pot
Winau8: doesn't show hand 
*** SUMMARY ***
Total pot $2.50 | Rake $0.12 
Board [Th Ah 5h 8d]
Seat 1: michasia (big blind) folded on the Turn
Seat 2: Winau8 collected ($2.38)
Seat 3: Supermegopro folded before Flop (didn't bet)
Seat 4: Espada Fish folded before Flop (didn't bet)
Seat 5: worker0k (button) folded before Flop (didn't bet)
Seat 6: Rezzonner (small blind) folded before Flop



PokerStars Hand #254471313138:  Hold'em No Limit ($0.50/$1.00 USD) - 2025/01/20 18:38:20 WET [2025/01/20 13:38:20 ET]
Table 'Alfaterna III' 6-max Seat #6 is the button
Seat 1: michasia ($146.48 in chips) 
Seat 2: Winau8 ($58.20 in chips) 
Seat 3: Supermegopro ($138.02 in chips) 
Seat 4: Espada Fish ($100 in chips) 
Seat 5: worker0k ($110.43 in chips) 
Seat 6: Rezzonner ($100 in chips) 
michasia: posts small blind $0.50
Winau8: posts big blind $1
*** HOLE CARDS ***
Supermegopro: folds 
Espada Fish: folds 
worker0k: folds 
Rezzonner: raises $1.50 to $2.50
michasia: folds 
Winau8: folds 
Uncalled bet ($1.50) returned to Rezzonner
Rezzonner collected $2.50 from pot
Rezzonner: doesn't show hand 
*** SUMMARY ***
Total pot $2.50 | Rake $0 
Seat 1: michasia (small blind) folded before Flop
Seat 2: Winau8 (big blind) folded before Flop
Seat 3: Supermegopro folded before Flop (didn't bet)
Seat 4: Espada Fish folded before Flop (didn't bet)
Seat 5: worker0k folded before Flop (didn't bet)
Seat 6: Rezzonner (button) collected ($2.50)



PokerStars Hand #254471318650:  Hold'em No Limit ($0.50/$1.00 USD) - 2025/01/20 18:38:39 WET [2025/01/20 13:38:39 ET]
Table 'Alfaterna III' 6-max Seat #1 is the button
Seat 1: michasia ($145.98 in chips) 
Seat 2: Winau8 ($57.20 in chips) 
Seat 3: Supermegopro ($138.02 in chips) 
Seat 4: Espada Fish ($100 in chips) 
Seat 5: worker0k ($110.43 in chips) 
Seat 6: Rezzonner ($101.50 in chips) 
Winau8: posts small blind $0.50
Supermegopro: posts big blind $1
*** HOLE CARDS ***
Espada Fish: folds 
worker0k: folds 
Rezzonner: folds 
michasia: folds 
Winau8: calls $0.50
Supermegopro: raises $3 to $4
Winau8: folds 
Uncalled bet ($3) returned to Supermegopro
Supermegopro collected $2 from pot
Supermegopro: doesn't show hand 
*** SUMMARY ***
Total pot $2 | Rake $0 
Seat 1: michasia (button) folded before Flop (didn't bet)
Seat 2: Winau8 (small blind) folded before Flop
Seat 3: Supermegopro (big blind) collected ($2)
Seat 4: Espada Fish folded before Flop (didn't bet)
Seat 5: worker0k folded before Flop (didn't bet)
Seat 6: Rezzonner folded before Flop (didn't bet)



PokerStars Hand #254471324975:  Hold'em No Limit ($0.50/$1.00 USD) - 2025/01/20 18:39:01 WET [2025/01/20 13:39:01 ET]
Table 'Alfaterna III' 6-max Seat #2 is the button
Seat 1: michasia ($145.98 in chips) 
Seat 2: Winau8 ($56.20 in chips) 
Seat 3: Supermegopro ($139.02 in chips) 
Seat 4: Espada Fish ($100 in chips) 
Seat 5: worker0k ($110.43 in chips) 
Seat 6: Rezzonner ($101.50 in chips) 
Supermegopro: posts small blind $0.50
Espada Fish: posts big blind $1
*** HOLE CARDS ***
worker0k: folds 
Rezzonner: folds 
michasia: folds 
Winau8: folds 
Supermegopro: raises $2 to $3
worker0k leaves the table
Espada Fish: folds 
Uncalled bet ($2) returned to Supermegopro
Supermegopro collected $2 from pot
Supermegopro: doesn't show hand 
BoyLoc0 joins the table at seat #5 
*** SUMMARY ***
Total pot $2 | Rake $0 
Seat 1: michasia folded before Flop (didn't bet)
Seat 2: Winau8 (button) folded before Flop (didn't bet)
Seat 3: Supermegopro (small blind) collected ($2)
Seat 4: Espada Fish (big blind) folded before Flop
Seat 5: worker0k folded before Flop (didn't bet)
Seat 6: Rezzonner folded before Flop (didn't bet)



PokerStars Hand #254471330490:  Hold'em No Limit ($0.50/$1.00 USD) - 2025/01/20 18:39:21 WET [2025/01/20 13:39:21 ET]
Table 'Alfaterna III' 6-max Seat #3 is the button
Seat 1: michasia ($145.98 in chips) 
Seat 2: Winau8 ($56.20 in chips) 
Seat 3: Supermegopro ($140.02 in chips) 
Seat 4: Espada Fish ($100 in chips) 
Seat 5: BoyLoc0 ($100 in chips) 
Seat 6: Rezzonner ($101.50 in chips) 
Espada Fish: posts small blind $0.50
BoyLoc0: posts big blind $1
*** HOLE CARDS ***
Rezzonner: folds 
michasia: raises $1.60 to $2.60
Winau8: calls $2.60
Supermegopro: raises $9.40 to $12
Espada Fish: folds 
BoyLoc0: folds 
michasia: folds 
Winau8: calls $9.40
*** FLOP *** [9c 8c 5h]
Winau8: checks 
Supermegopro: checks 
*** TURN *** [9c 8c 5h] [9h]
Winau8: checks 
Supermegopro: checks 
*** RIVER *** [9c 8c 5h 9h] [As]
Winau8: checks 
Supermegopro: checks 
*** SHOW DOWN ***
Winau8: shows [8d Kd] (two pair, Nines and Eights)
Supermegopro: mucks hand 
Winau8 collected $26.70 from pot
*** SUMMARY ***
Total pot $28.10 | Rake $1.40 
Board [9c 8c 5h 9h As]
Seat 1: michasia folded before Flop
Seat 2: Winau8 showed [8d Kd] and won ($26.70) with two pair, Nines and Eights
Seat 3: Supermegopro (button) mucked
Seat 4: Espada Fish (small blind) folded before Flop
Seat 5: BoyLoc0 (big blind) folded before Flop
Seat 6: Rezzonner folded before Flop (didn't bet)



PokerStars Hand #254471351616:  Hold'em No Limit ($0.50/$1.00 USD) - 2025/01/20 18:40:35 WET [2025/01/20 13:40:35 ET]
Table 'Alfaterna III' 6-max Seat #4 is the button
Seat 1: michasia ($143.38 in chips) 
Seat 2: Winau8 ($70.90 in chips) 
Seat 3: Supermegopro ($128.02 in chips) 
Seat 4: Espada Fish ($100 in chips) 
Seat 5: BoyLoc0 ($100 in chips) 
Seat 6: Rezzonner ($101.50 in chips) 
BoyLoc0: posts small blind $0.50
Rezzonner: posts big blind $1
*** HOLE CARDS ***
michasia: folds 
Winau8: raises $1 to $2
Supermegopro: folds 
Espada Fish: raises $5 to $7
BoyLoc0: folds 
Rezzonner: folds 
Winau8: calls $5
*** FLOP *** [6d 3h 2s]
Winau8: checks 
Espada Fish: bets $7.36
Winau8: folds 
Uncalled bet ($7.36) returned to Espada Fish
Espada Fish collected $14.72 from pot
Espada Fish: doesn't show hand 
*** SUMMARY ***
Total pot $15.50 | Rake $0.78 
Board [6d 3h 2s]
Seat 1: michasia folded before Flop (didn't bet)
Seat 2: Winau8 folded on the Flop
Seat 3: Supermegopro folded before Flop (didn't bet)
Seat 4: Espada Fish (button) collected ($14.72)
Seat 5: BoyLoc0 (small blind) folded before Flop
Seat 6: Rezzonner (big blind) folded before Flop



PokerStars Hand #254471362564:  Hold'em No Limit ($0.50/$1.00 USD) - 2025/01/20 18:41:13 WET [2025/01/20 13:41:13 ET]
Table 'Alfaterna III' 6-max Seat #5 is the button
Seat 1: michasia ($143.38 in chips) 
Seat 2: Winau8 ($63.90 in chips) 
Seat 3: Supermegopro ($128.02 in chips) 
Seat 4: Espada Fish ($107.72 in chips) 
Seat 5: BoyLoc0 ($100 in chips) 
Seat 6: Rezzonner ($100.50 in chips) 
Rezzonner: posts small blind $0.50
michasia: posts big blind $1
*** HOLE CARDS ***
Winau8: calls $1
Supermegopro: folds 
Espada Fish: folds 
BoyLoc0: folds 
Rezzonner: folds 
michasia: checks 
*** FLOP *** [4c 7d 7c]
michasia: checks 
Winau8: checks 
*** TURN *** [4c 7d 7c] [Qs]
michasia: checks 
Winau8: checks 
*** RIVER *** [4c 7d 7c Qs] [6s]
michasia: checks 
Winau8: bets $3
michasia: folds 
Uncalled bet ($3) returned to Winau8
Winau8 collected $2.38 from pot
Winau8: doesn't show hand 
*** SUMMARY ***
Total pot $2.50 | Rake $0.12 
Board [4c 7d 7c Qs 6s]
Seat 1: michasia (big blind) folded on the River
Seat 2: Winau8 collected ($2.38)
Seat 3: Supermegopro folded before Flop (didn't bet)
Seat 4: Espada Fish folded before Flop (didn't bet)
Seat 5: BoyLoc0 (button) folded before Flop (didn't bet)
Seat 6: Rezzonner (small blind) folded before Flop



PokerStars Hand #254471372690:  Hold'em No Limit ($0.50/$1.00 USD) - 2025/01/20 18:41:48 WET [2025/01/20 13:41:48 ET]
Table 'Alfaterna III' 6-max Seat #6 is the button
Seat 1: michasia ($142.38 in chips) 
Seat 2: Winau8 ($65.28 in chips) 
Seat 3: Supermegopro ($128.02 in chips) 
Seat 4: Espada Fish ($107.72 in chips) 
Seat 5: BoyLoc0 ($100 in chips) 
Seat 6: Rezzonner ($100 in chips) 
michasia: posts small blind $0.50
Winau8: posts big blind $1
*** HOLE CARDS ***
Supermegopro: folds 
Espada Fish: raises $1.20 to $2.20
BoyLoc0: folds 
Rezzonner: calls $2.20
michasia: folds 
Winau8: folds 
*** FLOP *** [5d 2h 2d]
Espada Fish: checks 
Rezzonner: bets $1.85
Espada Fish: calls $1.85
*** TURN *** [5d 2h 2d] [As]
Espada Fish: checks 
Rezzonner: checks 
*** RIVER *** [5d 2h 2d As] [5h]
Espada Fish: bets $6.84
Rezzonner: folds 
Uncalled bet ($6.84) returned to Espada Fish
Espada Fish collected $9.12 from pot
Espada Fish: doesn't show hand 
*** SUMMARY ***
Total pot $9.60 | Rake $0.48 
Board [5d 2h 2d As 5h]
Seat 1: michasia (small blind) folded before Flop
Seat 2: Winau8 (big blind) folded before Flop
Seat 3: Supermegopro folded before Flop (didn't bet)
Seat 4: Espada Fish collected ($9.12)
Seat 5: BoyLoc0 folded before Flop (didn't bet)
Seat 6: Rezzonner (button) folded on the River



PokerStars Hand #254471399767:  Hold'em No Limit ($0.50/$1.00 USD) - 2025/01/20 18:43:23 WET [2025/01/20 13:43:23 ET]
Table 'Alfaterna III' 6-max Seat #2 is the button
Seat 1: michasia ($141.88 in chips) is sitting out
Seat 2: Winau8 ($64.28 in chips) 
Seat 3: Supermegopro ($128.02 in chips) 
Seat 4: Espada Fish ($112.79 in chips) 
Seat 5: BoyLoc0 ($100 in chips) 
Seat 6: Rezzonner ($100 in chips) 
Supermegopro: posts small blind $0.50
Espada Fish: posts big blind $1
*** HOLE CARDS ***
BoyLoc0: folds 
Rezzonner: folds 
Winau8: raises $1 to $2
Supermegopro: folds 
Espada Fish: folds 
Uncalled bet ($1) returned to Winau8
Winau8 collected $2.50 from pot
Winau8: doesn't show hand 
*** SUMMARY ***
Total pot $2.50 | Rake $0 
Seat 1: michasia
Seat 2: Winau8 (button) collected ($2.50)
Seat 3: Supermegopro (small blind) folded before Flop
Seat 4: Espada Fish (big blind) folded before Flop
Seat 5: BoyLoc0 folded before Flop (didn't bet)
Seat 6: Rezzonner folded before Flop (didn't bet)



PokerStars Hand #254472526169:  Hold'em No Limit ($0.50/$1.00 USD) - 2025/01/20 19:49:32 WET [2025/01/20 14:49:32 ET]
Table 'Alfaterna III' 6-max Seat #2 is the button
Seat 1: michasia ($139.02 in chips) 
Seat 2: Winau8 ($47.01 in chips) 
Seat 3: UnRRRReal ($100.50 in chips) 
Seat 4: Espada Fish ($100.88 in chips) 
Seat 5: BoyLoc0 ($110.19 in chips) 
Seat 6: sta$igk ($109.69 in chips) 
UnRRRReal: posts small blind $0.50
Espada Fish: posts big blind $1
*** HOLE CARDS ***
BoyLoc0: folds 
sta$igk: folds 
michasia: folds 
Winau8: calls $1
UnRRRReal: raises $3 to $4
Espada Fish: folds 
Winau8: calls $3
*** FLOP *** [3h Qh 8s]
UnRRRReal: bets $2.82
Winau8: calls $2.82
*** TURN *** [3h Qh 8s] [9d]
UnRRRReal: checks 
Winau8: bets $5
UnRRRReal: folds 
Uncalled bet ($5) returned to Winau8
Winau8 collected $13.91 from pot
Winau8: doesn't show hand 
*** SUMMARY ***
Total pot $14.64 | Rake $0.73 
Board [3h Qh 8s 9d]
Seat 1: michasia folded before Flop (didn't bet)
Seat 2: Winau8 (button) collected ($13.91)
Seat 3: UnRRRReal (small blind) folded on the Turn
Seat 4: Espada Fish (big blind) folded before Flop
Seat 5: BoyLoc0 folded before Flop (didn't bet)
Seat 6: sta$igk folded before Flop (didn't bet)



PokerStars Hand #254472543089:  Hold'em No Limit ($0.50/$1.00 USD) - 2025/01/20 19:50:27 WET [2025/01/20 14:50:27 ET]
Table 'Alfaterna III' 6-max Seat #3 is the button
Seat 1: michasia ($139.02 in chips) 
Seat 2: Winau8 ($54.10 in chips) 
Seat 3: UnRRRReal ($100 in chips) 
Seat 4: Espada Fish ($100 in chips) 
Seat 5: BoyLoc0 ($110.19 in chips) 
Seat 6: sta$igk ($109.69 in chips) 
Espada Fish: posts small blind $0.50
BoyLoc0: posts big blind $1
*** HOLE CARDS ***
sta$igk: folds 
michasia: raises $1.60 to $2.60
Winau8: folds 
UnRRRReal: folds 
Espada Fish: folds 
BoyLoc0: folds 
Uncalled bet ($1.60) returned to michasia
michasia collected $2.50 from pot
michasia: doesn't show hand 
*** SUMMARY ***
Total pot $2.50 | Rake $0 
Seat 1: michasia collected ($2.50)
Seat 2: Winau8 folded before Flop (didn't bet)
Seat 3: UnRRRReal (button) folded before Flop (didn't bet)
Seat 4: Espada Fish (small blind) folded before Flop
Seat 5: BoyLoc0 (big blind) folded before Flop
Seat 6: sta$igk folded before Flop (didn't bet)



PokerStars Hand #254472548410:  Hold'em No Limit ($0.50/$1.00 USD) - 2025/01/20 19:50:43 WET [2025/01/20 14:50:43 ET]
Table 'Alfaterna III' 6-max Seat #4 is the button
Seat 1: michasia ($140.52 in chips) 
Seat 2: Winau8 ($54.10 in chips) 
Seat 3: UnRRRReal ($100 in chips) 
Seat 4: Espada Fish ($100 in chips) 
Seat 5: BoyLoc0 ($109.19 in chips) 
Seat 6: sta$igk ($109.69 in chips) 
BoyLoc0: posts small blind $0.50
sta$igk: posts big blind $1
*** HOLE CARDS ***
michasia: raises $1.60 to $2.60
Winau8: calls $2.60
UnRRRReal: folds 
Espada Fish: folds 
BoyLoc0: raises $11.40 to $14
sta$igk: folds 
michasia: folds 
Winau8: folds 
Uncalled bet ($11.40) returned to BoyLoc0
BoyLoc0 collected $8.80 from pot
BoyLoc0: doesn't show hand 
*** SUMMARY ***
Total pot $8.80 | Rake $0 
Seat 1: michasia folded before Flop
Seat 2: Winau8 folded before Flop
Seat 3: UnRRRReal folded before Flop (didn't bet)
Seat 4: Espada Fish (button) folded before Flop (didn't bet)
Seat 5: BoyLoc0 (small blind) collected ($8.80)
Seat 6: sta$igk (big blind) folded before Flop



PokerStars Hand #254472559351:  Hold'em No Limit ($0.50/$1.00 USD) - 2025/01/20 19:51:19 WET [2025/01/20 14:51:19 ET]
Table 'Alfaterna III' 6-max Seat #5 is the button
Seat 1: michasia ($137.92 in chips) 
Seat 2: Winau8 ($51.50 in chips) 
Seat 3: UnRRRReal ($100 in chips) 
Seat 4: Espada Fish ($100 in chips) 
Seat 5: BoyLoc0 ($115.39 in chips) 
Seat 6: sta$igk ($108.69 in chips) 
sta$igk: posts small blind $0.50
michasia: posts big blind $1
*** HOLE CARDS ***
Winau8: calls $1
UnRRRReal: folds 
Espada Fish: folds 
BoyLoc0: folds 
sta$igk: folds 
michasia: raises $2.50 to $3.50
Winau8: calls $2.50
*** FLOP *** [Kh 5d Qc]
michasia: checks 
Winau8: checks 
*** TURN *** [Kh 5d Qc] [8c]
michasia: bets $4.75
Winau8: folds 
Uncalled bet ($4.75) returned to michasia
michasia collected $7.12 from pot
michasia: doesn't show hand 
*** SUMMARY ***
Total pot $7.50 | Rake $0.38 
Board [Kh 5d Qc 8c]
Seat 1: michasia (big blind) collected ($7.12)
Seat 2: Winau8 folded on the Turn
Seat 3: UnRRRReal folded before Flop (didn't bet)
Seat 4: Espada Fish folded before Flop (didn't bet)
Seat 5: BoyLoc0 (button) folded before Flop (didn't bet)
Seat 6: sta$igk (small blind) folded before Flop



PokerStars Hand #254472571360:  Hold'em No Limit ($0.50/$1.00 USD) - 2025/01/20 19:51:58 WET [2025/01/20 14:51:58 ET]
Table 'Alfaterna III' 6-max Seat #6 is the button
Seat 1: michasia ($141.54 in chips) 
Seat 2: Winau8 ($48 in chips) 
Seat 3: UnRRRReal ($100 in chips) 
Seat 4: Espada Fish ($100 in chips) 
Seat 5: BoyLoc0 ($115.39 in chips) 
Seat 6: sta$igk ($108.19 in chips) 
michasia: posts small blind $0.50
Winau8: posts big blind $1
*** HOLE CARDS ***
UnRRRReal: folds 
Espada Fish: folds 
UnRRRReal leaves the table
BoyLoc0: folds 
sta$igk: raises $1.50 to $2.50
michasia: folds 
Winau8: calls $1.50
*** FLOP *** [Kh Qh 9h]
Rdalonso joins the table at seat #3 
Winau8: checks 
sta$igk: checks 
*** TURN *** [Kh Qh 9h] [8s]
Winau8: bets $6
sta$igk: calls $6
*** RIVER *** [Kh Qh 9h 8s] [Jh]
Winau8: checks 
sta$igk: checks 
*** SHOW DOWN ***
Winau8: shows [Jc Ts] (a straight, Nine to King)
sta$igk: mucks hand 
Winau8 collected $16.62 from pot
*** SUMMARY ***
Total pot $17.50 | Rake $0.88 
Board [Kh Qh 9h 8s Jh]
Seat 1: michasia (small blind) folded before Flop
Seat 2: Winau8 (big blind) showed [Jc Ts] and won ($16.62) with a straight, Nine to King
Seat 3: UnRRRReal folded before Flop (didn't bet)
Seat 4: Espada Fish folded before Flop (didn't bet)
Seat 5: BoyLoc0 folded before Flop (didn't bet)
Seat 6: sta$igk (button) mucked



PokerStars Hand #254472590237:  Hold'em No Limit ($0.50/$1.00 USD) - 2025/01/20 19:52:59 WET [2025/01/20 14:52:59 ET]
Table 'Alfaterna III' 6-max Seat #1 is the button
Seat 1: michasia ($141.04 in chips) 
Seat 2: Winau8 ($56.12 in chips) 
Seat 3: Rdalonso ($100 in chips) 
Seat 4: Espada Fish ($100 in chips) 
Seat 5: BoyLoc0 ($115.39 in chips) 
Seat 6: sta$igk ($100 in chips) 
Winau8: posts small blind $0.50
Rdalonso: posts big blind $1
*** HOLE CARDS ***
Espada Fish: folds 
BoyLoc0: folds 
sta$igk: raises $1.50 to $2.50
michasia: folds 
Winau8: folds 
Espada Fish leaves the table
MaRKiToScoK joins the table at seat #4 
Rdalonso: raises $9.50 to $12
sta$igk: calls $9.50
*** FLOP *** [8d 3h 3s]
Rdalonso: checks 
sta$igk: checks 
*** TURN *** [8d 3h 3s] [5h]
Rdalonso: checks 
sta$igk: checks 
*** RIVER *** [8d 3h 3s 5h] [8s]
Rdalonso: checks 
sta$igk: checks 
*** SHOW DOWN ***
Rdalonso: shows [Ah Kh] (two pair, Eights and Threes)
sta$igk: shows [Ac Qc] (two pair, Eights and Threes)
Rdalonso collected $11.64 from pot
sta$igk collected $11.64 from pot
*** SUMMARY ***
Total pot $24.50 | Rake $1.22 
Board [8d 3h 3s 5h 8s]
Seat 1: michasia (button) folded before Flop (didn't bet)
Seat 2: Winau8 (small blind) folded before Flop
Seat 3: Rdalonso (big blind) showed [Ah Kh] and won ($11.64) with two pair, Eights and Threes
Seat 4: Espada Fish folded before Flop (didn't bet)
Seat 5: BoyLoc0 folded before Flop (didn't bet)
Seat 6: sta$igk showed [Ac Qc] and won ($11.64) with two pair, Eights and Threes



PokerStars Hand #254472614486:  Hold'em No Limit ($0.50/$1.00 USD) - 2025/01/20 19:54:18 WET [2025/01/20 14:54:18 ET]
Table 'Alfaterna III' 6-max Seat #2 is the button
Seat 1: michasia ($141.04 in chips) 
Seat 2: Winau8 ($55.62 in chips) 
Seat 3: Rdalonso ($100 in chips) 
Seat 4: MaRKiToScoK ($100 in chips) 
Seat 5: BoyLoc0 ($115.39 in chips) 
Seat 6: sta$igk ($100 in chips) 
Rdalonso: posts small blind $0.50
MaRKiToScoK: posts big blind $1
*** HOLE CARDS ***
BoyLoc0: folds 
sta$igk: folds 
michasia: folds 
Winau8: raises $1 to $2
Rdalonso: folds 
MaRKiToScoK: calls $1
*** FLOP *** [3d 6d 4s]
MaRKiToScoK: checks 
Winau8: checks 
*** TURN *** [3d 6d 4s] [5c]
MaRKiToScoK: checks 
Winau8: bets $3
MaRKiToScoK: folds 
Uncalled bet ($3) returned to Winau8
Winau8 collected $4.28 from pot
Winau8: doesn't show hand 
*** SUMMARY ***
Total pot $4.50 | Rake $0.22 
Board [3d 6d 4s 5c]
Seat 1: michasia folded before Flop (didn't bet)
Seat 2: Winau8 (button) collected ($4.28)
Seat 3: Rdalonso (small blind) folded before Flop
Seat 4: MaRKiToScoK (big blind) folded on the Turn
Seat 5: BoyLoc0 folded before Flop (didn't bet)
Seat 6: sta$igk folded before Flop (didn't bet)



PokerStars Hand #254472626463:  Hold'em No Limit ($0.50/$1.00 USD) - 2025/01/20 19:54:56 WET [2025/01/20 14:54:56 ET]
Table 'Alfaterna III' 6-max Seat #3 is the button
Seat 1: michasia ($141.04 in chips) 
Seat 2: Winau8 ($57.90 in chips) 
Seat 3: Rdalonso ($100 in chips) 
Seat 4: MaRKiToScoK ($100 in chips) 
Seat 5: BoyLoc0 ($115.39 in chips) 
Seat 6: sta$igk ($100 in chips) 
MaRKiToScoK: posts small blind $0.50
BoyLoc0: posts big blind $1
*** HOLE CARDS ***
sta$igk: folds 
michasia: folds 
Winau8: calls $1
Rdalonso: folds 
MaRKiToScoK: raises $2 to $3
BoyLoc0: raises $9 to $12
Winau8: folds 
MaRKiToScoK: folds 
Uncalled bet ($9) returned to BoyLoc0
BoyLoc0 collected $7 from pot
BoyLoc0: doesn't show hand 
*** SUMMARY ***
Total pot $7 | Rake $0 
Seat 1: michasia folded before Flop (didn't bet)
Seat 2: Winau8 folded before Flop
Seat 3: Rdalonso (button) folded before Flop (didn't bet)
Seat 4: MaRKiToScoK (small blind) folded before Flop
Seat 5: BoyLoc0 (big blind) collected ($7)
Seat 6: sta$igk folded before Flop (didn't bet)



PokerStars Hand #254472632520:  Hold'em No Limit ($0.50/$1.00 USD) - 2025/01/20 19:55:21 WET [2025/01/20 14:55:21 ET]
Table 'Alfaterna III' 6-max Seat #4 is the button
Seat 1: michasia ($141.04 in chips) 
Seat 2: Winau8 ($56.90 in chips) 
Seat 3: Rdalonso ($100 in chips) 
Seat 4: MaRKiToScoK ($100 in chips) 
Seat 5: BoyLoc0 ($119.39 in chips) 
Seat 6: sta$igk ($100 in chips) 
BoyLoc0: posts small blind $0.50
sta$igk: posts big blind $1
*** HOLE CARDS ***
michasia: folds 
Winau8: folds 
Rdalonso: folds 
MaRKiToScoK: raises $1.50 to $2.50
BoyLoc0: folds 
sta$igk: calls $1.50
*** FLOP *** [2s Ad Jh]
sta$igk: checks 
MaRKiToScoK: bets $1.72
sta$igk: calls $1.72
*** TURN *** [2s Ad Jh] [6c]
sta$igk: checks 
MaRKiToScoK: checks 
*** RIVER *** [2s Ad Jh 6c] [8d]
sta$igk: checks 
MaRKiToScoK: checks 
*** SHOW DOWN ***
sta$igk: shows [As 7c] (a pair of Aces)
MaRKiToScoK: mucks hand 
sta$igk collected $8.49 from pot
*** SUMMARY ***
Total pot $8.94 | Rake $0.45 
Board [2s Ad Jh 6c 8d]
Seat 1: michasia folded before Flop (didn't bet)
Seat 2: Winau8 folded before Flop (didn't bet)
Seat 3: Rdalonso folded before Flop (didn't bet)
Seat 4: MaRKiToScoK (button) mucked
Seat 5: BoyLoc0 (small blind) folded before Flop
Seat 6: sta$igk (big blind) showed [As 7c] and won ($8.49) with a pair of Aces



PokerStars Hand #254472646015:  Hold'em No Limit ($0.50/$1.00 USD) - 2025/01/20 19:56:23 WET [2025/01/20 14:56:23 ET]
Table 'Alfaterna III' 6-max Seat #5 is the button
Seat 1: michasia ($141.04 in chips) 
Seat 2: Winau8 ($56.90 in chips) 
Seat 3: Rdalonso ($100 in chips) 
Seat 4: MaRKiToScoK ($100 in chips) 
Seat 5: BoyLoc0 ($118.89 in chips) 
Seat 6: sta$igk ($104.27 in chips) 
sta$igk: posts small blind $0.50
michasia: posts big blind $1
*** HOLE CARDS ***
Winau8: calls $1
Rdalonso: folds 
MaRKiToScoK: folds 
BoyLoc0: raises $3 to $4
sta$igk: folds 
michasia: raises $12 to $16
Winau8: folds 
BoyLoc0: folds 
Uncalled bet ($12) returned to michasia
michasia collected $9.50 from pot
michasia: doesn't show hand 
*** SUMMARY ***
Total pot $9.50 | Rake $0 
Seat 1: michasia (big blind) collected ($9.50)
Seat 2: Winau8 folded before Flop
Seat 3: Rdalonso folded before Flop (didn't bet)
Seat 4: MaRKiToScoK folded before Flop (didn't bet)
Seat 5: BoyLoc0 (button) folded before Flop
Seat 6: sta$igk (small blind) folded before Flop



PokerStars Hand #254472651335:  Hold'em No Limit ($0.50/$1.00 USD) - 2025/01/20 19:56:47 WET [2025/01/20 14:56:47 ET]
Table 'Alfaterna III' 6-max Seat #6 is the button
Seat 1: michasia ($146.54 in chips) 
Seat 2: Winau8 ($55.90 in chips) 
Seat 3: Rdalonso ($100 in chips) 
Seat 4: MaRKiToScoK ($100 in chips) 
Seat 5: BoyLoc0 ($114.89 in chips) 
Seat 6: sta$igk ($103.77 in chips) 
michasia: posts small blind $0.50
Winau8: posts big blind $1
*** HOLE CARDS ***
Rdalonso: folds 
MaRKiToScoK: folds 
BoyLoc0: raises $1.50 to $2.50
sta$igk: folds 
michasia: folds 
Winau8: folds 
Uncalled bet ($1.50) returned to BoyLoc0
BoyLoc0 collected $2.50 from pot
BoyLoc0: doesn't show hand 
*** SUMMARY ***
Total pot $2.50 | Rake $0 
Seat 1: michasia (small blind) folded before Flop
Seat 2: Winau8 (big blind) folded before Flop
Seat 3: Rdalonso folded before Flop (didn't bet)
Seat 4: MaRKiToScoK folded before Flop (didn't bet)
Seat 5: BoyLoc0 collected ($2.50)
Seat 6: sta$igk (button) folded before Flop (didn't bet)



PokerStars Hand #254472656177:  Hold'em No Limit ($0.50/$1.00 USD) - 2025/01/20 19:57:09 WET [2025/01/20 14:57:09 ET]
Table 'Alfaterna III' 6-max Seat #1 is the button
Seat 1: michasia ($146.04 in chips) 
Seat 2: Winau8 ($54.90 in chips) 
Seat 3: Rdalonso ($100 in chips) 
Seat 4: MaRKiToScoK ($100 in chips) 
Seat 5: BoyLoc0 ($116.39 in chips) 
Seat 6: sta$igk ($103.77 in chips) 
Winau8: posts small blind $0.50
Rdalonso: posts big blind $1
*** HOLE CARDS ***
MaRKiToScoK: folds 
BoyLoc0: raises $1.50 to $2.50
sta$igk: folds 
michasia: folds 
Winau8: calls $2
Rdalonso: folds 
*** FLOP *** [As 8c Qs]
Winau8: checks 
BoyLoc0: bets $4.28
Winau8: folds 
Uncalled bet ($4.28) returned to BoyLoc0
BoyLoc0 collected $5.70 from pot
BoyLoc0: doesn't show hand 
*** SUMMARY ***
Total pot $6 | Rake $0.30 
Board [As 8c Qs]
Seat 1: michasia (button) folded before Flop (didn't bet)
Seat 2: Winau8 (small blind) folded on the Flop
Seat 3: Rdalonso (big blind) folded before Flop
Seat 4: MaRKiToScoK folded before Flop (didn't bet)
Seat 5: BoyLoc0 collected ($5.70)
Seat 6: sta$igk folded before Flop (didn't bet)



PokerStars Hand #254472664465:  Hold'em No Limit ($0.50/$1.00 USD) - 2025/01/20 19:57:46 WET [2025/01/20 14:57:46 ET]
Table 'Alfaterna III' 6-max Seat #2 is the button
Seat 1: michasia ($146.04 in chips) 
Seat 2: Winau8 ($52.40 in chips) 
Seat 3: Rdalonso ($100 in chips) 
Seat 4: MaRKiToScoK ($100 in chips) 
Seat 5: BoyLoc0 ($119.59 in chips) 
Seat 6: sta$igk ($103.77 in chips) 
Rdalonso: posts small blind $0.50
MaRKiToScoK: posts big blind $1
*** HOLE CARDS ***
BoyLoc0: folds 
sta$igk: folds 
michasia: raises $1.80 to $2.80
Winau8: folds 
Rdalonso: raises $8.20 to $11
MaRKiToScoK: folds 
michasia: calls $8.20
*** FLOP *** [Qd 8c 7c]
Rdalonso: bets $14.42
michasia: folds 
Uncalled bet ($14.42) returned to Rdalonso
Rdalonso collected $21.85 from pot
Rdalonso: doesn't show hand 
*** SUMMARY ***
Total pot $23 | Rake $1.15 
Board [Qd 8c 7c]
Seat 1: michasia folded on the Flop
Seat 2: Winau8 (button) folded before Flop (didn't bet)
Seat 3: Rdalonso (small blind) collected ($21.85)
Seat 4: MaRKiToScoK (big blind) folded before Flop
Seat 5: BoyLoc0 folded before Flop (didn't bet)
Seat 6: sta$igk folded before Flop (didn't bet)



PokerStars Hand #254472675143:  Hold'em No Limit ($0.50/$1.00 USD) - 2025/01/20 19:58:34 WET [2025/01/20 14:58:34 ET]
Table 'Alfaterna III' 6-max Seat #3 is the button
Seat 1: michasia ($135.04 in chips) 
Seat 2: Winau8 ($52.40 in chips) 
Seat 3: Rdalonso ($110.85 in chips) 
Seat 4: MaRKiToScoK ($100 in chips) 
Seat 5: BoyLoc0 ($119.59 in chips) 
Seat 6: sta$igk ($103.77 in chips) 
MaRKiToScoK: posts small blind $0.50
BoyLoc0: posts big blind $1
*** HOLE CARDS ***
sta$igk: folds 
michasia: folds 
Winau8: folds 
Rdalonso: raises $1.50 to $2.50
MaRKiToScoK: folds 
BoyLoc0: calls $1.50
*** FLOP *** [Jh 4d 3d]
BoyLoc0: checks 
Rdalonso: bets $2.61
BoyLoc0: folds 
Uncalled bet ($2.61) returned to Rdalonso
Rdalonso collected $5.22 from pot
Rdalonso: doesn't show hand 
*** SUMMARY ***
Total pot $5.50 | Rake $0.28 
Board [Jh 4d 3d]
Seat 1: michasia folded before Flop (didn't bet)
Seat 2: Winau8 folded before Flop (didn't bet)
Seat 3: Rdalonso (button) collected ($5.22)
Seat 4: MaRKiToScoK (small blind) folded before Flop
Seat 5: BoyLoc0 (big blind) folded on the Flop
Seat 6: sta$igk folded before Flop (didn't bet)



PokerStars Hand #254472685125:  Hold'em No Limit ($0.50/$1.00 USD) - 2025/01/20 19:59:20 WET [2025/01/20 14:59:20 ET]
Table 'Alfaterna III' 6-max Seat #4 is the button
Seat 1: michasia ($135.04 in chips) 
Seat 2: Winau8 ($52.40 in chips) 
Seat 3: Rdalonso ($113.57 in chips) 
Seat 4: MaRKiToScoK ($100 in chips) 
Seat 5: BoyLoc0 ($117.09 in chips) 
Seat 6: sta$igk ($103.77 in chips) 
BoyLoc0: posts small blind $0.50
sta$igk: posts big blind $1
*** HOLE CARDS ***
michasia: folds 
Winau8: folds 
Rdalonso: folds 
MaRKiToScoK: raises $1.50 to $2.50
BoyLoc0: raises $7.50 to $10
sta$igk: folds 
MaRKiToScoK: raises $12.50 to $22.50
BoyLoc0: raises $94.59 to $117.09 and is all-in
MaRKiToScoK: calls $77.50 and is all-in
Uncalled bet ($17.09) returned to BoyLoc0
*** FLOP *** [5c 6c 8d]
*** TURN *** [5c 6c 8d] [Qh]
*** RIVER *** [5c 6c 8d Qh] [5s]
*** SHOW DOWN ***
BoyLoc0: shows [4s As] (a pair of Fives)
MaRKiToScoK: shows [Js Jc] (two pair, Jacks and Fives)
MaRKiToScoK collected $198.50 from pot
*** SUMMARY ***
Total pot $201 | Rake $2.50 
Board [5c 6c 8d Qh 5s]
Seat 1: michasia folded before Flop (didn't bet)
Seat 2: Winau8 folded before Flop (didn't bet)
Seat 3: Rdalonso folded before Flop (didn't bet)
Seat 4: MaRKiToScoK (button) showed [Js Jc] and won ($198.50) with two pair, Jacks and Fives
Seat 5: BoyLoc0 (small blind) showed [4s As] and lost with a pair of Fives
Seat 6: sta$igk (big blind) folded before Flop



PokerStars Hand #254472694058:  Hold'em No Limit ($0.50/$1.00 USD) - 2025/01/20 19:59:59 WET [2025/01/20 14:59:59 ET]
Table 'Alfaterna III' 6-max Seat #5 is the button
Seat 1: michasia ($135.04 in chips) 
Seat 2: Winau8 ($52.40 in chips) 
Seat 3: Rdalonso ($113.57 in chips) 
Seat 4: MaRKiToScoK ($198.50 in chips) 
Seat 5: BoyLoc0 ($100 in chips) 
Seat 6: sta$igk ($102.77 in chips) 
sta$igk: posts small blind $0.50
michasia: posts big blind $1
*** HOLE CARDS ***
Winau8: folds 
Rdalonso: folds 
MaRKiToScoK: folds 
BoyLoc0: raises $1.50 to $2.50
sta$igk: folds 
michasia: raises $9.50 to $12
BoyLoc0: calls $9.50
*** FLOP *** [As 5h 7s]
michasia: bets $7.68
BoyLoc0: calls $7.68
*** TURN *** [As 5h 7s] [9s]
michasia: bets $25.25
BoyLoc0: calls $25.25
*** RIVER *** [As 5h 7s 9s] [Jh]
michasia: bets $90.11 and is all-in
BoyLoc0: folds 
Uncalled bet ($90.11) returned to michasia
michasia collected $87.86 from pot
michasia: doesn't show hand 
*** SUMMARY ***
Total pot $90.36 | Rake $2.50 
Board [As 5h 7s 9s Jh]
Seat 1: michasia (big blind) collected ($87.86)
Seat 2: Winau8 folded before Flop (didn't bet)
Seat 3: Rdalonso folded before Flop (didn't bet)
Seat 4: MaRKiToScoK folded before Flop (didn't bet)
Seat 5: BoyLoc0 (button) folded on the River
Seat 6: sta$igk (small blind) folded before Flop



PokerStars Hand #254472709325:  Hold'em No Limit ($0.50/$1.00 USD) - 2025/01/20 20:01:00 WET [2025/01/20 15:01:00 ET]
Table 'Alfaterna III' 6-max Seat #6 is the button
Seat 1: michasia ($177.97 in chips) 
Seat 2: Winau8 ($52.40 in chips) 
Seat 3: Rdalonso ($113.57 in chips) 
Seat 4: MaRKiToScoK ($198.50 in chips) 
Seat 5: BoyLoc0 ($100 in chips) 
Seat 6: sta$igk ($102.27 in chips) 
michasia: posts small blind $0.50
Winau8: posts big blind $1
*** HOLE CARDS ***
Rdalonso: raises $1.50 to $2.50
MaRKiToScoK: folds 
BoyLoc0: folds 
sta$igk: folds 
michasia: folds 
Winau8: calls $1.50
*** FLOP *** [As Qc 9h]
Winau8: checks 
Rdalonso: bets $1.72
Winau8: calls $1.72
*** TURN *** [As Qc 9h] [Ad]
Winau8: bets $4
Rdalonso: folds 
Uncalled bet ($4) returned to Winau8
Winau8 collected $8.49 from pot
Winau8: doesn't show hand 
*** SUMMARY ***
Total pot $8.94 | Rake $0.45 
Board [As Qc 9h Ad]
Seat 1: michasia (small blind) folded before Flop
Seat 2: Winau8 (big blind) collected ($8.49)
Seat 3: Rdalonso folded on the Turn
Seat 4: MaRKiToScoK folded before Flop (didn't bet)
Seat 5: BoyLoc0 folded before Flop (didn't bet)
Seat 6: sta$igk (button) folded before Flop (didn't bet)



PokerStars Hand #254472729349:  Hold'em No Limit ($0.50/$1.00 USD) - 2025/01/20 20:02:09 WET [2025/01/20 15:02:09 ET]
Table 'Alfaterna III' 6-max Seat #1 is the button
Seat 1: michasia ($177.47 in chips) 
Seat 2: Winau8 ($56.67 in chips) 
Seat 3: Rdalonso ($109.35 in chips) 
Seat 4: MaRKiToScoK ($198.50 in chips) 
Seat 5: BoyLoc0 ($100 in chips) 
Seat 6: sta$igk ($102.27 in chips) 
Winau8: posts small blind $0.50
Rdalonso: posts big blind $1
*** HOLE CARDS ***
MaRKiToScoK: folds 
BoyLoc0: folds 
sta$igk: raises $1.50 to $2.50
michasia: folds 
Winau8: folds 
Rdalonso: folds 
Uncalled bet ($1.50) returned to sta$igk
sta$igk collected $2.50 from pot
sta$igk: doesn't show hand 
*** SUMMARY ***
Total pot $2.50 | Rake $0 
Seat 1: michasia (button) folded before Flop (didn't bet)
Seat 2: Winau8 (small blind) folded before Flop
Seat 3: Rdalonso (big blind) folded before Flop
Seat 4: MaRKiToScoK folded before Flop (didn't bet)
Seat 5: BoyLoc0 folded before Flop (didn't bet)
Seat 6: sta$igk collected ($2.50)



PokerStars Hand #254472736395:  Hold'em No Limit ($0.50/$1.00 USD) - 2025/01/20 20:02:31 WET [2025/01/20 15:02:31 ET]
Table 'Alfaterna III' 6-max Seat #2 is the button
Seat 1: michasia ($177.47 in chips) 
Seat 2: Winau8 ($56.17 in chips) 
Seat 3: Rdalonso ($108.35 in chips) 
Seat 4: MaRKiToScoK ($198.50 in chips) 
Seat 5: BoyLoc0 ($100 in chips) 
Seat 6: sta$igk ($103.77 in chips) 
Rdalonso: posts small blind $0.50
MaRKiToScoK: posts big blind $1
*** HOLE CARDS ***
BoyLoc0: raises $1.50 to $2.50
sta$igk: folds 
michasia: folds 
Winau8: calls $2.50
Rdalonso: folds 
MaRKiToScoK: calls $1.50
*** FLOP *** [5h Jc 4c]
MaRKiToScoK: checks 
BoyLoc0: checks 
Winau8: checks 
*** TURN *** [5h Jc 4c] [9d]
MaRKiToScoK: bets $11.40
BoyLoc0: folds 
Winau8: calls $11.40
*** RIVER *** [5h Jc 4c 9d] [Jh]
MaRKiToScoK: checks 
Winau8: checks 
*** SHOW DOWN ***
MaRKiToScoK: shows [4s Js] (a full house, Jacks full of Fours)
Winau8: mucks hand 
MaRKiToScoK collected $29.26 from pot
*** SUMMARY ***
Total pot $30.80 | Rake $1.54 
Board [5h Jc 4c 9d Jh]
Seat 1: michasia folded before Flop (didn't bet)
Seat 2: Winau8 (button) mucked
Seat 3: Rdalonso (small blind) folded before Flop
Seat 4: MaRKiToScoK (big blind) showed [4s Js] and won ($29.26) with a full house, Jacks full of Fours
Seat 5: BoyLoc0 folded on the Turn
Seat 6: sta$igk folded before Flop (didn't bet)



PokerStars Hand #254472764577:  Hold'em No Limit ($0.50/$1.00 USD) - 2025/01/20 20:03:59 WET [2025/01/20 15:03:59 ET]
Table 'Alfaterna III' 6-max Seat #3 is the button
Seat 1: michasia ($177.47 in chips) 
Seat 2: Winau8 ($42.27 in chips) 
Seat 3: Rdalonso ($107.85 in chips) 
Seat 4: MaRKiToScoK ($213.86 in chips) 
Seat 5: BoyLoc0 ($100 in chips) 
Seat 6: sta$igk ($103.77 in chips) 
MaRKiToScoK: posts small blind $0.50
BoyLoc0: posts big blind $1
*** HOLE CARDS ***
sta$igk: folds 
michasia: folds 
Winau8: folds 
Rdalonso: folds 
MaRKiToScoK: folds 
Uncalled bet ($0.50) returned to BoyLoc0
BoyLoc0 collected $1 from pot
BoyLoc0: doesn't show hand 
*** SUMMARY ***
Total pot $1 | Rake $0 
Seat 1: michasia folded before Flop (didn't bet)
Seat 2: Winau8 folded before Flop (didn't bet)
Seat 3: Rdalonso (button) folded before Flop (didn't bet)
Seat 4: MaRKiToScoK (small blind) folded before Flop
Seat 5: BoyLoc0 (big blind) collected ($1)
Seat 6: sta$igk folded before Flop (didn't bet)



PokerStars Hand #254472771797:  Hold'em No Limit ($0.50/$1.00 USD) - 2025/01/20 20:04:21 WET [2025/01/20 15:04:21 ET]
Table 'Alfaterna III' 6-max Seat #4 is the button
Seat 1: michasia ($177.47 in chips) 
Seat 2: Winau8 ($42.27 in chips) 
Seat 3: Rdalonso ($107.85 in chips) 
Seat 4: MaRKiToScoK ($213.36 in chips) 
Seat 5: BoyLoc0 ($100.50 in chips) 
Seat 6: sta$igk ($103.77 in chips) 
BoyLoc0: posts small blind $0.50
sta$igk: posts big blind $1
*** HOLE CARDS ***
michasia: raises $1.60 to $2.60
Winau8: folds 
Rdalonso: folds 
MaRKiToScoK: folds 
BoyLoc0: folds 
sta$igk: folds 
Uncalled bet ($1.60) returned to michasia
michasia collected $2.50 from pot
michasia: doesn't show hand 
*** SUMMARY ***
Total pot $2.50 | Rake $0 
Seat 1: michasia collected ($2.50)
Seat 2: Winau8 folded before Flop (didn't bet)
Seat 3: Rdalonso folded before Flop (didn't bet)
Seat 4: MaRKiToScoK (button) folded before Flop (didn't bet)
Seat 5: BoyLoc0 (small blind) folded before Flop
Seat 6: sta$igk (big blind) folded before Flop



PokerStars Hand #254472778197:  Hold'em No Limit ($0.50/$1.00 USD) - 2025/01/20 20:04:41 WET [2025/01/20 15:04:41 ET]
Table 'Alfaterna III' 6-max Seat #5 is the button
Seat 1: michasia ($178.97 in chips) 
Seat 2: Winau8 ($42.27 in chips) 
Seat 3: Rdalonso ($107.85 in chips) 
Seat 4: MaRKiToScoK ($213.36 in chips) 
Seat 5: BoyLoc0 ($100 in chips) 
Seat 6: sta$igk ($102.77 in chips) 
sta$igk: posts small blind $0.50
michasia: posts big blind $1
*** HOLE CARDS ***
Winau8: raises $1 to $2
Rdalonso: folds 
MaRKiToScoK: folds 
BoyLoc0: folds 
sta$igk: folds 
michasia: calls $1
*** FLOP *** [5h 5c 8c]
michasia: checks 
Winau8: checks 
*** TURN *** [5h 5c 8c] [Ks]
michasia: checks 
Winau8: checks 
*** RIVER *** [5h 5c 8c Ks] [Jc]
michasia: checks 
Winau8: checks 
*** SHOW DOWN ***
michasia: shows [6h Th] (a pair of Fives)
Winau8: shows [Tc Qs] (a pair of Fives - King+Queen kicker)
Winau8 collected $4.28 from pot
*** SUMMARY ***
Total pot $4.50 | Rake $0.22 
Board [5h 5c 8c Ks Jc]
Seat 1: michasia (big blind) showed [6h Th] and lost with a pair of Fives
Seat 2: Winau8 showed [Tc Qs] and won ($4.28) with a pair of Fives
Seat 3: Rdalonso folded before Flop (didn't bet)
Seat 4: MaRKiToScoK folded before Flop (didn't bet)
Seat 5: BoyLoc0 (button) folded before Flop (didn't bet)
Seat 6: sta$igk (small blind) folded before Flop



PokerStars Hand #254472786957:  Hold'em No Limit ($0.50/$1.00 USD) - 2025/01/20 20:05:07 WET [2025/01/20 15:05:07 ET]
Table 'Alfaterna III' 6-max Seat #6 is the button
Seat 1: michasia ($176.97 in chips) 
Seat 2: Winau8 ($44.55 in chips) 
Seat 3: Rdalonso ($107.85 in chips) 
Seat 4: MaRKiToScoK ($213.36 in chips) 
Seat 5: BoyLoc0 ($100 in chips) 
Seat 6: sta$igk ($102.27 in chips) 
michasia: posts small blind $0.50
Winau8: posts big blind $1
*** HOLE CARDS ***
Rdalonso: folds 
MaRKiToScoK: folds 
BoyLoc0: folds 
sta$igk: raises $1.50 to $2.50
michasia: folds 
Winau8: folds 
Uncalled bet ($1.50) returned to sta$igk
sta$igk collected $2.50 from pot
sta$igk: doesn't show hand 
*** SUMMARY ***
Total pot $2.50 | Rake $0 
Seat 1: michasia (small blind) folded before Flop
Seat 2: Winau8 (big blind) folded before Flop
Seat 3: Rdalonso folded before Flop (didn't bet)
Seat 4: MaRKiToScoK folded before Flop (didn't bet)
Seat 5: BoyLoc0 folded before Flop (didn't bet)
Seat 6: sta$igk (button) collected ($2.50)



PokerStars Hand #254472793629:  Hold'em No Limit ($0.50/$1.00 USD) - 2025/01/20 20:05:28 WET [2025/01/20 15:05:28 ET]
Table 'Alfaterna III' 6-max Seat #1 is the button
Seat 1: michasia ($176.47 in chips) 
Seat 2: Winau8 ($43.55 in chips) 
Seat 3: Rdalonso ($107.85 in chips) 
Seat 4: MaRKiToScoK ($213.36 in chips) 
Seat 5: BoyLoc0 ($100 in chips) 
Seat 6: sta$igk ($103.77 in chips) 
Winau8: posts small blind $0.50
Rdalonso: posts big blind $1
*** HOLE CARDS ***
MaRKiToScoK: folds 
BoyLoc0: raises $1.50 to $2.50
sta$igk: folds 
michasia: folds 
Winau8: calls $2
Rdalonso: folds 
*** FLOP *** [4c Ks Ts]
Winau8: bets $2
BoyLoc0: calls $2
*** TURN *** [4c Ks Ts] [Qh]
Winau8: checks 
BoyLoc0: bets $7.13
Winau8: calls $7.13
*** RIVER *** [4c Ks Ts Qh] [Ah]
Winau8: checks 
BoyLoc0: bets $34.58
Winau8: calls $31.92 and is all-in
Uncalled bet ($2.66) returned to BoyLoc0
*** SHOW DOWN ***
BoyLoc0: shows [Jh Ad] (a straight, Ten to Ace)
Winau8: shows [Ac Qs] (two pair, Aces and Queens)
BoyLoc0 collected $85.60 from pot
*** SUMMARY ***
Total pot $88.10 | Rake $2.50 
Board [4c Ks Ts Qh Ah]
Seat 1: michasia (button) folded before Flop (didn't bet)
Seat 2: Winau8 (small blind) showed [Ac Qs] and lost with two pair, Aces and Queens
Seat 3: Rdalonso (big blind) folded before Flop
Seat 4: MaRKiToScoK folded before Flop (didn't bet)
Seat 5: BoyLoc0 showed [Jh Ad] and won ($85.60) with a straight, Ten to Ace
Seat 6: sta$igk folded before Flop (didn't bet)



PokerStars Hand #254472811403:  Hold'em No Limit ($0.50/$1.00 USD) - 2025/01/20 20:06:21 WET [2025/01/20 15:06:21 ET]
Table 'Alfaterna III' 6-max Seat #3 is the button
Seat 2: Winau8 ($0 in chips) is sitting out
Seat 1: michasia ($176.47 in chips) 
Seat 3: Rdalonso ($106.85 in chips) 
Seat 4: MaRKiToScoK ($213.36 in chips) 
Seat 5: BoyLoc0 ($142.05 in chips) 
Seat 6: sta$igk ($103.77 in chips) 
MaRKiToScoK: posts small blind $0.50
BoyLoc0: posts big blind $1
*** HOLE CARDS ***
sta$igk: raises $1.50 to $2.50
michasia: folds 
Rdalonso: folds 
MaRKiToScoK: folds 
BoyLoc0: folds 
Uncalled bet ($1.50) returned to sta$igk
sta$igk collected $2.50 from pot
sta$igk: doesn't show hand 
*** SUMMARY ***
Total pot $2.50 | Rake $0 
Seat 2: Winau8
Seat 1: michasia folded before Flop (didn't bet)
Seat 3: Rdalonso (button) folded before Flop (didn't bet)
Seat 4: MaRKiToScoK (small blind) folded before Flop
Seat 5: BoyLoc0 (big blind) folded before Flop
Seat 6: sta$igk collected ($2.50)



PokerStars Hand #254472815006:  Hold'em No Limit ($0.50/$1.00 USD) - 2025/01/20 20:06:32 WET [2025/01/20 15:06:32 ET]
Table 'Alfaterna III' 6-max Seat #4 is the button
Seat 2: Winau8 ($0 in chips) is sitting out
Seat 1: michasia ($176.47 in chips) 
Seat 3: Rdalonso ($106.85 in chips) 
Seat 4: MaRKiToScoK ($212.86 in chips) 
Seat 5: BoyLoc0 ($141.05 in chips) 
Seat 6: sta$igk ($105.27 in chips) 
BoyLoc0: posts small blind $0.50
sta$igk: posts big blind $1
*** HOLE CARDS ***
michasia: folds 
Rdalonso: folds 
Winau8 leaves the table
MaRKiToScoK: raises $1.50 to $2.50
BoyLoc0: raises $7.50 to $10
sta$igk: folds 
JUANS2 joins the table at seat #2 
MaRKiToScoK: folds 
Uncalled bet ($7.50) returned to BoyLoc0
BoyLoc0 collected $6 from pot
BoyLoc0: doesn't show hand 
*** SUMMARY ***
Total pot $6 | Rake $0 
Seat 2: Winau8
Seat 1: michasia folded before Flop (didn't bet)
Seat 3: Rdalonso folded before Flop (didn't bet)
Seat 4: MaRKiToScoK (button) folded before Flop
Seat 5: BoyLoc0 (small blind) collected ($6)
Seat 6: sta$igk (big blind) folded before Flop



PokerStars Hand #254472821562:  Hold'em No Limit ($0.50/$1.00 USD) - 2025/01/20 20:06:52 WET [2025/01/20 15:06:52 ET]
Table 'Alfaterna III' 6-max Seat #5 is the button
Seat 2: JUANS2 ($100 in chips) is sitting out
Seat 1: michasia ($176.47 in chips) 
Seat 3: Rdalonso ($106.85 in chips) 
Seat 4: MaRKiToScoK ($210.36 in chips) 
Seat 5: BoyLoc0 ($144.55 in chips) 
Seat 6: sta$igk ($104.27 in chips) 
sta$igk: posts small blind $0.50
michasia: posts big blind $1
JUANS2: sits out 
*** HOLE CARDS ***
Rdalonso: folds 
MaRKiToScoK: folds 
BoyLoc0: folds 
sta$igk: raises $2 to $3
michasia: folds 
Uncalled bet ($2) returned to sta$igk
sta$igk collected $2 from pot
sta$igk: doesn't show hand 
*** SUMMARY ***
Total pot $2 | Rake $0 
Seat 2: JUANS2
Seat 1: michasia (big blind) folded before Flop
Seat 3: Rdalonso folded before Flop (didn't bet)
Seat 4: MaRKiToScoK folded before Flop (didn't bet)
Seat 5: BoyLoc0 (button) folded before Flop (didn't bet)
Seat 6: sta$igk (small blind) collected ($2)



