PokerStars Hand #254468144738:  Hold'em No Limit ($0.50/$1.00 USD) - 2025/01/20 14:42:50 WET [2025/01/20 9:42:50 ET]
Table 'Sabine IV' 6-max Seat #4 is the button
Seat 1: jeffy27dt1 ($100 in chips) 
Seat 2: sta$igk ($100 in chips) 
Seat 3: SeEevg ($100 in chips) 
Seat 4: Poker9803 ($100 in chips) 
Seat 5: Rysiff ($100 in chips) 
Seat 6: abell150 ($44.01 in chips) 
Rysiff: posts small blind $0.50
abell150: posts big blind $1
*** HOLE CARDS ***
jeffy27dt1: folds 
sta$igk: folds 
SeEevg: folds 
Poker9803: folds 
Rysiff: raises $2 to $3
abell150: folds 
Uncalled bet ($2) returned to Rysiff
Rysiff collected $2 from pot
Rysiff: doesn't show hand 
*** SUMMARY ***
Total pot $2 | Rake $0 
Seat 1: jeffy27dt1 folded before Flop (didn't bet)
Seat 2: sta$igk folded before Flop (didn't bet)
Seat 3: SeEevg folded before Flop (didn't bet)
Seat 4: Poker9803 (button) folded before Flop (didn't bet)
Seat 5: Rysiff (small blind) collected ($2)
Seat 6: abell150 (big blind) folded before Flop



PokerStars Hand #254468148797:  Hold'em No Limit ($0.50/$1.00 USD) - 2025/01/20 14:43:11 WET [2025/01/20 9:43:11 ET]
Table 'Sabine IV' 6-max Seat #5 is the button
Seat 1: jeffy27dt1 ($100 in chips) 
Seat 2: sta$igk ($100 in chips) 
Seat 3: SeEevg ($100 in chips) 
Seat 4: Poker9803 ($100 in chips) 
Seat 5: Rysiff ($101 in chips) 
Seat 6: abell150 ($43.01 in chips) 
abell150: posts small blind $0.50
jeffy27dt1: posts big blind $1
*** HOLE CARDS ***
sta$igk: folds 
SeEevg: folds 
Poker9803: folds 
Rysiff: raises $1.50 to $2.50
abell150: calls $2
jeffy27dt1: folds 
*** FLOP *** [Ah Kh 9s]
abell150: checks 
Rysiff: bets $1.88
abell150: calls $1.88
*** TURN *** [Ah Kh 9s] [9c]
abell150: checks 
Rysiff: bets $7.42
abell150: folds 
Uncalled bet ($7.42) returned to Rysiff
Rysiff collected $9.27 from pot
Rysiff: doesn't show hand 
*** SUMMARY ***
Total pot $9.76 | Rake $0.49 
Board [Ah Kh 9s 9c]
Seat 1: jeffy27dt1 (big blind) folded before Flop
Seat 2: sta$igk folded before Flop (didn't bet)
Seat 3: SeEevg folded before Flop (didn't bet)
Seat 4: Poker9803 folded before Flop (didn't bet)
Seat 5: Rysiff (button) collected ($9.27)
Seat 6: abell150 (small blind) folded on the Turn



PokerStars Hand #254468160529:  Hold'em No Limit ($0.50/$1.00 USD) - 2025/01/20 14:44:13 WET [2025/01/20 9:44:13 ET]
Table 'Sabine IV' 6-max Seat #6 is the button
Seat 1: jeffy27dt1 ($100 in chips) 
Seat 2: sta$igk ($100 in chips) 
Seat 3: SeEevg ($100 in chips) 
Seat 4: Poker9803 ($100 in chips) 
Seat 5: Rysiff ($105.89 in chips) 
Seat 6: abell150 ($38.63 in chips) 
jeffy27dt1: posts small blind $0.50
sta$igk: posts big blind $1
*** HOLE CARDS ***
SeEevg: folds 
Poker9803: folds 
Rysiff: folds 
abell150: calls $1
jeffy27dt1: folds 
sta$igk: checks 
*** FLOP *** [Qc Ks 7s]
sta$igk: checks 
abell150: bets $1.19
sta$igk: folds 
Uncalled bet ($1.19) returned to abell150
abell150 collected $2.38 from pot
*** SUMMARY ***
Total pot $2.50 | Rake $0.12 
Board [Qc Ks 7s]
Seat 1: jeffy27dt1 (small blind) folded before Flop
Seat 2: sta$igk (big blind) folded on the Flop
Seat 3: SeEevg folded before Flop (didn't bet)
Seat 4: Poker9803 folded before Flop (didn't bet)
Seat 5: Rysiff folded before Flop (didn't bet)
Seat 6: abell150 (button) collected ($2.38)



PokerStars Hand #254468165708:  Hold'em No Limit ($0.50/$1.00 USD) - 2025/01/20 14:44:40 WET [2025/01/20 9:44:40 ET]
Table 'Sabine IV' 6-max Seat #1 is the button
Seat 1: jeffy27dt1 ($100 in chips) 
Seat 2: sta$igk ($100 in chips) 
Seat 3: SeEevg ($100 in chips) 
Seat 4: Poker9803 ($100 in chips) 
Seat 5: Rysiff ($105.89 in chips) 
Seat 6: abell150 ($40.01 in chips) 
sta$igk: posts small blind $0.50
SeEevg: posts big blind $1
*** HOLE CARDS ***
Poker9803: folds 
Rysiff: folds 
abell150: folds 
jeffy27dt1: folds 
sta$igk: raises $2 to $3
SeEevg: folds 
Uncalled bet ($2) returned to sta$igk
sta$igk collected $2 from pot
sta$igk: doesn't show hand 
*** SUMMARY ***
Total pot $2 | Rake $0 
Seat 1: jeffy27dt1 (button) folded before Flop (didn't bet)
Seat 2: sta$igk (small blind) collected ($2)
Seat 3: SeEevg (big blind) folded before Flop
Seat 4: Poker9803 folded before Flop (didn't bet)
Seat 5: Rysiff folded before Flop (didn't bet)
Seat 6: abell150 folded before Flop (didn't bet)



PokerStars Hand #254468170847:  Hold'em No Limit ($0.50/$1.00 USD) - 2025/01/20 14:45:06 WET [2025/01/20 9:45:06 ET]
Table 'Sabine IV' 6-max Seat #2 is the button
Seat 1: jeffy27dt1 ($100 in chips) 
Seat 2: sta$igk ($101 in chips) 
Seat 3: SeEevg ($100 in chips) 
Seat 4: Poker9803 ($100 in chips) 
Seat 5: Rysiff ($105.89 in chips) 
Seat 6: abell150 ($40.01 in chips) 
SeEevg: posts small blind $0.50
Poker9803: posts big blind $1
*** HOLE CARDS ***
Rysiff: raises $1.50 to $2.50
abell150: folds 
jeffy27dt1: folds 
sta$igk: folds 
SeEevg: folds 
Poker9803: folds 
Uncalled bet ($1.50) returned to Rysiff
Rysiff collected $2.50 from pot
Rysiff: doesn't show hand 
*** SUMMARY ***
Total pot $2.50 | Rake $0 
Seat 1: jeffy27dt1 folded before Flop (didn't bet)
Seat 2: sta$igk (button) folded before Flop (didn't bet)
Seat 3: SeEevg (small blind) folded before Flop
Seat 4: Poker9803 (big blind) folded before Flop
Seat 5: Rysiff collected ($2.50)
Seat 6: abell150 folded before Flop (didn't bet)



PokerStars Hand #254468173773:  Hold'em No Limit ($0.50/$1.00 USD) - 2025/01/20 14:45:22 WET [2025/01/20 9:45:22 ET]
Table 'Sabine IV' 6-max Seat #3 is the button
Seat 1: jeffy27dt1 ($100 in chips) 
Seat 2: sta$igk ($101 in chips) 
Seat 3: SeEevg ($100 in chips) 
Seat 4: Poker9803 ($100 in chips) 
Seat 5: Rysiff ($107.39 in chips) 
Seat 6: abell150 ($40.01 in chips) 
Poker9803: posts small blind $0.50
Rysiff: posts big blind $1
*** HOLE CARDS ***
abell150: folds 
jeffy27dt1: folds 
sta$igk: folds 
SeEevg: raises $1.50 to $2.50
Poker9803: folds 
Rysiff: calls $1.50
*** FLOP *** [2d Ah Kd]
Rysiff: checks 
SeEevg: bets $3.92
Rysiff: folds 
Uncalled bet ($3.92) returned to SeEevg
SeEevg collected $5.22 from pot
SeEevg: doesn't show hand 
*** SUMMARY ***
Total pot $5.50 | Rake $0.28 
Board [2d Ah Kd]
Seat 1: jeffy27dt1 folded before Flop (didn't bet)
Seat 2: sta$igk folded before Flop (didn't bet)
Seat 3: SeEevg (button) collected ($5.22)
Seat 4: Poker9803 (small blind) folded before Flop
Seat 5: Rysiff (big blind) folded on the Flop
Seat 6: abell150 folded before Flop (didn't bet)



PokerStars Hand #254468179840:  Hold'em No Limit ($0.50/$1.00 USD) - 2025/01/20 14:45:54 WET [2025/01/20 9:45:54 ET]
Table 'Sabine IV' 6-max Seat #4 is the button
Seat 1: jeffy27dt1 ($100 in chips) 
Seat 2: sta$igk ($101 in chips) 
Seat 3: SeEevg ($102.72 in chips) 
Seat 4: Poker9803 ($100 in chips) 
Seat 5: Rysiff ($104.89 in chips) 
Seat 6: abell150 ($40.01 in chips) 
Rysiff: posts small blind $0.50
abell150: posts big blind $1
*** HOLE CARDS ***
jeffy27dt1: raises $1.50 to $2.50
sta$igk: folds 
SeEevg: folds 
Poker9803: folds 
Rysiff: folds 
abell150: folds 
Uncalled bet ($1.50) returned to jeffy27dt1
jeffy27dt1 collected $2.50 from pot
jeffy27dt1: doesn't show hand 
*** SUMMARY ***
Total pot $2.50 | Rake $0 
Seat 1: jeffy27dt1 collected ($2.50)
Seat 2: sta$igk folded before Flop (didn't bet)
Seat 3: SeEevg folded before Flop (didn't bet)
Seat 4: Poker9803 (button) folded before Flop (didn't bet)
Seat 5: Rysiff (small blind) folded before Flop
Seat 6: abell150 (big blind) folded before Flop



PokerStars Hand #254468183444:  Hold'em No Limit ($0.50/$1.00 USD) - 2025/01/20 14:46:13 WET [2025/01/20 9:46:13 ET]
Table 'Sabine IV' 6-max Seat #5 is the button
Seat 1: jeffy27dt1 ($101.50 in chips) 
Seat 2: sta$igk ($101 in chips) 
Seat 3: SeEevg ($102.72 in chips) 
Seat 4: Poker9803 ($100 in chips) 
Seat 5: Rysiff ($104.39 in chips) 
Seat 6: abell150 ($39.01 in chips) 
abell150: posts small blind $0.50
jeffy27dt1: posts big blind $1
*** HOLE CARDS ***
sta$igk: folds 
SeEevg: folds 
Poker9803: raises $1 to $2
Rysiff: folds 
abell150: calls $1.50
jeffy27dt1: calls $1
*** FLOP *** [2d 4c 7h]
abell150: checks 
jeffy27dt1: checks 
Poker9803: bets $1.88
abell150: raises $4.73 to $6.61
jeffy27dt1: folds 
Poker9803: raises $7.39 to $14
abell150: raises $23.01 to $37.01 and is all-in
Poker9803: calls $23.01
*** TURN *** [2d 4c 7h] [5s]
*** RIVER *** [2d 4c 7h 5s] [Kh]
*** SHOW DOWN ***
abell150: shows [8s 8d] (a pair of Eights)
Poker9803: shows [Ah As] (a pair of Aces)
Poker9803 collected $77.52 from pot
*** SUMMARY ***
Total pot $80.02 | Rake $2.50 
Board [2d 4c 7h 5s Kh]
Seat 1: jeffy27dt1 (big blind) folded on the Flop
Seat 2: sta$igk folded before Flop (didn't bet)
Seat 3: SeEevg folded before Flop (didn't bet)
Seat 4: Poker9803 showed [Ah As] and won ($77.52) with a pair of Aces
Seat 5: Rysiff (button) folded before Flop (didn't bet)
Seat 6: abell150 (small blind) showed [8s 8d] and lost with a pair of Eights



PokerStars Hand #254468196944:  Hold'em No Limit ($0.50/$1.00 USD) - 2025/01/20 14:47:24 WET [2025/01/20 9:47:24 ET]
Table 'Sabine IV' 6-max Seat #1 is the button
Seat 6: abell150 ($0 in chips) is sitting out
Seat 1: jeffy27dt1 ($100 in chips) 
Seat 2: sta$igk ($101 in chips) 
Seat 3: SeEevg ($102.72 in chips) 
Seat 4: Poker9803 ($138.51 in chips) 
Seat 5: Rysiff ($104.39 in chips) 
sta$igk: posts small blind $0.50
SeEevg: posts big blind $1
*** HOLE CARDS ***
Poker9803: folds 
Rysiff: raises $1.50 to $2.50
jeffy27dt1: raises $5 to $7.50
sta$igk: folds 
SeEevg: folds 
Rysiff: folds 
Uncalled bet ($5) returned to jeffy27dt1
abell150 leaves the table
jeffy27dt1 collected $6.50 from pot
jeffy27dt1: doesn't show hand 
*** SUMMARY ***
Total pot $6.50 | Rake $0 
Seat 6: abell150
Seat 1: jeffy27dt1 (button) collected ($6.50)
Seat 2: sta$igk (small blind) folded before Flop
Seat 3: SeEevg (big blind) folded before Flop
Seat 4: Poker9803 folded before Flop (didn't bet)
Seat 5: Rysiff folded before Flop



PokerStars Hand #254468201541:  Hold'em No Limit ($0.50/$1.00 USD) - 2025/01/20 14:47:48 WET [2025/01/20 9:47:48 ET]
Table 'Sabine IV' 6-max Seat #2 is the button
Seat 1: jeffy27dt1 ($104 in chips) 
Seat 2: sta$igk ($100.50 in chips) 
Seat 3: SeEevg ($101.72 in chips) 
Seat 4: Poker9803 ($138.51 in chips) 
Seat 5: Rysiff ($101.89 in chips) 
SeEevg: posts small blind $0.50
Poker9803: posts big blind $1
*** HOLE CARDS ***
Rysiff: folds 
jeffy27dt1: folds 
sta$igk: folds 
SeEevg: raises $2 to $3
Poker9803: calls $2
*** FLOP *** [2d Kd Qc]
SeEevg: checks 
Poker9803: bets $1.88
SeEevg: folds 
Uncalled bet ($1.88) returned to Poker9803
Poker9803 collected $5.70 from pot
Poker9803: doesn't show hand 
*** SUMMARY ***
Total pot $6 | Rake $0.30 
Board [2d Kd Qc]
Seat 1: jeffy27dt1 folded before Flop (didn't bet)
Seat 2: sta$igk (button) folded before Flop (didn't bet)
Seat 3: SeEevg (small blind) folded on the Flop
Seat 4: Poker9803 (big blind) collected ($5.70)
Seat 5: Rysiff folded before Flop (didn't bet)



PokerStars Hand #254468206843:  Hold'em No Limit ($0.50/$1.00 USD) - 2025/01/20 14:48:15 WET [2025/01/20 9:48:15 ET]
Table 'Sabine IV' 6-max Seat #3 is the button
Seat 1: jeffy27dt1 ($104 in chips) 
Seat 2: sta$igk ($100.50 in chips) 
Seat 3: SeEevg ($100 in chips) 
Seat 4: Poker9803 ($141.21 in chips) 
Seat 5: Rysiff ($101.89 in chips) 
Poker9803: posts small blind $0.50
Rysiff: posts big blind $1
*** HOLE CARDS ***
jeffy27dt1: folds 
sta$igk: folds 
SeEevg: folds 
Poker9803: folds 
Uncalled bet ($0.50) returned to Rysiff
Rysiff collected $1 from pot
Rysiff: doesn't show hand 
*** SUMMARY ***
Total pot $1 | Rake $0 
Seat 1: jeffy27dt1 folded before Flop (didn't bet)
Seat 2: sta$igk folded before Flop (didn't bet)
Seat 3: SeEevg (button) folded before Flop (didn't bet)
Seat 4: Poker9803 (small blind) folded before Flop
Seat 5: Rysiff (big blind) collected ($1)



PokerStars Hand #254468209153:  Hold'em No Limit ($0.50/$1.00 USD) - 2025/01/20 14:48:27 WET [2025/01/20 9:48:27 ET]
Table 'Sabine IV' 6-max Seat #4 is the button
Seat 1: jeffy27dt1 ($104 in chips) 
Seat 2: sta$igk ($100.50 in chips) 
Seat 3: SeEevg ($100 in chips) 
Seat 4: Poker9803 ($140.71 in chips) 
Seat 5: Rysiff ($102.39 in chips) 
Rysiff: posts small blind $0.50
jeffy27dt1: posts big blind $1
*** HOLE CARDS ***
sta$igk: folds 
SeEevg: folds 
Poker9803: raises $1.50 to $2.50
Rysiff: folds 
jeffy27dt1: folds 
Uncalled bet ($1.50) returned to Poker9803
Poker9803 collected $2.50 from pot
Poker9803: doesn't show hand 
*** SUMMARY ***
Total pot $2.50 | Rake $0 
Seat 1: jeffy27dt1 (big blind) folded before Flop
Seat 2: sta$igk folded before Flop (didn't bet)
Seat 3: SeEevg folded before Flop (didn't bet)
Seat 4: Poker9803 (button) collected ($2.50)
Seat 5: Rysiff (small blind) folded before Flop



