PokerStars Hand #254466845482:  Hold'em No Limit ($0.50/$1.00 USD) - 2025/01/20 12:28:56 WET [2025/01/20 7:28:56 ET]
Table 'Pandora IV' 6-max Seat #1 is the button
Seat 1: Edi131313 ($115.34 in chips) 
Seat 2: chinokevin13 ($154.79 in chips) 
Seat 3: iNeverBluff398 ($142.22 in chips) 
Seat 4: DL1B ($182.15 in chips) 
Seat 5: MrAdris9 ($100 in chips) 
Seat 6: coeeeelho ($115.19 in chips) 
chinokevin13: posts small blind $0.50
iNeverBluff398: posts big blind $1
*** HOLE CARDS ***
DL1B: raises $1 to $2
MrAdris9: folds 
coeeeelho: folds 
Edi131313: folds 
chinokevin13: folds 
iNeverBluff398: folds 
Uncalled bet ($1) returned to DL1B
DL1B collected $2.50 from pot
DL1B: doesn't show hand 
*** SUMMARY ***
Total pot $2.50 | Rake $0 
Seat 1: Edi131313 (button) folded before Flop (didn't bet)
Seat 2: chinokevin13 (small blind) folded before Flop
Seat 3: iNeverBluff398 (big blind) folded before Flop
Seat 4: DL1B collected ($2.50)
Seat 5: MrAdris9 folded before Flop (didn't bet)
Seat 6: coeeeelho folded before Flop (didn't bet)



PokerStars Hand #254466847378:  Hold'em No Limit ($0.50/$1.00 USD) - 2025/01/20 12:29:10 WET [2025/01/20 7:29:10 ET]
Table 'Pandora IV' 6-max Seat #2 is the button
Seat 1: Edi131313 ($115.34 in chips) 
Seat 2: chinokevin13 ($154.29 in chips) 
Seat 3: iNeverBluff398 ($141.22 in chips) 
Seat 4: DL1B ($183.65 in chips) 
Seat 5: MrAdris9 ($100 in chips) 
Seat 6: coeeeelho ($115.19 in chips) 
iNeverBluff398: posts small blind $0.50
DL1B: posts big blind $1
*** HOLE CARDS ***
MrAdris9: raises $1.20 to $2.20
coeeeelho: folds 
Edi131313: folds 
chinokevin13: raises $4.80 to $7
iNeverBluff398: folds 
DL1B: folds 
MrAdris9: calls $4.80
*** FLOP *** [7d 2d 4h]
MrAdris9: checks 
chinokevin13: bets $7.35
MrAdris9: calls $7.35
*** TURN *** [7d 2d 4h] [8s]
MrAdris9: checks 
chinokevin13: bets $21.52
MrAdris9: folds 
Uncalled bet ($21.52) returned to chinokevin13
chinokevin13 collected $28.69 from pot
chinokevin13: doesn't show hand 
*** SUMMARY ***
Total pot $30.20 | Rake $1.51 
Board [7d 2d 4h 8s]
Seat 1: Edi131313 folded before Flop (didn't bet)
Seat 2: chinokevin13 (button) collected ($28.69)
Seat 3: iNeverBluff398 (small blind) folded before Flop
Seat 4: DL1B (big blind) folded before Flop
Seat 5: MrAdris9 folded on the Turn
Seat 6: coeeeelho folded before Flop (didn't bet)



PokerStars Hand #254466860654:  Hold'em No Limit ($0.50/$1.00 USD) - 2025/01/20 12:30:45 WET [2025/01/20 7:30:45 ET]
Table 'Pandora IV' 6-max Seat #3 is the button
Seat 1: Edi131313 ($115.34 in chips) 
Seat 2: chinokevin13 ($168.63 in chips) 
Seat 3: iNeverBluff398 ($140.72 in chips) 
Seat 4: DL1B ($182.65 in chips) 
Seat 5: MrAdris9 ($100 in chips) 
Seat 6: coeeeelho ($115.19 in chips) 
DL1B: posts small blind $0.50
MrAdris9: posts big blind $1
*** HOLE CARDS ***
coeeeelho: folds 
Edi131313: raises $1 to $2
chinokevin13: raises $9 to $11
iNeverBluff398: folds 
DL1B: folds 
MrAdris9: folds 
Edi131313: folds 
Uncalled bet ($9) returned to chinokevin13
chinokevin13 collected $5.50 from pot
chinokevin13: doesn't show hand 
*** SUMMARY ***
Total pot $5.50 | Rake $0 
Seat 1: Edi131313 folded before Flop
Seat 2: chinokevin13 collected ($5.50)
Seat 3: iNeverBluff398 (button) folded before Flop (didn't bet)
Seat 4: DL1B (small blind) folded before Flop
Seat 5: MrAdris9 (big blind) folded before Flop
Seat 6: coeeeelho folded before Flop (didn't bet)



PokerStars Hand #254466863228:  Hold'em No Limit ($0.50/$1.00 USD) - 2025/01/20 12:31:03 WET [2025/01/20 7:31:03 ET]
Table 'Pandora IV' 6-max Seat #4 is the button
Seat 1: Edi131313 ($113.34 in chips) 
Seat 2: chinokevin13 ($172.13 in chips) 
Seat 3: iNeverBluff398 ($140.72 in chips) 
Seat 4: DL1B ($182.15 in chips) 
Seat 5: MrAdris9 ($100 in chips) 
Seat 6: coeeeelho ($115.19 in chips) 
MrAdris9: posts small blind $0.50
coeeeelho: posts big blind $1
*** HOLE CARDS ***
Edi131313: folds 
chinokevin13: raises $1.20 to $2.20
iNeverBluff398: folds 
DL1B: folds 
MrAdris9: folds 
coeeeelho: calls $1.20
*** FLOP *** [Kc Kh Td]
coeeeelho: checks 
chinokevin13: bets $1.54
coeeeelho: calls $1.54
*** TURN *** [Kc Kh Td] [4c]
coeeeelho: checks 
chinokevin13: bets $2.50
coeeeelho: calls $2.50
*** RIVER *** [Kc Kh Td 4c] [6s]
coeeeelho: bets $4.07
chinokevin13: raises $15.43 to $19.50
coeeeelho: folds 
Uncalled bet ($15.43) returned to chinokevin13
chinokevin13 collected $20.06 from pot
chinokevin13: doesn't show hand 
*** SUMMARY ***
Total pot $21.12 | Rake $1.06 
Board [Kc Kh Td 4c 6s]
Seat 1: Edi131313 folded before Flop (didn't bet)
Seat 2: chinokevin13 collected ($20.06)
Seat 3: iNeverBluff398 folded before Flop (didn't bet)
Seat 4: DL1B (button) folded before Flop (didn't bet)
Seat 5: MrAdris9 (small blind) folded before Flop
Seat 6: coeeeelho (big blind) folded on the River



PokerStars Hand #254466874738:  Hold'em No Limit ($0.50/$1.00 USD) - 2025/01/20 12:32:24 WET [2025/01/20 7:32:24 ET]
Table 'Pandora IV' 6-max Seat #5 is the button
Seat 1: Edi131313 ($113.34 in chips) 
Seat 2: chinokevin13 ($181.88 in chips) 
Seat 3: iNeverBluff398 ($140.72 in chips) 
Seat 4: DL1B ($182.15 in chips) 
Seat 5: MrAdris9 ($100 in chips) 
Seat 6: coeeeelho ($104.88 in chips) 
coeeeelho: posts small blind $0.50
Edi131313: posts big blind $1
*** HOLE CARDS ***
chinokevin13: folds 
iNeverBluff398: raises $1.20 to $2.20
DL1B: folds 
MrAdris9: folds 
coeeeelho: raises $9.02 to $11.22
Edi131313: folds 
iNeverBluff398: folds 
Uncalled bet ($9.02) returned to coeeeelho
coeeeelho collected $5.40 from pot
*** SUMMARY ***
Total pot $5.40 | Rake $0 
Seat 1: Edi131313 (big blind) folded before Flop
Seat 2: chinokevin13 folded before Flop (didn't bet)
Seat 3: iNeverBluff398 folded before Flop
Seat 4: DL1B folded before Flop (didn't bet)
Seat 5: MrAdris9 (button) folded before Flop (didn't bet)
Seat 6: coeeeelho (small blind) collected ($5.40)



PokerStars Hand #254466877885:  Hold'em No Limit ($0.50/$1.00 USD) - 2025/01/20 12:32:46 WET [2025/01/20 7:32:46 ET]
Table 'Pandora IV' 6-max Seat #6 is the button
Seat 1: Edi131313 ($112.34 in chips) 
Seat 2: chinokevin13 ($181.88 in chips) 
Seat 3: iNeverBluff398 ($138.52 in chips) 
Seat 4: DL1B ($182.15 in chips) 
Seat 5: MrAdris9 ($100 in chips) 
Seat 6: coeeeelho ($108.08 in chips) 
Edi131313: posts small blind $0.50
chinokevin13: posts big blind $1
*** HOLE CARDS ***
iNeverBluff398: folds 
DL1B: raises $1 to $2
MrAdris9: folds 
coeeeelho: folds 
Edi131313: calls $1.50
chinokevin13: folds 
*** FLOP *** [8d 4h Tc]
Edi131313: checks 
DL1B: bets $2.86
Edi131313: calls $2.86
*** TURN *** [8d 4h Tc] [7h]
Edi131313: checks 
DL1B: checks 
*** RIVER *** [8d 4h Tc 7h] [8h]
Edi131313: bets $1
DL1B: folds 
Uncalled bet ($1) returned to Edi131313
Edi131313 collected $10.18 from pot
Edi131313: doesn't show hand 
*** SUMMARY ***
Total pot $10.72 | Rake $0.54 
Board [8d 4h Tc 7h 8h]
Seat 1: Edi131313 (small blind) collected ($10.18)
Seat 2: chinokevin13 (big blind) folded before Flop
Seat 3: iNeverBluff398 folded before Flop (didn't bet)
Seat 4: DL1B folded on the River
Seat 5: MrAdris9 folded before Flop (didn't bet)
Seat 6: coeeeelho (button) folded before Flop (didn't bet)



PokerStars Hand #254466884072:  Hold'em No Limit ($0.50/$1.00 USD) - 2025/01/20 12:33:30 WET [2025/01/20 7:33:30 ET]
Table 'Pandora IV' 6-max Seat #1 is the button
Seat 1: Edi131313 ($117.66 in chips) 
Seat 2: chinokevin13 ($180.88 in chips) 
Seat 3: iNeverBluff398 ($138.52 in chips) 
Seat 4: DL1B ($177.29 in chips) 
Seat 5: MrAdris9 ($100 in chips) 
Seat 6: coeeeelho ($108.08 in chips) 
chinokevin13: posts small blind $0.50
iNeverBluff398: posts big blind $1
*** HOLE CARDS ***
DL1B: raises $2 to $3
MrAdris9: folds 
coeeeelho: folds 
Edi131313: folds 
chinokevin13: folds 
iNeverBluff398: folds 
Uncalled bet ($2) returned to DL1B
DL1B collected $2.50 from pot
DL1B: doesn't show hand 
*** SUMMARY ***
Total pot $2.50 | Rake $0 
Seat 1: Edi131313 (button) folded before Flop (didn't bet)
Seat 2: chinokevin13 (small blind) folded before Flop
Seat 3: iNeverBluff398 (big blind) folded before Flop
Seat 4: DL1B collected ($2.50)
Seat 5: MrAdris9 folded before Flop (didn't bet)
Seat 6: coeeeelho folded before Flop (didn't bet)



PokerStars Hand #254466886374:  Hold'em No Limit ($0.50/$1.00 USD) - 2025/01/20 12:33:46 WET [2025/01/20 7:33:46 ET]
Table 'Pandora IV' 6-max Seat #2 is the button
Seat 1: Edi131313 ($117.66 in chips) 
Seat 2: chinokevin13 ($180.38 in chips) 
Seat 3: iNeverBluff398 ($137.52 in chips) 
Seat 4: DL1B ($178.79 in chips) 
Seat 5: MrAdris9 ($100 in chips) 
Seat 6: coeeeelho ($108.08 in chips) 
iNeverBluff398: posts small blind $0.50
DL1B: posts big blind $1
*** HOLE CARDS ***
MrAdris9: folds 
coeeeelho: raises $1.20 to $2.20
Edi131313: calls $2.20
chinokevin13: folds 
iNeverBluff398: folds 
DL1B: folds 
*** FLOP *** [8c 3s 5s]
coeeeelho: checks 
Edi131313: checks 
*** TURN *** [8c 3s 5s] [Ts]
coeeeelho: bets $4.20
Edi131313: folds 
Uncalled bet ($4.20) returned to coeeeelho
coeeeelho collected $5.60 from pot
*** SUMMARY ***
Total pot $5.90 | Rake $0.30 
Board [8c 3s 5s Ts]
Seat 1: Edi131313 folded on the Turn
Seat 2: chinokevin13 (button) folded before Flop (didn't bet)
Seat 3: iNeverBluff398 (small blind) folded before Flop
Seat 4: DL1B (big blind) folded before Flop
Seat 5: MrAdris9 folded before Flop (didn't bet)
Seat 6: coeeeelho collected ($5.60)



PokerStars Hand #254466891112:  Hold'em No Limit ($0.50/$1.00 USD) - 2025/01/20 12:34:19 WET [2025/01/20 7:34:19 ET]
Table 'Pandora IV' 6-max Seat #3 is the button
Seat 1: Edi131313 ($115.46 in chips) 
Seat 2: chinokevin13 ($180.38 in chips) 
Seat 3: iNeverBluff398 ($137.02 in chips) 
Seat 4: DL1B ($177.79 in chips) 
Seat 5: MrAdris9 ($100 in chips) 
Seat 6: coeeeelho ($111.48 in chips) 
DL1B: posts small blind $0.50
MrAdris9: posts big blind $1
*** HOLE CARDS ***
coeeeelho: folds 
Edi131313: folds 
chinokevin13: folds 
iNeverBluff398: raises $1.20 to $2.20
DL1B: folds 
MrAdris9: raises $8.80 to $11
iNeverBluff398: folds 
Uncalled bet ($8.80) returned to MrAdris9
MrAdris9 collected $4.90 from pot
MrAdris9: doesn't show hand 
*** SUMMARY ***
Total pot $4.90 | Rake $0 
Seat 1: Edi131313 folded before Flop (didn't bet)
Seat 2: chinokevin13 folded before Flop (didn't bet)
Seat 3: iNeverBluff398 (button) folded before Flop
Seat 4: DL1B (small blind) folded before Flop
Seat 5: MrAdris9 (big blind) collected ($4.90)
Seat 6: coeeeelho folded before Flop (didn't bet)



PokerStars Hand #254466894067:  Hold'em No Limit ($0.50/$1.00 USD) - 2025/01/20 12:34:40 WET [2025/01/20 7:34:40 ET]
Table 'Pandora IV' 6-max Seat #4 is the button
Seat 1: Edi131313 ($115.46 in chips) 
Seat 2: chinokevin13 ($180.38 in chips) 
Seat 3: iNeverBluff398 ($134.82 in chips) 
Seat 4: DL1B ($177.29 in chips) 
Seat 5: MrAdris9 ($102.70 in chips) 
Seat 6: coeeeelho ($111.48 in chips) 
MrAdris9: posts small blind $0.50
coeeeelho: posts big blind $1
*** HOLE CARDS ***
Edi131313: folds 
chinokevin13: folds 
iNeverBluff398: folds 
DL1B: folds 
MrAdris9: raises $2 to $3
coeeeelho: raises $7 to $10
MrAdris9: folds 
Uncalled bet ($7) returned to coeeeelho
coeeeelho collected $6 from pot
*** SUMMARY ***
Total pot $6 | Rake $0 
Seat 1: Edi131313 folded before Flop (didn't bet)
Seat 2: chinokevin13 folded before Flop (didn't bet)
Seat 3: iNeverBluff398 folded before Flop (didn't bet)
Seat 4: DL1B (button) folded before Flop (didn't bet)
Seat 5: MrAdris9 (small blind) folded before Flop
Seat 6: coeeeelho (big blind) collected ($6)



PokerStars Hand #254466897275:  Hold'em No Limit ($0.50/$1.00 USD) - 2025/01/20 12:35:02 WET [2025/01/20 7:35:02 ET]
Table 'Pandora IV' 6-max Seat #5 is the button
Seat 1: Edi131313 ($115.46 in chips) 
Seat 2: chinokevin13 ($180.38 in chips) 
Seat 3: iNeverBluff398 ($134.82 in chips) 
Seat 4: DL1B ($177.29 in chips) 
Seat 5: MrAdris9 ($100 in chips) 
Seat 6: coeeeelho ($114.48 in chips) 
coeeeelho: posts small blind $0.50
Edi131313: posts big blind $1
*** HOLE CARDS ***
chinokevin13: folds 
iNeverBluff398: folds 
DL1B: raises $1.50 to $2.50
MrAdris9: folds 
coeeeelho: folds 
Edi131313: folds 
Uncalled bet ($1.50) returned to DL1B
DL1B collected $2.50 from pot
DL1B: doesn't show hand 
*** SUMMARY ***
Total pot $2.50 | Rake $0 
Seat 1: Edi131313 (big blind) folded before Flop
Seat 2: chinokevin13 folded before Flop (didn't bet)
Seat 3: iNeverBluff398 folded before Flop (didn't bet)
Seat 4: DL1B collected ($2.50)
Seat 5: MrAdris9 (button) folded before Flop (didn't bet)
Seat 6: coeeeelho (small blind) folded before Flop



PokerStars Hand #254466899045:  Hold'em No Limit ($0.50/$1.00 USD) - 2025/01/20 12:35:15 WET [2025/01/20 7:35:15 ET]
Table 'Pandora IV' 6-max Seat #6 is the button
Seat 1: Edi131313 ($114.46 in chips) 
Seat 2: chinokevin13 ($180.38 in chips) 
Seat 3: iNeverBluff398 ($134.82 in chips) 
Seat 4: DL1B ($178.79 in chips) 
Seat 5: MrAdris9 ($100 in chips) 
Seat 6: coeeeelho ($113.98 in chips) 
Edi131313: posts small blind $0.50
chinokevin13: posts big blind $1
*** HOLE CARDS ***
iNeverBluff398: folds 
DL1B: folds 
MrAdris9: folds 
coeeeelho: folds 
Edi131313: raises $1 to $2
chinokevin13: raises $10 to $12
Edi131313: folds 
Uncalled bet ($10) returned to chinokevin13
chinokevin13 collected $4 from pot
chinokevin13: doesn't show hand 
*** SUMMARY ***
Total pot $4 | Rake $0 
Seat 1: Edi131313 (small blind) folded before Flop
Seat 2: chinokevin13 (big blind) collected ($4)
Seat 3: iNeverBluff398 folded before Flop (didn't bet)
Seat 4: DL1B folded before Flop (didn't bet)
Seat 5: MrAdris9 folded before Flop (didn't bet)
Seat 6: coeeeelho (button) folded before Flop (didn't bet)



PokerStars Hand #254466902477:  Hold'em No Limit ($0.50/$1.00 USD) - 2025/01/20 12:35:39 WET [2025/01/20 7:35:39 ET]
Table 'Pandora IV' 6-max Seat #1 is the button
Seat 1: Edi131313 ($112.46 in chips) 
Seat 2: chinokevin13 ($182.38 in chips) 
Seat 3: iNeverBluff398 ($134.82 in chips) 
Seat 4: DL1B ($178.79 in chips) 
Seat 5: MrAdris9 ($100 in chips) 
Seat 6: coeeeelho ($113.98 in chips) 
chinokevin13: posts small blind $0.50
iNeverBluff398: posts big blind $1
*** HOLE CARDS ***
DL1B: folds 
MrAdris9: folds 
coeeeelho: folds 
Edi131313: raises $1 to $2
chinokevin13: folds 
iNeverBluff398: folds 
Uncalled bet ($1) returned to Edi131313
Edi131313 collected $2.50 from pot
Edi131313: doesn't show hand 
*** SUMMARY ***
Total pot $2.50 | Rake $0 
Seat 1: Edi131313 (button) collected ($2.50)
Seat 2: chinokevin13 (small blind) folded before Flop
Seat 3: iNeverBluff398 (big blind) folded before Flop
Seat 4: DL1B folded before Flop (didn't bet)
Seat 5: MrAdris9 folded before Flop (didn't bet)
Seat 6: coeeeelho folded before Flop (didn't bet)



PokerStars Hand #254466904276:  Hold'em No Limit ($0.50/$1.00 USD) - 2025/01/20 12:35:52 WET [2025/01/20 7:35:52 ET]
Table 'Pandora IV' 6-max Seat #2 is the button
Seat 1: Edi131313 ($113.96 in chips) 
Seat 2: chinokevin13 ($181.88 in chips) 
Seat 3: iNeverBluff398 ($133.82 in chips) 
Seat 4: DL1B ($178.79 in chips) 
Seat 5: MrAdris9 ($100 in chips) 
Seat 6: coeeeelho ($113.98 in chips) 
iNeverBluff398: posts small blind $0.50
DL1B: posts big blind $1
*** HOLE CARDS ***
MrAdris9: folds 
coeeeelho: raises $1.10 to $2.10
Edi131313: folds 
chinokevin13: folds 
iNeverBluff398: folds 
DL1B: folds 
Uncalled bet ($1.10) returned to coeeeelho
coeeeelho collected $2.50 from pot
*** SUMMARY ***
Total pot $2.50 | Rake $0 
Seat 1: Edi131313 folded before Flop (didn't bet)
Seat 2: chinokevin13 (button) folded before Flop (didn't bet)
Seat 3: iNeverBluff398 (small blind) folded before Flop
Seat 4: DL1B (big blind) folded before Flop
Seat 5: MrAdris9 folded before Flop (didn't bet)
Seat 6: coeeeelho collected ($2.50)



PokerStars Hand #254466906015:  Hold'em No Limit ($0.50/$1.00 USD) - 2025/01/20 12:36:03 WET [2025/01/20 7:36:03 ET]
Table 'Pandora IV' 6-max Seat #3 is the button
Seat 1: Edi131313 ($113.96 in chips) 
Seat 2: chinokevin13 ($181.88 in chips) 
Seat 3: iNeverBluff398 ($133.32 in chips) 
Seat 4: DL1B ($177.79 in chips) 
Seat 5: MrAdris9 ($100 in chips) 
Seat 6: coeeeelho ($115.48 in chips) 
DL1B: posts small blind $0.50
MrAdris9: posts big blind $1
*** HOLE CARDS ***
coeeeelho: folds 
Edi131313: folds 
chinokevin13: raises $1.50 to $2.50
iNeverBluff398: raises $5 to $7.50
DL1B: folds 
MrAdris9: folds 
chinokevin13: folds 
Uncalled bet ($5) returned to iNeverBluff398
iNeverBluff398 collected $6.50 from pot
iNeverBluff398: doesn't show hand 
*** SUMMARY ***
Total pot $6.50 | Rake $0 
Seat 1: Edi131313 folded before Flop (didn't bet)
Seat 2: chinokevin13 folded before Flop
Seat 3: iNeverBluff398 (button) collected ($6.50)
Seat 4: DL1B (small blind) folded before Flop
Seat 5: MrAdris9 (big blind) folded before Flop
Seat 6: coeeeelho folded before Flop (didn't bet)



PokerStars Hand #254466909709:  Hold'em No Limit ($0.50/$1.00 USD) - 2025/01/20 12:36:29 WET [2025/01/20 7:36:29 ET]
Table 'Pandora IV' 6-max Seat #4 is the button
Seat 1: Edi131313 ($113.96 in chips) 
Seat 2: chinokevin13 ($179.38 in chips) 
Seat 3: iNeverBluff398 ($137.32 in chips) 
Seat 4: DL1B ($177.29 in chips) 
Seat 5: MrAdris9 ($100 in chips) 
Seat 6: coeeeelho ($115.48 in chips) 
MrAdris9: posts small blind $0.50
coeeeelho: posts big blind $1
*** HOLE CARDS ***
Edi131313: folds 
chinokevin13: folds 
iNeverBluff398: folds 
DL1B: folds 
MrAdris9: raises $2 to $3
coeeeelho: folds 
Uncalled bet ($2) returned to MrAdris9
MrAdris9 collected $2 from pot
MrAdris9: doesn't show hand 
*** SUMMARY ***
Total pot $2 | Rake $0 
Seat 1: Edi131313 folded before Flop (didn't bet)
Seat 2: chinokevin13 folded before Flop (didn't bet)
Seat 3: iNeverBluff398 folded before Flop (didn't bet)
Seat 4: DL1B (button) folded before Flop (didn't bet)
Seat 5: MrAdris9 (small blind) collected ($2)
Seat 6: coeeeelho (big blind) folded before Flop



PokerStars Hand #254466911769:  Hold'em No Limit ($0.50/$1.00 USD) - 2025/01/20 12:36:43 WET [2025/01/20 7:36:43 ET]
Table 'Pandora IV' 6-max Seat #5 is the button
Seat 1: Edi131313 ($113.96 in chips) 
Seat 2: chinokevin13 ($179.38 in chips) 
Seat 3: iNeverBluff398 ($137.32 in chips) 
Seat 4: DL1B ($177.29 in chips) 
Seat 5: MrAdris9 ($101 in chips) 
Seat 6: coeeeelho ($114.48 in chips) 
coeeeelho: posts small blind $0.50
Edi131313: posts big blind $1
*** HOLE CARDS ***
chinokevin13: folds 
iNeverBluff398: folds 
DL1B: raises $1.50 to $2.50
MrAdris9: folds 
coeeeelho: folds 
Edi131313: calls $1.50
*** FLOP *** [Js 4s 3d]
Edi131313: checks 
DL1B: checks 
*** TURN *** [Js 4s 3d] [Jc]
Edi131313: checks 
DL1B: checks 
*** RIVER *** [Js 4s 3d Jc] [Qh]
Edi131313: checks 
DL1B: checks 
*** SHOW DOWN ***
Edi131313: shows [8c 9s] (a pair of Jacks)
DL1B: shows [9h Ac] (a pair of Jacks - Ace kicker)
DL1B collected $5.22 from pot
*** SUMMARY ***
Total pot $5.50 | Rake $0.28 
Board [Js 4s 3d Jc Qh]
Seat 1: Edi131313 (big blind) showed [8c 9s] and lost with a pair of Jacks
Seat 2: chinokevin13 folded before Flop (didn't bet)
Seat 3: iNeverBluff398 folded before Flop (didn't bet)
Seat 4: DL1B showed [9h Ac] and won ($5.22) with a pair of Jacks
Seat 5: MrAdris9 (button) folded before Flop (didn't bet)
Seat 6: coeeeelho (small blind) folded before Flop



PokerStars Hand #254466917685:  Hold'em No Limit ($0.50/$1.00 USD) - 2025/01/20 12:37:23 WET [2025/01/20 7:37:23 ET]
Table 'Pandora IV' 6-max Seat #6 is the button
Seat 1: Edi131313 ($111.46 in chips) 
Seat 2: chinokevin13 ($179.38 in chips) 
Seat 3: iNeverBluff398 ($137.32 in chips) 
Seat 4: DL1B ($180.01 in chips) 
Seat 5: MrAdris9 ($101 in chips) 
Seat 6: coeeeelho ($113.98 in chips) 
Edi131313: posts small blind $0.50
chinokevin13: posts big blind $1
*** HOLE CARDS ***
iNeverBluff398: folds 
DL1B: folds 
MrAdris9: raises $1.20 to $2.20
coeeeelho: folds 
Edi131313: calls $1.70
chinokevin13: folds 
*** FLOP *** [6s Qs 2d]
Edi131313: checks 
MrAdris9: bets $1.69
Edi131313: folds 
Uncalled bet ($1.69) returned to MrAdris9
MrAdris9 collected $5.13 from pot
MrAdris9: doesn't show hand 
*** SUMMARY ***
Total pot $5.40 | Rake $0.27 
Board [6s Qs 2d]
Seat 1: Edi131313 (small blind) folded on the Flop
Seat 2: chinokevin13 (big blind) folded before Flop
Seat 3: iNeverBluff398 folded before Flop (didn't bet)
Seat 4: DL1B folded before Flop (didn't bet)
Seat 5: MrAdris9 collected ($5.13)
Seat 6: coeeeelho (button) folded before Flop (didn't bet)



PokerStars Hand #254466923558:  Hold'em No Limit ($0.50/$1.00 USD) - 2025/01/20 12:38:03 WET [2025/01/20 7:38:03 ET]
Table 'Pandora IV' 6-max Seat #1 is the button
Seat 1: Edi131313 ($109.26 in chips) 
Seat 2: chinokevin13 ($178.38 in chips) 
Seat 3: iNeverBluff398 ($137.32 in chips) 
Seat 4: DL1B ($180.01 in chips) 
Seat 5: MrAdris9 ($103.93 in chips) 
Seat 6: coeeeelho ($113.98 in chips) 
chinokevin13: posts small blind $0.50
iNeverBluff398: posts big blind $1
*** HOLE CARDS ***
DL1B: folds 
MrAdris9: folds 
coeeeelho: folds 
Edi131313 has timed out
Edi131313: folds 
chinokevin13: raises $2 to $3
iNeverBluff398: calls $2
*** FLOP *** [Qh 2h Tc]
chinokevin13: checks 
iNeverBluff398: checks 
*** TURN *** [Qh 2h Tc] [8d]
chinokevin13: bets $4.28
iNeverBluff398: folds 
Uncalled bet ($4.28) returned to chinokevin13
chinokevin13 collected $5.70 from pot
chinokevin13: doesn't show hand 
*** SUMMARY ***
Total pot $6 | Rake $0.30 
Board [Qh 2h Tc 8d]
Seat 1: Edi131313 (button) folded before Flop (didn't bet)
Seat 2: chinokevin13 (small blind) collected ($5.70)
Seat 3: iNeverBluff398 (big blind) folded on the Turn
Seat 4: DL1B folded before Flop (didn't bet)
Seat 5: MrAdris9 folded before Flop (didn't bet)
Seat 6: coeeeelho folded before Flop (didn't bet)



PokerStars Hand #254466931329:  Hold'em No Limit ($0.50/$1.00 USD) - 2025/01/20 12:38:56 WET [2025/01/20 7:38:56 ET]
Table 'Pandora IV' 6-max Seat #2 is the button
Seat 1: Edi131313 ($109.26 in chips) 
Seat 2: chinokevin13 ($181.08 in chips) 
Seat 3: iNeverBluff398 ($134.32 in chips) 
Seat 4: DL1B ($180.01 in chips) 
Seat 5: MrAdris9 ($103.93 in chips) 
Seat 6: coeeeelho ($113.98 in chips) 
iNeverBluff398: posts small blind $0.50
DL1B: posts big blind $1
*** HOLE CARDS ***
MrAdris9: folds 
coeeeelho: folds 
Edi131313: folds 
chinokevin13: raises $1.50 to $2.50
iNeverBluff398: folds 
DL1B: folds 
Uncalled bet ($1.50) returned to chinokevin13
chinokevin13 collected $2.50 from pot
chinokevin13: doesn't show hand 
*** SUMMARY ***
Total pot $2.50 | Rake $0 
Seat 1: Edi131313 folded before Flop (didn't bet)
Seat 2: chinokevin13 (button) collected ($2.50)
Seat 3: iNeverBluff398 (small blind) folded before Flop
Seat 4: DL1B (big blind) folded before Flop
Seat 5: MrAdris9 folded before Flop (didn't bet)
Seat 6: coeeeelho folded before Flop (didn't bet)



PokerStars Hand #254466933948:  Hold'em No Limit ($0.50/$1.00 USD) - 2025/01/20 12:39:14 WET [2025/01/20 7:39:14 ET]
Table 'Pandora IV' 6-max Seat #3 is the button
Seat 1: Edi131313 ($109.26 in chips) 
Seat 2: chinokevin13 ($182.58 in chips) 
Seat 3: iNeverBluff398 ($133.82 in chips) 
Seat 4: DL1B ($179.01 in chips) 
Seat 5: MrAdris9 ($103.93 in chips) 
Seat 6: coeeeelho ($113.98 in chips) 
DL1B: posts small blind $0.50
MrAdris9: posts big blind $1
*** HOLE CARDS ***
coeeeelho: raises $1.20 to $2.20
Edi131313: folds 
chinokevin13: folds 
iNeverBluff398: folds 
DL1B: folds 
MrAdris9: calls $1.20
*** FLOP *** [Td Ac 7h]
MrAdris9: checks 
coeeeelho: bets $3.50
MrAdris9: folds 
Uncalled bet ($3.50) returned to coeeeelho
coeeeelho collected $4.66 from pot
*** SUMMARY ***
Total pot $4.90 | Rake $0.24 
Board [Td Ac 7h]
Seat 1: Edi131313 folded before Flop (didn't bet)
Seat 2: chinokevin13 folded before Flop (didn't bet)
Seat 3: iNeverBluff398 (button) folded before Flop (didn't bet)
Seat 4: DL1B (small blind) folded before Flop
Seat 5: MrAdris9 (big blind) folded on the Flop
Seat 6: coeeeelho collected ($4.66)



PokerStars Hand #254466941142:  Hold'em No Limit ($0.50/$1.00 USD) - 2025/01/20 12:40:03 WET [2025/01/20 7:40:03 ET]
Table 'Pandora IV' 6-max Seat #4 is the button
Seat 1: Edi131313 ($109.26 in chips) 
Seat 2: chinokevin13 ($182.58 in chips) 
Seat 3: iNeverBluff398 ($133.82 in chips) 
Seat 4: DL1B ($178.51 in chips) 
Seat 5: MrAdris9 ($101.73 in chips) 
Seat 6: coeeeelho ($116.44 in chips) 
MrAdris9: posts small blind $0.50
coeeeelho: posts big blind $1
*** HOLE CARDS ***
Edi131313: folds 
chinokevin13: raises $1.20 to $2.20
iNeverBluff398: raises $4.30 to $6.50
DL1B: folds 
MrAdris9: folds 
coeeeelho: folds 
chinokevin13: folds 
Uncalled bet ($4.30) returned to iNeverBluff398
iNeverBluff398 collected $5.90 from pot
iNeverBluff398: doesn't show hand 
*** SUMMARY ***
Total pot $5.90 | Rake $0 
Seat 1: Edi131313 folded before Flop (didn't bet)
Seat 2: chinokevin13 folded before Flop
Seat 3: iNeverBluff398 collected ($5.90)
Seat 4: DL1B (button) folded before Flop (didn't bet)
Seat 5: MrAdris9 (small blind) folded before Flop
Seat 6: coeeeelho (big blind) folded before Flop



PokerStars Hand #254466945014:  Hold'em No Limit ($0.50/$1.00 USD) - 2025/01/20 12:40:29 WET [2025/01/20 7:40:29 ET]
Table 'Pandora IV' 6-max Seat #5 is the button
Seat 1: Edi131313 ($109.26 in chips) 
Seat 2: chinokevin13 ($180.38 in chips) 
Seat 3: iNeverBluff398 ($137.52 in chips) 
Seat 4: DL1B ($178.51 in chips) 
Seat 5: MrAdris9 ($101.23 in chips) 
Seat 6: coeeeelho ($115.44 in chips) 
coeeeelho: posts small blind $0.50
Edi131313: posts big blind $1
*** HOLE CARDS ***
chinokevin13: folds 
iNeverBluff398: folds 
DL1B: folds 
MrAdris9: folds 
coeeeelho: raises $2 to $3
Edi131313: folds 
Uncalled bet ($2) returned to coeeeelho
coeeeelho collected $2 from pot
*** SUMMARY ***
Total pot $2 | Rake $0 
Seat 1: Edi131313 (big blind) folded before Flop
Seat 2: chinokevin13 folded before Flop (didn't bet)
Seat 3: iNeverBluff398 folded before Flop (didn't bet)
Seat 4: DL1B folded before Flop (didn't bet)
Seat 5: MrAdris9 (button) folded before Flop (didn't bet)
Seat 6: coeeeelho (small blind) collected ($2)



PokerStars Hand #254466947371:  Hold'em No Limit ($0.50/$1.00 USD) - 2025/01/20 12:40:45 WET [2025/01/20 7:40:45 ET]
Table 'Pandora IV' 6-max Seat #6 is the button
Seat 1: Edi131313 ($108.26 in chips) 
Seat 2: chinokevin13 ($180.38 in chips) 
Seat 3: iNeverBluff398 ($137.52 in chips) 
Seat 4: DL1B ($178.51 in chips) 
Seat 5: MrAdris9 ($101.23 in chips) 
Seat 6: coeeeelho ($116.44 in chips) 
Edi131313: posts small blind $0.50
chinokevin13: posts big blind $1
*** HOLE CARDS ***
iNeverBluff398: folds 
DL1B: folds 
MrAdris9: raises $1.20 to $2.20
coeeeelho: folds 
Edi131313: folds 
chinokevin13: folds 
Uncalled bet ($1.20) returned to MrAdris9
MrAdris9 collected $2.50 from pot
MrAdris9: doesn't show hand 
*** SUMMARY ***
Total pot $2.50 | Rake $0 
Seat 1: Edi131313 (small blind) folded before Flop
Seat 2: chinokevin13 (big blind) folded before Flop
Seat 3: iNeverBluff398 folded before Flop (didn't bet)
Seat 4: DL1B folded before Flop (didn't bet)
Seat 5: MrAdris9 collected ($2.50)
Seat 6: coeeeelho (button) folded before Flop (didn't bet)



PokerStars Hand #254466950576:  Hold'em No Limit ($0.50/$1.00 USD) - 2025/01/20 12:41:06 WET [2025/01/20 7:41:06 ET]
Table 'Pandora IV' 6-max Seat #1 is the button
Seat 1: Edi131313 ($107.76 in chips) 
Seat 2: chinokevin13 ($179.38 in chips) 
Seat 3: iNeverBluff398 ($137.52 in chips) 
Seat 4: DL1B ($178.51 in chips) 
Seat 5: MrAdris9 ($102.73 in chips) 
Seat 6: coeeeelho ($116.44 in chips) 
chinokevin13: posts small blind $0.50
iNeverBluff398: posts big blind $1
*** HOLE CARDS ***
DL1B: folds 
MrAdris9: folds 
coeeeelho: raises $1.20 to $2.20
Edi131313: calls $2.20
chinokevin13: folds 
iNeverBluff398: folds 
*** FLOP *** [Qd 9s 9d]
coeeeelho: checks 
Edi131313: checks 
*** TURN *** [Qd 9s 9d] [Ac]
coeeeelho: checks 
Edi131313: checks 
*** RIVER *** [Qd 9s 9d Ac] [Tc]
coeeeelho: bets $1.40
Edi131313: folds 
Uncalled bet ($1.40) returned to coeeeelho
coeeeelho collected $5.60 from pot
*** SUMMARY ***
Total pot $5.90 | Rake $0.30 
Board [Qd 9s 9d Ac Tc]
Seat 1: Edi131313 (button) folded on the River
Seat 2: chinokevin13 (small blind) folded before Flop
Seat 3: iNeverBluff398 (big blind) folded before Flop
Seat 4: DL1B folded before Flop (didn't bet)
Seat 5: MrAdris9 folded before Flop (didn't bet)
Seat 6: coeeeelho collected ($5.60)



PokerStars Hand #254466961575:  Hold'em No Limit ($0.50/$1.00 USD) - 2025/01/20 12:42:20 WET [2025/01/20 7:42:20 ET]
Table 'Pandora IV' 6-max Seat #2 is the button
Seat 1: Edi131313 ($105.56 in chips) 
Seat 2: chinokevin13 ($178.88 in chips) 
Seat 3: iNeverBluff398 ($136.52 in chips) 
Seat 4: DL1B ($178.51 in chips) 
Seat 5: MrAdris9 ($102.73 in chips) 
Seat 6: coeeeelho ($119.84 in chips) 
iNeverBluff398: posts small blind $0.50
DL1B: posts big blind $1
*** HOLE CARDS ***
MrAdris9: folds 
coeeeelho: raises $1.10 to $2.10
Edi131313: folds 
chinokevin13: folds 
iNeverBluff398: folds 
DL1B: calls $1.10
*** FLOP *** [Tc 3d Ts]
DL1B: checks 
coeeeelho: bets $1.11
DL1B: calls $1.11
*** TURN *** [Tc 3d Ts] [8c]
DL1B: checks 
coeeeelho: checks 
*** RIVER *** [Tc 3d Ts 8c] [Js]
DL1B: checks 
coeeeelho: checks 
*** SHOW DOWN ***
DL1B: shows [2s 2h] (two pair, Tens and Deuces)
coeeeelho: shows [8h 9h] (two pair, Tens and Eights)
coeeeelho collected $6.57 from pot
*** SUMMARY ***
Total pot $6.92 | Rake $0.35 
Board [Tc 3d Ts 8c Js]
Seat 1: Edi131313 folded before Flop (didn't bet)
Seat 2: chinokevin13 (button) folded before Flop (didn't bet)
Seat 3: iNeverBluff398 (small blind) folded before Flop
Seat 4: DL1B (big blind) showed [2s 2h] and lost with two pair, Tens and Deuces
Seat 5: MrAdris9 folded before Flop (didn't bet)
Seat 6: coeeeelho showed [8h 9h] and won ($6.57) with two pair, Tens and Eights



PokerStars Hand #254466968787:  Hold'em No Limit ($0.50/$1.00 USD) - 2025/01/20 12:43:07 WET [2025/01/20 7:43:07 ET]
Table 'Pandora IV' 6-max Seat #3 is the button
Seat 1: Edi131313 ($105.56 in chips) 
Seat 2: chinokevin13 ($178.88 in chips) 
Seat 3: iNeverBluff398 ($136.02 in chips) 
Seat 4: DL1B ($175.30 in chips) 
Seat 5: MrAdris9 ($102.73 in chips) 
Seat 6: coeeeelho ($123.20 in chips) 
DL1B: posts small blind $0.50
MrAdris9: posts big blind $1
*** HOLE CARDS ***
coeeeelho: folds 
Edi131313: folds 
chinokevin13: folds 
iNeverBluff398: folds 
DL1B: folds 
Uncalled bet ($0.50) returned to MrAdris9
MrAdris9 collected $1 from pot
MrAdris9: doesn't show hand 
*** SUMMARY ***
Total pot $1 | Rake $0 
Seat 1: Edi131313 folded before Flop (didn't bet)
Seat 2: chinokevin13 folded before Flop (didn't bet)
Seat 3: iNeverBluff398 (button) folded before Flop (didn't bet)
Seat 4: DL1B (small blind) folded before Flop
Seat 5: MrAdris9 (big blind) collected ($1)
Seat 6: coeeeelho folded before Flop (didn't bet)



PokerStars Hand #254466970306:  Hold'em No Limit ($0.50/$1.00 USD) - 2025/01/20 12:43:18 WET [2025/01/20 7:43:18 ET]
Table 'Pandora IV' 6-max Seat #4 is the button
Seat 1: Edi131313 ($105.56 in chips) 
Seat 2: chinokevin13 ($178.88 in chips) 
Seat 3: iNeverBluff398 ($136.02 in chips) 
Seat 4: DL1B ($174.80 in chips) 
Seat 5: MrAdris9 ($103.23 in chips) 
Seat 6: coeeeelho ($123.20 in chips) 
MrAdris9: posts small blind $0.50
coeeeelho: posts big blind $1
*** HOLE CARDS ***
Edi131313: raises $1 to $2
chinokevin13: folds 
iNeverBluff398: folds 
DL1B: folds 
MrAdris9: folds 
coeeeelho: calls $1
*** FLOP *** [Qc Ah 4d]
coeeeelho: checks 
Edi131313: checks 
*** TURN *** [Qc Ah 4d] [9d]
coeeeelho: bets $3.21
Edi131313: calls $3.21
*** RIVER *** [Qc Ah 4d 9d] [Th]
coeeeelho: bets $7.78
Edi131313: calls $7.78
*** SHOW DOWN ***
coeeeelho: shows [Td As] (two pair, Aces and Tens)
Edi131313: mucks hand 
coeeeelho collected $25.16 from pot
*** SUMMARY ***
Total pot $26.48 | Rake $1.32 
Board [Qc Ah 4d 9d Th]
Seat 1: Edi131313 mucked
Seat 2: chinokevin13 folded before Flop (didn't bet)
Seat 3: iNeverBluff398 folded before Flop (didn't bet)
Seat 4: DL1B (button) folded before Flop (didn't bet)
Seat 5: MrAdris9 (small blind) folded before Flop
Seat 6: coeeeelho (big blind) showed [Td As] and won ($25.16) with two pair, Aces and Tens



PokerStars Hand #254466979218:  Hold'em No Limit ($0.50/$1.00 USD) - 2025/01/20 12:44:17 WET [2025/01/20 7:44:17 ET]
Table 'Pandora IV' 6-max Seat #5 is the button
Seat 1: Edi131313 ($92.57 in chips) 
Seat 2: chinokevin13 ($178.88 in chips) 
Seat 3: iNeverBluff398 ($136.02 in chips) 
Seat 4: DL1B ($174.80 in chips) 
Seat 5: MrAdris9 ($102.73 in chips) 
Seat 6: coeeeelho ($135.37 in chips) 
coeeeelho: posts small blind $0.50
Edi131313: posts big blind $1
*** HOLE CARDS ***
chinokevin13: folds 
iNeverBluff398: folds 
DL1B: folds 
MrAdris9: raises $1.50 to $2.50
coeeeelho: folds 
Edi131313: folds 
Uncalled bet ($1.50) returned to MrAdris9
MrAdris9 collected $2.50 from pot
MrAdris9: doesn't show hand 
*** SUMMARY ***
Total pot $2.50 | Rake $0 
Seat 1: Edi131313 (big blind) folded before Flop
Seat 2: chinokevin13 folded before Flop (didn't bet)
Seat 3: iNeverBluff398 folded before Flop (didn't bet)
Seat 4: DL1B folded before Flop (didn't bet)
Seat 5: MrAdris9 (button) collected ($2.50)
Seat 6: coeeeelho (small blind) folded before Flop



PokerStars Hand #254466981532:  Hold'em No Limit ($0.50/$1.00 USD) - 2025/01/20 12:44:32 WET [2025/01/20 7:44:32 ET]
Table 'Pandora IV' 6-max Seat #6 is the button
Seat 1: Edi131313 ($91.57 in chips) 
Seat 2: chinokevin13 ($178.88 in chips) 
Seat 3: iNeverBluff398 ($136.02 in chips) 
Seat 4: DL1B ($174.80 in chips) 
Seat 5: MrAdris9 ($104.23 in chips) 
Seat 6: coeeeelho ($134.87 in chips) 
Edi131313: posts small blind $0.50
chinokevin13: posts big blind $1
*** HOLE CARDS ***
iNeverBluff398: folds 
DL1B: folds 
MrAdris9: raises $1.20 to $2.20
coeeeelho: folds 
Edi131313: folds 
chinokevin13: folds 
Uncalled bet ($1.20) returned to MrAdris9
MrAdris9 collected $2.50 from pot
MrAdris9: doesn't show hand 
*** SUMMARY ***
Total pot $2.50 | Rake $0 
Seat 1: Edi131313 (small blind) folded before Flop
Seat 2: chinokevin13 (big blind) folded before Flop
Seat 3: iNeverBluff398 folded before Flop (didn't bet)
Seat 4: DL1B folded before Flop (didn't bet)
Seat 5: MrAdris9 collected ($2.50)
Seat 6: coeeeelho (button) folded before Flop (didn't bet)



PokerStars Hand #254466986434:  Hold'em No Limit ($0.50/$1.00 USD) - 2025/01/20 12:45:04 WET [2025/01/20 7:45:04 ET]
Table 'Pandora IV' 6-max Seat #1 is the button
Seat 1: Edi131313 ($91.07 in chips) 
Seat 2: chinokevin13 ($177.88 in chips) 
Seat 3: iNeverBluff398 ($136.02 in chips) 
Seat 4: DL1B ($174.80 in chips) 
Seat 5: MrAdris9 ($105.73 in chips) 
Seat 6: coeeeelho ($134.87 in chips) 
chinokevin13: posts small blind $0.50
iNeverBluff398: posts big blind $1
*** HOLE CARDS ***
DL1B: folds 
MrAdris9: folds 
coeeeelho: folds 
Edi131313: folds 
chinokevin13: raises $2 to $3
iNeverBluff398: folds 
Uncalled bet ($2) returned to chinokevin13
chinokevin13 collected $2 from pot
chinokevin13: doesn't show hand 
*** SUMMARY ***
Total pot $2 | Rake $0 
Seat 1: Edi131313 (button) folded before Flop (didn't bet)
Seat 2: chinokevin13 (small blind) collected ($2)
Seat 3: iNeverBluff398 (big blind) folded before Flop
Seat 4: DL1B folded before Flop (didn't bet)
Seat 5: MrAdris9 folded before Flop (didn't bet)
Seat 6: coeeeelho folded before Flop (didn't bet)



PokerStars Hand #254466988640:  Hold'em No Limit ($0.50/$1.00 USD) - 2025/01/20 12:45:18 WET [2025/01/20 7:45:18 ET]
Table 'Pandora IV' 6-max Seat #2 is the button
Seat 1: Edi131313 ($91.07 in chips) 
Seat 2: chinokevin13 ($178.88 in chips) 
Seat 3: iNeverBluff398 ($135.02 in chips) 
Seat 4: DL1B ($174.80 in chips) 
Seat 5: MrAdris9 ($105.73 in chips) 
Seat 6: coeeeelho ($134.87 in chips) 
iNeverBluff398: posts small blind $0.50
DL1B: posts big blind $1
*** HOLE CARDS ***
MrAdris9: folds 
coeeeelho: folds 
Edi131313: folds 
chinokevin13: raises $1.50 to $2.50
iNeverBluff398: folds 
DL1B: folds 
Uncalled bet ($1.50) returned to chinokevin13
chinokevin13 collected $2.50 from pot
chinokevin13: doesn't show hand 
*** SUMMARY ***
Total pot $2.50 | Rake $0 
Seat 1: Edi131313 folded before Flop (didn't bet)
Seat 2: chinokevin13 (button) collected ($2.50)
Seat 3: iNeverBluff398 (small blind) folded before Flop
Seat 4: DL1B (big blind) folded before Flop
Seat 5: MrAdris9 folded before Flop (didn't bet)
Seat 6: coeeeelho folded before Flop (didn't bet)



PokerStars Hand #254466991608:  Hold'em No Limit ($0.50/$1.00 USD) - 2025/01/20 12:45:37 WET [2025/01/20 7:45:37 ET]
Table 'Pandora IV' 6-max Seat #3 is the button
Seat 1: Edi131313 ($91.07 in chips) 
Seat 2: chinokevin13 ($180.38 in chips) 
Seat 3: iNeverBluff398 ($134.52 in chips) 
Seat 4: DL1B ($173.80 in chips) 
Seat 5: MrAdris9 ($105.73 in chips) 
Seat 6: coeeeelho ($134.87 in chips) 
DL1B: posts small blind $0.50
MrAdris9: posts big blind $1
*** HOLE CARDS ***
coeeeelho: folds 
Edi131313: raises $1 to $2
chinokevin13: folds 
iNeverBluff398: raises $5 to $7
DL1B: folds 
MrAdris9: folds 
Edi131313: calls $5
*** FLOP *** [7s Kc 5s]
Edi131313: checks 
iNeverBluff398: bets $4.86
Edi131313: calls $4.86
*** TURN *** [7s Kc 5s] [8c]
Edi131313: checks 
iNeverBluff398: bets $21
Edi131313: calls $21
*** RIVER *** [7s Kc 5s 8c] [Ah]
Edi131313: checks 
iNeverBluff398: bets $97.08
Edi131313: folds 
Uncalled bet ($97.08) returned to iNeverBluff398
iNeverBluff398 collected $64.72 from pot
iNeverBluff398: doesn't show hand 
*** SUMMARY ***
Total pot $67.22 | Rake $2.50 
Board [7s Kc 5s 8c Ah]
Seat 1: Edi131313 folded on the River
Seat 2: chinokevin13 folded before Flop (didn't bet)
Seat 3: iNeverBluff398 (button) collected ($64.72)
Seat 4: DL1B (small blind) folded before Flop
Seat 5: MrAdris9 (big blind) folded before Flop
Seat 6: coeeeelho folded before Flop (didn't bet)



PokerStars Hand #254466999584:  Hold'em No Limit ($0.50/$1.00 USD) - 2025/01/20 12:46:30 WET [2025/01/20 7:46:30 ET]
Table 'Pandora IV' 6-max Seat #4 is the button
Seat 1: Edi131313 ($58.21 in chips) 
Seat 2: chinokevin13 ($180.38 in chips) 
Seat 3: iNeverBluff398 ($166.38 in chips) 
Seat 4: DL1B ($173.30 in chips) 
Seat 5: MrAdris9 ($104.73 in chips) 
Seat 6: coeeeelho ($134.87 in chips) 
MrAdris9: posts small blind $0.50
coeeeelho: posts big blind $1
*** HOLE CARDS ***
Edi131313: folds 
chinokevin13: folds 
iNeverBluff398: raises $1.20 to $2.20
DL1B: folds 
MrAdris9: folds 
coeeeelho: calls $1.20
*** FLOP *** [5c 8c 7h]
coeeeelho: checks 
iNeverBluff398: checks 
*** TURN *** [5c 8c 7h] [Ts]
coeeeelho: bets $3.50
iNeverBluff398: folds 
Uncalled bet ($3.50) returned to coeeeelho
coeeeelho collected $4.66 from pot
*** SUMMARY ***
Total pot $4.90 | Rake $0.24 
Board [5c 8c 7h Ts]
Seat 1: Edi131313 folded before Flop (didn't bet)
Seat 2: chinokevin13 folded before Flop (didn't bet)
Seat 3: iNeverBluff398 folded on the Turn
Seat 4: DL1B (button) folded before Flop (didn't bet)
Seat 5: MrAdris9 (small blind) folded before Flop
Seat 6: coeeeelho (big blind) collected ($4.66)



PokerStars Hand #254467006757:  Hold'em No Limit ($0.50/$1.00 USD) - 2025/01/20 12:47:16 WET [2025/01/20 7:47:16 ET]
Table 'Pandora IV' 6-max Seat #5 is the button
Seat 1: Edi131313 ($58.21 in chips) 
Seat 2: chinokevin13 ($180.38 in chips) 
Seat 3: iNeverBluff398 ($164.18 in chips) 
Seat 4: DL1B ($173.30 in chips) 
Seat 5: MrAdris9 ($104.23 in chips) 
Seat 6: coeeeelho ($137.33 in chips) 
coeeeelho: posts small blind $0.50
Edi131313: posts big blind $1
*** HOLE CARDS ***
chinokevin13: raises $3 to $4
iNeverBluff398: folds 
DL1B: folds 
MrAdris9: folds 
coeeeelho: folds 
Edi131313: folds 
Uncalled bet ($3) returned to chinokevin13
chinokevin13 collected $2.50 from pot
chinokevin13: doesn't show hand 
*** SUMMARY ***
Total pot $2.50 | Rake $0 
Seat 1: Edi131313 (big blind) folded before Flop
Seat 2: chinokevin13 collected ($2.50)
Seat 3: iNeverBluff398 folded before Flop (didn't bet)
Seat 4: DL1B folded before Flop (didn't bet)
Seat 5: MrAdris9 (button) folded before Flop (didn't bet)
Seat 6: coeeeelho (small blind) folded before Flop



PokerStars Hand #254467009540:  Hold'em No Limit ($0.50/$1.00 USD) - 2025/01/20 12:47:33 WET [2025/01/20 7:47:33 ET]
Table 'Pandora IV' 6-max Seat #6 is the button
Seat 1: Edi131313 ($57.21 in chips) 
Seat 2: chinokevin13 ($181.88 in chips) 
Seat 3: iNeverBluff398 ($164.18 in chips) 
Seat 4: DL1B ($173.30 in chips) 
Seat 5: MrAdris9 ($104.23 in chips) 
Seat 6: coeeeelho ($136.83 in chips) 
Edi131313: posts small blind $0.50
chinokevin13: posts big blind $1
*** HOLE CARDS ***
iNeverBluff398: folds 
DL1B: folds 
MrAdris9: raises $1.20 to $2.20
coeeeelho: folds 
Edi131313: folds 
chinokevin13: folds 
Uncalled bet ($1.20) returned to MrAdris9
MrAdris9 collected $2.50 from pot
MrAdris9: doesn't show hand 
*** SUMMARY ***
Total pot $2.50 | Rake $0 
Seat 1: Edi131313 (small blind) folded before Flop
Seat 2: chinokevin13 (big blind) folded before Flop
Seat 3: iNeverBluff398 folded before Flop (didn't bet)
Seat 4: DL1B folded before Flop (didn't bet)
Seat 5: MrAdris9 collected ($2.50)
Seat 6: coeeeelho (button) folded before Flop (didn't bet)



PokerStars Hand #254467011986:  Hold'em No Limit ($0.50/$1.00 USD) - 2025/01/20 12:47:50 WET [2025/01/20 7:47:50 ET]
Table 'Pandora IV' 6-max Seat #1 is the button
Seat 1: Edi131313 ($56.71 in chips) 
Seat 2: chinokevin13 ($180.88 in chips) 
Seat 3: iNeverBluff398 ($164.18 in chips) 
Seat 4: DL1B ($173.30 in chips) 
Seat 5: MrAdris9 ($105.73 in chips) 
Seat 6: coeeeelho ($136.83 in chips) 
chinokevin13: posts small blind $0.50
iNeverBluff398: posts big blind $1
*** HOLE CARDS ***
DL1B: folds 
MrAdris9: raises $1.20 to $2.20
coeeeelho: folds 
Edi131313: folds 
chinokevin13: folds 
iNeverBluff398: calls $1.20
*** FLOP *** [Kh 4s Ks]
iNeverBluff398: checks 
MrAdris9: bets $1.17
iNeverBluff398: folds 
Uncalled bet ($1.17) returned to MrAdris9
MrAdris9 collected $4.66 from pot
MrAdris9: doesn't show hand 
*** SUMMARY ***
Total pot $4.90 | Rake $0.24 
Board [Kh 4s Ks]
Seat 1: Edi131313 (button) folded before Flop (didn't bet)
Seat 2: chinokevin13 (small blind) folded before Flop
Seat 3: iNeverBluff398 (big blind) folded on the Flop
Seat 4: DL1B folded before Flop (didn't bet)
Seat 5: MrAdris9 collected ($4.66)
Seat 6: coeeeelho folded before Flop (didn't bet)



PokerStars Hand #254467016966:  Hold'em No Limit ($0.50/$1.00 USD) - 2025/01/20 12:48:23 WET [2025/01/20 7:48:23 ET]
Table 'Pandora IV' 6-max Seat #2 is the button
Seat 1: Edi131313 ($56.71 in chips) 
Seat 2: chinokevin13 ($180.38 in chips) 
Seat 3: iNeverBluff398 ($161.98 in chips) 
Seat 4: DL1B ($173.30 in chips) 
Seat 5: MrAdris9 ($108.19 in chips) 
Seat 6: coeeeelho ($136.83 in chips) 
iNeverBluff398: posts small blind $0.50
DL1B: posts big blind $1
*** HOLE CARDS ***
MrAdris9: folds 
coeeeelho: folds 
Edi131313: folds 
chinokevin13: folds 
iNeverBluff398: folds 
Uncalled bet ($0.50) returned to DL1B
DL1B collected $1 from pot
DL1B: doesn't show hand 
*** SUMMARY ***
Total pot $1 | Rake $0 
Seat 1: Edi131313 folded before Flop (didn't bet)
Seat 2: chinokevin13 (button) folded before Flop (didn't bet)
Seat 3: iNeverBluff398 (small blind) folded before Flop
Seat 4: DL1B (big blind) collected ($1)
Seat 5: MrAdris9 folded before Flop (didn't bet)
Seat 6: coeeeelho folded before Flop (didn't bet)



PokerStars Hand #254467018713:  Hold'em No Limit ($0.50/$1.00 USD) - 2025/01/20 12:48:34 WET [2025/01/20 7:48:34 ET]
Table 'Pandora IV' 6-max Seat #3 is the button
Seat 1: Edi131313 ($56.71 in chips) 
Seat 2: chinokevin13 ($180.38 in chips) 
Seat 3: iNeverBluff398 ($161.48 in chips) 
Seat 4: DL1B ($173.80 in chips) 
Seat 5: MrAdris9 ($108.19 in chips) 
Seat 6: coeeeelho ($136.83 in chips) 
DL1B: posts small blind $0.50
MrAdris9: posts big blind $1
*** HOLE CARDS ***
coeeeelho: folds 
Edi131313: folds 
chinokevin13: raises $1.50 to $2.50
iNeverBluff398: folds 
DL1B: folds 
MrAdris9: folds 
Uncalled bet ($1.50) returned to chinokevin13
chinokevin13 collected $2.50 from pot
chinokevin13: doesn't show hand 
*** SUMMARY ***
Total pot $2.50 | Rake $0 
Seat 1: Edi131313 folded before Flop (didn't bet)
Seat 2: chinokevin13 collected ($2.50)
Seat 3: iNeverBluff398 (button) folded before Flop (didn't bet)
Seat 4: DL1B (small blind) folded before Flop
Seat 5: MrAdris9 (big blind) folded before Flop
Seat 6: coeeeelho folded before Flop (didn't bet)



PokerStars Hand #254467021308:  Hold'em No Limit ($0.50/$1.00 USD) - 2025/01/20 12:48:51 WET [2025/01/20 7:48:51 ET]
Table 'Pandora IV' 6-max Seat #4 is the button
Seat 1: Edi131313 ($56.71 in chips) 
Seat 2: chinokevin13 ($181.88 in chips) 
Seat 3: iNeverBluff398 ($161.48 in chips) 
Seat 4: DL1B ($173.30 in chips) 
Seat 5: MrAdris9 ($107.19 in chips) 
Seat 6: coeeeelho ($136.83 in chips) 
MrAdris9: posts small blind $0.50
coeeeelho: posts big blind $1
*** HOLE CARDS ***
Edi131313: folds 
chinokevin13: folds 
iNeverBluff398: folds 
DL1B: folds 
MrAdris9: raises $2 to $3
coeeeelho: raises $7 to $10
MrAdris9: folds 
Uncalled bet ($7) returned to coeeeelho
coeeeelho collected $6 from pot
*** SUMMARY ***
Total pot $6 | Rake $0 
Seat 1: Edi131313 folded before Flop (didn't bet)
Seat 2: chinokevin13 folded before Flop (didn't bet)
Seat 3: iNeverBluff398 folded before Flop (didn't bet)
Seat 4: DL1B (button) folded before Flop (didn't bet)
Seat 5: MrAdris9 (small blind) folded before Flop
Seat 6: coeeeelho (big blind) collected ($6)



PokerStars Hand #254466526022:  Hold'em No Limit ($0.50/$1.00 USD) - 2025/01/20 11:49:18 WET [2025/01/20 6:49:18 ET]
Table 'Pandora IV' 6-max Seat #3 is the button
Seat 6: coeeeelho ($100 in chips) is sitting out
Seat 1: Dravid82 ($61.11 in chips) 
Seat 2: Evelexy1 ($80 in chips) 
Seat 3: fobot21 ($100 in chips) 
Seat 4: alexandr699 ($100 in chips) 
Seat 5: Pippa83 ($100 in chips) 
alexandr699: posts small blind $0.50
Pippa83: posts big blind $1
*** HOLE CARDS ***
Dravid82: folds 
Evelexy1: folds 
fobot21: folds 
alexandr699: raises $2 to $3
Pippa83: calls $2
*** FLOP *** [4h Ac 5d]
alexandr699: bets $1.88
Pippa83: raises $3.62 to $5.50
alexandr699: calls $3.62
*** TURN *** [4h Ac 5d] [6h]
alexandr699: checks 
Pippa83: checks 
*** RIVER *** [4h Ac 5d 6h] [Qh]
alexandr699: bets $20.99
Pippa83: folds 
Uncalled bet ($20.99) returned to alexandr699
alexandr699 collected $16.15 from pot
alexandr699: doesn't show hand 
*** SUMMARY ***
Total pot $17 | Rake $0.85 
Board [4h Ac 5d 6h Qh]
Seat 6: coeeeelho
Seat 1: Dravid82 folded before Flop (didn't bet)
Seat 2: Evelexy1 folded before Flop (didn't bet)
Seat 3: fobot21 (button) folded before Flop (didn't bet)
Seat 4: alexandr699 (small blind) collected ($16.15)
Seat 5: Pippa83 (big blind) folded on the River



PokerStars Hand #254466535060:  Hold'em No Limit ($0.50/$1.00 USD) - 2025/01/20 11:50:23 WET [2025/01/20 6:50:23 ET]
Table 'Pandora IV' 6-max Seat #4 is the button
Seat 1: Dravid82 ($61.11 in chips) 
Seat 2: Evelexy1 ($100 in chips) 
Seat 3: fobot21 ($100 in chips) 
Seat 4: alexandr699 ($107.65 in chips) 
Seat 5: Pippa83 ($100 in chips) 
Seat 6: coeeeelho ($100 in chips) 
Pippa83: posts small blind $0.50
coeeeelho: posts big blind $1
*** HOLE CARDS ***
Dravid82: raises $2 to $3
Evelexy1: raises $6 to $9
fobot21: folds 
alexandr699: folds 
Pippa83: folds 
coeeeelho: folds 
Dravid82: calls $6
*** FLOP *** [Ts 2h 7d]
Dravid82: checks 
Evelexy1: bets $6.17
Dravid82: calls $6.17
*** TURN *** [Ts 2h 7d] [8c]
Dravid82: checks 
Evelexy1: bets $15.13
Dravid82: folds 
Uncalled bet ($15.13) returned to Evelexy1
Evelexy1 collected $30.25 from pot
Evelexy1: doesn't show hand 
*** SUMMARY ***
Total pot $31.84 | Rake $1.59 
Board [Ts 2h 7d 8c]
Seat 1: Dravid82 folded on the Turn
Seat 2: Evelexy1 collected ($30.25)
Seat 3: fobot21 folded before Flop (didn't bet)
Seat 4: alexandr699 (button) folded before Flop (didn't bet)
Seat 5: Pippa83 (small blind) folded before Flop
Seat 6: coeeeelho (big blind) folded before Flop



PokerStars Hand #254466541518:  Hold'em No Limit ($0.50/$1.00 USD) - 2025/01/20 11:51:09 WET [2025/01/20 6:51:09 ET]
Table 'Pandora IV' 6-max Seat #5 is the button
Seat 1: Dravid82 ($45.94 in chips) 
Seat 2: Evelexy1 ($115.08 in chips) 
Seat 3: fobot21 ($100 in chips) 
Seat 4: alexandr699 ($107.65 in chips) 
Seat 5: Pippa83 ($100 in chips) 
Seat 6: coeeeelho ($100 in chips) 
coeeeelho: posts small blind $0.50
Dravid82: posts big blind $1
*** HOLE CARDS ***
Evelexy1: raises $1.50 to $2.50
fobot21: folds 
alexandr699: folds 
Pippa83: folds 
coeeeelho: folds 
Dravid82: calls $1.50
*** FLOP *** [3c 2d Qs]
Dravid82: checks 
Evelexy1: checks 
*** TURN *** [3c 2d Qs] [Kc]
Dravid82: checks 
Evelexy1: bets $3.92
Dravid82: folds 
Uncalled bet ($3.92) returned to Evelexy1
Evelexy1 collected $5.22 from pot
Evelexy1: doesn't show hand 
*** SUMMARY ***
Total pot $5.50 | Rake $0.28 
Board [3c 2d Qs Kc]
Seat 1: Dravid82 (big blind) folded on the Turn
Seat 2: Evelexy1 collected ($5.22)
Seat 3: fobot21 folded before Flop (didn't bet)
Seat 4: alexandr699 folded before Flop (didn't bet)
Seat 5: Pippa83 (button) folded before Flop (didn't bet)
Seat 6: coeeeelho (small blind) folded before Flop



PokerStars Hand #254466545687:  Hold'em No Limit ($0.50/$1.00 USD) - 2025/01/20 11:51:39 WET [2025/01/20 6:51:39 ET]
Table 'Pandora IV' 6-max Seat #6 is the button
Seat 1: Dravid82 ($43.44 in chips) 
Seat 2: Evelexy1 ($117.80 in chips) 
Seat 3: fobot21 ($100 in chips) 
Seat 4: alexandr699 ($107.65 in chips) 
Seat 5: Pippa83 ($100 in chips) 
Seat 6: coeeeelho ($100 in chips) 
Dravid82: posts small blind $0.50
Evelexy1: posts big blind $1
*** HOLE CARDS ***
fobot21: folds 
alexandr699: folds 
Pippa83: folds 
coeeeelho: raises $1.50 to $2.50
Dravid82: calls $2
Evelexy1: calls $1.50
*** FLOP *** [7s 6c Tc]
Dravid82: checks 
Evelexy1: bets $2.37
coeeeelho: folds 
Dravid82: raises $4.37 to $6.74
Evelexy1: calls $4.37
*** TURN *** [7s 6c Tc] [7h]
Dravid82: bets $9.97
Evelexy1: calls $9.97
*** RIVER *** [7s 6c Tc 7h] [9s]
Dravid82: bets $24.23 and is all-in
Evelexy1: folds 
Uncalled bet ($24.23) returned to Dravid82
Dravid82 collected $38.87 from pot
Dravid82: doesn't show hand 
*** SUMMARY ***
Total pot $40.92 | Rake $2.05 
Board [7s 6c Tc 7h 9s]
Seat 1: Dravid82 (small blind) collected ($38.87)
Seat 2: Evelexy1 (big blind) folded on the River
Seat 3: fobot21 folded before Flop (didn't bet)
Seat 4: alexandr699 folded before Flop (didn't bet)
Seat 5: Pippa83 folded before Flop (didn't bet)
Seat 6: coeeeelho (button) folded on the Flop



PokerStars Hand #254466552481:  Hold'em No Limit ($0.50/$1.00 USD) - 2025/01/20 11:52:28 WET [2025/01/20 6:52:28 ET]
Table 'Pandora IV' 6-max Seat #1 is the button
Seat 1: Dravid82 ($63.10 in chips) 
Seat 2: Evelexy1 ($100 in chips) 
Seat 3: fobot21 ($100 in chips) 
Seat 4: alexandr699 ($107.65 in chips) 
Seat 5: Pippa83 ($100 in chips) 
Seat 6: coeeeelho ($100 in chips) 
Evelexy1: posts small blind $0.50
fobot21: posts big blind $1
*** HOLE CARDS ***
alexandr699: folds 
Pippa83: folds 
coeeeelho: raises $1.30 to $2.30
Dravid82: calls $2.30
Evelexy1: folds 
fobot21: folds 
*** FLOP *** [Ks 9d 2s]
coeeeelho: checks 
Dravid82: checks 
*** TURN *** [Ks 9d 2s] [9c]
coeeeelho: checks 
Dravid82: checks 
*** RIVER *** [Ks 9d 2s 9c] [6h]
coeeeelho: checks 
Dravid82: checks 
*** SHOW DOWN ***
coeeeelho: shows [2c Qc] (two pair, Nines and Deuces)
Dravid82: mucks hand 
coeeeelho collected $5.80 from pot
*** SUMMARY ***
Total pot $6.10 | Rake $0.30 
Board [Ks 9d 2s 9c 6h]
Seat 1: Dravid82 (button) mucked
Seat 2: Evelexy1 (small blind) folded before Flop
Seat 3: fobot21 (big blind) folded before Flop
Seat 4: alexandr699 folded before Flop (didn't bet)
Seat 5: Pippa83 folded before Flop (didn't bet)
Seat 6: coeeeelho showed [2c Qc] and won ($5.80) with two pair, Nines and Deuces



PokerStars Hand #254466559356:  Hold'em No Limit ($0.50/$1.00 USD) - 2025/01/20 11:53:19 WET [2025/01/20 6:53:19 ET]
Table 'Pandora IV' 6-max Seat #2 is the button
Seat 1: Dravid82 ($60.80 in chips) 
Seat 2: Evelexy1 ($100 in chips) 
Seat 3: fobot21 ($100 in chips) 
Seat 4: alexandr699 ($107.65 in chips) 
Seat 5: Pippa83 ($100 in chips) 
Seat 6: coeeeelho ($103.50 in chips) 
fobot21: posts small blind $0.50
alexandr699: posts big blind $1
*** HOLE CARDS ***
Pippa83: folds 
coeeeelho: folds 
Dravid82: folds 
Evelexy1: raises $1.50 to $2.50
fobot21: raises $9 to $11.50
alexandr699: folds 
Evelexy1: folds 
Uncalled bet ($9) returned to fobot21
fobot21 collected $6 from pot
fobot21: doesn't show hand 
*** SUMMARY ***
Total pot $6 | Rake $0 
Seat 1: Dravid82 folded before Flop (didn't bet)
Seat 2: Evelexy1 (button) folded before Flop
Seat 3: fobot21 (small blind) collected ($6)
Seat 4: alexandr699 (big blind) folded before Flop
Seat 5: Pippa83 folded before Flop (didn't bet)
Seat 6: coeeeelho folded before Flop (didn't bet)



PokerStars Hand #254466561861:  Hold'em No Limit ($0.50/$1.00 USD) - 2025/01/20 11:53:37 WET [2025/01/20 6:53:37 ET]
Table 'Pandora IV' 6-max Seat #3 is the button
Seat 1: Dravid82 ($60.80 in chips) 
Seat 2: Evelexy1 ($100 in chips) 
Seat 3: fobot21 ($103.50 in chips) 
Seat 4: alexandr699 ($106.65 in chips) 
Seat 5: Pippa83 ($100 in chips) 
Seat 6: coeeeelho ($103.50 in chips) 
alexandr699: posts small blind $0.50
Pippa83: posts big blind $1
*** HOLE CARDS ***
coeeeelho: folds 
Dravid82: folds 
Evelexy1: folds 
fobot21: folds 
alexandr699: raises $2 to $3
Pippa83: folds 
Uncalled bet ($2) returned to alexandr699
alexandr699 collected $2 from pot
alexandr699: doesn't show hand 
*** SUMMARY ***
Total pot $2 | Rake $0 
Seat 1: Dravid82 folded before Flop (didn't bet)
Seat 2: Evelexy1 folded before Flop (didn't bet)
Seat 3: fobot21 (button) folded before Flop (didn't bet)
Seat 4: alexandr699 (small blind) collected ($2)
Seat 5: Pippa83 (big blind) folded before Flop
Seat 6: coeeeelho folded before Flop (didn't bet)



PokerStars Hand #254466564212:  Hold'em No Limit ($0.50/$1.00 USD) - 2025/01/20 11:53:54 WET [2025/01/20 6:53:54 ET]
Table 'Pandora IV' 6-max Seat #4 is the button
Seat 1: Dravid82 ($60.80 in chips) 
Seat 2: Evelexy1 ($100 in chips) 
Seat 3: fobot21 ($103.50 in chips) 
Seat 4: alexandr699 ($107.65 in chips) 
Seat 5: Pippa83 ($100 in chips) 
Seat 6: coeeeelho ($103.50 in chips) 
Pippa83: posts small blind $0.50
coeeeelho: posts big blind $1
*** HOLE CARDS ***
Dravid82: calls $1
Evelexy1: folds 
fobot21: raises $2.50 to $3.50
alexandr699: folds 
Pippa83: raises $8.50 to $12
coeeeelho: folds 
Dravid82: folds 
fobot21: folds 
Uncalled bet ($8.50) returned to Pippa83
Pippa83 collected $9 from pot
Pippa83: doesn't show hand 
*** SUMMARY ***
Total pot $9 | Rake $0 
Seat 1: Dravid82 folded before Flop
Seat 2: Evelexy1 folded before Flop (didn't bet)
Seat 3: fobot21 folded before Flop
Seat 4: alexandr699 (button) folded before Flop (didn't bet)
Seat 5: Pippa83 (small blind) collected ($9)
Seat 6: coeeeelho (big blind) folded before Flop



PokerStars Hand #254466568360:  Hold'em No Limit ($0.50/$1.00 USD) - 2025/01/20 11:54:24 WET [2025/01/20 6:54:24 ET]
Table 'Pandora IV' 6-max Seat #5 is the button
Seat 1: Dravid82 ($59.80 in chips) 
Seat 2: Evelexy1 ($100 in chips) 
Seat 3: fobot21 ($100 in chips) 
Seat 4: alexandr699 ($107.65 in chips) 
Seat 5: Pippa83 ($105.50 in chips) 
Seat 6: coeeeelho ($102.50 in chips) 
coeeeelho: posts small blind $0.50
Dravid82: posts big blind $1
*** HOLE CARDS ***
Evelexy1: folds 
fobot21: folds 
alexandr699: folds 
Pippa83: raises $1.50 to $2.50
coeeeelho: raises $8.72 to $11.22
Dravid82: folds 
Pippa83: calls $8.72
*** FLOP *** [3s 8d 6s]
Dravid82 leaves the table
coeeeelho: checks 
Pippa83: bets $7.35
coeeeelho: raises $12.65 to $20
Pippa83: folds 
Uncalled bet ($12.65) returned to coeeeelho
coeeeelho collected $36.23 from pot
*** SUMMARY ***
Total pot $38.14 | Rake $1.91 
Board [3s 8d 6s]
Seat 1: Dravid82 (big blind) folded before Flop
Seat 2: Evelexy1 folded before Flop (didn't bet)
Seat 3: fobot21 folded before Flop (didn't bet)
Seat 4: alexandr699 folded before Flop (didn't bet)
Seat 5: Pippa83 (button) folded on the Flop
Seat 6: coeeeelho (small blind) collected ($36.23)



PokerStars Hand #254466577062:  Hold'em No Limit ($0.50/$1.00 USD) - 2025/01/20 11:55:33 WET [2025/01/20 6:55:33 ET]
Table 'Pandora IV' 6-max Seat #6 is the button
Seat 2: Evelexy1 ($100 in chips) 
Seat 3: fobot21 ($100 in chips) 
Seat 4: alexandr699 ($107.65 in chips) 
Seat 5: Pippa83 ($100 in chips) 
Seat 6: coeeeelho ($120.16 in chips) 
Evelexy1: posts small blind $0.50
fobot21: posts big blind $1
*** HOLE CARDS ***
alexandr699: folds 
Pippa83: folds 
coeeeelho: folds 
Evelexy1: raises $1.50 to $2.50
fobot21: folds 
Uncalled bet ($1.50) returned to Evelexy1
Evelexy1 collected $2 from pot
Evelexy1: doesn't show hand 
*** SUMMARY ***
Total pot $2 | Rake $0 
Seat 2: Evelexy1 (small blind) collected ($2)
Seat 3: fobot21 (big blind) folded before Flop
Seat 4: alexandr699 folded before Flop (didn't bet)
Seat 5: Pippa83 folded before Flop (didn't bet)
Seat 6: coeeeelho (button) folded before Flop (didn't bet)



PokerStars Hand #254466578431:  Hold'em No Limit ($0.50/$1.00 USD) - 2025/01/20 11:55:45 WET [2025/01/20 6:55:45 ET]
Table 'Pandora IV' 6-max Seat #2 is the button
Seat 2: Evelexy1 ($101 in chips) 
Seat 3: fobot21 ($100 in chips) 
Seat 4: alexandr699 ($107.65 in chips) 
Seat 5: Pippa83 ($100 in chips) 
Seat 6: coeeeelho ($120.16 in chips) 
fobot21: posts small blind $0.50
alexandr699: posts big blind $1
*** HOLE CARDS ***
Pippa83: folds 
Pippa83 leaves the table
david.dav18 joins the table at seat #5 
david.dav18 is disconnected 
coeeeelho: folds 
blistein joins the table at seat #1 
Evelexy1: raises $1.50 to $2.50
fobot21: folds 
alexandr699: calls $1.50
*** FLOP *** [Js Ah Th]
alexandr699: checks 
Evelexy1: bets $3.45
alexandr699: calls $3.45
*** TURN *** [Js Ah Th] [6d]
alexandr699: checks 
Evelexy1: bets $17.67
alexandr699: folds 
Uncalled bet ($17.67) returned to Evelexy1
Evelexy1 collected $11.78 from pot
Evelexy1: doesn't show hand 
*** SUMMARY ***
Total pot $12.40 | Rake $0.62 
Board [Js Ah Th 6d]
Seat 2: Evelexy1 (button) collected ($11.78)
Seat 3: fobot21 (small blind) folded before Flop
Seat 4: alexandr699 (big blind) folded on the Turn
Seat 5: Pippa83 folded before Flop (didn't bet)
Seat 6: coeeeelho folded before Flop (didn't bet)



PokerStars Hand #254466584185:  Hold'em No Limit ($0.50/$1.00 USD) - 2025/01/20 11:56:35 WET [2025/01/20 6:56:35 ET]
Table 'Pandora IV' 6-max Seat #3 is the button
Seat 1: blistein ($100 in chips) is sitting out
Seat 2: Evelexy1 ($106.83 in chips) 
Seat 3: fobot21 ($100 in chips) 
Seat 4: alexandr699 ($101.70 in chips) 
Seat 5: david.dav18 ($40.20 in chips) 
Seat 6: coeeeelho ($120.16 in chips) 
alexandr699: posts small blind $0.50
david.dav18: posts big blind $1
blistein: sits out 
*** HOLE CARDS ***
coeeeelho: folds 
Evelexy1: folds 
fobot21: folds 
alexandr699: raises $2 to $3
david.dav18: calls $2
*** FLOP *** [2h 8d Js]
alexandr699: checks 
david.dav18: bets $2.85
alexandr699: calls $2.85
*** TURN *** [2h 8d Js] [2d]
alexandr699: checks 
david.dav18: checks 
*** RIVER *** [2h 8d Js 2d] [4s]
alexandr699: checks 
david.dav18: bets $2.56
alexandr699: raises $8.12 to $10.68
david.dav18: folds 
Uncalled bet ($8.12) returned to alexandr699
alexandr699 collected $15.98 from pot
alexandr699: doesn't show hand 
*** SUMMARY ***
Total pot $16.82 | Rake $0.84 
Board [2h 8d Js 2d 4s]
Seat 1: blistein
Seat 2: Evelexy1 folded before Flop (didn't bet)
Seat 3: fobot21 (button) folded before Flop (didn't bet)
Seat 4: alexandr699 (small blind) collected ($15.98)
Seat 5: david.dav18 (big blind) folded on the River
Seat 6: coeeeelho folded before Flop (didn't bet)



PokerStars Hand #254466591032:  Hold'em No Limit ($0.50/$1.00 USD) - 2025/01/20 11:57:35 WET [2025/01/20 6:57:35 ET]
Table 'Pandora IV' 6-max Seat #4 is the button
Seat 1: blistein ($100 in chips) is sitting out
Seat 2: Evelexy1 ($106.83 in chips) 
Seat 3: fobot21 ($100 in chips) 
Seat 4: alexandr699 ($109.27 in chips) 
Seat 5: david.dav18 ($31.79 in chips) 
Seat 6: coeeeelho ($120.16 in chips) 
david.dav18: posts small blind $0.50
coeeeelho: posts big blind $1
blistein: sits out 
*** HOLE CARDS ***
Evelexy1: folds 
fobot21: folds 
alexandr699: folds 
david.dav18: folds 
Uncalled bet ($0.50) returned to coeeeelho
coeeeelho collected $1 from pot
*** SUMMARY ***
Total pot $1 | Rake $0 
Seat 1: blistein
Seat 2: Evelexy1 folded before Flop (didn't bet)
Seat 3: fobot21 folded before Flop (didn't bet)
Seat 4: alexandr699 (button) folded before Flop (didn't bet)
Seat 5: david.dav18 (small blind) folded before Flop
Seat 6: coeeeelho (big blind) collected ($1)



PokerStars Hand #254466592187:  Hold'em No Limit ($0.50/$1.00 USD) - 2025/01/20 11:57:45 WET [2025/01/20 6:57:45 ET]
Table 'Pandora IV' 6-max Seat #5 is the button
Seat 1: blistein ($100 in chips) 
Seat 2: Evelexy1 ($106.83 in chips) 
Seat 3: fobot21 ($100 in chips) 
Seat 4: alexandr699 ($109.27 in chips) 
Seat 5: david.dav18 ($31.29 in chips) 
Seat 6: coeeeelho ($120.66 in chips) 
coeeeelho: posts small blind $0.50
blistein: posts big blind $1
*** HOLE CARDS ***
Evelexy1: folds 
fobot21: folds 
alexandr699: folds 
david.dav18: folds 
coeeeelho: folds 
Uncalled bet ($0.50) returned to blistein
blistein collected $1 from pot
blistein: doesn't show hand 
*** SUMMARY ***
Total pot $1 | Rake $0 
Seat 1: blistein (big blind) collected ($1)
Seat 2: Evelexy1 folded before Flop (didn't bet)
Seat 3: fobot21 folded before Flop (didn't bet)
Seat 4: alexandr699 folded before Flop (didn't bet)
Seat 5: david.dav18 (button) folded before Flop (didn't bet)
Seat 6: coeeeelho (small blind) folded before Flop



PokerStars Hand #254466593303:  Hold'em No Limit ($0.50/$1.00 USD) - 2025/01/20 11:57:55 WET [2025/01/20 6:57:55 ET]
Table 'Pandora IV' 6-max Seat #6 is the button
Seat 1: blistein ($100.50 in chips) 
Seat 2: Evelexy1 ($106.83 in chips) 
Seat 3: fobot21 ($100 in chips) 
Seat 4: alexandr699 ($109.27 in chips) 
Seat 5: david.dav18 ($31.29 in chips) 
Seat 6: coeeeelho ($120.16 in chips) 
blistein: posts small blind $0.50
Evelexy1: posts big blind $1
*** HOLE CARDS ***
fobot21: folds 
alexandr699: folds 
david.dav18: raises $2 to $3
coeeeelho: folds 
blistein: folds 
Evelexy1: folds 
Uncalled bet ($2) returned to david.dav18
david.dav18 collected $2.50 from pot
david.dav18: doesn't show hand 
*** SUMMARY ***
Total pot $2.50 | Rake $0 
Seat 1: blistein (small blind) folded before Flop
Seat 2: Evelexy1 (big blind) folded before Flop
Seat 3: fobot21 folded before Flop (didn't bet)
Seat 4: alexandr699 folded before Flop (didn't bet)
Seat 5: david.dav18 collected ($2.50)
Seat 6: coeeeelho (button) folded before Flop (didn't bet)



PokerStars Hand #254466594633:  Hold'em No Limit ($0.50/$1.00 USD) - 2025/01/20 11:58:06 WET [2025/01/20 6:58:06 ET]
Table 'Pandora IV' 6-max Seat #1 is the button
Seat 1: blistein ($100 in chips) 
Seat 2: Evelexy1 ($105.83 in chips) 
Seat 3: fobot21 ($100 in chips) 
Seat 4: alexandr699 ($109.27 in chips) 
Seat 5: david.dav18 ($32.79 in chips) 
Seat 6: coeeeelho ($120.16 in chips) 
Evelexy1: posts small blind $0.50
fobot21: posts big blind $1
*** HOLE CARDS ***
alexandr699: folds 
david.dav18: raises $1 to $2
coeeeelho: folds 
blistein: folds 
Evelexy1: folds 
fobot21: calls $1
*** FLOP *** [7h 2d 3d]
fobot21: checks 
david.dav18: checks 
*** TURN *** [7h 2d 3d] [Jh]
fobot21: bets $5.50
david.dav18: raises $25.29 to $30.79 and is all-in
fobot21: folds 
Uncalled bet ($25.29) returned to david.dav18
david.dav18 collected $14.72 from pot
david.dav18: doesn't show hand 
*** SUMMARY ***
Total pot $15.50 | Rake $0.78 
Board [7h 2d 3d Jh]
Seat 1: blistein (button) folded before Flop (didn't bet)
Seat 2: Evelexy1 (small blind) folded before Flop
Seat 3: fobot21 (big blind) folded on the Turn
Seat 4: alexandr699 folded before Flop (didn't bet)
Seat 5: david.dav18 collected ($14.72)
Seat 6: coeeeelho folded before Flop (didn't bet)



PokerStars Hand #254466599321:  Hold'em No Limit ($0.50/$1.00 USD) - 2025/01/20 11:58:47 WET [2025/01/20 6:58:47 ET]
Table 'Pandora IV' 6-max Seat #2 is the button
Seat 4: alexandr699 ($109.27 in chips) is sitting out
Seat 1: blistein ($100 in chips) 
Seat 2: Evelexy1 ($105.33 in chips) 
Seat 3: fobot21 ($100 in chips) 
Seat 5: david.dav18 ($40.01 in chips) 
Seat 6: coeeeelho ($120.16 in chips) 
fobot21: posts small blind $0.50
alexandr699: is sitting out 
david.dav18: posts big blind $1
*** HOLE CARDS ***
coeeeelho: raises $1.10 to $2.10
blistein: folds 
Evelexy1: folds 
alexandr699 leaves the table
fobot21: folds 
david.dav18: calls $1.10
*** FLOP *** [5d 5c 5h]
david.dav18: checks 
DL1B joins the table at seat #4 
coeeeelho: bets $1.47
david.dav18: calls $1.47
*** TURN *** [5d 5c 5h] [6d]
david.dav18: checks 
coeeeelho: checks 
*** RIVER *** [5d 5c 5h 6d] [9c]
david.dav18: bets $3.63
coeeeelho: calls $3.63
*** SHOW DOWN ***
david.dav18: shows [6h 7c] (a full house, Fives full of Sixes)
coeeeelho: mucks hand 
david.dav18 collected $14.16 from pot
*** SUMMARY ***
Total pot $14.90 | Rake $0.74 
Board [5d 5c 5h 6d 9c]
Seat 4: alexandr699
Seat 1: blistein folded before Flop (didn't bet)
Seat 2: Evelexy1 (button) folded before Flop (didn't bet)
Seat 3: fobot21 (small blind) folded before Flop
Seat 5: david.dav18 (big blind) showed [6h 7c] and won ($14.16) with a full house, Fives full of Sixes
Seat 6: coeeeelho mucked



PokerStars Hand #254466603265:  Hold'em No Limit ($0.50/$1.00 USD) - 2025/01/20 11:59:21 WET [2025/01/20 6:59:21 ET]
Table 'Pandora IV' 6-max Seat #3 is the button
Seat 4: DL1B ($100 in chips) is sitting out
Seat 1: blistein ($100 in chips) 
Seat 2: Evelexy1 ($105.33 in chips) 
Seat 3: fobot21 ($100 in chips) 
Seat 5: david.dav18 ($46.97 in chips) 
Seat 6: coeeeelho ($112.96 in chips) 
david.dav18: posts small blind $0.50
coeeeelho: posts big blind $1
*** HOLE CARDS ***
blistein: folds 
Evelexy1: folds 
fobot21: raises $1.50 to $2.50
david.dav18: folds 
coeeeelho: folds 
Uncalled bet ($1.50) returned to fobot21
fobot21 collected $2.50 from pot
fobot21: doesn't show hand 
*** SUMMARY ***
Total pot $2.50 | Rake $0 
Seat 4: DL1B
Seat 1: blistein folded before Flop (didn't bet)
Seat 2: Evelexy1 folded before Flop (didn't bet)
Seat 3: fobot21 (button) collected ($2.50)
Seat 5: david.dav18 (small blind) folded before Flop
Seat 6: coeeeelho (big blind) folded before Flop



PokerStars Hand #254466604854:  Hold'em No Limit ($0.50/$1.00 USD) - 2025/01/20 11:59:35 WET [2025/01/20 6:59:35 ET]
Table 'Pandora IV' 6-max Seat #5 is the button
Seat 4: DL1B ($100 in chips) is sitting out
Seat 1: blistein ($100 in chips) 
Seat 2: Evelexy1 ($105.33 in chips) 
Seat 3: fobot21 ($101.50 in chips) 
Seat 5: david.dav18 ($46.47 in chips) 
Seat 6: coeeeelho ($111.96 in chips) 
coeeeelho: posts small blind $0.50
blistein: posts big blind $1
DL1B: sits out 
*** HOLE CARDS ***
Evelexy1: folds 
fobot21: folds 
david.dav18: folds 
coeeeelho: raises $2 to $3
blistein: calls $2
*** FLOP *** [6s Th 8d]
coeeeelho: checks 
blistein: checks 
*** TURN *** [6s Th 8d] [Kh]
coeeeelho: checks 
blistein: bets $3.50
coeeeelho: folds 
Uncalled bet ($3.50) returned to blistein
blistein collected $5.70 from pot
blistein: doesn't show hand 
*** SUMMARY ***
Total pot $6 | Rake $0.30 
Board [6s Th 8d Kh]
Seat 4: DL1B
Seat 1: blistein (big blind) collected ($5.70)
Seat 2: Evelexy1 folded before Flop (didn't bet)
Seat 3: fobot21 folded before Flop (didn't bet)
Seat 5: david.dav18 (button) folded before Flop (didn't bet)
Seat 6: coeeeelho (small blind) folded on the Turn



PokerStars Hand #254466615300:  Hold'em No Limit ($0.50/$1.00 USD) - 2025/01/20 12:01:00 WET [2025/01/20 7:01:00 ET]
Table 'Pandora IV' 6-max Seat #6 is the button
Seat 2: Evelexy1 ($105.33 in chips) is sitting out
Seat 4: DL1B ($100 in chips) is sitting out
Seat 1: blistein ($102.70 in chips) 
Seat 3: fobot21 ($101.50 in chips) 
Seat 5: david.dav18 ($46.47 in chips) 
Seat 6: coeeeelho ($108.96 in chips) 
blistein: posts small blind $0.50
fobot21: posts big blind $1
DL1B: sits out 
*** HOLE CARDS ***
david.dav18: folds 
coeeeelho: folds 
blistein: raises $2 to $3
fobot21: calls $2
*** FLOP *** [8h 3d Js]
blistein: checks 
fobot21: bets $3.08
blistein: calls $3.08
*** TURN *** [8h 3d Js] [8s]
blistein: checks 
fobot21: checks 
*** RIVER *** [8h 3d Js 8s] [Ts]
blistein: checks 
fobot21: bets $17.50
blistein: folds 
Uncalled bet ($17.50) returned to fobot21
fobot21 collected $11.55 from pot
fobot21: doesn't show hand 
*** SUMMARY ***
Total pot $12.16 | Rake $0.61 
Board [8h 3d Js 8s Ts]
Seat 2: Evelexy1
Seat 4: DL1B
Seat 1: blistein (small blind) folded on the River
Seat 3: fobot21 (big blind) collected ($11.55)
Seat 5: david.dav18 folded before Flop (didn't bet)
Seat 6: coeeeelho (button) folded before Flop (didn't bet)



PokerStars Hand #254466630806:  Hold'em No Limit ($0.50/$1.00 USD) - 2025/01/20 12:02:55 WET [2025/01/20 7:02:55 ET]
Table 'Pandora IV' 6-max Seat #1 is the button
Seat 2: Evelexy1 ($105.33 in chips) is sitting out
Seat 1: blistein ($100 in chips) 
Seat 3: fobot21 ($106.97 in chips) 
Seat 4: DL1B ($100 in chips) 
Seat 5: david.dav18 ($46.47 in chips) 
Seat 6: coeeeelho ($108.96 in chips) 
fobot21: posts small blind $0.50
DL1B: posts big blind $1
*** HOLE CARDS ***
david.dav18: raises $1 to $2
coeeeelho: folds 
blistein: folds 
fobot21: folds 
DL1B: folds 
Uncalled bet ($1) returned to david.dav18
david.dav18 collected $2.50 from pot
david.dav18: doesn't show hand 
*** SUMMARY ***
Total pot $2.50 | Rake $0 
Seat 2: Evelexy1
Seat 1: blistein (button) folded before Flop (didn't bet)
Seat 3: fobot21 (small blind) folded before Flop
Seat 4: DL1B (big blind) folded before Flop
Seat 5: david.dav18 collected ($2.50)
Seat 6: coeeeelho folded before Flop (didn't bet)



PokerStars Hand #254466632683:  Hold'em No Limit ($0.50/$1.00 USD) - 2025/01/20 12:03:08 WET [2025/01/20 7:03:08 ET]
Table 'Pandora IV' 6-max Seat #3 is the button
Seat 2: Evelexy1 ($105.33 in chips) is sitting out
Seat 1: blistein ($100 in chips) 
Seat 3: fobot21 ($106.47 in chips) 
Seat 4: DL1B ($100 in chips) 
Seat 5: david.dav18 ($47.97 in chips) 
Seat 6: coeeeelho ($108.96 in chips) 
DL1B: posts small blind $0.50
david.dav18: posts big blind $1
*** HOLE CARDS ***
coeeeelho: raises $1.20 to $2.20
blistein: folds 
fobot21: folds 
DL1B: folds 
david.dav18: calls $1.20
*** FLOP *** [9h Jd 3c]
david.dav18: checks 
coeeeelho: checks 
*** TURN *** [9h Jd 3c] [2h]
david.dav18: bets $2.33
coeeeelho: calls $2.33
*** RIVER *** [9h Jd 3c 2h] [Qs]
david.dav18: bets $9.08
coeeeelho: folds 
Uncalled bet ($9.08) returned to david.dav18
david.dav18 collected $9.08 from pot
david.dav18: doesn't show hand 
*** SUMMARY ***
Total pot $9.56 | Rake $0.48 
Board [9h Jd 3c 2h Qs]
Seat 2: Evelexy1
Seat 1: blistein folded before Flop (didn't bet)
Seat 3: fobot21 (button) folded before Flop (didn't bet)
Seat 4: DL1B (small blind) folded before Flop
Seat 5: david.dav18 (big blind) collected ($9.08)
Seat 6: coeeeelho folded on the River



PokerStars Hand #254466641663:  Hold'em No Limit ($0.50/$1.00 USD) - 2025/01/20 12:04:13 WET [2025/01/20 7:04:13 ET]
Table 'Pandora IV' 6-max Seat #4 is the button
Seat 2: Evelexy1 ($105.33 in chips) is sitting out
Seat 1: blistein ($100 in chips) 
Seat 3: fobot21 ($106.47 in chips) 
Seat 4: DL1B ($100 in chips) 
Seat 5: david.dav18 ($52.52 in chips) 
Seat 6: coeeeelho ($104.43 in chips) 
david.dav18: posts small blind $0.50
coeeeelho: posts big blind $1
Evelexy1: sits out 
*** HOLE CARDS ***
blistein: folds 
fobot21: raises $1.50 to $2.50
DL1B: calls $2.50
david.dav18: folds 
coeeeelho: folds 
*** FLOP *** [8h Qh 6c]
fobot21: bets $1.85
DL1B: folds 
Uncalled bet ($1.85) returned to fobot21
fobot21 collected $6.18 from pot
fobot21: doesn't show hand 
*** SUMMARY ***
Total pot $6.50 | Rake $0.32 
Board [8h Qh 6c]
Seat 2: Evelexy1
Seat 1: blistein folded before Flop (didn't bet)
Seat 3: fobot21 collected ($6.18)
Seat 4: DL1B (button) folded on the Flop
Seat 5: david.dav18 (small blind) folded before Flop
Seat 6: coeeeelho (big blind) folded before Flop



PokerStars Hand #254466646513:  Hold'em No Limit ($0.50/$1.00 USD) - 2025/01/20 12:04:48 WET [2025/01/20 7:04:48 ET]
Table 'Pandora IV' 6-max Seat #5 is the button
Seat 2: Evelexy1 ($105.33 in chips) is sitting out
Seat 1: blistein ($100 in chips) 
Seat 3: fobot21 ($110.15 in chips) 
Seat 4: DL1B ($100 in chips) 
Seat 5: david.dav18 ($52.02 in chips) 
Seat 6: coeeeelho ($103.43 in chips) 
coeeeelho: posts small blind $0.50
blistein: posts big blind $1
Evelexy1: sits out 
*** HOLE CARDS ***
fobot21: raises $1 to $2
DL1B: raises $5 to $7
david.dav18: folds 
coeeeelho: folds 
blistein: folds 
fobot21: folds 
Uncalled bet ($5) returned to DL1B
DL1B collected $5.50 from pot
DL1B: doesn't show hand 
*** SUMMARY ***
Total pot $5.50 | Rake $0 
Seat 2: Evelexy1
Seat 1: blistein (big blind) folded before Flop
Seat 3: fobot21 folded before Flop
Seat 4: DL1B collected ($5.50)
Seat 5: david.dav18 (button) folded before Flop (didn't bet)
Seat 6: coeeeelho (small blind) folded before Flop



PokerStars Hand #254466649396:  Hold'em No Limit ($0.50/$1.00 USD) - 2025/01/20 12:05:09 WET [2025/01/20 7:05:09 ET]
Table 'Pandora IV' 6-max Seat #6 is the button
Seat 1: blistein ($100 in chips) 
Seat 2: Evelexy1 ($105.33 in chips) 
Seat 3: fobot21 ($108.15 in chips) 
Seat 4: DL1B ($103.50 in chips) 
Seat 5: david.dav18 ($52.02 in chips) 
Seat 6: coeeeelho ($102.93 in chips) 
blistein: posts small blind $0.50
Evelexy1: posts big blind $1
*** HOLE CARDS ***
fobot21: folds 
DL1B: raises $1 to $2
david.dav18: raises $3 to $5
coeeeelho: folds 
blistein: folds 
Evelexy1: folds 
DL1B: folds 
Uncalled bet ($3) returned to david.dav18
david.dav18 collected $5.50 from pot
david.dav18: doesn't show hand 
*** SUMMARY ***
Total pot $5.50 | Rake $0 
Seat 1: blistein (small blind) folded before Flop
Seat 2: Evelexy1 (big blind) folded before Flop
Seat 3: fobot21 folded before Flop (didn't bet)
Seat 4: DL1B folded before Flop
Seat 5: david.dav18 collected ($5.50)
Seat 6: coeeeelho (button) folded before Flop (didn't bet)



PokerStars Hand #254466654092:  Hold'em No Limit ($0.50/$1.00 USD) - 2025/01/20 12:05:43 WET [2025/01/20 7:05:43 ET]
Table 'Pandora IV' 6-max Seat #1 is the button
Seat 1: blistein ($100 in chips) 
Seat 2: Evelexy1 ($104.33 in chips) 
Seat 3: fobot21 ($108.15 in chips) 
Seat 4: DL1B ($101.50 in chips) 
Seat 5: david.dav18 ($55.52 in chips) 
Seat 6: coeeeelho ($102.93 in chips) 
Evelexy1: posts small blind $0.50
fobot21: posts big blind $1
*** HOLE CARDS ***
DL1B: folds 
david.dav18: raises $1 to $2
coeeeelho: folds 
blistein: folds 
Evelexy1: folds 
fobot21: folds 
Uncalled bet ($1) returned to david.dav18
david.dav18 collected $2.50 from pot
david.dav18: doesn't show hand 
*** SUMMARY ***
Total pot $2.50 | Rake $0 
Seat 1: blistein (button) folded before Flop (didn't bet)
Seat 2: Evelexy1 (small blind) folded before Flop
Seat 3: fobot21 (big blind) folded before Flop
Seat 4: DL1B folded before Flop (didn't bet)
Seat 5: david.dav18 collected ($2.50)
Seat 6: coeeeelho folded before Flop (didn't bet)



PokerStars Hand #254466656062:  Hold'em No Limit ($0.50/$1.00 USD) - 2025/01/20 12:05:57 WET [2025/01/20 7:05:57 ET]
Table 'Pandora IV' 6-max Seat #2 is the button
Seat 1: blistein ($100 in chips) 
Seat 2: Evelexy1 ($103.83 in chips) 
Seat 3: fobot21 ($107.15 in chips) 
Seat 4: DL1B ($101.50 in chips) 
Seat 5: david.dav18 ($57.02 in chips) 
Seat 6: coeeeelho ($102.93 in chips) 
fobot21: posts small blind $0.50
DL1B: posts big blind $1
*** HOLE CARDS ***
david.dav18: folds 
coeeeelho: raises $1.20 to $2.20
blistein: folds 
Evelexy1: folds 
Evelexy1 leaves the table
fobot21: folds 
DL1B: folds 
Uncalled bet ($1.20) returned to coeeeelho
coeeeelho collected $2.50 from pot
*** SUMMARY ***
Total pot $2.50 | Rake $0 
Seat 1: blistein folded before Flop (didn't bet)
Seat 2: Evelexy1 (button) folded before Flop (didn't bet)
Seat 3: fobot21 (small blind) folded before Flop
Seat 4: DL1B (big blind) folded before Flop
Seat 5: david.dav18 folded before Flop (didn't bet)
Seat 6: coeeeelho collected ($2.50)



PokerStars Hand #254466658701:  Hold'em No Limit ($0.50/$1.00 USD) - 2025/01/20 12:06:16 WET [2025/01/20 7:06:16 ET]
Table 'Pandora IV' 6-max Seat #3 is the button
Seat 1: blistein ($100 in chips) 
Seat 3: fobot21 ($106.65 in chips) 
Seat 4: DL1B ($100.50 in chips) 
Seat 5: david.dav18 ($57.02 in chips) 
Seat 6: coeeeelho ($104.43 in chips) 
DL1B: posts small blind $0.50
david.dav18: posts big blind $1
*** HOLE CARDS ***
coeeeelho: folds 
blistein: raises $1.30 to $2.30
fobot21: raises $5.20 to $7.50
DL1B: folds 
david.dav18: raises $9.50 to $17
blistein: folds 
fobot21: folds 
Uncalled bet ($9.50) returned to david.dav18
david.dav18 collected $17.80 from pot
david.dav18: doesn't show hand 
*** SUMMARY ***
Total pot $17.80 | Rake $0 
Seat 1: blistein folded before Flop
Seat 3: fobot21 (button) folded before Flop
Seat 4: DL1B (small blind) folded before Flop
Seat 5: david.dav18 (big blind) collected ($17.80)
Seat 6: coeeeelho folded before Flop (didn't bet)



PokerStars Hand #254466663268:  Hold'em No Limit ($0.50/$1.00 USD) - 2025/01/20 12:06:49 WET [2025/01/20 7:06:49 ET]
Table 'Pandora IV' 6-max Seat #4 is the button
Seat 1: blistein ($100 in chips) 
Seat 3: fobot21 ($100 in chips) 
Seat 4: DL1B ($100 in chips) 
Seat 5: david.dav18 ($67.32 in chips) 
Seat 6: coeeeelho ($104.43 in chips) 
david.dav18: posts small blind $0.50
coeeeelho: posts big blind $1
*** HOLE CARDS ***
blistein: folds 
fobot21: folds 
DL1B: folds 
david.dav18: raises $1 to $2
coeeeelho: raises $7 to $9
david.dav18: folds 
Uncalled bet ($7) returned to coeeeelho
coeeeelho collected $4 from pot
*** SUMMARY ***
Total pot $4 | Rake $0 
Seat 1: blistein folded before Flop (didn't bet)
Seat 3: fobot21 folded before Flop (didn't bet)
Seat 4: DL1B (button) folded before Flop (didn't bet)
Seat 5: david.dav18 (small blind) folded before Flop
Seat 6: coeeeelho (big blind) collected ($4)



PokerStars Hand #254466665269:  Hold'em No Limit ($0.50/$1.00 USD) - 2025/01/20 12:07:04 WET [2025/01/20 7:07:04 ET]
Table 'Pandora IV' 6-max Seat #5 is the button
Seat 1: blistein ($100 in chips) 
Seat 3: fobot21 ($100 in chips) 
Seat 4: DL1B ($100 in chips) 
Seat 5: david.dav18 ($65.32 in chips) 
Seat 6: coeeeelho ($106.43 in chips) 
coeeeelho: posts small blind $0.50
blistein: posts big blind $1
*** HOLE CARDS ***
fobot21: folds 
DL1B: folds 
david.dav18: folds 
coeeeelho: raises $2 to $3
chinokevin13 joins the table at seat #2 
blistein: folds 
Uncalled bet ($2) returned to coeeeelho
coeeeelho collected $2 from pot
*** SUMMARY ***
Total pot $2 | Rake $0 
Seat 1: blistein (big blind) folded before Flop
Seat 3: fobot21 folded before Flop (didn't bet)
Seat 4: DL1B folded before Flop (didn't bet)
Seat 5: david.dav18 (button) folded before Flop (didn't bet)
Seat 6: coeeeelho (small blind) collected ($2)



PokerStars Hand #254466666816:  Hold'em No Limit ($0.50/$1.00 USD) - 2025/01/20 12:07:15 WET [2025/01/20 7:07:15 ET]
Table 'Pandora IV' 6-max Seat #6 is the button
Seat 1: blistein ($100 in chips) 
Seat 2: chinokevin13 ($100 in chips) 
Seat 3: fobot21 ($100 in chips) 
Seat 4: DL1B ($100 in chips) 
Seat 5: david.dav18 ($65.32 in chips) 
Seat 6: coeeeelho ($107.43 in chips) 
blistein: posts small blind $0.50
chinokevin13: posts big blind $1
*** HOLE CARDS ***
fobot21: folds 
fobot21 leaves the table
DL1B: raises $1 to $2
david.dav18: folds 
coeeeelho: folds 
blistein: folds 
chinokevin13: folds 
Uncalled bet ($1) returned to DL1B
DL1B collected $2.50 from pot
DL1B: doesn't show hand 
*** SUMMARY ***
Total pot $2.50 | Rake $0 
Seat 1: blistein (small blind) folded before Flop
Seat 2: chinokevin13 (big blind) folded before Flop
Seat 3: fobot21 folded before Flop (didn't bet)
Seat 4: DL1B collected ($2.50)
Seat 5: david.dav18 folded before Flop (didn't bet)
Seat 6: coeeeelho (button) folded before Flop (didn't bet)



PokerStars Hand #254466668677:  Hold'em No Limit ($0.50/$1.00 USD) - 2025/01/20 12:07:29 WET [2025/01/20 7:07:29 ET]
Table 'Pandora IV' 6-max Seat #1 is the button
Seat 1: blistein ($100 in chips) 
Seat 2: chinokevin13 ($100 in chips) 
Seat 4: DL1B ($101.50 in chips) 
Seat 5: david.dav18 ($65.32 in chips) 
Seat 6: coeeeelho ($107.43 in chips) 
chinokevin13: posts small blind $0.50
DL1B: posts big blind $1
*** HOLE CARDS ***
david.dav18: raises $1 to $2
coeeeelho: folds 
blistein: folds 
chinokevin13: folds 
iNeverBluff398 joins the table at seat #3 
DL1B: calls $1
*** FLOP *** [4c Ks 4d]
DL1B: checks 
david.dav18: bets $2.14
DL1B: folds 
Uncalled bet ($2.14) returned to david.dav18
david.dav18 collected $4.28 from pot
david.dav18: doesn't show hand 
*** SUMMARY ***
Total pot $4.50 | Rake $0.22 
Board [4c Ks 4d]
Seat 1: blistein (button) folded before Flop (didn't bet)
Seat 2: chinokevin13 (small blind) folded before Flop
Seat 4: DL1B (big blind) folded on the Flop
Seat 5: david.dav18 collected ($4.28)
Seat 6: coeeeelho folded before Flop (didn't bet)



PokerStars Hand #254466671823:  Hold'em No Limit ($0.50/$1.00 USD) - 2025/01/20 12:07:52 WET [2025/01/20 7:07:52 ET]
Table 'Pandora IV' 6-max Seat #2 is the button
Seat 3: iNeverBluff398 ($100 in chips) is sitting out
Seat 1: blistein ($100 in chips) 
Seat 2: chinokevin13 ($100 in chips) 
Seat 4: DL1B ($100 in chips) 
Seat 5: david.dav18 ($67.60 in chips) 
Seat 6: coeeeelho ($107.43 in chips) 
DL1B: posts small blind $0.50
david.dav18: posts big blind $1
*** HOLE CARDS ***
coeeeelho: raises $1.20 to $2.20
blistein: folds 
chinokevin13: folds 
DL1B: folds 
david.dav18: calls $1.20
*** FLOP *** [9s Kd Js]
david.dav18: checks 
coeeeelho: checks 
*** TURN *** [9s Kd Js] [Qh]
david.dav18: bets $1.33
coeeeelho: folds 
Uncalled bet ($1.33) returned to david.dav18
david.dav18 collected $4.66 from pot
*** SUMMARY ***
Total pot $4.90 | Rake $0.24 
Board [9s Kd Js Qh]
Seat 3: iNeverBluff398
Seat 1: blistein folded before Flop (didn't bet)
Seat 2: chinokevin13 (button) folded before Flop (didn't bet)
Seat 4: DL1B (small blind) folded before Flop
Seat 5: david.dav18 (big blind) collected ($4.66)
Seat 6: coeeeelho folded on the Turn



PokerStars Hand #254466675878:  Hold'em No Limit ($0.50/$1.00 USD) - 2025/01/20 12:08:22 WET [2025/01/20 7:08:22 ET]
Table 'Pandora IV' 6-max Seat #4 is the button
Seat 3: iNeverBluff398 ($100 in chips) is sitting out
Seat 1: blistein ($100 in chips) 
Seat 2: chinokevin13 ($100 in chips) 
Seat 4: DL1B ($100 in chips) 
Seat 5: david.dav18 ($70.06 in chips) 
Seat 6: coeeeelho ($105.23 in chips) 
david.dav18: posts small blind $0.50
coeeeelho: posts big blind $1
iNeverBluff398: sits out 
*** HOLE CARDS ***
blistein: folds 
chinokevin13: raises $1.50 to $2.50
DL1B: folds 
david.dav18: calls $2
coeeeelho: folds 
*** FLOP *** [Qs Kh 3s]
david.dav18: checks 
chinokevin13: bets $1.88
david.dav18: calls $1.88
*** TURN *** [Qs Kh 3s] [4h]
david.dav18: checks 
chinokevin13: checks 
*** RIVER *** [Qs Kh 3s 4h] [4d]
david.dav18: checks 
chinokevin13: checks 
*** SHOW DOWN ***
david.dav18: shows [5h 5c] (two pair, Fives and Fours)
chinokevin13: shows [9h 9d] (two pair, Nines and Fours)
chinokevin13 collected $9.27 from pot
*** SUMMARY ***
Total pot $9.76 | Rake $0.49 
Board [Qs Kh 3s 4h 4d]
Seat 3: iNeverBluff398
Seat 1: blistein folded before Flop (didn't bet)
Seat 2: chinokevin13 showed [9h 9d] and won ($9.27) with two pair, Nines and Fours
Seat 4: DL1B (button) folded before Flop (didn't bet)
Seat 5: david.dav18 (small blind) showed [5h 5c] and lost with two pair, Fives and Fours
Seat 6: coeeeelho (big blind) folded before Flop



PokerStars Hand #254466682990:  Hold'em No Limit ($0.50/$1.00 USD) - 2025/01/20 12:09:14 WET [2025/01/20 7:09:14 ET]
Table 'Pandora IV' 6-max Seat #5 is the button
Seat 3: iNeverBluff398 ($100 in chips) is sitting out
Seat 1: blistein ($100 in chips) 
Seat 2: chinokevin13 ($104.89 in chips) 
Seat 4: DL1B ($100 in chips) 
Seat 5: david.dav18 ($65.68 in chips) 
Seat 6: coeeeelho ($104.23 in chips) 
coeeeelho: posts small blind $0.50
blistein: posts big blind $1
iNeverBluff398: sits out 
*** HOLE CARDS ***
chinokevin13: folds 
DL1B: folds 
david.dav18: folds 
coeeeelho: folds 
Uncalled bet ($0.50) returned to blistein
blistein collected $1 from pot
blistein: doesn't show hand 
*** SUMMARY ***
Total pot $1 | Rake $0 
Seat 3: iNeverBluff398
Seat 1: blistein (big blind) collected ($1)
Seat 2: chinokevin13 folded before Flop (didn't bet)
Seat 4: DL1B folded before Flop (didn't bet)
Seat 5: david.dav18 (button) folded before Flop (didn't bet)
Seat 6: coeeeelho (small blind) folded before Flop



PokerStars Hand #254466684591:  Hold'em No Limit ($0.50/$1.00 USD) - 2025/01/20 12:09:26 WET [2025/01/20 7:09:26 ET]
Table 'Pandora IV' 6-max Seat #6 is the button
Seat 3: iNeverBluff398 ($100 in chips) is sitting out
Seat 1: blistein ($100.50 in chips) 
Seat 2: chinokevin13 ($104.89 in chips) 
Seat 4: DL1B ($100 in chips) 
Seat 5: david.dav18 ($65.68 in chips) 
Seat 6: coeeeelho ($103.73 in chips) 
blistein: posts small blind $0.50
chinokevin13: posts big blind $1
iNeverBluff398: sits out 
*** HOLE CARDS ***
DL1B: folds 
david.dav18: raises $1 to $2
coeeeelho: folds 
blistein: folds 
chinokevin13: calls $1
*** FLOP *** [3s 8s Jh]
chinokevin13: checks 
david.dav18: bets $2.14
chinokevin13: raises $4.28 to $6.42
david.dav18: calls $4.28
*** TURN *** [3s 8s Jh] [5d]
chinokevin13: bets $23.10
david.dav18: folds 
Uncalled bet ($23.10) returned to chinokevin13
chinokevin13 collected $16.47 from pot
chinokevin13: doesn't show hand 
*** SUMMARY ***
Total pot $17.34 | Rake $0.87 
Board [3s 8s Jh 5d]
Seat 3: iNeverBluff398
Seat 1: blistein (small blind) folded before Flop
Seat 2: chinokevin13 (big blind) collected ($16.47)
Seat 4: DL1B folded before Flop (didn't bet)
Seat 5: david.dav18 folded on the Turn
Seat 6: coeeeelho (button) folded before Flop (didn't bet)



PokerStars Hand #254466693285:  Hold'em No Limit ($0.50/$1.00 USD) - 2025/01/20 12:10:30 WET [2025/01/20 7:10:30 ET]
Table 'Pandora IV' 6-max Seat #1 is the button
Seat 1: blistein ($100 in chips) 
Seat 2: chinokevin13 ($112.94 in chips) 
Seat 3: iNeverBluff398 ($100 in chips) 
Seat 4: DL1B ($100 in chips) 
Seat 5: david.dav18 ($57.26 in chips) 
Seat 6: coeeeelho ($103.73 in chips) 
chinokevin13: posts small blind $0.50
iNeverBluff398: posts big blind $1
*** HOLE CARDS ***
DL1B: raises $1 to $2
david.dav18: folds 
coeeeelho: folds 
blistein: folds 
chinokevin13: folds 
iNeverBluff398: calls $1
*** FLOP *** [8c 7s Jd]
iNeverBluff398: checks 
DL1B: checks 
*** TURN *** [8c 7s Jd] [9s]
iNeverBluff398: checks 
DL1B: checks 
*** RIVER *** [8c 7s Jd 9s] [Js]
iNeverBluff398: checks 
DL1B: checks 
*** SHOW DOWN ***
iNeverBluff398: shows [Kh 9d] (two pair, Jacks and Nines)
DL1B: mucks hand 
iNeverBluff398 collected $4.28 from pot
*** SUMMARY ***
Total pot $4.50 | Rake $0.22 
Board [8c 7s Jd 9s Js]
Seat 1: blistein (button) folded before Flop (didn't bet)
Seat 2: chinokevin13 (small blind) folded before Flop
Seat 3: iNeverBluff398 (big blind) showed [Kh 9d] and won ($4.28) with two pair, Jacks and Nines
Seat 4: DL1B mucked
Seat 5: david.dav18 folded before Flop (didn't bet)
Seat 6: coeeeelho folded before Flop (didn't bet)



PokerStars Hand #254466697839:  Hold'em No Limit ($0.50/$1.00 USD) - 2025/01/20 12:11:03 WET [2025/01/20 7:11:03 ET]
Table 'Pandora IV' 6-max Seat #2 is the button
Seat 1: blistein ($100 in chips) 
Seat 2: chinokevin13 ($112.44 in chips) 
Seat 3: iNeverBluff398 ($102.28 in chips) 
Seat 4: DL1B ($100 in chips) 
Seat 5: david.dav18 ($57.26 in chips) 
Seat 6: coeeeelho ($103.73 in chips) 
iNeverBluff398: posts small blind $0.50
DL1B: posts big blind $1
*** HOLE CARDS ***
david.dav18: raises $1 to $2
coeeeelho: folds 
blistein: raises $4 to $6
chinokevin13: folds 
iNeverBluff398: folds 
DL1B: folds 
david.dav18: folds 
Uncalled bet ($4) returned to blistein
blistein collected $5.50 from pot
blistein: doesn't show hand 
*** SUMMARY ***
Total pot $5.50 | Rake $0 
Seat 1: blistein collected ($5.50)
Seat 2: chinokevin13 (button) folded before Flop (didn't bet)
Seat 3: iNeverBluff398 (small blind) folded before Flop
Seat 4: DL1B (big blind) folded before Flop
Seat 5: david.dav18 folded before Flop
Seat 6: coeeeelho folded before Flop (didn't bet)



PokerStars Hand #254466700857:  Hold'em No Limit ($0.50/$1.00 USD) - 2025/01/20 12:11:25 WET [2025/01/20 7:11:25 ET]
Table 'Pandora IV' 6-max Seat #3 is the button
Seat 1: blistein ($103.50 in chips) 
Seat 2: chinokevin13 ($112.44 in chips) 
Seat 3: iNeverBluff398 ($101.78 in chips) 
Seat 4: DL1B ($100 in chips) 
Seat 5: david.dav18 ($55.26 in chips) 
Seat 6: coeeeelho ($103.73 in chips) 
DL1B: posts small blind $0.50
david.dav18: posts big blind $1
*** HOLE CARDS ***
coeeeelho: raises $1.10 to $2.10
blistein: folds 
chinokevin13: folds 
iNeverBluff398: folds 
DL1B: folds 
david.dav18: folds 
Uncalled bet ($1.10) returned to coeeeelho
coeeeelho collected $2.50 from pot
*** SUMMARY ***
Total pot $2.50 | Rake $0 
Seat 1: blistein folded before Flop (didn't bet)
Seat 2: chinokevin13 folded before Flop (didn't bet)
Seat 3: iNeverBluff398 (button) folded before Flop (didn't bet)
Seat 4: DL1B (small blind) folded before Flop
Seat 5: david.dav18 (big blind) folded before Flop
Seat 6: coeeeelho collected ($2.50)



PokerStars Hand #254466702522:  Hold'em No Limit ($0.50/$1.00 USD) - 2025/01/20 12:11:37 WET [2025/01/20 7:11:37 ET]
Table 'Pandora IV' 6-max Seat #4 is the button
Seat 1: blistein ($103.50 in chips) 
Seat 2: chinokevin13 ($112.44 in chips) 
Seat 3: iNeverBluff398 ($101.78 in chips) 
Seat 4: DL1B ($100 in chips) 
Seat 5: david.dav18 ($54.26 in chips) 
Seat 6: coeeeelho ($105.23 in chips) 
david.dav18: posts small blind $0.50
coeeeelho: posts big blind $1
*** HOLE CARDS ***
blistein: folds 
chinokevin13: folds 
iNeverBluff398: folds 
DL1B: folds 
david.dav18: folds 
Uncalled bet ($0.50) returned to coeeeelho
coeeeelho collected $1 from pot
*** SUMMARY ***
Total pot $1 | Rake $0 
Seat 1: blistein folded before Flop (didn't bet)
Seat 2: chinokevin13 folded before Flop (didn't bet)
Seat 3: iNeverBluff398 folded before Flop (didn't bet)
Seat 4: DL1B (button) folded before Flop (didn't bet)
Seat 5: david.dav18 (small blind) folded before Flop
Seat 6: coeeeelho (big blind) collected ($1)



PokerStars Hand #254466704442:  Hold'em No Limit ($0.50/$1.00 USD) - 2025/01/20 12:11:52 WET [2025/01/20 7:11:52 ET]
Table 'Pandora IV' 6-max Seat #5 is the button
Seat 1: blistein ($103.50 in chips) 
Seat 2: chinokevin13 ($112.44 in chips) 
Seat 3: iNeverBluff398 ($101.78 in chips) 
Seat 4: DL1B ($100 in chips) 
Seat 5: david.dav18 ($53.76 in chips) 
Seat 6: coeeeelho ($105.73 in chips) 
coeeeelho: posts small blind $0.50
blistein: posts big blind $1
*** HOLE CARDS ***
chinokevin13: folds 
iNeverBluff398: folds 
DL1B: folds 
david.dav18: folds 
coeeeelho: folds 
Uncalled bet ($0.50) returned to blistein
blistein collected $1 from pot
blistein: doesn't show hand 
*** SUMMARY ***
Total pot $1 | Rake $0 
Seat 1: blistein (big blind) collected ($1)
Seat 2: chinokevin13 folded before Flop (didn't bet)
Seat 3: iNeverBluff398 folded before Flop (didn't bet)
Seat 4: DL1B folded before Flop (didn't bet)
Seat 5: david.dav18 (button) folded before Flop (didn't bet)
Seat 6: coeeeelho (small blind) folded before Flop



PokerStars Hand #254466706332:  Hold'em No Limit ($0.50/$1.00 USD) - 2025/01/20 12:12:05 WET [2025/01/20 7:12:05 ET]
Table 'Pandora IV' 6-max Seat #6 is the button
Seat 1: blistein ($104 in chips) 
Seat 2: chinokevin13 ($112.44 in chips) 
Seat 3: iNeverBluff398 ($101.78 in chips) 
Seat 4: DL1B ($100 in chips) 
Seat 5: david.dav18 ($53.76 in chips) 
Seat 6: coeeeelho ($105.23 in chips) 
blistein: posts small blind $0.50
chinokevin13: posts big blind $1
*** HOLE CARDS ***
iNeverBluff398: folds 
DL1B: folds 
david.dav18: folds 
coeeeelho: folds 
blistein: raises $2 to $3
chinokevin13: raises $6 to $9
blistein: raises $95 to $104 and is all-in
chinokevin13: folds 
Uncalled bet ($95) returned to blistein
blistein collected $18 from pot
blistein: doesn't show hand 
*** SUMMARY ***
Total pot $18 | Rake $0 
Seat 1: blistein (small blind) collected ($18)
Seat 2: chinokevin13 (big blind) folded before Flop
Seat 3: iNeverBluff398 folded before Flop (didn't bet)
Seat 4: DL1B folded before Flop (didn't bet)
Seat 5: david.dav18 folded before Flop (didn't bet)
Seat 6: coeeeelho (button) folded before Flop (didn't bet)



PokerStars Hand #254466712412:  Hold'em No Limit ($0.50/$1.00 USD) - 2025/01/20 12:12:50 WET [2025/01/20 7:12:50 ET]
Table 'Pandora IV' 6-max Seat #1 is the button
Seat 1: blistein ($113 in chips) 
Seat 2: chinokevin13 ($103.44 in chips) 
Seat 3: iNeverBluff398 ($101.78 in chips) 
Seat 4: DL1B ($100 in chips) 
Seat 5: david.dav18 ($53.76 in chips) 
Seat 6: coeeeelho ($105.23 in chips) 
chinokevin13: posts small blind $0.50
iNeverBluff398: posts big blind $1
*** HOLE CARDS ***
DL1B: folds 
david.dav18: folds 
coeeeelho: folds 
blistein: folds 
chinokevin13: raises $2 to $3
iNeverBluff398: raises $6 to $9
chinokevin13: folds 
Uncalled bet ($6) returned to iNeverBluff398
iNeverBluff398 collected $6 from pot
iNeverBluff398: doesn't show hand 
*** SUMMARY ***
Total pot $6 | Rake $0 
Seat 1: blistein (button) folded before Flop (didn't bet)
Seat 2: chinokevin13 (small blind) folded before Flop
Seat 3: iNeverBluff398 (big blind) collected ($6)
Seat 4: DL1B folded before Flop (didn't bet)
Seat 5: david.dav18 folded before Flop (didn't bet)
Seat 6: coeeeelho folded before Flop (didn't bet)



PokerStars Hand #254466715122:  Hold'em No Limit ($0.50/$1.00 USD) - 2025/01/20 12:13:10 WET [2025/01/20 7:13:10 ET]
Table 'Pandora IV' 6-max Seat #2 is the button
Seat 1: blistein ($113 in chips) 
Seat 2: chinokevin13 ($100.44 in chips) 
Seat 3: iNeverBluff398 ($104.78 in chips) 
Seat 4: DL1B ($100 in chips) 
Seat 5: david.dav18 ($53.76 in chips) 
Seat 6: coeeeelho ($105.23 in chips) 
iNeverBluff398: posts small blind $0.50
DL1B: posts big blind $1
*** HOLE CARDS ***
david.dav18: folds 
coeeeelho: folds 
blistein: raises $1.30 to $2.30
chinokevin13: folds 
iNeverBluff398: folds 
DL1B: raises $9.70 to $12
blistein: raises $101 to $113 and is all-in
DL1B: calls $88 and is all-in
Uncalled bet ($13) returned to blistein
*** FLOP *** [7s 3s 4h]
*** TURN *** [7s 3s 4h] [2s]
*** RIVER *** [7s 3s 4h 2s] [9c]
*** SHOW DOWN ***
DL1B: shows [Kc Ks] (a pair of Kings)
blistein: shows [Kd Ac] (high card Ace)
DL1B collected $198 from pot
*** SUMMARY ***
Total pot $200.50 | Rake $2.50 
Board [7s 3s 4h 2s 9c]
Seat 1: blistein showed [Kd Ac] and lost with high card Ace
Seat 2: chinokevin13 (button) folded before Flop (didn't bet)
Seat 3: iNeverBluff398 (small blind) folded before Flop
Seat 4: DL1B (big blind) showed [Kc Ks] and won ($198) with a pair of Kings
Seat 5: david.dav18 folded before Flop (didn't bet)
Seat 6: coeeeelho folded before Flop (didn't bet)



PokerStars Hand #254466721017:  Hold'em No Limit ($0.50/$1.00 USD) - 2025/01/20 12:13:52 WET [2025/01/20 7:13:52 ET]
Table 'Pandora IV' 6-max Seat #3 is the button
Seat 1: blistein ($100 in chips) 
Seat 2: chinokevin13 ($100.44 in chips) 
Seat 3: iNeverBluff398 ($104.28 in chips) 
Seat 4: DL1B ($198 in chips) 
Seat 5: david.dav18 ($53.76 in chips) 
Seat 6: coeeeelho ($105.23 in chips) 
DL1B: posts small blind $0.50
david.dav18: posts big blind $1
*** HOLE CARDS ***
coeeeelho: folds 
blistein: folds 
chinokevin13: raises $1.50 to $2.50
iNeverBluff398: folds 
DL1B: folds 
david.dav18: calls $1.50
*** FLOP *** [6h Kh 4c]
david.dav18: checks 
blistein leaves the table
chinokevin13: bets $2.61
david.dav18: raises $2.61 to $5.22
chinokevin13: calls $2.61
*** TURN *** [6h Kh 4c] [7c]
david.dav18: bets $7.57
chinokevin13: calls $7.57
*** RIVER *** [6h Kh 4c 7c] [9s]
david.dav18: bets $38.47 and is all-in
chinokevin13: calls $38.47
*** SHOW DOWN ***
david.dav18: shows [8h Kd] (a pair of Kings)
chinokevin13: shows [Ah Kc] (a pair of Kings - Ace kicker)
chinokevin13 collected $105.52 from pot
*** SUMMARY ***
Total pot $108.02 | Rake $2.50 
Board [6h Kh 4c 7c 9s]
Seat 1: blistein folded before Flop (didn't bet)
Seat 2: chinokevin13 showed [Ah Kc] and won ($105.52) with a pair of Kings
Seat 3: iNeverBluff398 (button) folded before Flop (didn't bet)
Seat 4: DL1B (small blind) folded before Flop
Seat 5: david.dav18 (big blind) showed [8h Kd] and lost with a pair of Kings
Seat 6: coeeeelho folded before Flop (didn't bet)



PokerStars Hand #254466730682:  Hold'em No Limit ($0.50/$1.00 USD) - 2025/01/20 12:15:02 WET [2025/01/20 7:15:02 ET]
Table 'Pandora IV' 6-max Seat #4 is the button
Seat 5: david.dav18 ($0 in chips) is sitting out
Seat 2: chinokevin13 ($152.20 in chips) 
Seat 3: iNeverBluff398 ($104.28 in chips) 
Seat 4: DL1B ($197.50 in chips) 
Seat 6: coeeeelho ($105.23 in chips) 
coeeeelho: posts small blind $0.50
chinokevin13: posts big blind $1
*** HOLE CARDS ***
Edi131313 joins the table at seat #1 
iNeverBluff398: raises $1.20 to $2.20
david.dav18 is disconnected 
DL1B: raises $5.30 to $7.50
coeeeelho: folds 
chinokevin13: folds 
iNeverBluff398: folds 
Uncalled bet ($5.30) returned to DL1B
DL1B collected $5.90 from pot
DL1B: doesn't show hand 
*** SUMMARY ***
Total pot $5.90 | Rake $0 
Seat 5: david.dav18
Seat 2: chinokevin13 (big blind) folded before Flop
Seat 3: iNeverBluff398 folded before Flop
Seat 4: DL1B (button) collected ($5.90)
Seat 6: coeeeelho (small blind) folded before Flop



PokerStars Hand #254466732749:  Hold'em No Limit ($0.50/$1.00 USD) - 2025/01/20 12:15:17 WET [2025/01/20 7:15:17 ET]
Table 'Pandora IV' 6-max Seat #6 is the button
Seat 1: Edi131313 ($100 in chips) is sitting out
Seat 5: david.dav18 ($0 in chips) is sitting out
Seat 2: chinokevin13 ($151.20 in chips) 
Seat 3: iNeverBluff398 ($102.08 in chips) 
Seat 4: DL1B ($201.20 in chips) 
Seat 6: coeeeelho ($104.73 in chips) 
chinokevin13: posts small blind $0.50
iNeverBluff398: posts big blind $1
*** HOLE CARDS ***
DL1B: folds 
coeeeelho: folds 
chinokevin13: raises $2 to $3
iNeverBluff398: calls $2
*** FLOP *** [8s 5s 9d]
chinokevin13: checks 
iNeverBluff398: checks 
*** TURN *** [8s 5s 9d] [Kd]
chinokevin13: checks 
iNeverBluff398: checks 
*** RIVER *** [8s 5s 9d Kd] [Jh]
chinokevin13: bets $4.28
iNeverBluff398: folds 
Uncalled bet ($4.28) returned to chinokevin13
chinokevin13 collected $5.70 from pot
chinokevin13: doesn't show hand 
*** SUMMARY ***
Total pot $6 | Rake $0.30 
Board [8s 5s 9d Kd Jh]
Seat 1: Edi131313
Seat 5: david.dav18
Seat 2: chinokevin13 (small blind) collected ($5.70)
Seat 3: iNeverBluff398 (big blind) folded on the River
Seat 4: DL1B folded before Flop (didn't bet)
Seat 6: coeeeelho (button) folded before Flop (didn't bet)



PokerStars Hand #254466739749:  Hold'em No Limit ($0.50/$1.00 USD) - 2025/01/20 12:16:08 WET [2025/01/20 7:16:08 ET]
Table 'Pandora IV' 6-max Seat #2 is the button
Seat 1: Edi131313 ($100 in chips) is sitting out
Seat 5: david.dav18 ($0 in chips) is sitting out
Seat 2: chinokevin13 ($153.90 in chips) 
Seat 3: iNeverBluff398 ($100 in chips) 
Seat 4: DL1B ($201.20 in chips) 
Seat 6: coeeeelho ($104.73 in chips) 
iNeverBluff398: posts small blind $0.50
DL1B: posts big blind $1
Edi131313: sits out 
*** HOLE CARDS ***
coeeeelho: raises $1.20 to $2.20
chinokevin13: folds 
iNeverBluff398: raises $7.80 to $10
DL1B: folds 
coeeeelho: calls $7.80
*** FLOP *** [Ks 9d 7s]
iNeverBluff398: checks 
coeeeelho: checks 
*** TURN *** [Ks 9d 7s] [5h]
iNeverBluff398: bets $25
coeeeelho: calls $25
*** RIVER *** [Ks 9d 7s 5h] [4h]
iNeverBluff398: bets $65 and is all-in
coeeeelho: folds 
Uncalled bet ($65) returned to iNeverBluff398
iNeverBluff398 collected $70 from pot
iNeverBluff398: doesn't show hand 
*** SUMMARY ***
Total pot $71 | Rake $1 
Board [Ks 9d 7s 5h 4h]
Seat 1: Edi131313
Seat 5: david.dav18
Seat 2: chinokevin13 (button) folded before Flop (didn't bet)
Seat 3: iNeverBluff398 (small blind) collected ($70)
Seat 4: DL1B (big blind) folded before Flop
Seat 6: coeeeelho folded on the River



PokerStars Hand #254466745822:  Hold'em No Limit ($0.50/$1.00 USD) - 2025/01/20 12:16:53 WET [2025/01/20 7:16:53 ET]
Table 'Pandora IV' 6-max Seat #3 is the button
Seat 1: Edi131313 ($100 in chips) is sitting out
Seat 5: david.dav18 ($0 in chips) is sitting out
Seat 2: chinokevin13 ($153.90 in chips) 
Seat 3: iNeverBluff398 ($135 in chips) 
Seat 4: DL1B ($200.20 in chips) 
Seat 6: coeeeelho ($100 in chips) 
DL1B: posts small blind $0.50
coeeeelho: posts big blind $1
Edi131313: sits out 
*** HOLE CARDS ***
chinokevin13: raises $1.50 to $2.50
iNeverBluff398: folds 
DL1B: folds 
coeeeelho: folds 
Uncalled bet ($1.50) returned to chinokevin13
chinokevin13 collected $2.50 from pot
chinokevin13: doesn't show hand 
*** SUMMARY ***
Total pot $2.50 | Rake $0 
Seat 1: Edi131313
Seat 5: david.dav18
Seat 2: chinokevin13 collected ($2.50)
Seat 3: iNeverBluff398 (button) folded before Flop (didn't bet)
Seat 4: DL1B (small blind) folded before Flop
Seat 6: coeeeelho (big blind) folded before Flop



PokerStars Hand #254466749101:  Hold'em No Limit ($0.50/$1.00 USD) - 2025/01/20 12:17:17 WET [2025/01/20 7:17:17 ET]
Table 'Pandora IV' 6-max Seat #4 is the button
Seat 5: david.dav18 ($0 in chips) is sitting out
Seat 1: Edi131313 ($100 in chips) 
Seat 2: chinokevin13 ($155.40 in chips) 
Seat 3: iNeverBluff398 ($135 in chips) 
Seat 4: DL1B ($199.70 in chips) 
Seat 6: coeeeelho ($100 in chips) 
coeeeelho: posts small blind $0.50
Edi131313: posts big blind $1
*** HOLE CARDS ***
chinokevin13: folds 
iNeverBluff398: raises $1.20 to $2.20
DL1B: folds 
coeeeelho: folds 
Edi131313: folds 
Uncalled bet ($1.20) returned to iNeverBluff398
iNeverBluff398 collected $2.50 from pot
iNeverBluff398: doesn't show hand 
*** SUMMARY ***
Total pot $2.50 | Rake $0 
Seat 5: david.dav18
Seat 1: Edi131313 (big blind) folded before Flop
Seat 2: chinokevin13 folded before Flop (didn't bet)
Seat 3: iNeverBluff398 collected ($2.50)
Seat 4: DL1B (button) folded before Flop (didn't bet)
Seat 6: coeeeelho (small blind) folded before Flop



PokerStars Hand #254466750656:  Hold'em No Limit ($0.50/$1.00 USD) - 2025/01/20 12:17:28 WET [2025/01/20 7:17:28 ET]
Table 'Pandora IV' 6-max Seat #6 is the button
Seat 5: david.dav18 ($0 in chips) is sitting out
Seat 1: Edi131313 ($99 in chips) 
Seat 2: chinokevin13 ($155.40 in chips) 
Seat 3: iNeverBluff398 ($136.50 in chips) 
Seat 4: DL1B ($199.70 in chips) 
Seat 6: coeeeelho ($100 in chips) 
Edi131313: posts small blind $0.50
chinokevin13: posts big blind $1
*** HOLE CARDS ***
iNeverBluff398: folds 
DL1B: folds 
coeeeelho: raises $1.50 to $2.50
Edi131313: folds 
chinokevin13: folds 
Uncalled bet ($1.50) returned to coeeeelho
coeeeelho collected $2.50 from pot
*** SUMMARY ***
Total pot $2.50 | Rake $0 
Seat 5: david.dav18
Seat 1: Edi131313 (small blind) folded before Flop
Seat 2: chinokevin13 (big blind) folded before Flop
Seat 3: iNeverBluff398 folded before Flop (didn't bet)
Seat 4: DL1B folded before Flop (didn't bet)
Seat 6: coeeeelho (button) collected ($2.50)



PokerStars Hand #254466752796:  Hold'em No Limit ($0.50/$1.00 USD) - 2025/01/20 12:17:44 WET [2025/01/20 7:17:44 ET]
Table 'Pandora IV' 6-max Seat #1 is the button
Seat 5: david.dav18 ($0 in chips) is sitting out
Seat 1: Edi131313 ($98.50 in chips) 
Seat 2: chinokevin13 ($154.40 in chips) 
Seat 3: iNeverBluff398 ($136.50 in chips) 
Seat 4: DL1B ($199.70 in chips) 
Seat 6: coeeeelho ($101.50 in chips) 
chinokevin13: posts small blind $0.50
iNeverBluff398: posts big blind $1
*** HOLE CARDS ***
DL1B: folds 
coeeeelho: raises $1.20 to $2.20
Edi131313: folds 
chinokevin13: folds 
iNeverBluff398: folds 
Uncalled bet ($1.20) returned to coeeeelho
coeeeelho collected $2.50 from pot
*** SUMMARY ***
Total pot $2.50 | Rake $0 
Seat 5: david.dav18
Seat 1: Edi131313 (button) folded before Flop (didn't bet)
Seat 2: chinokevin13 (small blind) folded before Flop
Seat 3: iNeverBluff398 (big blind) folded before Flop
Seat 4: DL1B folded before Flop (didn't bet)
Seat 6: coeeeelho collected ($2.50)



PokerStars Hand #254466755099:  Hold'em No Limit ($0.50/$1.00 USD) - 2025/01/20 12:18:01 WET [2025/01/20 7:18:01 ET]
Table 'Pandora IV' 6-max Seat #2 is the button
Seat 5: david.dav18 ($0 in chips) is sitting out
Seat 1: Edi131313 ($98.50 in chips) 
Seat 2: chinokevin13 ($153.90 in chips) 
Seat 3: iNeverBluff398 ($135.50 in chips) 
Seat 4: DL1B ($199.70 in chips) 
Seat 6: coeeeelho ($103 in chips) 
iNeverBluff398: posts small blind $0.50
DL1B: posts big blind $1
*** HOLE CARDS ***
coeeeelho: raises $1.20 to $2.20
Edi131313: calls $2.20
chinokevin13: folds 
iNeverBluff398: folds 
DL1B: raises $11.80 to $14
coeeeelho: folds 
Edi131313: folds 
Uncalled bet ($11.80) returned to DL1B
DL1B collected $7.10 from pot
DL1B: doesn't show hand 
*** SUMMARY ***
Total pot $7.10 | Rake $0 
Seat 5: david.dav18
Seat 1: Edi131313 folded before Flop
Seat 2: chinokevin13 (button) folded before Flop (didn't bet)
Seat 3: iNeverBluff398 (small blind) folded before Flop
Seat 4: DL1B (big blind) collected ($7.10)
Seat 6: coeeeelho folded before Flop



PokerStars Hand #254466758278:  Hold'em No Limit ($0.50/$1.00 USD) - 2025/01/20 12:18:25 WET [2025/01/20 7:18:25 ET]
Table 'Pandora IV' 6-max Seat #3 is the button
Seat 5: david.dav18 ($0 in chips) is sitting out
Seat 1: Edi131313 ($96.30 in chips) 
Seat 2: chinokevin13 ($153.90 in chips) 
Seat 3: iNeverBluff398 ($135 in chips) 
Seat 4: DL1B ($204.60 in chips) 
Seat 6: coeeeelho ($100.80 in chips) 
DL1B: posts small blind $0.50
coeeeelho: posts big blind $1
*** HOLE CARDS ***
Edi131313: raises $1 to $2
chinokevin13: folds 
iNeverBluff398: folds 
DL1B: folds 
coeeeelho: folds 
Uncalled bet ($1) returned to Edi131313
Edi131313 collected $2.50 from pot
Edi131313: doesn't show hand 
*** SUMMARY ***
Total pot $2.50 | Rake $0 
Seat 5: david.dav18
Seat 1: Edi131313 collected ($2.50)
Seat 2: chinokevin13 folded before Flop (didn't bet)
Seat 3: iNeverBluff398 (button) folded before Flop (didn't bet)
Seat 4: DL1B (small blind) folded before Flop
Seat 6: coeeeelho (big blind) folded before Flop



PokerStars Hand #254466759952:  Hold'em No Limit ($0.50/$1.00 USD) - 2025/01/20 12:18:38 WET [2025/01/20 7:18:38 ET]
Table 'Pandora IV' 6-max Seat #4 is the button
Seat 5: david.dav18 ($0 in chips) is sitting out
Seat 1: Edi131313 ($97.80 in chips) 
Seat 2: chinokevin13 ($153.90 in chips) 
Seat 3: iNeverBluff398 ($135 in chips) 
Seat 4: DL1B ($204.10 in chips) 
Seat 6: coeeeelho ($100 in chips) 
coeeeelho: posts small blind $0.50
Edi131313: posts big blind $1
*** HOLE CARDS ***
chinokevin13: folds 
iNeverBluff398: raises $1.20 to $2.20
DL1B: folds 
coeeeelho: folds 
Edi131313: folds 
Uncalled bet ($1.20) returned to iNeverBluff398
iNeverBluff398 collected $2.50 from pot
iNeverBluff398: doesn't show hand 
*** SUMMARY ***
Total pot $2.50 | Rake $0 
Seat 5: david.dav18
Seat 1: Edi131313 (big blind) folded before Flop
Seat 2: chinokevin13 folded before Flop (didn't bet)
Seat 3: iNeverBluff398 collected ($2.50)
Seat 4: DL1B (button) folded before Flop (didn't bet)
Seat 6: coeeeelho (small blind) folded before Flop



PokerStars Hand #254466761730:  Hold'em No Limit ($0.50/$1.00 USD) - 2025/01/20 12:18:50 WET [2025/01/20 7:18:50 ET]
Table 'Pandora IV' 6-max Seat #6 is the button
Seat 5: david.dav18 ($0 in chips) is sitting out
Seat 1: Edi131313 ($96.80 in chips) 
Seat 2: chinokevin13 ($153.90 in chips) 
Seat 3: iNeverBluff398 ($136.50 in chips) 
Seat 4: DL1B ($204.10 in chips) 
Seat 6: coeeeelho ($100 in chips) 
Edi131313: posts small blind $0.50
chinokevin13: posts big blind $1
*** HOLE CARDS ***
iNeverBluff398: raises $1.20 to $2.20
DL1B: folds 
coeeeelho: folds 
Edi131313: calls $1.70
chinokevin13: folds 
*** FLOP *** [5d 6c 4d]
Edi131313: checks 
iNeverBluff398: checks 
*** TURN *** [5d 6c 4d] [4h]
Edi131313: bets $1
iNeverBluff398: calls $1
*** RIVER *** [5d 6c 4d 4h] [4c]
Edi131313: bets $1
iNeverBluff398: raises $3 to $4
Edi131313: calls $3
*** SHOW DOWN ***
iNeverBluff398: shows [6h 7h] (a full house, Fours full of Sixes)
Edi131313: mucks hand 
iNeverBluff398 collected $14.63 from pot
*** SUMMARY ***
Total pot $15.40 | Rake $0.77 
Board [5d 6c 4d 4h 4c]
Seat 5: david.dav18
Seat 1: Edi131313 (small blind) mucked
Seat 2: chinokevin13 (big blind) folded before Flop
Seat 3: iNeverBluff398 showed [6h 7h] and won ($14.63) with a full house, Fours full of Sixes
Seat 4: DL1B folded before Flop (didn't bet)
Seat 6: coeeeelho (button) folded before Flop (didn't bet)



PokerStars Hand #254466766491:  Hold'em No Limit ($0.50/$1.00 USD) - 2025/01/20 12:19:25 WET [2025/01/20 7:19:25 ET]
Table 'Pandora IV' 6-max Seat #1 is the button
Seat 5: david.dav18 ($0 in chips) is sitting out
Seat 1: Edi131313 ($89.60 in chips) 
Seat 2: chinokevin13 ($152.90 in chips) 
Seat 3: iNeverBluff398 ($143.93 in chips) 
Seat 4: DL1B ($204.10 in chips) 
Seat 6: coeeeelho ($100 in chips) 
chinokevin13: posts small blind $0.50
iNeverBluff398: posts big blind $1
*** HOLE CARDS ***
DL1B: folds 
coeeeelho: folds 
Edi131313: raises $1 to $2
chinokevin13: folds 
iNeverBluff398: calls $1
*** FLOP *** [As 5c 2d]
iNeverBluff398: checks 
Edi131313: checks 
*** TURN *** [As 5c 2d] [Kh]
iNeverBluff398: checks 
Edi131313: checks 
*** RIVER *** [As 5c 2d Kh] [9d]
iNeverBluff398: bets $7.50
Edi131313: folds 
Uncalled bet ($7.50) returned to iNeverBluff398
iNeverBluff398 collected $4.28 from pot
iNeverBluff398: doesn't show hand 
*** SUMMARY ***
Total pot $4.50 | Rake $0.22 
Board [As 5c 2d Kh 9d]
Seat 5: david.dav18
Seat 1: Edi131313 (button) folded on the River
Seat 2: chinokevin13 (small blind) folded before Flop
Seat 3: iNeverBluff398 (big blind) collected ($4.28)
Seat 4: DL1B folded before Flop (didn't bet)
Seat 6: coeeeelho folded before Flop (didn't bet)



PokerStars Hand #254466771559:  Hold'em No Limit ($0.50/$1.00 USD) - 2025/01/20 12:20:03 WET [2025/01/20 7:20:03 ET]
Table 'Pandora IV' 6-max Seat #2 is the button
Seat 5: david.dav18 ($0 in chips) is sitting out
Seat 1: Edi131313 ($87.60 in chips) 
Seat 2: chinokevin13 ($152.40 in chips) 
Seat 3: iNeverBluff398 ($146.21 in chips) 
Seat 4: DL1B ($204.10 in chips) 
Seat 6: coeeeelho ($100 in chips) 
iNeverBluff398: posts small blind $0.50
DL1B: posts big blind $1
*** HOLE CARDS ***
coeeeelho: folds 
Edi131313: folds 
chinokevin13: raises $1.50 to $2.50
iNeverBluff398: folds 
DL1B: folds 
Uncalled bet ($1.50) returned to chinokevin13
chinokevin13 collected $2.50 from pot
chinokevin13: doesn't show hand 
*** SUMMARY ***
Total pot $2.50 | Rake $0 
Seat 5: david.dav18
Seat 1: Edi131313 folded before Flop (didn't bet)
Seat 2: chinokevin13 (button) collected ($2.50)
Seat 3: iNeverBluff398 (small blind) folded before Flop
Seat 4: DL1B (big blind) folded before Flop
Seat 6: coeeeelho folded before Flop (didn't bet)



PokerStars Hand #254466774787:  Hold'em No Limit ($0.50/$1.00 USD) - 2025/01/20 12:20:26 WET [2025/01/20 7:20:26 ET]
Table 'Pandora IV' 6-max Seat #3 is the button
Seat 5: david.dav18 ($0 in chips) is sitting out
Seat 1: Edi131313 ($87.60 in chips) 
Seat 2: chinokevin13 ($153.90 in chips) 
Seat 3: iNeverBluff398 ($145.71 in chips) 
Seat 4: DL1B ($203.10 in chips) 
Seat 6: coeeeelho ($100 in chips) 
DL1B: posts small blind $0.50
coeeeelho: posts big blind $1
*** HOLE CARDS ***
Edi131313: folds 
chinokevin13: raises $1.50 to $2.50
iNeverBluff398: folds 
DL1B: folds 
coeeeelho: calls $1.50
*** FLOP *** [Td 4d 6s]
coeeeelho: checks 
chinokevin13: bets $2.61
coeeeelho: raises $6.39 to $9
chinokevin13: folds 
Uncalled bet ($6.39) returned to coeeeelho
coeeeelho collected $10.18 from pot
david.dav18 leaves the table
*** SUMMARY ***
Total pot $10.72 | Rake $0.54 
Board [Td 4d 6s]
Seat 5: david.dav18
Seat 1: Edi131313 folded before Flop (didn't bet)
Seat 2: chinokevin13 folded on the Flop
Seat 3: iNeverBluff398 (button) folded before Flop (didn't bet)
Seat 4: DL1B (small blind) folded before Flop
Seat 6: coeeeelho (big blind) collected ($10.18)



PokerStars Hand #254466783454:  Hold'em No Limit ($0.50/$1.00 USD) - 2025/01/20 12:21:29 WET [2025/01/20 7:21:29 ET]
Table 'Pandora IV' 6-max Seat #4 is the button
Seat 1: Edi131313 ($87.60 in chips) 
Seat 2: chinokevin13 ($148.79 in chips) 
Seat 3: iNeverBluff398 ($145.71 in chips) 
Seat 4: DL1B ($202.60 in chips) 
Seat 6: coeeeelho ($105.07 in chips) 
MrAdris9 joins the table at seat #5 
coeeeelho: posts small blind $0.50
Edi131313: posts big blind $1
*** HOLE CARDS ***
chinokevin13: raises $1.20 to $2.20
iNeverBluff398: folds 
DL1B: folds 
coeeeelho: folds 
Edi131313: folds 
Uncalled bet ($1.20) returned to chinokevin13
chinokevin13 collected $2.50 from pot
chinokevin13: doesn't show hand 
*** SUMMARY ***
Total pot $2.50 | Rake $0 
Seat 1: Edi131313 (big blind) folded before Flop
Seat 2: chinokevin13 collected ($2.50)
Seat 3: iNeverBluff398 folded before Flop (didn't bet)
Seat 4: DL1B (button) folded before Flop (didn't bet)
Seat 6: coeeeelho (small blind) folded before Flop



PokerStars Hand #254466784648:  Hold'em No Limit ($0.50/$1.00 USD) - 2025/01/20 12:21:38 WET [2025/01/20 7:21:38 ET]
Table 'Pandora IV' 6-max Seat #6 is the button
Seat 5: MrAdris9 ($100 in chips) is sitting out
Seat 1: Edi131313 ($86.60 in chips) 
Seat 2: chinokevin13 ($150.29 in chips) 
Seat 3: iNeverBluff398 ($145.71 in chips) 
Seat 4: DL1B ($202.60 in chips) 
Seat 6: coeeeelho ($104.57 in chips) 
Edi131313: posts small blind $0.50
chinokevin13: posts big blind $1
MrAdris9: sits out 
*** HOLE CARDS ***
iNeverBluff398: folds 
DL1B: raises $1.50 to $2.50
coeeeelho: folds 
Edi131313: calls $2
chinokevin13: calls $1.50
*** FLOP *** [6s 5d 6c]
Edi131313: checks 
chinokevin13: checks 
DL1B: checks 
*** TURN *** [6s 5d 6c] [2d]
Edi131313: checks 
chinokevin13: checks 
DL1B: checks 
*** RIVER *** [6s 5d 6c 2d] [Kd]
Edi131313: checks 
chinokevin13: checks 
DL1B: bets $5.41
Edi131313: calls $5.41
chinokevin13: folds 
*** SHOW DOWN ***
DL1B: shows [8s Ac] (a pair of Sixes)
Edi131313: shows [Kc 2c] (two pair, Kings and Sixes)
Edi131313 collected $17.40 from pot
*** SUMMARY ***
Total pot $18.32 | Rake $0.92 
Board [6s 5d 6c 2d Kd]
Seat 5: MrAdris9
Seat 1: Edi131313 (small blind) showed [Kc 2c] and won ($17.40) with two pair, Kings and Sixes
Seat 2: chinokevin13 (big blind) folded on the River
Seat 3: iNeverBluff398 folded before Flop (didn't bet)
Seat 4: DL1B showed [8s Ac] and lost with a pair of Sixes
Seat 6: coeeeelho (button) folded before Flop (didn't bet)



PokerStars Hand #254466800350:  Hold'em No Limit ($0.50/$1.00 USD) - 2025/01/20 12:23:32 WET [2025/01/20 7:23:32 ET]
Table 'Pandora IV' 6-max Seat #1 is the button
Seat 5: MrAdris9 ($100 in chips) is sitting out
Seat 1: Edi131313 ($96.09 in chips) 
Seat 2: chinokevin13 ($147.79 in chips) 
Seat 3: iNeverBluff398 ($145.71 in chips) 
Seat 4: DL1B ($194.69 in chips) 
Seat 6: coeeeelho ($104.57 in chips) 
chinokevin13: posts small blind $0.50
iNeverBluff398: posts big blind $1
MrAdris9: sits out 
*** HOLE CARDS ***
DL1B: raises $2 to $3
coeeeelho: folds 
Edi131313: folds 
chinokevin13: folds 
iNeverBluff398: calls $2
*** FLOP *** [Js 4s 3h]
iNeverBluff398: checks 
DL1B: bets $2.04
iNeverBluff398: raises $5.10 to $7.14
DL1B: folds 
Uncalled bet ($5.10) returned to iNeverBluff398
iNeverBluff398 collected $10.05 from pot
iNeverBluff398: doesn't show hand 
*** SUMMARY ***
Total pot $10.58 | Rake $0.53 
Board [Js 4s 3h]
Seat 5: MrAdris9
Seat 1: Edi131313 (button) folded before Flop (didn't bet)
Seat 2: chinokevin13 (small blind) folded before Flop
Seat 3: iNeverBluff398 (big blind) collected ($10.05)
Seat 4: DL1B folded on the Flop
Seat 6: coeeeelho folded before Flop (didn't bet)



PokerStars Hand #254466803710:  Hold'em No Limit ($0.50/$1.00 USD) - 2025/01/20 12:23:56 WET [2025/01/20 7:23:56 ET]
Table 'Pandora IV' 6-max Seat #2 is the button
Seat 5: MrAdris9 ($100 in chips) is sitting out
Seat 1: Edi131313 ($96.09 in chips) 
Seat 2: chinokevin13 ($147.29 in chips) 
Seat 3: iNeverBluff398 ($150.72 in chips) 
Seat 4: DL1B ($189.65 in chips) 
Seat 6: coeeeelho ($104.57 in chips) 
iNeverBluff398: posts small blind $0.50
DL1B: posts big blind $1
MrAdris9: sits out 
*** HOLE CARDS ***
coeeeelho: folds 
Edi131313: raises $1 to $2
chinokevin13: raises $3 to $5
iNeverBluff398: folds 
DL1B: folds 
Edi131313: folds 
Uncalled bet ($3) returned to chinokevin13
chinokevin13 collected $5.50 from pot
chinokevin13: doesn't show hand 
*** SUMMARY ***
Total pot $5.50 | Rake $0 
Seat 5: MrAdris9
Seat 1: Edi131313 folded before Flop
Seat 2: chinokevin13 (button) collected ($5.50)
Seat 3: iNeverBluff398 (small blind) folded before Flop
Seat 4: DL1B (big blind) folded before Flop
Seat 6: coeeeelho folded before Flop (didn't bet)



PokerStars Hand #254466808996:  Hold'em No Limit ($0.50/$1.00 USD) - 2025/01/20 12:24:34 WET [2025/01/20 7:24:34 ET]
Table 'Pandora IV' 6-max Seat #3 is the button
Seat 1: Edi131313 ($94.09 in chips) 
Seat 2: chinokevin13 ($150.79 in chips) 
Seat 3: iNeverBluff398 ($150.22 in chips) 
Seat 4: DL1B ($188.65 in chips) 
Seat 5: MrAdris9 ($100 in chips) 
Seat 6: coeeeelho ($104.57 in chips) 
DL1B: posts small blind $0.50
MrAdris9: posts big blind $1
*** HOLE CARDS ***
coeeeelho: folds 
Edi131313: folds 
chinokevin13: raises $1.50 to $2.50
iNeverBluff398: folds 
DL1B: folds 
MrAdris9: folds 
Uncalled bet ($1.50) returned to chinokevin13
chinokevin13 collected $2.50 from pot
chinokevin13: doesn't show hand 
*** SUMMARY ***
Total pot $2.50 | Rake $0 
Seat 1: Edi131313 folded before Flop (didn't bet)
Seat 2: chinokevin13 collected ($2.50)
Seat 3: iNeverBluff398 (button) folded before Flop (didn't bet)
Seat 4: DL1B (small blind) folded before Flop
Seat 5: MrAdris9 (big blind) folded before Flop
Seat 6: coeeeelho folded before Flop (didn't bet)



PokerStars Hand #254466813068:  Hold'em No Limit ($0.50/$1.00 USD) - 2025/01/20 12:25:04 WET [2025/01/20 7:25:04 ET]
Table 'Pandora IV' 6-max Seat #4 is the button
Seat 1: Edi131313 ($94.09 in chips) 
Seat 2: chinokevin13 ($152.29 in chips) 
Seat 3: iNeverBluff398 ($150.22 in chips) 
Seat 4: DL1B ($188.15 in chips) 
Seat 5: MrAdris9 ($100 in chips) 
Seat 6: coeeeelho ($104.57 in chips) 
MrAdris9: posts small blind $0.50
coeeeelho: posts big blind $1
*** HOLE CARDS ***
Edi131313: folds 
chinokevin13: raises $1.20 to $2.20
iNeverBluff398: raises $4.30 to $6.50
DL1B: folds 
MrAdris9: folds 
coeeeelho: raises $8.50 to $15
chinokevin13: folds 
iNeverBluff398: folds 
Uncalled bet ($8.50) returned to coeeeelho
coeeeelho collected $15.70 from pot
*** SUMMARY ***
Total pot $15.70 | Rake $0 
Seat 1: Edi131313 folded before Flop (didn't bet)
Seat 2: chinokevin13 folded before Flop
Seat 3: iNeverBluff398 folded before Flop
Seat 4: DL1B (button) folded before Flop (didn't bet)
Seat 5: MrAdris9 (small blind) folded before Flop
Seat 6: coeeeelho (big blind) collected ($15.70)



PokerStars Hand #254466817236:  Hold'em No Limit ($0.50/$1.00 USD) - 2025/01/20 12:25:34 WET [2025/01/20 7:25:34 ET]
Table 'Pandora IV' 6-max Seat #5 is the button
Seat 1: Edi131313 ($94.09 in chips) 
Seat 2: chinokevin13 ($150.09 in chips) 
Seat 3: iNeverBluff398 ($143.72 in chips) 
Seat 4: DL1B ($188.15 in chips) 
Seat 5: MrAdris9 ($100 in chips) 
Seat 6: coeeeelho ($113.77 in chips) 
coeeeelho: posts small blind $0.50
Edi131313: posts big blind $1
*** HOLE CARDS ***
chinokevin13: folds 
iNeverBluff398: folds 
DL1B: folds 
MrAdris9: folds 
coeeeelho: folds 
Uncalled bet ($0.50) returned to Edi131313
Edi131313 collected $1 from pot
Edi131313: doesn't show hand 
*** SUMMARY ***
Total pot $1 | Rake $0 
Seat 1: Edi131313 (big blind) collected ($1)
Seat 2: chinokevin13 folded before Flop (didn't bet)
Seat 3: iNeverBluff398 folded before Flop (didn't bet)
Seat 4: DL1B folded before Flop (didn't bet)
Seat 5: MrAdris9 (button) folded before Flop (didn't bet)
Seat 6: coeeeelho (small blind) folded before Flop



PokerStars Hand #254466818980:  Hold'em No Limit ($0.50/$1.00 USD) - 2025/01/20 12:25:46 WET [2025/01/20 7:25:46 ET]
Table 'Pandora IV' 6-max Seat #6 is the button
Seat 1: Edi131313 ($94.59 in chips) 
Seat 2: chinokevin13 ($150.09 in chips) 
Seat 3: iNeverBluff398 ($143.72 in chips) 
Seat 4: DL1B ($188.15 in chips) 
Seat 5: MrAdris9 ($100 in chips) 
Seat 6: coeeeelho ($113.27 in chips) 
Edi131313: posts small blind $0.50
chinokevin13: posts big blind $1
*** HOLE CARDS ***
iNeverBluff398: folds 
DL1B: folds 
MrAdris9: raises $1.20 to $2.20
coeeeelho: folds 
Edi131313: calls $1.70
chinokevin13: folds 
*** FLOP *** [Ts 5d Jd]
Edi131313: checks 
MrAdris9: bets $2.57
Edi131313: calls $2.57
*** TURN *** [Ts 5d Jd] [4c]
Edi131313: checks 
MrAdris9: bets $6.60
Edi131313: calls $6.60
*** RIVER *** [Ts 5d Jd 4c] [2c]
Edi131313: checks 
MrAdris9: bets $11.30
Edi131313: calls $11.30
*** SHOW DOWN ***
MrAdris9: shows [9s 8s] (high card Jack)
Edi131313: shows [Qs Qc] (a pair of Queens)
Edi131313 collected $44.02 from pot
*** SUMMARY ***
Total pot $46.34 | Rake $2.32 
Board [Ts 5d Jd 4c 2c]
Seat 1: Edi131313 (small blind) showed [Qs Qc] and won ($44.02) with a pair of Queens
Seat 2: chinokevin13 (big blind) folded before Flop
Seat 3: iNeverBluff398 folded before Flop (didn't bet)
Seat 4: DL1B folded before Flop (didn't bet)
Seat 5: MrAdris9 showed [9s 8s] and lost with high card Jack
Seat 6: coeeeelho (button) folded before Flop (didn't bet)



PokerStars Hand #254466828569:  Hold'em No Limit ($0.50/$1.00 USD) - 2025/01/20 12:26:55 WET [2025/01/20 7:26:55 ET]
Table 'Pandora IV' 6-max Seat #1 is the button
Seat 1: Edi131313 ($115.94 in chips) 
Seat 2: chinokevin13 ($149.09 in chips) 
Seat 3: iNeverBluff398 ($143.72 in chips) 
Seat 4: DL1B ($188.15 in chips) 
Seat 5: MrAdris9 ($100 in chips) 
Seat 6: coeeeelho ($113.27 in chips) 
chinokevin13: posts small blind $0.50
iNeverBluff398: posts big blind $1
*** HOLE CARDS ***
DL1B: folds 
MrAdris9: raises $1.20 to $2.20
coeeeelho: folds 
Edi131313: folds 
chinokevin13: folds 
iNeverBluff398: folds 
Uncalled bet ($1.20) returned to MrAdris9
MrAdris9 collected $2.50 from pot
MrAdris9: doesn't show hand 
*** SUMMARY ***
Total pot $2.50 | Rake $0 
Seat 1: Edi131313 (button) folded before Flop (didn't bet)
Seat 2: chinokevin13 (small blind) folded before Flop
Seat 3: iNeverBluff398 (big blind) folded before Flop
Seat 4: DL1B folded before Flop (didn't bet)
Seat 5: MrAdris9 collected ($2.50)
Seat 6: coeeeelho folded before Flop (didn't bet)



PokerStars Hand #254466831675:  Hold'em No Limit ($0.50/$1.00 USD) - 2025/01/20 12:27:17 WET [2025/01/20 7:27:17 ET]
Table 'Pandora IV' 6-max Seat #2 is the button
Seat 1: Edi131313 ($115.94 in chips) 
Seat 2: chinokevin13 ($148.59 in chips) 
Seat 3: iNeverBluff398 ($142.72 in chips) 
Seat 4: DL1B ($188.15 in chips) 
Seat 5: MrAdris9 ($101.50 in chips) 
Seat 6: coeeeelho ($113.27 in chips) 
iNeverBluff398: posts small blind $0.50
DL1B: posts big blind $1
*** HOLE CARDS ***
MrAdris9: folds 
coeeeelho: folds 
Edi131313: raises $1 to $2
chinokevin13: folds 
iNeverBluff398: folds 
DL1B: folds 
Uncalled bet ($1) returned to Edi131313
Edi131313 collected $2.50 from pot
Edi131313: doesn't show hand 
*** SUMMARY ***
Total pot $2.50 | Rake $0 
Seat 1: Edi131313 collected ($2.50)
Seat 2: chinokevin13 (button) folded before Flop (didn't bet)
Seat 3: iNeverBluff398 (small blind) folded before Flop
Seat 4: DL1B (big blind) folded before Flop
Seat 5: MrAdris9 folded before Flop (didn't bet)
Seat 6: coeeeelho folded before Flop (didn't bet)



PokerStars Hand #254466833847:  Hold'em No Limit ($0.50/$1.00 USD) - 2025/01/20 12:27:32 WET [2025/01/20 7:27:32 ET]
Table 'Pandora IV' 6-max Seat #3 is the button
Seat 1: Edi131313 ($117.44 in chips) 
Seat 2: chinokevin13 ($148.59 in chips) 
Seat 3: iNeverBluff398 ($142.22 in chips) 
Seat 4: DL1B ($187.15 in chips) 
Seat 5: MrAdris9 ($101.50 in chips) 
Seat 6: coeeeelho ($113.27 in chips) 
DL1B: posts small blind $0.50
MrAdris9: posts big blind $1
*** HOLE CARDS ***
coeeeelho: raises $1.10 to $2.10
Edi131313: calls $2.10
chinokevin13: raises $9.90 to $12
iNeverBluff398: folds 
DL1B: folds 
MrAdris9: folds 
coeeeelho: folds 
Edi131313: folds 
Uncalled bet ($9.90) returned to chinokevin13
chinokevin13 collected $7.80 from pot
chinokevin13: doesn't show hand 
*** SUMMARY ***
Total pot $7.80 | Rake $0 
Seat 1: Edi131313 folded before Flop
Seat 2: chinokevin13 collected ($7.80)
Seat 3: iNeverBluff398 (button) folded before Flop (didn't bet)
Seat 4: DL1B (small blind) folded before Flop
Seat 5: MrAdris9 (big blind) folded before Flop
Seat 6: coeeeelho folded before Flop



PokerStars Hand #254466836821:  Hold'em No Limit ($0.50/$1.00 USD) - 2025/01/20 12:27:54 WET [2025/01/20 7:27:54 ET]
Table 'Pandora IV' 6-max Seat #4 is the button
Seat 1: Edi131313 ($115.34 in chips) 
Seat 2: chinokevin13 ($154.29 in chips) 
Seat 3: iNeverBluff398 ($142.22 in chips) 
Seat 4: DL1B ($186.65 in chips) 
Seat 5: MrAdris9 ($100.50 in chips) 
Seat 6: coeeeelho ($111.17 in chips) 
MrAdris9: posts small blind $0.50
coeeeelho: posts big blind $1
*** HOLE CARDS ***
Edi131313: folds 
chinokevin13: folds 
iNeverBluff398: folds 
DL1B: raises $1.50 to $2.50
MrAdris9: folds 
coeeeelho: calls $1.50
*** FLOP *** [Ac 4c Kc]
coeeeelho: checks 
DL1B: checks 
*** TURN *** [Ac 4c Kc] [Jd]
coeeeelho: checks 
DL1B: checks 
*** RIVER *** [Ac 4c Kc Jd] [8s]
coeeeelho: bets $2
DL1B: calls $2
*** SHOW DOWN ***
coeeeelho: shows [Ah Ts] (a pair of Aces)
DL1B: mucks hand 
coeeeelho collected $9.02 from pot
*** SUMMARY ***
Total pot $9.50 | Rake $0.48 
Board [Ac 4c Kc Jd 8s]
Seat 1: Edi131313 folded before Flop (didn't bet)
Seat 2: chinokevin13 folded before Flop (didn't bet)
Seat 3: iNeverBluff398 folded before Flop (didn't bet)
Seat 4: DL1B (button) mucked
Seat 5: MrAdris9 (small blind) folded before Flop
Seat 6: coeeeelho (big blind) showed [Ah Ts] and won ($9.02) with a pair of Aces



PokerStars Hand #254466841228:  Hold'em No Limit ($0.50/$1.00 USD) - 2025/01/20 12:28:26 WET [2025/01/20 7:28:26 ET]
Table 'Pandora IV' 6-max Seat #5 is the button
Seat 1: Edi131313 ($115.34 in chips) 
Seat 2: chinokevin13 ($154.29 in chips) 
Seat 3: iNeverBluff398 ($142.22 in chips) 
Seat 4: DL1B ($182.15 in chips) 
Seat 5: MrAdris9 ($100 in chips) 
Seat 6: coeeeelho ($115.69 in chips) 
coeeeelho: posts small blind $0.50
Edi131313: posts big blind $1
*** HOLE CARDS ***
chinokevin13: raises $1.20 to $2.20
iNeverBluff398: folds 
DL1B: folds 
MrAdris9: folds 
coeeeelho: folds 
Edi131313: folds 
Uncalled bet ($1.20) returned to chinokevin13
chinokevin13 collected $2.50 from pot
chinokevin13: doesn't show hand 
*** SUMMARY ***
Total pot $2.50 | Rake $0 
Seat 1: Edi131313 (big blind) folded before Flop
Seat 2: chinokevin13 collected ($2.50)
Seat 3: iNeverBluff398 folded before Flop (didn't bet)
Seat 4: DL1B folded before Flop (didn't bet)
Seat 5: MrAdris9 (button) folded before Flop (didn't bet)
Seat 6: coeeeelho (small blind) folded before Flop



PokerStars Hand #254466843436:  Hold'em No Limit ($0.50/$1.00 USD) - 2025/01/20 12:28:42 WET [2025/01/20 7:28:42 ET]
Table 'Pandora IV' 6-max Seat #6 is the button
Seat 1: Edi131313 ($114.34 in chips) 
Seat 2: chinokevin13 ($155.79 in chips) 
Seat 3: iNeverBluff398 ($142.22 in chips) 
Seat 4: DL1B ($182.15 in chips) 
Seat 5: MrAdris9 ($100 in chips) 
Seat 6: coeeeelho ($115.19 in chips) 
Edi131313: posts small blind $0.50
chinokevin13: posts big blind $1
*** HOLE CARDS ***
iNeverBluff398: folds 
DL1B: folds 
MrAdris9: folds 
coeeeelho: folds 
Edi131313: raises $1 to $2
chinokevin13: folds 
Uncalled bet ($1) returned to Edi131313
Edi131313 collected $2 from pot
Edi131313: doesn't show hand 
*** SUMMARY ***
Total pot $2 | Rake $0 
Seat 1: Edi131313 (small blind) collected ($2)
Seat 2: chinokevin13 (big blind) folded before Flop
Seat 3: iNeverBluff398 folded before Flop (didn't bet)
Seat 4: DL1B folded before Flop (didn't bet)
Seat 5: MrAdris9 folded before Flop (didn't bet)
Seat 6: coeeeelho (button) folded before Flop (didn't bet)



PokerStars Hand #254467025254:  Hold'em No Limit ($0.50/$1.00 USD) - 2025/01/20 12:49:17 WET [2025/01/20 7:49:17 ET]
Table 'Pandora IV' 6-max Seat #5 is the button
Seat 1: Edi131313 ($56.71 in chips) 
Seat 2: chinokevin13 ($181.88 in chips) 
Seat 3: iNeverBluff398 ($161.48 in chips) 
Seat 4: DL1B ($173.30 in chips) 
Seat 5: MrAdris9 ($104.19 in chips) 
Seat 6: coeeeelho ($139.83 in chips) 
coeeeelho: posts small blind $0.50
Edi131313: posts big blind $1
*** HOLE CARDS ***
chinokevin13: folds 
iNeverBluff398: folds 
DL1B: folds 
MrAdris9: folds 
coeeeelho: raises $2 to $3
Edi131313: calls $2
*** FLOP *** [3h 6d 8c]
coeeeelho: checks 
Edi131313: bets $2.85
coeeeelho: raises $6.15 to $9
Edi131313: calls $6.15
*** TURN *** [3h 6d 8c] [Jd]
coeeeelho: bets $12
Edi131313: calls $12
*** RIVER *** [3h 6d 8c Jd] [8s]
coeeeelho: checks 
Edi131313: bets $7
coeeeelho: folds 
Uncalled bet ($7) returned to Edi131313
Edi131313 collected $45.60 from pot
Edi131313: doesn't show hand 
*** SUMMARY ***
Total pot $48 | Rake $2.40 
Board [3h 6d 8c Jd 8s]
Seat 1: Edi131313 (big blind) collected ($45.60)
Seat 2: chinokevin13 folded before Flop (didn't bet)
Seat 3: iNeverBluff398 folded before Flop (didn't bet)
Seat 4: DL1B folded before Flop (didn't bet)
Seat 5: MrAdris9 (button) folded before Flop (didn't bet)
Seat 6: coeeeelho (small blind) folded on the River



PokerStars Hand #254467032857:  Hold'em No Limit ($0.50/$1.00 USD) - 2025/01/20 12:50:06 WET [2025/01/20 7:50:06 ET]
Table 'Pandora IV' 6-max Seat #6 is the button
Seat 1: Edi131313 ($78.31 in chips) 
Seat 2: chinokevin13 ($181.88 in chips) 
Seat 3: iNeverBluff398 ($161.48 in chips) 
Seat 4: DL1B ($173.30 in chips) 
Seat 5: MrAdris9 ($104.19 in chips) 
Seat 6: coeeeelho ($115.83 in chips) 
Edi131313: posts small blind $0.50
chinokevin13: posts big blind $1
*** HOLE CARDS ***
iNeverBluff398: folds 
DL1B: folds 
MrAdris9: folds 
coeeeelho: folds 
Edi131313: folds 
Uncalled bet ($0.50) returned to chinokevin13
chinokevin13 collected $1 from pot
chinokevin13: doesn't show hand 
*** SUMMARY ***
Total pot $1 | Rake $0 
Seat 1: Edi131313 (small blind) folded before Flop
Seat 2: chinokevin13 (big blind) collected ($1)
Seat 3: iNeverBluff398 folded before Flop (didn't bet)
Seat 4: DL1B folded before Flop (didn't bet)
Seat 5: MrAdris9 folded before Flop (didn't bet)
Seat 6: coeeeelho (button) folded before Flop (didn't bet)



PokerStars Hand #254467034962:  Hold'em No Limit ($0.50/$1.00 USD) - 2025/01/20 12:50:19 WET [2025/01/20 7:50:19 ET]
Table 'Pandora IV' 6-max Seat #1 is the button
Seat 1: Edi131313 ($77.81 in chips) 
Seat 2: chinokevin13 ($182.38 in chips) 
Seat 3: iNeverBluff398 ($161.48 in chips) 
Seat 4: DL1B ($173.30 in chips) 
Seat 5: MrAdris9 ($104.19 in chips) 
Seat 6: coeeeelho ($115.83 in chips) 
chinokevin13: posts small blind $0.50
iNeverBluff398: posts big blind $1
*** HOLE CARDS ***
DL1B: folds 
MrAdris9: folds 
coeeeelho: raises $1.20 to $2.20
Edi131313: calls $2.20
chinokevin13: folds 
iNeverBluff398: calls $1.20
*** FLOP *** [Ah Jh 8c]
iNeverBluff398: checks 
coeeeelho: checks 
Edi131313: checks 
*** TURN *** [Ah Jh 8c] [5h]
iNeverBluff398: bets $2.22
coeeeelho: folds 
Edi131313: calls $2.22
*** RIVER *** [Ah Jh 8c 5h] [4d]
iNeverBluff398: bets $8.22
Edi131313: calls $8.22
*** SHOW DOWN ***
iNeverBluff398: shows [8d Ac] (two pair, Aces and Eights)
Edi131313: mucks hand 
iNeverBluff398 collected $26.58 from pot
*** SUMMARY ***
Total pot $27.98 | Rake $1.40 
Board [Ah Jh 8c 5h 4d]
Seat 1: Edi131313 (button) mucked
Seat 2: chinokevin13 (small blind) folded before Flop
Seat 3: iNeverBluff398 (big blind) showed [8d Ac] and won ($26.58) with two pair, Aces and Eights
Seat 4: DL1B folded before Flop (didn't bet)
Seat 5: MrAdris9 folded before Flop (didn't bet)
Seat 6: coeeeelho folded on the Turn



PokerStars Hand #254467042539:  Hold'em No Limit ($0.50/$1.00 USD) - 2025/01/20 12:51:09 WET [2025/01/20 7:51:09 ET]
Table 'Pandora IV' 6-max Seat #2 is the button
Seat 1: Edi131313 ($65.17 in chips) 
Seat 2: chinokevin13 ($181.88 in chips) 
Seat 3: iNeverBluff398 ($175.42 in chips) 
Seat 4: DL1B ($173.30 in chips) 
Seat 5: MrAdris9 ($104.19 in chips) 
Seat 6: coeeeelho ($113.63 in chips) 
iNeverBluff398: posts small blind $0.50
DL1B: posts big blind $1
*** HOLE CARDS ***
MrAdris9: folds 
coeeeelho: folds 
Edi131313: raises $1 to $2
chinokevin13: folds 
iNeverBluff398: folds 
DL1B: folds 
Uncalled bet ($1) returned to Edi131313
Edi131313 collected $2.50 from pot
Edi131313: doesn't show hand 
*** SUMMARY ***
Total pot $2.50 | Rake $0 
Seat 1: Edi131313 collected ($2.50)
Seat 2: chinokevin13 (button) folded before Flop (didn't bet)
Seat 3: iNeverBluff398 (small blind) folded before Flop
Seat 4: DL1B (big blind) folded before Flop
Seat 5: MrAdris9 folded before Flop (didn't bet)
Seat 6: coeeeelho folded before Flop (didn't bet)



PokerStars Hand #254467046262:  Hold'em No Limit ($0.50/$1.00 USD) - 2025/01/20 12:51:33 WET [2025/01/20 7:51:33 ET]
Table 'Pandora IV' 6-max Seat #3 is the button
Seat 1: Edi131313 ($66.67 in chips) 
Seat 2: chinokevin13 ($181.88 in chips) 
Seat 3: iNeverBluff398 ($174.92 in chips) 
Seat 4: DL1B ($172.30 in chips) 
Seat 5: MrAdris9 ($104.19 in chips) 
Seat 6: coeeeelho ($113.63 in chips) 
DL1B: posts small blind $0.50
MrAdris9: posts big blind $1
*** HOLE CARDS ***
coeeeelho: folds 
Edi131313: raises $1 to $2
chinokevin13: raises $11 to $13
iNeverBluff398: folds 
DL1B: folds 
MrAdris9: folds 
Edi131313: calls $11
*** FLOP *** [Ad 8s Ts]
Edi131313: checks 
chinokevin13: bets $8.62
Edi131313: calls $8.62
*** TURN *** [Ad 8s Ts] [3d]
Edi131313: checks 
chinokevin13: bets $85
Edi131313: folds 
Uncalled bet ($85) returned to chinokevin13
chinokevin13 collected $42.50 from pot
chinokevin13: doesn't show hand 
*** SUMMARY ***
Total pot $44.74 | Rake $2.24 
Board [Ad 8s Ts 3d]
Seat 1: Edi131313 folded on the Turn
Seat 2: chinokevin13 collected ($42.50)
Seat 3: iNeverBluff398 (button) folded before Flop (didn't bet)
Seat 4: DL1B (small blind) folded before Flop
Seat 5: MrAdris9 (big blind) folded before Flop
Seat 6: coeeeelho folded before Flop (didn't bet)



PokerStars Hand #254467055082:  Hold'em No Limit ($0.50/$1.00 USD) - 2025/01/20 12:52:30 WET [2025/01/20 7:52:30 ET]
Table 'Pandora IV' 6-max Seat #4 is the button
Seat 1: Edi131313 ($45.05 in chips) 
Seat 2: chinokevin13 ($202.76 in chips) 
Seat 3: iNeverBluff398 ($174.92 in chips) 
Seat 4: DL1B ($171.80 in chips) 
Seat 5: MrAdris9 ($103.19 in chips) 
Seat 6: coeeeelho ($113.63 in chips) 
MrAdris9: posts small blind $0.50
coeeeelho: posts big blind $1
*** HOLE CARDS ***
Edi131313: raises $1 to $2
chinokevin13: raises $9 to $11
iNeverBluff398: folds 
DL1B: folds 
MrAdris9: folds 
coeeeelho: folds 
Edi131313: calls $9
*** FLOP *** [5c Kh Jc]
Edi131313: checks 
chinokevin13: bets $5.58
Edi131313: folds 
Uncalled bet ($5.58) returned to chinokevin13
chinokevin13 collected $22.32 from pot
chinokevin13: doesn't show hand 
*** SUMMARY ***
Total pot $23.50 | Rake $1.18 
Board [5c Kh Jc]
Seat 1: Edi131313 folded on the Flop
Seat 2: chinokevin13 collected ($22.32)
Seat 3: iNeverBluff398 folded before Flop (didn't bet)
Seat 4: DL1B (button) folded before Flop (didn't bet)
Seat 5: MrAdris9 (small blind) folded before Flop
Seat 6: coeeeelho (big blind) folded before Flop



PokerStars Hand #254467062315:  Hold'em No Limit ($0.50/$1.00 USD) - 2025/01/20 12:53:18 WET [2025/01/20 7:53:18 ET]
Table 'Pandora IV' 6-max Seat #5 is the button
Seat 1: Edi131313 ($34.05 in chips) 
Seat 2: chinokevin13 ($214.08 in chips) 
Seat 3: iNeverBluff398 ($174.92 in chips) 
Seat 4: DL1B ($171.80 in chips) 
Seat 5: MrAdris9 ($102.69 in chips) 
Seat 6: coeeeelho ($112.63 in chips) 
coeeeelho: posts small blind $0.50
Edi131313: posts big blind $1
*** HOLE CARDS ***
chinokevin13: folds 
iNeverBluff398: folds 
DL1B: folds 
MrAdris9: raises $1.50 to $2.50
coeeeelho: folds 
Edi131313: folds 
Uncalled bet ($1.50) returned to MrAdris9
MrAdris9 collected $2.50 from pot
MrAdris9: doesn't show hand 
*** SUMMARY ***
Total pot $2.50 | Rake $0 
Seat 1: Edi131313 (big blind) folded before Flop
Seat 2: chinokevin13 folded before Flop (didn't bet)
Seat 3: iNeverBluff398 folded before Flop (didn't bet)
Seat 4: DL1B folded before Flop (didn't bet)
Seat 5: MrAdris9 (button) collected ($2.50)
Seat 6: coeeeelho (small blind) folded before Flop



PokerStars Hand #254467065705:  Hold'em No Limit ($0.50/$1.00 USD) - 2025/01/20 12:53:40 WET [2025/01/20 7:53:40 ET]
Table 'Pandora IV' 6-max Seat #6 is the button
Seat 1: Edi131313 ($33.05 in chips) 
Seat 2: chinokevin13 ($214.08 in chips) 
Seat 3: iNeverBluff398 ($174.92 in chips) 
Seat 4: DL1B ($171.80 in chips) 
Seat 5: MrAdris9 ($104.19 in chips) 
Seat 6: coeeeelho ($112.13 in chips) 
Edi131313: posts small blind $0.50
chinokevin13: posts big blind $1
*** HOLE CARDS ***
iNeverBluff398: raises $1.20 to $2.20
DL1B: folds 
MrAdris9: folds 
coeeeelho: folds 
Edi131313: folds 
chinokevin13: calls $1.20
*** FLOP *** [Jh Th 5h]
chinokevin13: checks 
iNeverBluff398: checks 
*** TURN *** [Jh Th 5h] [9d]
chinokevin13: checks 
iNeverBluff398: bets $1.54
chinokevin13: calls $1.54
*** RIVER *** [Jh Th 5h 9d] [Qc]
chinokevin13: bets $10.61
iNeverBluff398: raises $43.20 to $53.81
chinokevin13: folds 
Uncalled bet ($43.20) returned to iNeverBluff398
iNeverBluff398 collected $27.74 from pot
iNeverBluff398: doesn't show hand 
*** SUMMARY ***
Total pot $29.20 | Rake $1.46 
Board [Jh Th 5h 9d Qc]
Seat 1: Edi131313 (small blind) folded before Flop
Seat 2: chinokevin13 (big blind) folded on the River
Seat 3: iNeverBluff398 collected ($27.74)
Seat 4: DL1B folded before Flop (didn't bet)
Seat 5: MrAdris9 folded before Flop (didn't bet)
Seat 6: coeeeelho (button) folded before Flop (didn't bet)



PokerStars Hand #254467079244:  Hold'em No Limit ($0.50/$1.00 USD) - 2025/01/20 12:55:11 WET [2025/01/20 7:55:11 ET]
Table 'Pandora IV' 6-max Seat #1 is the button
Seat 1: Edi131313 ($32.55 in chips) 
Seat 2: chinokevin13 ($199.73 in chips) 
Seat 3: iNeverBluff398 ($188.31 in chips) 
Seat 4: DL1B ($171.80 in chips) 
Seat 5: MrAdris9 ($104.19 in chips) 
Seat 6: coeeeelho ($112.13 in chips) 
chinokevin13: posts small blind $0.50
iNeverBluff398: posts big blind $1
*** HOLE CARDS ***
DL1B: folds 
MrAdris9: folds 
coeeeelho: raises $1.20 to $2.20
Edi131313: folds 
chinokevin13: folds 
iNeverBluff398: folds 
Uncalled bet ($1.20) returned to coeeeelho
coeeeelho collected $2.50 from pot
*** SUMMARY ***
Total pot $2.50 | Rake $0 
Seat 1: Edi131313 (button) folded before Flop (didn't bet)
Seat 2: chinokevin13 (small blind) folded before Flop
Seat 3: iNeverBluff398 (big blind) folded before Flop
Seat 4: DL1B folded before Flop (didn't bet)
Seat 5: MrAdris9 folded before Flop (didn't bet)
Seat 6: coeeeelho collected ($2.50)



PokerStars Hand #254467082196:  Hold'em No Limit ($0.50/$1.00 USD) - 2025/01/20 12:55:35 WET [2025/01/20 7:55:35 ET]
Table 'Pandora IV' 6-max Seat #2 is the button
Seat 1: Edi131313 ($32.55 in chips) 
Seat 2: chinokevin13 ($199.23 in chips) 
Seat 3: iNeverBluff398 ($187.31 in chips) 
Seat 4: DL1B ($171.80 in chips) 
Seat 5: MrAdris9 ($104.19 in chips) 
Seat 6: coeeeelho ($113.63 in chips) 
iNeverBluff398: posts small blind $0.50
DL1B: posts big blind $1
*** HOLE CARDS ***
MrAdris9: folds 
coeeeelho: folds 
Edi131313: folds 
chinokevin13: folds 
iNeverBluff398: folds 
Uncalled bet ($0.50) returned to DL1B
DL1B collected $1 from pot
DL1B: doesn't show hand 
*** SUMMARY ***
Total pot $1 | Rake $0 
Seat 1: Edi131313 folded before Flop (didn't bet)
Seat 2: chinokevin13 (button) folded before Flop (didn't bet)
Seat 3: iNeverBluff398 (small blind) folded before Flop
Seat 4: DL1B (big blind) collected ($1)
Seat 5: MrAdris9 folded before Flop (didn't bet)
Seat 6: coeeeelho folded before Flop (didn't bet)



PokerStars Hand #254467083364:  Hold'em No Limit ($0.50/$1.00 USD) - 2025/01/20 12:55:44 WET [2025/01/20 7:55:44 ET]
Table 'Pandora IV' 6-max Seat #3 is the button
Seat 1: Edi131313 ($32.55 in chips) 
Seat 2: chinokevin13 ($199.23 in chips) 
Seat 3: iNeverBluff398 ($186.81 in chips) 
Seat 4: DL1B ($172.30 in chips) 
Seat 5: MrAdris9 ($104.19 in chips) 
Seat 6: coeeeelho ($113.63 in chips) 
DL1B: posts small blind $0.50
MrAdris9: posts big blind $1
*** HOLE CARDS ***
coeeeelho: raises $1.20 to $2.20
Edi131313: calls $2.20
chinokevin13: folds 
iNeverBluff398: folds 
DL1B: folds 
MrAdris9: folds 
*** FLOP *** [2h Ks 6d]
coeeeelho: checks 
Edi131313: bets $2.80
coeeeelho: calls $2.80
*** TURN *** [2h Ks 6d] [7d]
coeeeelho: checks 
Edi131313: bets $10.92
coeeeelho: calls $10.92
*** RIVER *** [2h Ks 6d 7d] [Tc]
coeeeelho: bets $23.75
Edi131313: calls $16.63 and is all-in
Uncalled bet ($7.12) returned to coeeeelho
*** SHOW DOWN ***
coeeeelho: shows [Ts Kc] (two pair, Kings and Tens)
Edi131313: shows [As Ah] (a pair of Aces)
coeeeelho collected $64.10 from pot
*** SUMMARY ***
Total pot $66.60 | Rake $2.50 
Board [2h Ks 6d 7d Tc]
Seat 1: Edi131313 showed [As Ah] and lost with a pair of Aces
Seat 2: chinokevin13 folded before Flop (didn't bet)
Seat 3: iNeverBluff398 (button) folded before Flop (didn't bet)
Seat 4: DL1B (small blind) folded before Flop
Seat 5: MrAdris9 (big blind) folded before Flop
Seat 6: coeeeelho showed [Ts Kc] and won ($64.10) with two pair, Kings and Tens



PokerStars Hand #254467092426:  Hold'em No Limit ($0.50/$1.00 USD) - 2025/01/20 12:56:58 WET [2025/01/20 7:56:58 ET]
Table 'Pandora IV' 6-max Seat #4 is the button
Seat 1: Edi131313 ($0 in chips) is sitting out
Seat 2: chinokevin13 ($199.23 in chips) 
Seat 3: iNeverBluff398 ($186.81 in chips) 
Seat 4: DL1B ($171.80 in chips) 
Seat 5: MrAdris9 ($103.19 in chips) 
Seat 6: coeeeelho ($145.18 in chips) 
MrAdris9: posts small blind $0.50
coeeeelho: posts big blind $1
*** HOLE CARDS ***
chinokevin13: raises $1.20 to $2.20
iNeverBluff398: folds 
DL1B: raises $5.30 to $7.50
MrAdris9: folds 
coeeeelho: folds 
chinokevin13: folds 
Uncalled bet ($5.30) returned to DL1B
DL1B collected $5.90 from pot
DL1B: doesn't show hand 
*** SUMMARY ***
Total pot $5.90 | Rake $0 
Seat 1: Edi131313
Seat 2: chinokevin13 folded before Flop
Seat 3: iNeverBluff398 folded before Flop (didn't bet)
Seat 4: DL1B (button) collected ($5.90)
Seat 5: MrAdris9 (small blind) folded before Flop
Seat 6: coeeeelho (big blind) folded before Flop



PokerStars Hand #254467094814:  Hold'em No Limit ($0.50/$1.00 USD) - 2025/01/20 12:57:18 WET [2025/01/20 7:57:18 ET]
Table 'Pandora IV' 6-max Seat #5 is the button
Seat 1: Edi131313 ($78.54 in chips) 
Seat 2: chinokevin13 ($197.03 in chips) 
Seat 3: iNeverBluff398 ($186.81 in chips) 
Seat 4: DL1B ($175.50 in chips) 
Seat 5: MrAdris9 ($102.69 in chips) 
Seat 6: coeeeelho ($144.18 in chips) 
coeeeelho: posts small blind $0.50
Edi131313: posts big blind $1
*** HOLE CARDS ***
chinokevin13: folds 
iNeverBluff398: folds 
DL1B: folds 
MrAdris9: folds 
coeeeelho: raises $2 to $3
Edi131313: raises $6 to $9
coeeeelho: folds 
Uncalled bet ($6) returned to Edi131313
Edi131313 collected $6 from pot
Edi131313: doesn't show hand 
*** SUMMARY ***
Total pot $6 | Rake $0 
Seat 1: Edi131313 (big blind) collected ($6)
Seat 2: chinokevin13 folded before Flop (didn't bet)
Seat 3: iNeverBluff398 folded before Flop (didn't bet)
Seat 4: DL1B folded before Flop (didn't bet)
Seat 5: MrAdris9 (button) folded before Flop (didn't bet)
Seat 6: coeeeelho (small blind) folded before Flop



PokerStars Hand #254467097235:  Hold'em No Limit ($0.50/$1.00 USD) - 2025/01/20 12:57:37 WET [2025/01/20 7:57:37 ET]
Table 'Pandora IV' 6-max Seat #6 is the button
Seat 1: Edi131313 ($81.54 in chips) 
Seat 2: chinokevin13 ($197.03 in chips) 
Seat 3: iNeverBluff398 ($186.81 in chips) 
Seat 4: DL1B ($175.50 in chips) 
Seat 5: MrAdris9 ($102.69 in chips) 
Seat 6: coeeeelho ($141.18 in chips) 
Edi131313: posts small blind $0.50
chinokevin13: posts big blind $1
*** HOLE CARDS ***
iNeverBluff398: folds 
DL1B: folds 
MrAdris9: raises $1.20 to $2.20
coeeeelho: folds 
Edi131313: folds 
chinokevin13: raises $9.30 to $11.50
MrAdris9: folds 
Uncalled bet ($9.30) returned to chinokevin13
chinokevin13 collected $4.90 from pot
chinokevin13: doesn't show hand 
*** SUMMARY ***
Total pot $4.90 | Rake $0 
Seat 1: Edi131313 (small blind) folded before Flop
Seat 2: chinokevin13 (big blind) collected ($4.90)
Seat 3: iNeverBluff398 folded before Flop (didn't bet)
Seat 4: DL1B folded before Flop (didn't bet)
Seat 5: MrAdris9 folded before Flop
Seat 6: coeeeelho (button) folded before Flop (didn't bet)



PokerStars Hand #254467101448:  Hold'em No Limit ($0.50/$1.00 USD) - 2025/01/20 12:58:12 WET [2025/01/20 7:58:12 ET]
Table 'Pandora IV' 6-max Seat #1 is the button
Seat 1: Edi131313 ($81.04 in chips) 
Seat 2: chinokevin13 ($199.73 in chips) 
Seat 3: iNeverBluff398 ($186.81 in chips) 
Seat 4: DL1B ($175.50 in chips) 
Seat 5: MrAdris9 ($100.49 in chips) 
Seat 6: coeeeelho ($141.18 in chips) 
chinokevin13: posts small blind $0.50
iNeverBluff398: posts big blind $1
*** HOLE CARDS ***
DL1B: folds 
MrAdris9: folds 
coeeeelho: folds 
Edi131313: raises $1 to $2
chinokevin13: folds 
iNeverBluff398: folds 
Uncalled bet ($1) returned to Edi131313
Edi131313 collected $2.50 from pot
Edi131313: doesn't show hand 
*** SUMMARY ***
Total pot $2.50 | Rake $0 
Seat 1: Edi131313 (button) collected ($2.50)
Seat 2: chinokevin13 (small blind) folded before Flop
Seat 3: iNeverBluff398 (big blind) folded before Flop
Seat 4: DL1B folded before Flop (didn't bet)
Seat 5: MrAdris9 folded before Flop (didn't bet)
Seat 6: coeeeelho folded before Flop (didn't bet)



PokerStars Hand #254467144869:  Hold'em No Limit ($0.50/$1.00 USD) - 2025/01/20 13:03:19 WET [2025/01/20 8:03:19 ET]
Table 'Pandora IV' 6-max Seat #1 is the button
Seat 5: Pippa83 ($100 in chips) is sitting out
Seat 1: Edi131313 ($55.74 in chips) 
Seat 2: chinokevin13 ($199.23 in chips) 
Seat 3: iNeverBluff398 ($200.22 in chips) 
Seat 4: DL1B ($175.75 in chips) 
Seat 6: coeeeelho ($151.52 in chips) 
chinokevin13: posts small blind $0.50
iNeverBluff398: posts big blind $1
Pippa83: sits out 
*** HOLE CARDS ***
DL1B: folds 
coeeeelho: raises $1.30 to $2.30
Edi131313: folds 
chinokevin13: folds 
iNeverBluff398: folds 
Uncalled bet ($1.30) returned to coeeeelho
coeeeelho collected $2.50 from pot
*** SUMMARY ***
Total pot $2.50 | Rake $0 
Seat 5: Pippa83
Seat 1: Edi131313 (button) folded before Flop (didn't bet)
Seat 2: chinokevin13 (small blind) folded before Flop
Seat 3: iNeverBluff398 (big blind) folded before Flop
Seat 4: DL1B folded before Flop (didn't bet)
Seat 6: coeeeelho collected ($2.50)



PokerStars Hand #254467147347:  Hold'em No Limit ($0.50/$1.00 USD) - 2025/01/20 13:03:35 WET [2025/01/20 8:03:35 ET]
Table 'Pandora IV' 6-max Seat #2 is the button
Seat 5: Pippa83 ($100 in chips) is sitting out
Seat 1: Edi131313 ($55.74 in chips) 
Seat 2: chinokevin13 ($198.73 in chips) 
Seat 3: iNeverBluff398 ($199.22 in chips) 
Seat 4: DL1B ($175.75 in chips) 
Seat 6: coeeeelho ($153.02 in chips) 
iNeverBluff398: posts small blind $0.50
DL1B: posts big blind $1
Pippa83: sits out 
*** HOLE CARDS ***
coeeeelho: folds 
Edi131313: folds 
chinokevin13: folds 
iNeverBluff398: folds 
Uncalled bet ($0.50) returned to DL1B
DL1B collected $1 from pot
DL1B: doesn't show hand 
*** SUMMARY ***
Total pot $1 | Rake $0 
Seat 5: Pippa83
Seat 1: Edi131313 folded before Flop (didn't bet)
Seat 2: chinokevin13 (button) folded before Flop (didn't bet)
Seat 3: iNeverBluff398 (small blind) folded before Flop
Seat 4: DL1B (big blind) collected ($1)
Seat 6: coeeeelho folded before Flop (didn't bet)



PokerStars Hand #254467149238:  Hold'em No Limit ($0.50/$1.00 USD) - 2025/01/20 13:03:47 WET [2025/01/20 8:03:47 ET]
Table 'Pandora IV' 6-max Seat #3 is the button
Seat 1: Edi131313 ($55.74 in chips) 
Seat 2: chinokevin13 ($198.73 in chips) 
Seat 3: iNeverBluff398 ($198.72 in chips) 
Seat 4: DL1B ($176.25 in chips) 
Seat 5: Pippa83 ($100 in chips) 
Seat 6: coeeeelho ($153.02 in chips) 
DL1B: posts small blind $0.50
Pippa83: posts big blind $1
*** HOLE CARDS ***
coeeeelho: folds 
Edi131313: folds 
chinokevin13: raises $1.50 to $2.50
iNeverBluff398: folds 
DL1B: folds 
Pippa83: calls $1.50
*** FLOP *** [7c 5d Ts]
Pippa83: checks 
chinokevin13: checks 
*** TURN *** [7c 5d Ts] [7s]
Pippa83: checks 
chinokevin13: bets $3.92
Pippa83: calls $3.92
*** RIVER *** [7c 5d Ts 7s] [3s]
Pippa83: checks 
chinokevin13: bets $9.50
Pippa83: calls $9.50
*** SHOW DOWN ***
chinokevin13: shows [Kd 7d] (three of a kind, Sevens)
Pippa83: shows [9s Js] (a flush, Jack high)
Pippa83 collected $30.72 from pot
*** SUMMARY ***
Total pot $32.34 | Rake $1.62 
Board [7c 5d Ts 7s 3s]
Seat 1: Edi131313 folded before Flop (didn't bet)
Seat 2: chinokevin13 showed [Kd 7d] and lost with three of a kind, Sevens
Seat 3: iNeverBluff398 (button) folded before Flop (didn't bet)
Seat 4: DL1B (small blind) folded before Flop
Seat 5: Pippa83 (big blind) showed [9s Js] and won ($30.72) with a flush, Jack high
Seat 6: coeeeelho folded before Flop (didn't bet)



PokerStars Hand #254467164586:  Hold'em No Limit ($0.50/$1.00 USD) - 2025/01/20 13:05:26 WET [2025/01/20 8:05:26 ET]
Table 'Pandora IV' 6-max Seat #4 is the button
Seat 1: Edi131313 ($55.74 in chips) 
Seat 2: chinokevin13 ($182.81 in chips) 
Seat 3: iNeverBluff398 ($198.72 in chips) 
Seat 4: DL1B ($175.75 in chips) 
Seat 5: Pippa83 ($114.80 in chips) 
Seat 6: coeeeelho ($153.02 in chips) 
Pippa83: posts small blind $0.50
coeeeelho: posts big blind $1
*** HOLE CARDS ***
Edi131313: raises $1 to $2
chinokevin13: folds 
iNeverBluff398: folds 
DL1B: folds 
Pippa83: folds 
coeeeelho: folds 
Uncalled bet ($1) returned to Edi131313
Edi131313 collected $2.50 from pot
Edi131313: doesn't show hand 
*** SUMMARY ***
Total pot $2.50 | Rake $0 
Seat 1: Edi131313 collected ($2.50)
Seat 2: chinokevin13 folded before Flop (didn't bet)
Seat 3: iNeverBluff398 folded before Flop (didn't bet)
Seat 4: DL1B (button) folded before Flop (didn't bet)
Seat 5: Pippa83 (small blind) folded before Flop
Seat 6: coeeeelho (big blind) folded before Flop



PokerStars Hand #254467166601:  Hold'em No Limit ($0.50/$1.00 USD) - 2025/01/20 13:05:39 WET [2025/01/20 8:05:39 ET]
Table 'Pandora IV' 6-max Seat #5 is the button
Seat 1: Edi131313 ($57.24 in chips) 
Seat 2: chinokevin13 ($182.81 in chips) 
Seat 3: iNeverBluff398 ($198.72 in chips) 
Seat 4: DL1B ($175.75 in chips) 
Seat 5: Pippa83 ($114.30 in chips) 
Seat 6: coeeeelho ($152.02 in chips) 
coeeeelho: posts small blind $0.50
Edi131313: posts big blind $1
*** HOLE CARDS ***
chinokevin13: raises $2 to $3
iNeverBluff398: folds 
DL1B: folds 
Pippa83: folds 
coeeeelho: folds 
Edi131313: raises $6.50 to $9.50
chinokevin13: raises $14 to $23.50
Edi131313: raises $33.74 to $57.24 and is all-in
chinokevin13: calls $33.74
*** FLOP *** [Qs Ah 5d]
*** TURN *** [Qs Ah 5d] [4d]
*** RIVER *** [Qs Ah 5d 4d] [6d]
*** SHOW DOWN ***
Edi131313: shows [Js Ks] (high card Ace)
chinokevin13: shows [Kc Kh] (a pair of Kings)
chinokevin13 collected $112.48 from pot
*** SUMMARY ***
Total pot $114.98 | Rake $2.50 
Board [Qs Ah 5d 4d 6d]
Seat 1: Edi131313 (big blind) showed [Js Ks] and lost with high card Ace
Seat 2: chinokevin13 showed [Kc Kh] and won ($112.48) with a pair of Kings
Seat 3: iNeverBluff398 folded before Flop (didn't bet)
Seat 4: DL1B folded before Flop (didn't bet)
Seat 5: Pippa83 (button) folded before Flop (didn't bet)
Seat 6: coeeeelho (small blind) folded before Flop



PokerStars Hand #254467173432:  Hold'em No Limit ($0.50/$1.00 USD) - 2025/01/20 13:06:23 WET [2025/01/20 8:06:23 ET]
Table 'Pandora IV' 6-max Seat #6 is the button
Seat 1: Edi131313 ($0 in chips) is sitting out
Seat 3: iNeverBluff398 ($198.72 in chips) is sitting out
Seat 2: chinokevin13 ($238.05 in chips) 
Seat 4: DL1B ($175.75 in chips) 
Seat 5: Pippa83 ($114.30 in chips) 
Seat 6: coeeeelho ($151.52 in chips) 
chinokevin13: posts small blind $0.50
iNeverBluff398: is sitting out 
DL1B: posts big blind $1
*** HOLE CARDS ***
iNeverBluff398 leaves the table
Pippa83: folds 
Edi131313 leaves the table
coeeeelho: folds 
chinokevin13: raises $2 to $3
DL1B: calls $2
*** FLOP *** [2c Qs 7s]
chinokevin13: bets $1.88
DL1B: calls $1.88
*** TURN *** [2c Qs 7s] [4h]
chinokevin13: bets $6.95
DL1B: calls $6.95
*** RIVER *** [2c Qs 7s 4h] [3d]
chinokevin13: bets $17
DL1B: calls $17
*** SHOW DOWN ***
chinokevin13: shows [Qd As] (a pair of Queens)
DL1B: mucks hand 
chinokevin13 collected $56.66 from pot
*** SUMMARY ***
Total pot $57.66 | Rake $1 
Board [2c Qs 7s 4h 3d]
Seat 1: Edi131313
Seat 3: iNeverBluff398
Seat 2: chinokevin13 (small blind) showed [Qd As] and won ($56.66) with a pair of Queens
Seat 4: DL1B (big blind) mucked
Seat 5: Pippa83 folded before Flop (didn't bet)
Seat 6: coeeeelho (button) folded before Flop (didn't bet)



PokerStars Hand #254467184817:  Hold'em No Limit ($0.50/$1.00 USD) - 2025/01/20 13:07:36 WET [2025/01/20 8:07:36 ET]
Table 'Pandora IV' 6-max Seat #2 is the button
Seat 2: chinokevin13 ($265.88 in chips) 
Seat 4: DL1B ($146.92 in chips) 
Seat 5: Pippa83 ($114.30 in chips) 
Seat 6: coeeeelho ($151.52 in chips) 
DL1B: posts small blind $0.50
Pippa83: posts big blind $1
*** HOLE CARDS ***
coeeeelho: folds 
chinokevin13: folds 
DL1B: folds 
Uncalled bet ($0.50) returned to Pippa83
Pippa83 collected $1 from pot
Pippa83: doesn't show hand 
*** SUMMARY ***
Total pot $1 | Rake $0 
Seat 2: chinokevin13 (button) folded before Flop (didn't bet)
Seat 4: DL1B (small blind) folded before Flop
Seat 5: Pippa83 (big blind) collected ($1)
Seat 6: coeeeelho folded before Flop (didn't bet)



PokerStars Hand #254467186298:  Hold'em No Limit ($0.50/$1.00 USD) - 2025/01/20 13:07:46 WET [2025/01/20 8:07:46 ET]
Table 'Pandora IV' 6-max Seat #4 is the button
Seat 2: chinokevin13 ($265.88 in chips) 
Seat 4: DL1B ($146.42 in chips) 
Seat 5: Pippa83 ($114.80 in chips) 
Seat 6: coeeeelho ($151.52 in chips) 
Pippa83: posts small blind $0.50
coeeeelho: posts big blind $1
*** HOLE CARDS ***
chinokevin13: raises $1.50 to $2.50
DL1B: folds 
Pippa83: folds 
coeeeelho: calls $1.50
*** FLOP *** [Js As Kc]
coeeeelho: checks 
chinokevin13: bets $1.72
coeeeelho: folds 
Uncalled bet ($1.72) returned to chinokevin13
chinokevin13 collected $5.22 from pot
chinokevin13: doesn't show hand 
*** SUMMARY ***
Total pot $5.50 | Rake $0.28 
Board [Js As Kc]
Seat 2: chinokevin13 collected ($5.22)
Seat 4: DL1B (button) folded before Flop (didn't bet)
Seat 5: Pippa83 (small blind) folded before Flop
Seat 6: coeeeelho (big blind) folded on the Flop



PokerStars Hand #254467191535:  Hold'em No Limit ($0.50/$1.00 USD) - 2025/01/20 13:08:19 WET [2025/01/20 8:08:19 ET]
Table 'Pandora IV' 6-max Seat #5 is the button
Seat 2: chinokevin13 ($268.60 in chips) 
Seat 4: DL1B ($146.42 in chips) 
Seat 5: Pippa83 ($114.30 in chips) 
Seat 6: coeeeelho ($149.02 in chips) 
coeeeelho: posts small blind $0.50
chinokevin13: posts big blind $1
*** HOLE CARDS ***
DL1B: folds 
Pippa83: folds 
coeeeelho: folds 
Uncalled bet ($0.50) returned to chinokevin13
chinokevin13 collected $1 from pot
chinokevin13: doesn't show hand 
*** SUMMARY ***
Total pot $1 | Rake $0 
Seat 2: chinokevin13 (big blind) collected ($1)
Seat 4: DL1B folded before Flop (didn't bet)
Seat 5: Pippa83 (button) folded before Flop (didn't bet)
Seat 6: coeeeelho (small blind) folded before Flop



PokerStars Hand #254467194560:  Hold'em No Limit ($0.50/$1.00 USD) - 2025/01/20 13:08:38 WET [2025/01/20 8:08:38 ET]
Table 'Pandora IV' 6-max Seat #2 is the button
Seat 4: DL1B ($146.42 in chips) is sitting out
Seat 5: Pippa83 ($114.30 in chips) is sitting out
Seat 2: chinokevin13 ($269.10 in chips) 
Seat 6: coeeeelho ($148.52 in chips) 
chinokevin13: posts small blind $0.50
DL1B: is sitting out 
Pippa83: is sitting out 
coeeeelho: posts big blind $1
*** HOLE CARDS ***
DL1B leaves the table
chinokevin13: folds 
Uncalled bet ($0.50) returned to coeeeelho
Pippa83 leaves the table
coeeeelho collected $1 from pot
*** SUMMARY ***
Total pot $1 | Rake $0 
Seat 4: DL1B
Seat 5: Pippa83
Seat 2: chinokevin13 (button) (small blind) folded before Flop
Seat 6: coeeeelho (big blind) collected ($1)



PokerStars Hand #254467195817:  Hold'em No Limit ($0.50/$1.00 USD) - 2025/01/20 13:08:46 WET [2025/01/20 8:08:46 ET]
Table 'Pandora IV' 6-max Seat #6 is the button
Seat 2: chinokevin13 ($268.60 in chips) 
Seat 6: coeeeelho ($149.02 in chips) 
coeeeelho: posts small blind $0.50
chinokevin13: posts big blind $1
*** HOLE CARDS ***
coeeeelho: folds 
Uncalled bet ($0.50) returned to chinokevin13
chinokevin13 collected $1 from pot
chinokevin13: doesn't show hand 
*** SUMMARY ***
Total pot $1 | Rake $0 
Seat 2: chinokevin13 (big blind) collected ($1)
Seat 6: coeeeelho (button) (small blind) folded before Flop



