PokerStars Hand #254477389505:  Hold'em No Limit ($0.50/$1.00 USD) - 2025/01/20 0:03:40 WET [2025/01/20 19:03:40 ET]
Table 'Brita III' 6-max Seat #5 is the button
Seat 1: easy_sarcasm ($100 in chips) is sitting out
Seat 2: ptolejmus ($15.68 in chips) is sitting out
Seat 3: Weewillis101 ($111.86 in chips) 
Seat 4: gAAA-158 ($96 in chips) 
Seat 5: ReVeu710 ($100 in chips) 
Seat 6: andutu34 ($100 in chips) 
andutu34: posts small blind $0.50
ptolejmus: is sitting out 
Weewillis101: posts big blind $1
*** HOLE CARDS ***
gAAA-158: folds 
ReVeu710: raises $1.50 to $2.50
andutu34: folds 
Weewillis101: folds 
Uncalled bet ($1.50) returned to ReVeu710
ReVeu710 collected $2.50 from pot
ReVeu710: doesn't show hand 
*** SUMMARY ***
Total pot $2.50 | Rake $0 
Seat 1: easy_sarcasm
Seat 2: ptolejmus
Seat 3: Weewillis101 (big blind) folded before Flop
Seat 4: gAAA-158 folded before Flop (didn't bet)
Seat 5: ReVeu710 (button) collected ($2.50)
Seat 6: andutu34 (small blind) folded before Flop



PokerStars Hand #254477392538:  Hold'em No Limit ($0.50/$1.00 USD) - 2025/01/20 0:03:54 WET [2025/01/20 19:03:54 ET]
Table 'Brita III' 6-max Seat #6 is the button
Seat 1: easy_sarcasm ($100 in chips) is sitting out
Seat 2: ptolejmus ($15.68 in chips) is sitting out
Seat 3: Weewillis101 ($110.86 in chips) 
Seat 4: gAAA-158 ($96 in chips) 
Seat 5: ReVeu710 ($101.50 in chips) 
Seat 6: andutu34 ($100 in chips) 
Weewillis101: posts small blind $0.50
gAAA-158: posts big blind $1
*** HOLE CARDS ***
ReVeu710: folds 
andutu34: raises $1.49 to $2.49
ptolejmus leaves the table
Weewillis101: raises $4.49 to $6.98
gAAA-158: raises $16.45 to $23.43
andutu34: folds 
ar4i0777 joins the table at seat #2 
Weewillis101: calls $16.45
*** FLOP *** [2s 5s Ad]
Weewillis101: checks 
gAAA-158: checks 
*** TURN *** [2s 5s Ad] [Td]
Weewillis101: bets $21
gAAA-158: calls $21
*** RIVER *** [2s 5s Ad Td] [2c]
Weewillis101: checks 
gAAA-158: checks 
*** SHOW DOWN ***
Weewillis101: shows [8d 8s] (two pair, Eights and Deuces)
gAAA-158: shows [Qs Qd] (two pair, Queens and Deuces)
gAAA-158 collected $90.35 from pot
*** SUMMARY ***
Total pot $91.35 | Rake $1 
Board [2s 5s Ad Td 2c]
Seat 1: easy_sarcasm
Seat 2: ptolejmus
Seat 3: Weewillis101 (small blind) showed [8d 8s] and lost with two pair, Eights and Deuces
Seat 4: gAAA-158 (big blind) showed [Qs Qd] and won ($90.35) with two pair, Queens and Deuces
Seat 5: ReVeu710 folded before Flop (didn't bet)
Seat 6: andutu34 (button) folded before Flop



PokerStars Hand #254477408222:  Hold'em No Limit ($0.50/$1.00 USD) - 2025/01/20 0:05:07 WET [2025/01/20 19:05:07 ET]
Table 'Brita III' 6-max Seat #3 is the button
Seat 2: ar4i0777 ($100 in chips) is sitting out
Seat 1: easy_sarcasm ($100 in chips) 
Seat 3: Weewillis101 ($66.43 in chips) 
Seat 4: gAAA-158 ($141.92 in chips) 
Seat 5: ReVeu710 ($101.50 in chips) 
Seat 6: andutu34 ($100 in chips) 
gAAA-158: posts small blind $0.50
ReVeu710: posts big blind $1
easy_sarcasm: posts small & big blinds $1.50
ar4i0777: sits out 
*** HOLE CARDS ***
andutu34: folds 
easy_sarcasm: raises $2 to $3
Weewillis101: folds 
gAAA-158: calls $2.50
ReVeu710: calls $2
*** FLOP *** [Tc 6d 7s]
gAAA-158: checks 
ReVeu710: checks 
easy_sarcasm: bets $4.51
gAAA-158: calls $4.51
ReVeu710: folds 
*** TURN *** [Tc 6d 7s] [9h]
gAAA-158: checks 
easy_sarcasm: bets $9
gAAA-158: calls $9
*** RIVER *** [Tc 6d 7s 9h] [Qh]
gAAA-158: checks 
easy_sarcasm: checks 
*** SHOW DOWN ***
gAAA-158: shows [9d Qd] (two pair, Queens and Nines)
easy_sarcasm: mucks hand 
gAAA-158 collected $34.69 from pot
*** SUMMARY ***
Total pot $36.52 | Rake $1.83 
Board [Tc 6d 7s 9h Qh]
Seat 2: ar4i0777
Seat 1: easy_sarcasm mucked
Seat 3: Weewillis101 (button) folded before Flop (didn't bet)
Seat 4: gAAA-158 (small blind) showed [9d Qd] and won ($34.69) with two pair, Queens and Nines
Seat 5: ReVeu710 (big blind) folded on the Flop
Seat 6: andutu34 folded before Flop (didn't bet)



PokerStars Hand #254477418321:  Hold'em No Limit ($0.50/$1.00 USD) - 2025/01/20 0:05:55 WET [2025/01/20 19:05:55 ET]
Table 'Brita III' 6-max Seat #4 is the button
Seat 2: ar4i0777 ($100 in chips) is sitting out
Seat 1: easy_sarcasm ($100 in chips) 
Seat 3: Weewillis101 ($66.43 in chips) 
Seat 4: gAAA-158 ($160.10 in chips) 
Seat 5: ReVeu710 ($100 in chips) 
Seat 6: andutu34 ($100 in chips) 
ReVeu710: posts small blind $0.50
andutu34: posts big blind $1
ar4i0777: sits out 
*** HOLE CARDS ***
easy_sarcasm: raises $2 to $3
Weewillis101: folds 
gAAA-158: raises $2 to $5
ReVeu710: folds 
andutu34: folds 
easy_sarcasm: calls $2
*** FLOP *** [3h 7h Jh]
easy_sarcasm: checks 
gAAA-158: checks 
*** TURN *** [3h 7h Jh] [8c]
easy_sarcasm: checks 
gAAA-158: checks 
*** RIVER *** [3h 7h Jh 8c] [9d]
easy_sarcasm: checks 
gAAA-158: checks 
*** SHOW DOWN ***
easy_sarcasm: shows [6s 6h] (a pair of Sixes)
gAAA-158: mucks hand 
easy_sarcasm collected $10.92 from pot
*** SUMMARY ***
Total pot $11.50 | Rake $0.58 
Board [3h 7h Jh 8c 9d]
Seat 2: ar4i0777
Seat 1: easy_sarcasm showed [6s 6h] and won ($10.92) with a pair of Sixes
Seat 3: Weewillis101 folded before Flop (didn't bet)
Seat 4: gAAA-158 (button) mucked
Seat 5: ReVeu710 (small blind) folded before Flop
Seat 6: andutu34 (big blind) folded before Flop



PokerStars Hand #254477424298:  Hold'em No Limit ($0.50/$1.00 USD) - 2025/01/20 0:06:23 WET [2025/01/20 19:06:23 ET]
Table 'Brita III' 6-max Seat #5 is the button
Seat 2: ar4i0777 ($100 in chips) is sitting out
Seat 1: easy_sarcasm ($105.92 in chips) 
Seat 3: Weewillis101 ($66.43 in chips) 
Seat 4: gAAA-158 ($155.10 in chips) 
Seat 5: ReVeu710 ($100 in chips) 
Seat 6: andutu34 ($100 in chips) 
andutu34: posts small blind $0.50
easy_sarcasm: posts big blind $1
ar4i0777: sits out 
*** HOLE CARDS ***
Weewillis101: folds 
gAAA-158: folds 
ReVeu710: folds 
andutu34: raises $2 to $3
easy_sarcasm: folds 
Uncalled bet ($2) returned to andutu34
andutu34 collected $2 from pot
andutu34: doesn't show hand 
*** SUMMARY ***
Total pot $2 | Rake $0 
Seat 2: ar4i0777
Seat 1: easy_sarcasm (big blind) folded before Flop
Seat 3: Weewillis101 folded before Flop (didn't bet)
Seat 4: gAAA-158 folded before Flop (didn't bet)
Seat 5: ReVeu710 (button) folded before Flop (didn't bet)
Seat 6: andutu34 (small blind) collected ($2)



PokerStars Hand #254477427717:  Hold'em No Limit ($0.50/$1.00 USD) - 2025/01/20 0:06:39 WET [2025/01/20 19:06:39 ET]
Table 'Brita III' 6-max Seat #6 is the button
Seat 1: easy_sarcasm ($104.92 in chips) 
Seat 2: ar4i0777 ($100 in chips) 
Seat 3: Weewillis101 ($66.43 in chips) 
Seat 4: gAAA-158 ($155.10 in chips) 
Seat 5: ReVeu710 ($100 in chips) 
Seat 6: andutu34 ($101 in chips) 
easy_sarcasm: posts small blind $0.50
ar4i0777: posts big blind $1
*** HOLE CARDS ***
Weewillis101: folds 
gAAA-158: raises $2 to $3
ReVeu710: folds 
andutu34: folds 
easy_sarcasm: folds 
ar4i0777: folds 
Uncalled bet ($2) returned to gAAA-158
gAAA-158 collected $2.50 from pot
*** SUMMARY ***
Total pot $2.50 | Rake $0 
Seat 1: easy_sarcasm (small blind) folded before Flop
Seat 2: ar4i0777 (big blind) folded before Flop
Seat 3: Weewillis101 folded before Flop (didn't bet)
Seat 4: gAAA-158 collected ($2.50)
Seat 5: ReVeu710 folded before Flop (didn't bet)
Seat 6: andutu34 (button) folded before Flop (didn't bet)



PokerStars Hand #254477434794:  Hold'em No Limit ($0.50/$1.00 USD) - 2025/01/20 0:07:12 WET [2025/01/20 19:07:12 ET]
Table 'Brita III' 6-max Seat #1 is the button
Seat 1: easy_sarcasm ($104.42 in chips) 
Seat 2: ar4i0777 ($100 in chips) 
Seat 3: Weewillis101 ($66.43 in chips) 
Seat 4: gAAA-158 ($156.60 in chips) 
Seat 5: ReVeu710 ($100 in chips) 
Seat 6: andutu34 ($101 in chips) 
ar4i0777: posts small blind $0.50
Weewillis101: posts big blind $1
*** HOLE CARDS ***
gAAA-158: raises $2 to $3
ReVeu710: folds 
andutu34: folds 
easy_sarcasm: folds 
ar4i0777: folds 
Weewillis101: folds 
Uncalled bet ($2) returned to gAAA-158
gAAA-158 collected $2.50 from pot
*** SUMMARY ***
Total pot $2.50 | Rake $0 
Seat 1: easy_sarcasm (button) folded before Flop (didn't bet)
Seat 2: ar4i0777 (small blind) folded before Flop
Seat 3: Weewillis101 (big blind) folded before Flop
Seat 4: gAAA-158 collected ($2.50)
Seat 5: ReVeu710 folded before Flop (didn't bet)
Seat 6: andutu34 folded before Flop (didn't bet)



PokerStars Hand #254477438383:  Hold'em No Limit ($0.50/$1.00 USD) - 2025/01/20 0:07:29 WET [2025/01/20 19:07:29 ET]
Table 'Brita III' 6-max Seat #2 is the button
Seat 1: easy_sarcasm ($104.42 in chips) 
Seat 2: ar4i0777 ($100 in chips) 
Seat 3: Weewillis101 ($65.43 in chips) 
Seat 4: gAAA-158 ($158.10 in chips) 
Seat 5: ReVeu710 ($100 in chips) 
Seat 6: andutu34 ($101 in chips) 
Weewillis101: posts small blind $0.50
gAAA-158: posts big blind $1
*** HOLE CARDS ***
ReVeu710: raises $1 to $2
andutu34: folds 
easy_sarcasm: folds 
ar4i0777: folds 
Weewillis101: raises $6 to $8
gAAA-158: folds 
ReVeu710: calls $6
*** FLOP *** [Jc Ks 4d]
Weewillis101: checks 
ReVeu710: bets $4.04
Weewillis101: raises $7.96 to $12
ReVeu710: folds 
Uncalled bet ($7.96) returned to Weewillis101
Weewillis101 collected $23.83 from pot
*** SUMMARY ***
Total pot $25.08 | Rake $1.25 
Board [Jc Ks 4d]
Seat 1: easy_sarcasm folded before Flop (didn't bet)
Seat 2: ar4i0777 (button) folded before Flop (didn't bet)
Seat 3: Weewillis101 (small blind) collected ($23.83)
Seat 4: gAAA-158 (big blind) folded before Flop
Seat 5: ReVeu710 folded on the Flop
Seat 6: andutu34 folded before Flop (didn't bet)



PokerStars Hand #254477449288:  Hold'em No Limit ($0.50/$1.00 USD) - 2025/01/20 0:08:20 WET [2025/01/20 19:08:20 ET]
Table 'Brita III' 6-max Seat #3 is the button
Seat 1: easy_sarcasm ($104.42 in chips) 
Seat 2: ar4i0777 ($100 in chips) 
Seat 3: Weewillis101 ($77.22 in chips) 
Seat 4: gAAA-158 ($157.10 in chips) 
Seat 5: ReVeu710 ($100 in chips) 
Seat 6: andutu34 ($101 in chips) 
gAAA-158: posts small blind $0.50
ReVeu710: posts big blind $1
*** HOLE CARDS ***
andutu34: folds 
easy_sarcasm: folds 
ar4i0777: raises $1.35 to $2.35
Weewillis101: calls $2.35
gAAA-158: calls $1.85
ReVeu710: calls $1.35
*** FLOP *** [Ac 4c Qd]
gAAA-158: checks 
ReVeu710: checks 
ar4i0777: bets $4
Weewillis101: folds 
gAAA-158: calls $4
ReVeu710: calls $4
*** TURN *** [Ac 4c Qd] [7d]
gAAA-158: checks 
ReVeu710: checks 
ar4i0777: bets $16.14
gAAA-158: calls $16.14
ReVeu710: folds 
*** RIVER *** [Ac 4c Qd 7d] [Ad]
gAAA-158: checks 
ar4i0777: checks 
*** SHOW DOWN ***
gAAA-158: shows [Qc Kd] (two pair, Aces and Queens)
ar4i0777: shows [Tc As] (three of a kind, Aces)
ar4i0777 collected $51.18 from pot
*** SUMMARY ***
Total pot $53.68 | Rake $2.50 
Board [Ac 4c Qd 7d Ad]
Seat 1: easy_sarcasm folded before Flop (didn't bet)
Seat 2: ar4i0777 showed [Tc As] and won ($51.18) with three of a kind, Aces
Seat 3: Weewillis101 (button) folded on the Flop
Seat 4: gAAA-158 (small blind) showed [Qc Kd] and lost with two pair, Aces and Queens
Seat 5: ReVeu710 (big blind) folded on the Turn
Seat 6: andutu34 folded before Flop (didn't bet)



PokerStars Hand #254477465418:  Hold'em No Limit ($0.50/$1.00 USD) - 2025/01/20 0:09:36 WET [2025/01/20 19:09:36 ET]
Table 'Brita III' 6-max Seat #4 is the button
Seat 1: easy_sarcasm ($104.42 in chips) 
Seat 2: ar4i0777 ($128.69 in chips) 
Seat 3: Weewillis101 ($74.87 in chips) 
Seat 4: gAAA-158 ($134.61 in chips) 
Seat 5: ReVeu710 ($100 in chips) 
Seat 6: andutu34 ($101 in chips) 
ReVeu710: posts small blind $0.50
andutu34: posts big blind $1
*** HOLE CARDS ***
easy_sarcasm: folds 
ar4i0777: folds 
Weewillis101: raises $2 to $3
gAAA-158: folds 
ReVeu710: folds 
andutu34: folds 
Uncalled bet ($2) returned to Weewillis101
Weewillis101 collected $2.50 from pot
*** SUMMARY ***
Total pot $2.50 | Rake $0 
Seat 1: easy_sarcasm folded before Flop (didn't bet)
Seat 2: ar4i0777 folded before Flop (didn't bet)
Seat 3: Weewillis101 collected ($2.50)
Seat 4: gAAA-158 (button) folded before Flop (didn't bet)
Seat 5: ReVeu710 (small blind) folded before Flop
Seat 6: andutu34 (big blind) folded before Flop



PokerStars Hand #254477468429:  Hold'em No Limit ($0.50/$1.00 USD) - 2025/01/20 0:09:50 WET [2025/01/20 19:09:50 ET]
Table 'Brita III' 6-max Seat #5 is the button
Seat 1: easy_sarcasm ($104.42 in chips) 
Seat 2: ar4i0777 ($128.69 in chips) 
Seat 3: Weewillis101 ($76.37 in chips) 
Seat 4: gAAA-158 ($134.61 in chips) 
Seat 5: ReVeu710 ($100 in chips) 
Seat 6: andutu34 ($100 in chips) 
andutu34: posts small blind $0.50
easy_sarcasm: posts big blind $1
*** HOLE CARDS ***
ar4i0777: folds 
Weewillis101: folds 
gAAA-158: raises $1 to $2
ReVeu710: folds 
andutu34: folds 
easy_sarcasm: calls $1
*** FLOP *** [2c Ts Ad]
easy_sarcasm: checks 
gAAA-158: bets $2.14
easy_sarcasm: folds 
Uncalled bet ($2.14) returned to gAAA-158
gAAA-158 collected $4.28 from pot
*** SUMMARY ***
Total pot $4.50 | Rake $0.22 
Board [2c Ts Ad]
Seat 1: easy_sarcasm (big blind) folded on the Flop
Seat 2: ar4i0777 folded before Flop (didn't bet)
Seat 3: Weewillis101 folded before Flop (didn't bet)
Seat 4: gAAA-158 collected ($4.28)
Seat 5: ReVeu710 (button) folded before Flop (didn't bet)
Seat 6: andutu34 (small blind) folded before Flop



PokerStars Hand #254477477979:  Hold'em No Limit ($0.50/$1.00 USD) - 2025/01/20 0:10:36 WET [2025/01/20 19:10:36 ET]
Table 'Brita III' 6-max Seat #6 is the button
Seat 1: easy_sarcasm ($102.42 in chips) 
Seat 2: ar4i0777 ($128.69 in chips) 
Seat 3: Weewillis101 ($76.37 in chips) 
Seat 4: gAAA-158 ($136.89 in chips) 
Seat 5: ReVeu710 ($100 in chips) 
Seat 6: andutu34 ($100 in chips) 
easy_sarcasm: posts small blind $0.50
ar4i0777: posts big blind $1
*** HOLE CARDS ***
Weewillis101: folds 
gAAA-158: raises $1 to $2
ReVeu710: folds 
andutu34: folds 
easy_sarcasm: folds 
ar4i0777: calls $1
*** FLOP *** [Qs 8d 4h]
ar4i0777: checks 
gAAA-158: checks 
*** TURN *** [Qs 8d 4h] [Kh]
ar4i0777: checks 
gAAA-158: checks 
*** RIVER *** [Qs 8d 4h Kh] [5c]
ar4i0777: checks 
gAAA-158: bets $3.14
ar4i0777: calls $3.14
*** SHOW DOWN ***
gAAA-158: shows [6d 3h] (high card King)
ar4i0777: shows [Ts Ad] (high card Ace)
ar4i0777 collected $10.24 from pot
*** SUMMARY ***
Total pot $10.78 | Rake $0.54 
Board [Qs 8d 4h Kh 5c]
Seat 1: easy_sarcasm (small blind) folded before Flop
Seat 2: ar4i0777 (big blind) showed [Ts Ad] and won ($10.24) with high card Ace
Seat 3: Weewillis101 folded before Flop (didn't bet)
Seat 4: gAAA-158 showed [6d 3h] and lost with high card King
Seat 5: ReVeu710 folded before Flop (didn't bet)
Seat 6: andutu34 (button) folded before Flop (didn't bet)



PokerStars Hand #254477489029:  Hold'em No Limit ($0.50/$1.00 USD) - 2025/01/20 0:11:30 WET [2025/01/20 19:11:30 ET]
Table 'Brita III' 6-max Seat #1 is the button
Seat 1: easy_sarcasm ($101.92 in chips) 
Seat 2: ar4i0777 ($133.79 in chips) 
Seat 3: Weewillis101 ($76.37 in chips) 
Seat 4: gAAA-158 ($131.75 in chips) 
Seat 5: ReVeu710 ($100 in chips) 
Seat 6: andutu34 ($100 in chips) 
ar4i0777: posts small blind $0.50
Weewillis101: posts big blind $1
*** HOLE CARDS ***
gAAA-158: raises $2 to $3
ReVeu710: folds 
andutu34: folds 
easy_sarcasm: folds 
ar4i0777: folds 
Weewillis101: folds 
Uncalled bet ($2) returned to gAAA-158
gAAA-158 collected $2.50 from pot
*** SUMMARY ***
Total pot $2.50 | Rake $0 
Seat 1: easy_sarcasm (button) folded before Flop (didn't bet)
Seat 2: ar4i0777 (small blind) folded before Flop
Seat 3: Weewillis101 (big blind) folded before Flop
Seat 4: gAAA-158 collected ($2.50)
Seat 5: ReVeu710 folded before Flop (didn't bet)
Seat 6: andutu34 folded before Flop (didn't bet)



PokerStars Hand #254477492058:  Hold'em No Limit ($0.50/$1.00 USD) - 2025/01/20 0:11:44 WET [2025/01/20 19:11:44 ET]
Table 'Brita III' 6-max Seat #2 is the button
Seat 1: easy_sarcasm ($101.92 in chips) 
Seat 2: ar4i0777 ($133.29 in chips) 
Seat 3: Weewillis101 ($75.37 in chips) 
Seat 4: gAAA-158 ($133.25 in chips) 
Seat 5: ReVeu710 ($100 in chips) 
Seat 6: andutu34 ($100 in chips) 
Weewillis101: posts small blind $0.50
gAAA-158: posts big blind $1
*** HOLE CARDS ***
ReVeu710: folds 
andutu34: folds 
easy_sarcasm: raises $2 to $3
ar4i0777: folds 
Weewillis101: calls $2.50
gAAA-158: calls $2
*** FLOP *** [9s 6c 5c]
Weewillis101: checks 
gAAA-158: checks 
easy_sarcasm: bets $4.50
Weewillis101: folds 
gAAA-158: calls $4.50
*** TURN *** [9s 6c 5c] [5h]
gAAA-158: checks 
easy_sarcasm: bets $11.50
gAAA-158: calls $11.50
*** RIVER *** [9s 6c 5c 5h] [4c]
gAAA-158: checks 
easy_sarcasm: bets $31.50
gAAA-158: folds 
Uncalled bet ($31.50) returned to easy_sarcasm
easy_sarcasm collected $38.95 from pot
*** SUMMARY ***
Total pot $41 | Rake $2.05 
Board [9s 6c 5c 5h 4c]
Seat 1: easy_sarcasm collected ($38.95)
Seat 2: ar4i0777 (button) folded before Flop (didn't bet)
Seat 3: Weewillis101 (small blind) folded on the Flop
Seat 4: gAAA-158 (big blind) folded on the River
Seat 5: ReVeu710 folded before Flop (didn't bet)
Seat 6: andutu34 folded before Flop (didn't bet)



PokerStars Hand #254477502965:  Hold'em No Limit ($0.50/$1.00 USD) - 2025/01/20 0:12:37 WET [2025/01/20 19:12:37 ET]
Table 'Brita III' 6-max Seat #3 is the button
Seat 1: easy_sarcasm ($121.87 in chips) 
Seat 2: ar4i0777 ($133.29 in chips) 
Seat 3: Weewillis101 ($72.37 in chips) 
Seat 4: gAAA-158 ($114.25 in chips) 
Seat 5: ReVeu710 ($100 in chips) 
Seat 6: andutu34 ($100 in chips) 
gAAA-158: posts small blind $0.50
ReVeu710: posts big blind $1
*** HOLE CARDS ***
andutu34: folds 
easy_sarcasm: folds 
ar4i0777: raises $1.35 to $2.35
Weewillis101: folds 
gAAA-158: raises $4.35 to $6.70
ReVeu710: folds 
ar4i0777: calls $4.35
*** FLOP *** [6c 4c Qs]
gAAA-158: bets $4
ar4i0777: calls $4
*** TURN *** [6c 4c Qs] [Jc]
gAAA-158: bets $10.64
ar4i0777: calls $10.64
*** RIVER *** [6c 4c Qs Jc] [9s]
gAAA-158: bets $20.75
ar4i0777: calls $20.75
*** SHOW DOWN ***
gAAA-158: shows [8d 5d] (high card Queen)
ar4i0777: shows [Ah Jd] (a pair of Jacks)
ar4i0777 collected $82.68 from pot
*** SUMMARY ***
Total pot $85.18 | Rake $2.50 
Board [6c 4c Qs Jc 9s]
Seat 1: easy_sarcasm folded before Flop (didn't bet)
Seat 2: ar4i0777 showed [Ah Jd] and won ($82.68) with a pair of Jacks
Seat 3: Weewillis101 (button) folded before Flop (didn't bet)
Seat 4: gAAA-158 (small blind) showed [8d 5d] and lost with high card Queen
Seat 5: ReVeu710 (big blind) folded before Flop
Seat 6: andutu34 folded before Flop (didn't bet)



PokerStars Hand #254477515241:  Hold'em No Limit ($0.50/$1.00 USD) - 2025/01/20 0:13:37 WET [2025/01/20 19:13:37 ET]
Table 'Brita III' 6-max Seat #4 is the button
Seat 1: easy_sarcasm ($121.87 in chips) 
Seat 2: ar4i0777 ($173.88 in chips) 
Seat 3: Weewillis101 ($72.37 in chips) 
Seat 4: gAAA-158 ($72.16 in chips) 
Seat 5: ReVeu710 ($100 in chips) 
Seat 6: andutu34 ($100 in chips) 
ReVeu710: posts small blind $0.50
andutu34: posts big blind $1
*** HOLE CARDS ***
easy_sarcasm: folds 
ar4i0777: folds 
Weewillis101: folds 
gAAA-158: raises $4 to $5
ReVeu710: calls $4.50
andutu34: folds 
*** FLOP *** [9s 2h 8c]
ReVeu710: checks 
gAAA-158: checks 
*** TURN *** [9s 2h 8c] [9d]
ReVeu710: bets $5.64
gAAA-158: folds 
Uncalled bet ($5.64) returned to ReVeu710
ReVeu710 collected $10.45 from pot
ReVeu710: doesn't show hand 
*** SUMMARY ***
Total pot $11 | Rake $0.55 
Board [9s 2h 8c 9d]
Seat 1: easy_sarcasm folded before Flop (didn't bet)
Seat 2: ar4i0777 folded before Flop (didn't bet)
Seat 3: Weewillis101 folded before Flop (didn't bet)
Seat 4: gAAA-158 (button) folded on the Turn
Seat 5: ReVeu710 (small blind) collected ($10.45)
Seat 6: andutu34 (big blind) folded before Flop



PokerStars Hand #254477520405:  Hold'em No Limit ($0.50/$1.00 USD) - 2025/01/20 0:14:02 WET [2025/01/20 19:14:02 ET]
Table 'Brita III' 6-max Seat #5 is the button
Seat 1: easy_sarcasm ($121.87 in chips) 
Seat 2: ar4i0777 ($173.88 in chips) 
Seat 3: Weewillis101 ($72.37 in chips) 
Seat 4: gAAA-158 ($67.16 in chips) 
Seat 5: ReVeu710 ($105.45 in chips) 
Seat 6: andutu34 ($100 in chips) 
andutu34: posts small blind $0.50
easy_sarcasm: posts big blind $1
*** HOLE CARDS ***
ar4i0777: raises $1.35 to $2.35
Weewillis101: calls $2.35
gAAA-158: folds 
ReVeu710: folds 
andutu34: folds 
easy_sarcasm: folds 
*** FLOP *** [Jd Th Tc]
ar4i0777: checks 
Weewillis101: checks 
*** TURN *** [Jd Th Tc] [8h]
ar4i0777: bets $3.77
Weewillis101: calls $3.77
*** RIVER *** [Jd Th Tc 8h] [4d]
ar4i0777: bets $9.40
Weewillis101: raises $9.40 to $18.80
ar4i0777: folds 
Uncalled bet ($9.40) returned to Weewillis101
Weewillis101 collected $30.91 from pot
*** SUMMARY ***
Total pot $32.54 | Rake $1.63 
Board [Jd Th Tc 8h 4d]
Seat 1: easy_sarcasm (big blind) folded before Flop
Seat 2: ar4i0777 folded on the River
Seat 3: Weewillis101 collected ($30.91)
Seat 4: gAAA-158 folded before Flop (didn't bet)
Seat 5: ReVeu710 (button) folded before Flop (didn't bet)
Seat 6: andutu34 (small blind) folded before Flop



PokerStars Hand #254477533082:  Hold'em No Limit ($0.50/$1.00 USD) - 2025/01/20 0:15:04 WET [2025/01/20 19:15:04 ET]
Table 'Brita III' 6-max Seat #6 is the button
Seat 1: easy_sarcasm ($120.87 in chips) 
Seat 2: ar4i0777 ($158.36 in chips) 
Seat 3: Weewillis101 ($87.76 in chips) 
Seat 4: gAAA-158 ($67.16 in chips) 
Seat 5: ReVeu710 ($105.45 in chips) 
Seat 6: andutu34 ($100 in chips) 
easy_sarcasm: posts small blind $0.50
ar4i0777: posts big blind $1
*** HOLE CARDS ***
Weewillis101: folds 
gAAA-158: raises $5 to $6
ReVeu710: folds 
andutu34: folds 
easy_sarcasm: folds 
ar4i0777: folds 
Uncalled bet ($5) returned to gAAA-158
gAAA-158 collected $2.50 from pot
*** SUMMARY ***
Total pot $2.50 | Rake $0 
Seat 1: easy_sarcasm (small blind) folded before Flop
Seat 2: ar4i0777 (big blind) folded before Flop
Seat 3: Weewillis101 folded before Flop (didn't bet)
Seat 4: gAAA-158 collected ($2.50)
Seat 5: ReVeu710 folded before Flop (didn't bet)
Seat 6: andutu34 (button) folded before Flop (didn't bet)



PokerStars Hand #254477538449:  Hold'em No Limit ($0.50/$1.00 USD) - 2025/01/20 0:15:30 WET [2025/01/20 19:15:30 ET]
Table 'Brita III' 6-max Seat #1 is the button
Seat 1: easy_sarcasm ($120.37 in chips) 
Seat 2: ar4i0777 ($157.36 in chips) 
Seat 3: Weewillis101 ($87.76 in chips) 
Seat 4: gAAA-158 ($68.66 in chips) 
Seat 5: ReVeu710 ($105.45 in chips) 
Seat 6: andutu34 ($100 in chips) 
ar4i0777: posts small blind $0.50
Weewillis101: posts big blind $1
*** HOLE CARDS ***
gAAA-158: raises $3 to $4
ReVeu710: folds 
andutu34: folds 
easy_sarcasm: folds 
ar4i0777: raises $6.50 to $10.50
Weewillis101: folds 
gAAA-158: calls $6.50
*** FLOP *** [4h 5d 5c]
ar4i0777: bets $5
gAAA-158: calls $5
*** TURN *** [4h 5d 5c] [9c]
ar4i0777: checks 
gAAA-158: checks 
*** RIVER *** [4h 5d 5c 9c] [Jh]
ar4i0777: bets $1.50
gAAA-158: raises $16.70 to $18.20
ar4i0777: folds 
Uncalled bet ($16.70) returned to gAAA-158
gAAA-158 collected $33.25 from pot
*** SUMMARY ***
Total pot $35 | Rake $1.75 
Board [4h 5d 5c 9c Jh]
Seat 1: easy_sarcasm (button) folded before Flop (didn't bet)
Seat 2: ar4i0777 (small blind) folded on the River
Seat 3: Weewillis101 (big blind) folded before Flop
Seat 4: gAAA-158 collected ($33.25)
Seat 5: ReVeu710 folded before Flop (didn't bet)
Seat 6: andutu34 folded before Flop (didn't bet)



PokerStars Hand #254477548189:  Hold'em No Limit ($0.50/$1.00 USD) - 2025/01/20 0:16:18 WET [2025/01/20 19:16:18 ET]
Table 'Brita III' 6-max Seat #2 is the button
Seat 1: easy_sarcasm ($120.37 in chips) 
Seat 2: ar4i0777 ($140.36 in chips) 
Seat 3: Weewillis101 ($86.76 in chips) 
Seat 4: gAAA-158 ($84.91 in chips) 
Seat 5: ReVeu710 ($105.45 in chips) 
Seat 6: andutu34 ($100 in chips) 
Weewillis101: posts small blind $0.50
gAAA-158: posts big blind $1
*** HOLE CARDS ***
ReVeu710: folds 
andutu34: raises $1 to $2
easy_sarcasm: calls $2
ar4i0777: folds 
Weewillis101: folds 
gAAA-158: folds 
*** FLOP *** [5s 4h 3h]
andutu34: checks 
easy_sarcasm: bets $3
andutu34: raises $5.61 to $8.61
easy_sarcasm: calls $5.61
*** TURN *** [5s 4h 3h] [Ac]
andutu34: checks 
easy_sarcasm: bets $12.50
andutu34: calls $12.50
*** RIVER *** [5s 4h 3h Ac] [4c]
andutu34: checks 
easy_sarcasm: bets $35.50
andutu34: folds 
Uncalled bet ($35.50) returned to easy_sarcasm
easy_sarcasm collected $45.33 from pot
*** SUMMARY ***
Total pot $47.72 | Rake $2.39 
Board [5s 4h 3h Ac 4c]
Seat 1: easy_sarcasm collected ($45.33)
Seat 2: ar4i0777 (button) folded before Flop (didn't bet)
Seat 3: Weewillis101 (small blind) folded before Flop
Seat 4: gAAA-158 (big blind) folded before Flop
Seat 5: ReVeu710 folded before Flop (didn't bet)
Seat 6: andutu34 folded on the River



PokerStars Hand #254477576411:  Hold'em No Limit ($0.50/$1.00 USD) - 2025/01/20 0:18:36 WET [2025/01/20 19:18:36 ET]
Table 'Brita III' 6-max Seat #3 is the button
Seat 1: easy_sarcasm ($142.59 in chips) 
Seat 2: ar4i0777 ($140.36 in chips) 
Seat 3: Weewillis101 ($86.26 in chips) 
Seat 4: gAAA-158 ($83.91 in chips) 
Seat 5: ReVeu710 ($105.45 in chips) 
Seat 6: andutu34 ($100 in chips) 
gAAA-158: posts small blind $0.50
ReVeu710: posts big blind $1
*** HOLE CARDS ***
andutu34: folds 
easy_sarcasm: folds 
ar4i0777: folds 
Weewillis101: folds 
gAAA-158: folds 
Uncalled bet ($0.50) returned to ReVeu710
ReVeu710 collected $1 from pot
ReVeu710: doesn't show hand 
*** SUMMARY ***
Total pot $1 | Rake $0 
Seat 1: easy_sarcasm folded before Flop (didn't bet)
Seat 2: ar4i0777 folded before Flop (didn't bet)
Seat 3: Weewillis101 (button) folded before Flop (didn't bet)
Seat 4: gAAA-158 (small blind) folded before Flop
Seat 5: ReVeu710 (big blind) collected ($1)
Seat 6: andutu34 folded before Flop (didn't bet)



PokerStars Hand #254477580524:  Hold'em No Limit ($0.50/$1.00 USD) - 2025/01/20 0:18:56 WET [2025/01/20 19:18:56 ET]
Table 'Brita III' 6-max Seat #4 is the button
Seat 1: easy_sarcasm ($142.59 in chips) 
Seat 2: ar4i0777 ($140.36 in chips) 
Seat 3: Weewillis101 ($86.26 in chips) 
Seat 4: gAAA-158 ($83.41 in chips) 
Seat 5: ReVeu710 ($105.95 in chips) 
Seat 6: andutu34 ($100 in chips) 
ReVeu710: posts small blind $0.50
andutu34: posts big blind $1
*** HOLE CARDS ***
easy_sarcasm: folds 
ar4i0777: folds 
Weewillis101: raises $2 to $3
gAAA-158: raises $7 to $10
ReVeu710: folds 
andutu34: folds 
Weewillis101: calls $7
*** FLOP *** [Jh Td Qc]
Weewillis101: checks 
gAAA-158: checks 
*** TURN *** [Jh Td Qc] [8c]
Weewillis101: bets $10.21
gAAA-158: calls $10.21
*** RIVER *** [Jh Td Qc 8c] [3c]
Weewillis101: checks 
gAAA-158: bets $23.91
Weewillis101: folds 
Uncalled bet ($23.91) returned to gAAA-158
gAAA-158 collected $39.82 from pot
*** SUMMARY ***
Total pot $41.92 | Rake $2.10 
Board [Jh Td Qc 8c 3c]
Seat 1: easy_sarcasm folded before Flop (didn't bet)
Seat 2: ar4i0777 folded before Flop (didn't bet)
Seat 3: Weewillis101 folded on the River
Seat 4: gAAA-158 (button) collected ($39.82)
Seat 5: ReVeu710 (small blind) folded before Flop
Seat 6: andutu34 (big blind) folded before Flop



PokerStars Hand #254477591014:  Hold'em No Limit ($0.50/$1.00 USD) - 2025/01/20 0:19:47 WET [2025/01/20 19:19:47 ET]
Table 'Brita III' 6-max Seat #5 is the button
Seat 1: easy_sarcasm ($142.59 in chips) 
Seat 2: ar4i0777 ($140.36 in chips) 
Seat 3: Weewillis101 ($66.05 in chips) 
Seat 4: gAAA-158 ($103.02 in chips) 
Seat 5: ReVeu710 ($105.45 in chips) 
Seat 6: andutu34 ($100 in chips) 
andutu34: posts small blind $0.50
easy_sarcasm: posts big blind $1
*** HOLE CARDS ***
ar4i0777: raises $1 to $2
Weewillis101: folds 
Weewillis101 leaves the table
gAAA-158 is connected 
gAAA-158: calls $2
ReVeu710: folds 
andutu34: raises $10.15 to $12.15
easy_sarcasm: folds 
reiyser joins the table at seat #3 
ar4i0777: folds 
gAAA-158: folds 
Uncalled bet ($10.15) returned to andutu34
andutu34 collected $7 from pot
andutu34: doesn't show hand 
*** SUMMARY ***
Total pot $7 | Rake $0 
Seat 1: easy_sarcasm (big blind) folded before Flop
Seat 2: ar4i0777 folded before Flop
Seat 3: Weewillis101 folded before Flop (didn't bet)
Seat 4: gAAA-158 folded before Flop
Seat 5: ReVeu710 (button) folded before Flop (didn't bet)
Seat 6: andutu34 (small blind) collected ($7)



PokerStars Hand #254477604468:  Hold'em No Limit ($0.50/$1.00 USD) - 2025/01/20 0:20:54 WET [2025/01/20 19:20:54 ET]
Table 'Brita III' 6-max Seat #6 is the button
Seat 3: reiyser ($100 in chips) is sitting out
Seat 1: easy_sarcasm ($141.59 in chips) 
Seat 2: ar4i0777 ($138.36 in chips) 
Seat 4: gAAA-158 ($101.02 in chips) 
Seat 5: ReVeu710 ($105.45 in chips) 
Seat 6: andutu34 ($105 in chips) 
easy_sarcasm: posts small blind $0.50
ar4i0777: posts big blind $1
reiyser: sits out 
*** HOLE CARDS ***
gAAA-158: raises $3 to $4
ReVeu710: raises $8 to $12
andutu34: folds 
easy_sarcasm: folds 
ar4i0777: folds 
gAAA-158: calls $8
*** FLOP *** [Jc Ts 3s]
gAAA-158: checks 
ReVeu710: bets $13.08
gAAA-158: folds 
Uncalled bet ($13.08) returned to ReVeu710
ReVeu710 collected $24.22 from pot
ReVeu710: doesn't show hand 
*** SUMMARY ***
Total pot $25.50 | Rake $1.28 
Board [Jc Ts 3s]
Seat 3: reiyser
Seat 1: easy_sarcasm (small blind) folded before Flop
Seat 2: ar4i0777 (big blind) folded before Flop
Seat 4: gAAA-158 folded on the Flop
Seat 5: ReVeu710 collected ($24.22)
Seat 6: andutu34 (button) folded before Flop (didn't bet)



PokerStars Hand #254477608416:  Hold'em No Limit ($0.50/$1.00 USD) - 2025/01/20 0:21:13 WET [2025/01/20 19:21:13 ET]
Table 'Brita III' 6-max Seat #1 is the button
Seat 1: easy_sarcasm ($141.09 in chips) 
Seat 2: ar4i0777 ($137.36 in chips) 
Seat 3: reiyser ($100 in chips) 
Seat 4: gAAA-158 ($89.02 in chips) 
Seat 5: ReVeu710 ($117.67 in chips) 
Seat 6: andutu34 ($105 in chips) 
ar4i0777: posts small blind $0.50
reiyser: posts big blind $1
*** HOLE CARDS ***
gAAA-158: folds 
ReVeu710: folds 
andutu34: folds 
easy_sarcasm: raises $1.20 to $2.20
ar4i0777: folds 
reiyser: calls $1.20
*** FLOP *** [5d 6h Qs]
reiyser: checks 
easy_sarcasm: bets $2.38
reiyser: calls $2.38
*** TURN *** [5d 6h Qs] [5s]
reiyser: checks 
easy_sarcasm: bets $6.50
reiyser: raises $16.86 to $23.36
easy_sarcasm: calls $16.86
*** RIVER *** [5d 6h Qs 5s] [Th]
reiyser: bets $41.43
easy_sarcasm: calls $41.43
*** SHOW DOWN ***
reiyser: shows [3c 4c] (a pair of Fives)
easy_sarcasm: shows [Qh Jc] (two pair, Queens and Fives)
easy_sarcasm collected $136.74 from pot
*** SUMMARY ***
Total pot $139.24 | Rake $2.50 
Board [5d 6h Qs 5s Th]
Seat 1: easy_sarcasm (button) showed [Qh Jc] and won ($136.74) with two pair, Queens and Fives
Seat 2: ar4i0777 (small blind) folded before Flop
Seat 3: reiyser (big blind) showed [3c 4c] and lost with a pair of Fives
Seat 4: gAAA-158 folded before Flop (didn't bet)
Seat 5: ReVeu710 folded before Flop (didn't bet)
Seat 6: andutu34 folded before Flop (didn't bet)



PokerStars Hand #254477621993:  Hold'em No Limit ($0.50/$1.00 USD) - 2025/01/20 0:22:20 WET [2025/01/20 19:22:20 ET]
Table 'Brita III' 6-max Seat #2 is the button
Seat 1: easy_sarcasm ($208.46 in chips) 
Seat 2: ar4i0777 ($136.86 in chips) 
Seat 3: reiyser ($100 in chips) 
Seat 4: gAAA-158 ($89.02 in chips) 
Seat 5: ReVeu710 ($117.67 in chips) 
Seat 6: andutu34 ($105 in chips) 
reiyser: posts small blind $0.50
gAAA-158: posts big blind $1
*** HOLE CARDS ***
ReVeu710: folds 
andutu34: folds 
easy_sarcasm: raises $2 to $3
ar4i0777: folds 
reiyser: folds 
gAAA-158: folds 
Uncalled bet ($2) returned to easy_sarcasm
easy_sarcasm collected $2.50 from pot
*** SUMMARY ***
Total pot $2.50 | Rake $0 
Seat 1: easy_sarcasm collected ($2.50)
Seat 2: ar4i0777 (button) folded before Flop (didn't bet)
Seat 3: reiyser (small blind) folded before Flop
Seat 4: gAAA-158 (big blind) folded before Flop
Seat 5: ReVeu710 folded before Flop (didn't bet)
Seat 6: andutu34 folded before Flop (didn't bet)



PokerStars Hand #254477624561:  Hold'em No Limit ($0.50/$1.00 USD) - 2025/01/20 0:22:33 WET [2025/01/20 19:22:33 ET]
Table 'Brita III' 6-max Seat #3 is the button
Seat 1: easy_sarcasm ($209.96 in chips) 
Seat 2: ar4i0777 ($136.86 in chips) 
Seat 3: reiyser ($100 in chips) 
Seat 4: gAAA-158 ($88.02 in chips) 
Seat 5: ReVeu710 ($117.67 in chips) 
Seat 6: andutu34 ($105 in chips) 
gAAA-158: posts small blind $0.50
ReVeu710: posts big blind $1
*** HOLE CARDS ***
andutu34: folds 
easy_sarcasm: folds 
ar4i0777: raises $1.35 to $2.35
reiyser: folds 
gAAA-158: folds 
ReVeu710: folds 
Uncalled bet ($1.35) returned to ar4i0777
ar4i0777 collected $2.50 from pot
ar4i0777: doesn't show hand 
*** SUMMARY ***
Total pot $2.50 | Rake $0 
Seat 1: easy_sarcasm folded before Flop (didn't bet)
Seat 2: ar4i0777 collected ($2.50)
Seat 3: reiyser (button) folded before Flop (didn't bet)
Seat 4: gAAA-158 (small blind) folded before Flop
Seat 5: ReVeu710 (big blind) folded before Flop
Seat 6: andutu34 folded before Flop (didn't bet)



PokerStars Hand #254477630131:  Hold'em No Limit ($0.50/$1.00 USD) - 2025/01/20 0:23:01 WET [2025/01/20 19:23:01 ET]
Table 'Brita III' 6-max Seat #4 is the button
Seat 1: easy_sarcasm ($209.96 in chips) 
Seat 2: ar4i0777 ($138.36 in chips) 
Seat 3: reiyser ($100 in chips) 
Seat 4: gAAA-158 ($87.52 in chips) 
Seat 5: ReVeu710 ($116.67 in chips) 
Seat 6: andutu34 ($105 in chips) 
ReVeu710: posts small blind $0.50
andutu34: posts big blind $1
*** HOLE CARDS ***
easy_sarcasm: folds 
ar4i0777: folds 
reiyser: folds 
gAAA-158: folds 
ReVeu710: folds 
Uncalled bet ($0.50) returned to andutu34
andutu34 collected $1 from pot
andutu34: doesn't show hand 
*** SUMMARY ***
Total pot $1 | Rake $0 
Seat 1: easy_sarcasm folded before Flop (didn't bet)
Seat 2: ar4i0777 folded before Flop (didn't bet)
Seat 3: reiyser folded before Flop (didn't bet)
Seat 4: gAAA-158 (button) folded before Flop (didn't bet)
Seat 5: ReVeu710 (small blind) folded before Flop
Seat 6: andutu34 (big blind) collected ($1)



PokerStars Hand #254477632357:  Hold'em No Limit ($0.50/$1.00 USD) - 2025/01/20 0:23:12 WET [2025/01/20 19:23:12 ET]
Table 'Brita III' 6-max Seat #5 is the button
Seat 1: easy_sarcasm ($209.96 in chips) 
Seat 2: ar4i0777 ($138.36 in chips) 
Seat 3: reiyser ($100 in chips) 
Seat 4: gAAA-158 ($87.52 in chips) 
Seat 5: ReVeu710 ($116.17 in chips) 
Seat 6: andutu34 ($105.50 in chips) 
andutu34: posts small blind $0.50
easy_sarcasm: posts big blind $1
*** HOLE CARDS ***
ar4i0777: folds 
reiyser: folds 
gAAA-158: raises $3 to $4
ReVeu710: folds 
andutu34: folds 
easy_sarcasm: folds 
Uncalled bet ($3) returned to gAAA-158
gAAA-158 collected $2.50 from pot
*** SUMMARY ***
Total pot $2.50 | Rake $0 
Seat 1: easy_sarcasm (big blind) folded before Flop
Seat 2: ar4i0777 folded before Flop (didn't bet)
Seat 3: reiyser folded before Flop (didn't bet)
Seat 4: gAAA-158 collected ($2.50)
Seat 5: ReVeu710 (button) folded before Flop (didn't bet)
Seat 6: andutu34 (small blind) folded before Flop



PokerStars Hand #254477636666:  Hold'em No Limit ($0.50/$1.00 USD) - 2025/01/20 0:23:33 WET [2025/01/20 19:23:33 ET]
Table 'Brita III' 6-max Seat #6 is the button
Seat 1: easy_sarcasm ($208.96 in chips) 
Seat 2: ar4i0777 ($138.36 in chips) 
Seat 3: reiyser ($100 in chips) 
Seat 4: gAAA-158 ($89.02 in chips) 
Seat 5: ReVeu710 ($116.17 in chips) 
Seat 6: andutu34 ($105 in chips) 
easy_sarcasm: posts small blind $0.50
ar4i0777: posts big blind $1
*** HOLE CARDS ***
reiyser: folds 
gAAA-158: raises $3 to $4
ReVeu710: folds 
andutu34: folds 
easy_sarcasm: folds 
ar4i0777: folds 
Uncalled bet ($3) returned to gAAA-158
gAAA-158 collected $2.50 from pot
*** SUMMARY ***
Total pot $2.50 | Rake $0 
Seat 1: easy_sarcasm (small blind) folded before Flop
Seat 2: ar4i0777 (big blind) folded before Flop
Seat 3: reiyser folded before Flop (didn't bet)
Seat 4: gAAA-158 collected ($2.50)
Seat 5: ReVeu710 folded before Flop (didn't bet)
Seat 6: andutu34 (button) folded before Flop (didn't bet)



PokerStars Hand #254477641487:  Hold'em No Limit ($0.50/$1.00 USD) - 2025/01/20 0:23:57 WET [2025/01/20 19:23:57 ET]
Table 'Brita III' 6-max Seat #1 is the button
Seat 1: easy_sarcasm ($208.46 in chips) 
Seat 2: ar4i0777 ($137.36 in chips) 
Seat 3: reiyser ($100 in chips) 
Seat 4: gAAA-158 ($90.52 in chips) 
Seat 5: ReVeu710 ($116.17 in chips) 
Seat 6: andutu34 ($105 in chips) 
ar4i0777: posts small blind $0.50
reiyser: posts big blind $1
*** HOLE CARDS ***
gAAA-158: raises $3 to $4
ReVeu710: folds 
andutu34: calls $4
easy_sarcasm: folds 
ar4i0777: folds 
reiyser: folds 
*** FLOP *** [2d 8c 3s]
gAAA-158: checks 
andutu34: bets $2.98
gAAA-158: folds 
Uncalled bet ($2.98) returned to andutu34
andutu34 collected $9.02 from pot
andutu34: doesn't show hand 
*** SUMMARY ***
Total pot $9.50 | Rake $0.48 
Board [2d 8c 3s]
Seat 1: easy_sarcasm (button) folded before Flop (didn't bet)
Seat 2: ar4i0777 (small blind) folded before Flop
Seat 3: reiyser (big blind) folded before Flop
Seat 4: gAAA-158 folded on the Flop
Seat 5: ReVeu710 folded before Flop (didn't bet)
Seat 6: andutu34 collected ($9.02)



PokerStars Hand #254477655671:  Hold'em No Limit ($0.50/$1.00 USD) - 2025/01/20 0:25:08 WET [2025/01/20 19:25:08 ET]
Table 'Brita III' 6-max Seat #2 is the button
Seat 1: easy_sarcasm ($208.46 in chips) 
Seat 2: ar4i0777 ($136.86 in chips) 
Seat 3: reiyser ($100 in chips) 
Seat 4: gAAA-158 ($86.52 in chips) 
Seat 5: ReVeu710 ($116.17 in chips) 
Seat 6: andutu34 ($110.02 in chips) 
reiyser: posts small blind $0.50
gAAA-158: posts big blind $1
*** HOLE CARDS ***
ReVeu710: folds 
andutu34: folds 
easy_sarcasm: raises $2 to $3
ar4i0777: folds 
reiyser: folds 
gAAA-158: folds 
Uncalled bet ($2) returned to easy_sarcasm
easy_sarcasm collected $2.50 from pot
*** SUMMARY ***
Total pot $2.50 | Rake $0 
Seat 1: easy_sarcasm collected ($2.50)
Seat 2: ar4i0777 (button) folded before Flop (didn't bet)
Seat 3: reiyser (small blind) folded before Flop
Seat 4: gAAA-158 (big blind) folded before Flop
Seat 5: ReVeu710 folded before Flop (didn't bet)
Seat 6: andutu34 folded before Flop (didn't bet)



PokerStars Hand #254477661574:  Hold'em No Limit ($0.50/$1.00 USD) - 2025/01/20 0:25:38 WET [2025/01/20 19:25:38 ET]
Table 'Brita III' 6-max Seat #3 is the button
Seat 1: easy_sarcasm ($209.96 in chips) 
Seat 2: ar4i0777 ($136.86 in chips) 
Seat 3: reiyser ($100 in chips) 
Seat 4: gAAA-158 ($85.52 in chips) 
Seat 5: ReVeu710 ($116.17 in chips) 
Seat 6: andutu34 ($110.02 in chips) 
gAAA-158: posts small blind $0.50
ReVeu710: posts big blind $1
*** HOLE CARDS ***
andutu34: folds 
easy_sarcasm: raises $2 to $3
ar4i0777: folds 
reiyser: raises $6 to $9
gAAA-158: folds 
ReVeu710: folds 
easy_sarcasm: folds 
Uncalled bet ($6) returned to reiyser
reiyser collected $7.50 from pot
reiyser: doesn't show hand 
*** SUMMARY ***
Total pot $7.50 | Rake $0 
Seat 1: easy_sarcasm folded before Flop
Seat 2: ar4i0777 folded before Flop (didn't bet)
Seat 3: reiyser (button) collected ($7.50)
Seat 4: gAAA-158 (small blind) folded before Flop
Seat 5: ReVeu710 (big blind) folded before Flop
Seat 6: andutu34 folded before Flop (didn't bet)



PokerStars Hand #254477666354:  Hold'em No Limit ($0.50/$1.00 USD) - 2025/01/20 0:26:02 WET [2025/01/20 19:26:02 ET]
Table 'Brita III' 6-max Seat #4 is the button
Seat 1: easy_sarcasm ($206.96 in chips) 
Seat 2: ar4i0777 ($136.86 in chips) 
Seat 3: reiyser ($104.50 in chips) 
Seat 4: gAAA-158 ($85.02 in chips) 
Seat 5: ReVeu710 ($115.17 in chips) 
Seat 6: andutu34 ($110.02 in chips) 
ReVeu710: posts small blind $0.50
andutu34: posts big blind $1
*** HOLE CARDS ***
easy_sarcasm: folds 
ar4i0777: folds 
reiyser: raises $1.23 to $2.23
gAAA-158: calls $2.23
ReVeu710: folds 
andutu34: raises $11.14 to $13.37
reiyser: folds 
gAAA-158: calls $11.14
*** FLOP *** [4s 6d 8s]
andutu34: checks 
gAAA-158: checks 
*** TURN *** [4s 6d 8s] [9d]
andutu34: checks 
gAAA-158: bets $14
andutu34: folds 
Uncalled bet ($14) returned to gAAA-158
gAAA-158 collected $28 from pot
*** SUMMARY ***
Total pot $29.47 | Rake $1.47 
Board [4s 6d 8s 9d]
Seat 1: easy_sarcasm folded before Flop (didn't bet)
Seat 2: ar4i0777 folded before Flop (didn't bet)
Seat 3: reiyser folded before Flop
Seat 4: gAAA-158 (button) collected ($28)
Seat 5: ReVeu710 (small blind) folded before Flop
Seat 6: andutu34 (big blind) folded on the Turn



PokerStars Hand #254477681753:  Hold'em No Limit ($0.50/$1.00 USD) - 2025/01/20 0:27:19 WET [2025/01/20 19:27:19 ET]
Table 'Brita III' 6-max Seat #5 is the button
Seat 1: easy_sarcasm ($206.96 in chips) 
Seat 2: ar4i0777 ($136.86 in chips) 
Seat 3: reiyser ($102.27 in chips) 
Seat 4: gAAA-158 ($99.65 in chips) 
Seat 5: ReVeu710 ($114.67 in chips) 
Seat 6: andutu34 ($100 in chips) 
andutu34: posts small blind $0.50
easy_sarcasm: posts big blind $1
*** HOLE CARDS ***
ar4i0777: folds 
reiyser: raises $1.23 to $2.23
gAAA-158: folds 
ReVeu710: folds 
andutu34: folds 
easy_sarcasm: raises $8.77 to $11
reiyser: calls $8.77
*** FLOP *** [8c 3h 9d]
easy_sarcasm: bets $10.69
reiyser: calls $10.69
*** TURN *** [8c 3h 9d] [Qd]
easy_sarcasm: checks 
reiyser: checks 
*** RIVER *** [8c 3h 9d Qd] [9c]
easy_sarcasm: bets $31.50
reiyser: folds 
Uncalled bet ($31.50) returned to easy_sarcasm
easy_sarcasm collected $41.69 from pot
*** SUMMARY ***
Total pot $43.88 | Rake $2.19 
Board [8c 3h 9d Qd 9c]
Seat 1: easy_sarcasm (big blind) collected ($41.69)
Seat 2: ar4i0777 folded before Flop (didn't bet)
Seat 3: reiyser folded on the River
Seat 4: gAAA-158 folded before Flop (didn't bet)
Seat 5: ReVeu710 (button) folded before Flop (didn't bet)
Seat 6: andutu34 (small blind) folded before Flop



PokerStars Hand #254477697366:  Hold'em No Limit ($0.50/$1.00 USD) - 2025/01/20 0:28:38 WET [2025/01/20 19:28:38 ET]
Table 'Brita III' 6-max Seat #6 is the button
Seat 1: easy_sarcasm ($226.96 in chips) 
Seat 2: ar4i0777 ($136.86 in chips) 
Seat 3: reiyser ($100 in chips) 
Seat 4: gAAA-158 ($99.65 in chips) 
Seat 5: ReVeu710 ($114.67 in chips) 
Seat 6: andutu34 ($100 in chips) 
easy_sarcasm: posts small blind $0.50
ar4i0777: posts big blind $1
*** HOLE CARDS ***
reiyser: folds 
gAAA-158: folds 
ReVeu710: folds 
andutu34: raises $1.49 to $2.49
easy_sarcasm: folds 
ar4i0777: calls $1.49
*** FLOP *** [6s As Ad]
ar4i0777: checks 
andutu34: bets $1.30
ar4i0777: calls $1.30
*** TURN *** [6s As Ad] [Jh]
ar4i0777: checks 
andutu34: checks 
*** RIVER *** [6s As Ad Jh] [7s]
ar4i0777: bets $2.73
andutu34: calls $2.73
*** SHOW DOWN ***
ar4i0777: shows [Ac 7c] (a full house, Aces full of Sevens)
andutu34: mucks hand 
ar4i0777 collected $12.86 from pot
*** SUMMARY ***
Total pot $13.54 | Rake $0.68 
Board [6s As Ad Jh 7s]
Seat 1: easy_sarcasm (small blind) folded before Flop
Seat 2: ar4i0777 (big blind) showed [Ac 7c] and won ($12.86) with a full house, Aces full of Sevens
Seat 3: reiyser folded before Flop (didn't bet)
Seat 4: gAAA-158 folded before Flop (didn't bet)
Seat 5: ReVeu710 folded before Flop (didn't bet)
Seat 6: andutu34 (button) mucked



PokerStars Hand #254477710152:  Hold'em No Limit ($0.50/$1.00 USD) - 2025/01/20 0:29:42 WET [2025/01/20 19:29:42 ET]
Table 'Brita III' 6-max Seat #1 is the button
Seat 1: easy_sarcasm ($226.46 in chips) 
Seat 2: ar4i0777 ($143.20 in chips) 
Seat 3: reiyser ($100 in chips) 
Seat 4: gAAA-158 ($99.65 in chips) 
Seat 5: ReVeu710 ($114.67 in chips) 
Seat 6: andutu34 ($100 in chips) 
ar4i0777: posts small blind $0.50
reiyser: posts big blind $1
*** HOLE CARDS ***
gAAA-158: raises $2 to $3
ReVeu710: folds 
andutu34: folds 
easy_sarcasm: folds 
ar4i0777: folds 
reiyser: folds 
Uncalled bet ($2) returned to gAAA-158
gAAA-158 collected $2.50 from pot
*** SUMMARY ***
Total pot $2.50 | Rake $0 
Seat 1: easy_sarcasm (button) folded before Flop (didn't bet)
Seat 2: ar4i0777 (small blind) folded before Flop
Seat 3: reiyser (big blind) folded before Flop
Seat 4: gAAA-158 collected ($2.50)
Seat 5: ReVeu710 folded before Flop (didn't bet)
Seat 6: andutu34 folded before Flop (didn't bet)



PokerStars Hand #254477715815:  Hold'em No Limit ($0.50/$1.00 USD) - 2025/01/20 0:30:11 WET [2025/01/20 19:30:11 ET]
Table 'Brita III' 6-max Seat #2 is the button
Seat 1: easy_sarcasm ($226.46 in chips) 
Seat 2: ar4i0777 ($142.70 in chips) 
Seat 3: reiyser ($100 in chips) 
Seat 4: gAAA-158 ($101.15 in chips) 
Seat 5: ReVeu710 ($114.67 in chips) 
Seat 6: andutu34 ($100 in chips) 
reiyser: posts small blind $0.50
gAAA-158: posts big blind $1
*** HOLE CARDS ***
ReVeu710: folds 
andutu34: folds 
easy_sarcasm: raises $2 to $3
ar4i0777: calls $3
reiyser: folds 
gAAA-158: folds 
*** FLOP *** [8d Kc 3c]
easy_sarcasm: bets $3
ar4i0777: folds 
Uncalled bet ($3) returned to easy_sarcasm
easy_sarcasm collected $7.12 from pot
*** SUMMARY ***
Total pot $7.50 | Rake $0.38 
Board [8d Kc 3c]
Seat 1: easy_sarcasm collected ($7.12)
Seat 2: ar4i0777 (button) folded on the Flop
Seat 3: reiyser (small blind) folded before Flop
Seat 4: gAAA-158 (big blind) folded before Flop
Seat 5: ReVeu710 folded before Flop (didn't bet)
Seat 6: andutu34 folded before Flop (didn't bet)



PokerStars Hand #254477721722:  Hold'em No Limit ($0.50/$1.00 USD) - 2025/01/20 0:30:41 WET [2025/01/20 19:30:41 ET]
Table 'Brita III' 6-max Seat #3 is the button
Seat 1: easy_sarcasm ($230.58 in chips) 
Seat 2: ar4i0777 ($139.70 in chips) 
Seat 3: reiyser ($100 in chips) 
Seat 4: gAAA-158 ($100.15 in chips) 
Seat 5: ReVeu710 ($114.67 in chips) 
Seat 6: andutu34 ($100 in chips) 
gAAA-158: posts small blind $0.50
ReVeu710: posts big blind $1
*** HOLE CARDS ***
andutu34: raises $1 to $2
easy_sarcasm: folds 
ar4i0777: folds 
reiyser: folds 
gAAA-158: folds 
ReVeu710: folds 
Uncalled bet ($1) returned to andutu34
andutu34 collected $2.50 from pot
andutu34: doesn't show hand 
*** SUMMARY ***
Total pot $2.50 | Rake $0 
Seat 1: easy_sarcasm folded before Flop (didn't bet)
Seat 2: ar4i0777 folded before Flop (didn't bet)
Seat 3: reiyser (button) folded before Flop (didn't bet)
Seat 4: gAAA-158 (small blind) folded before Flop
Seat 5: ReVeu710 (big blind) folded before Flop
Seat 6: andutu34 collected ($2.50)



PokerStars Hand #254477724492:  Hold'em No Limit ($0.50/$1.00 USD) - 2025/01/20 0:30:55 WET [2025/01/20 19:30:55 ET]
Table 'Brita III' 6-max Seat #4 is the button
Seat 1: easy_sarcasm ($230.58 in chips) 
Seat 2: ar4i0777 ($139.70 in chips) 
Seat 3: reiyser ($100 in chips) 
Seat 4: gAAA-158 ($99.65 in chips) 
Seat 5: ReVeu710 ($113.67 in chips) 
Seat 6: andutu34 ($101.50 in chips) 
ReVeu710: posts small blind $0.50
andutu34: posts big blind $1
*** HOLE CARDS ***
easy_sarcasm: folds 
ar4i0777: folds 
reiyser: folds 
gAAA-158: folds 
ReVeu710: raises $2 to $3
andutu34: raises $7 to $10
ReVeu710: folds 
Uncalled bet ($7) returned to andutu34
andutu34 collected $6 from pot
andutu34: doesn't show hand 
*** SUMMARY ***
Total pot $6 | Rake $0 
Seat 1: easy_sarcasm folded before Flop (didn't bet)
Seat 2: ar4i0777 folded before Flop (didn't bet)
Seat 3: reiyser folded before Flop (didn't bet)
Seat 4: gAAA-158 (button) folded before Flop (didn't bet)
Seat 5: ReVeu710 (small blind) folded before Flop
Seat 6: andutu34 (big blind) collected ($6)



PokerStars Hand #254477729099:  Hold'em No Limit ($0.50/$1.00 USD) - 2025/01/20 0:31:18 WET [2025/01/20 19:31:18 ET]
Table 'Brita III' 6-max Seat #5 is the button
Seat 1: easy_sarcasm ($230.58 in chips) 
Seat 2: ar4i0777 ($139.70 in chips) 
Seat 3: reiyser ($100 in chips) 
Seat 4: gAAA-158 ($99.65 in chips) 
Seat 5: ReVeu710 ($110.67 in chips) 
Seat 6: andutu34 ($104.50 in chips) 
andutu34: posts small blind $0.50
easy_sarcasm: posts big blind $1
*** HOLE CARDS ***
ar4i0777: folds 
reiyser: folds 
gAAA-158: folds 
ReVeu710: raises $1.50 to $2.50
andutu34: folds 
easy_sarcasm: calls $1.50
*** FLOP *** [4s 3h 8s]
easy_sarcasm: checks 
ReVeu710: bets $3.18
easy_sarcasm: folds 
Uncalled bet ($3.18) returned to ReVeu710
ReVeu710 collected $5.22 from pot
ReVeu710: doesn't show hand 
*** SUMMARY ***
Total pot $5.50 | Rake $0.28 
Board [4s 3h 8s]
Seat 1: easy_sarcasm (big blind) folded on the Flop
Seat 2: ar4i0777 folded before Flop (didn't bet)
Seat 3: reiyser folded before Flop (didn't bet)
Seat 4: gAAA-158 folded before Flop (didn't bet)
Seat 5: ReVeu710 (button) collected ($5.22)
Seat 6: andutu34 (small blind) folded before Flop



PokerStars Hand #254477734529:  Hold'em No Limit ($0.50/$1.00 USD) - 2025/01/20 0:31:46 WET [2025/01/20 19:31:46 ET]
Table 'Brita III' 6-max Seat #6 is the button
Seat 1: easy_sarcasm ($228.08 in chips) 
Seat 2: ar4i0777 ($139.70 in chips) 
Seat 3: reiyser ($100 in chips) 
Seat 4: gAAA-158 ($99.65 in chips) 
Seat 5: ReVeu710 ($113.39 in chips) 
Seat 6: andutu34 ($104 in chips) 
easy_sarcasm: posts small blind $0.50
ar4i0777: posts big blind $1
*** HOLE CARDS ***
reiyser: folds 
gAAA-158: folds 
ReVeu710: folds 
andutu34: raises $1.49 to $2.49
easy_sarcasm: folds 
ar4i0777: folds 
Uncalled bet ($1.49) returned to andutu34
andutu34 collected $2.50 from pot
andutu34: doesn't show hand 
*** SUMMARY ***
Total pot $2.50 | Rake $0 
Seat 1: easy_sarcasm (small blind) folded before Flop
Seat 2: ar4i0777 (big blind) folded before Flop
Seat 3: reiyser folded before Flop (didn't bet)
Seat 4: gAAA-158 folded before Flop (didn't bet)
Seat 5: ReVeu710 folded before Flop (didn't bet)
Seat 6: andutu34 (button) collected ($2.50)



PokerStars Hand #254477737793:  Hold'em No Limit ($0.50/$1.00 USD) - 2025/01/20 0:32:02 WET [2025/01/20 19:32:02 ET]
Table 'Brita III' 6-max Seat #1 is the button
Seat 1: easy_sarcasm ($227.58 in chips) 
Seat 2: ar4i0777 ($138.70 in chips) 
Seat 3: reiyser ($100 in chips) 
Seat 4: gAAA-158 ($99.65 in chips) 
Seat 5: ReVeu710 ($113.39 in chips) 
Seat 6: andutu34 ($105.50 in chips) 
ar4i0777: posts small blind $0.50
reiyser: posts big blind $1
*** HOLE CARDS ***
gAAA-158: folds 
ReVeu710: folds 
andutu34: raises $1.30 to $2.30
easy_sarcasm: folds 
ar4i0777: folds 
reiyser: folds 
Uncalled bet ($1.30) returned to andutu34
andutu34 collected $2.50 from pot
andutu34: doesn't show hand 
*** SUMMARY ***
Total pot $2.50 | Rake $0 
Seat 1: easy_sarcasm (button) folded before Flop (didn't bet)
Seat 2: ar4i0777 (small blind) folded before Flop
Seat 3: reiyser (big blind) folded before Flop
Seat 4: gAAA-158 folded before Flop (didn't bet)
Seat 5: ReVeu710 folded before Flop (didn't bet)
Seat 6: andutu34 collected ($2.50)



PokerStars Hand #254477741713:  Hold'em No Limit ($0.50/$1.00 USD) - 2025/01/20 0:32:23 WET [2025/01/20 19:32:23 ET]
Table 'Brita III' 6-max Seat #2 is the button
Seat 1: easy_sarcasm ($227.58 in chips) 
Seat 2: ar4i0777 ($138.20 in chips) 
Seat 3: reiyser ($100 in chips) 
Seat 4: gAAA-158 ($99.65 in chips) 
Seat 5: ReVeu710 ($113.39 in chips) 
Seat 6: andutu34 ($107 in chips) 
reiyser: posts small blind $0.50
gAAA-158: posts big blind $1
*** HOLE CARDS ***
ReVeu710: folds 
andutu34: folds 
easy_sarcasm: raises $2 to $3
ar4i0777: folds 
reiyser: folds 
gAAA-158: folds 
Uncalled bet ($2) returned to easy_sarcasm
easy_sarcasm collected $2.50 from pot
*** SUMMARY ***
Total pot $2.50 | Rake $0 
Seat 1: easy_sarcasm collected ($2.50)
Seat 2: ar4i0777 (button) folded before Flop (didn't bet)
Seat 3: reiyser (small blind) folded before Flop
Seat 4: gAAA-158 (big blind) folded before Flop
Seat 5: ReVeu710 folded before Flop (didn't bet)
Seat 6: andutu34 folded before Flop (didn't bet)



PokerStars Hand #254477745108:  Hold'em No Limit ($0.50/$1.00 USD) - 2025/01/20 0:32:40 WET [2025/01/20 19:32:40 ET]
Table 'Brita III' 6-max Seat #3 is the button
Seat 1: easy_sarcasm ($229.08 in chips) 
Seat 2: ar4i0777 ($138.20 in chips) 
Seat 3: reiyser ($100 in chips) 
Seat 4: gAAA-158 ($98.65 in chips) 
Seat 5: ReVeu710 ($113.39 in chips) 
Seat 6: andutu34 ($107 in chips) 
gAAA-158: posts small blind $0.50
ReVeu710: posts big blind $1
*** HOLE CARDS ***
andutu34: folds 
easy_sarcasm: folds 
ar4i0777: folds 
reiyser: raises $1.23 to $2.23
gAAA-158: calls $1.73
ReVeu710: folds 
*** FLOP *** [Jh Jd 2c]
gAAA-158: checks 
reiyser: bets $1.51
gAAA-158: calls $1.51
*** TURN *** [Jh Jd 2c] [6c]
gAAA-158: checks 
reiyser: bets $6.13
gAAA-158: calls $6.13
*** RIVER *** [Jh Jd 2c 6c] [As]
gAAA-158: checks 
reiyser: checks 
*** SHOW DOWN ***
gAAA-158: shows [6h Js] (a full house, Jacks full of Sixes)
reiyser: mucks hand 
gAAA-158 collected $19.70 from pot
*** SUMMARY ***
Total pot $20.74 | Rake $1.04 
Board [Jh Jd 2c 6c As]
Seat 1: easy_sarcasm folded before Flop (didn't bet)
Seat 2: ar4i0777 folded before Flop (didn't bet)
Seat 3: reiyser (button) mucked
Seat 4: gAAA-158 (small blind) showed [6h Js] and won ($19.70) with a full house, Jacks full of Sixes
Seat 5: ReVeu710 (big blind) folded before Flop
Seat 6: andutu34 folded before Flop (didn't bet)



PokerStars Hand #254477758436:  Hold'em No Limit ($0.50/$1.00 USD) - 2025/01/20 0:33:48 WET [2025/01/20 19:33:48 ET]
Table 'Brita III' 6-max Seat #4 is the button
Seat 1: easy_sarcasm ($229.08 in chips) 
Seat 2: ar4i0777 ($138.20 in chips) 
Seat 3: reiyser ($100 in chips) 
Seat 4: gAAA-158 ($108.48 in chips) 
Seat 5: ReVeu710 ($112.39 in chips) 
Seat 6: andutu34 ($107 in chips) 
ReVeu710: posts small blind $0.50
andutu34: posts big blind $1
*** HOLE CARDS ***
easy_sarcasm: folds 
ar4i0777: raises $1.35 to $2.35
reiyser: folds 
gAAA-158: calls $2.35
ReVeu710: folds 
andutu34: folds 
*** FLOP *** [8d 6s Ad]
ar4i0777: bets $5
gAAA-158: calls $5
*** TURN *** [8d 6s Ad] [9h]
ar4i0777: bets $10.58
gAAA-158: calls $10.58
*** RIVER *** [8d 6s Ad 9h] [6c]
ar4i0777: bets $25.55
gAAA-158: folds 
Uncalled bet ($25.55) returned to ar4i0777
ar4i0777 collected $35.49 from pot
ar4i0777: doesn't show hand 
*** SUMMARY ***
Total pot $37.36 | Rake $1.87 
Board [8d 6s Ad 9h 6c]
Seat 1: easy_sarcasm folded before Flop (didn't bet)
Seat 2: ar4i0777 collected ($35.49)
Seat 3: reiyser folded before Flop (didn't bet)
Seat 4: gAAA-158 (button) folded on the River
Seat 5: ReVeu710 (small blind) folded before Flop
Seat 6: andutu34 (big blind) folded before Flop



PokerStars Hand #254477768263:  Hold'em No Limit ($0.50/$1.00 USD) - 2025/01/20 0:34:39 WET [2025/01/20 19:34:39 ET]
Table 'Brita III' 6-max Seat #5 is the button
Seat 1: easy_sarcasm ($229.08 in chips) 
Seat 2: ar4i0777 ($155.76 in chips) 
Seat 3: reiyser ($100 in chips) 
Seat 4: gAAA-158 ($90.55 in chips) 
Seat 5: ReVeu710 ($111.89 in chips) 
Seat 6: andutu34 ($106 in chips) 
andutu34: posts small blind $0.50
easy_sarcasm: posts big blind $1
*** HOLE CARDS ***
ar4i0777: folds 
reiyser: folds 
gAAA-158: folds 
ReVeu710: raises $1.50 to $2.50
andutu34: folds 
easy_sarcasm: folds 
Uncalled bet ($1.50) returned to ReVeu710
ReVeu710 collected $2.50 from pot
ReVeu710: doesn't show hand 
*** SUMMARY ***
Total pot $2.50 | Rake $0 
Seat 1: easy_sarcasm (big blind) folded before Flop
Seat 2: ar4i0777 folded before Flop (didn't bet)
Seat 3: reiyser folded before Flop (didn't bet)
Seat 4: gAAA-158 folded before Flop (didn't bet)
Seat 5: ReVeu710 (button) collected ($2.50)
Seat 6: andutu34 (small blind) folded before Flop



PokerStars Hand #254477771380:  Hold'em No Limit ($0.50/$1.00 USD) - 2025/01/20 0:34:55 WET [2025/01/20 19:34:55 ET]
Table 'Brita III' 6-max Seat #6 is the button
Seat 1: easy_sarcasm ($228.08 in chips) 
Seat 2: ar4i0777 ($155.76 in chips) 
Seat 3: reiyser ($100 in chips) 
Seat 4: gAAA-158 ($90.55 in chips) 
Seat 5: ReVeu710 ($113.39 in chips) 
Seat 6: andutu34 ($105.50 in chips) 
easy_sarcasm: posts small blind $0.50
ar4i0777: posts big blind $1
*** HOLE CARDS ***
reiyser: folds 
gAAA-158: folds 
ReVeu710: folds 
andutu34: folds 
easy_sarcasm: raises $2 to $3
ar4i0777: folds 
Uncalled bet ($2) returned to easy_sarcasm
easy_sarcasm collected $2 from pot
*** SUMMARY ***
Total pot $2 | Rake $0 
Seat 1: easy_sarcasm (small blind) collected ($2)
Seat 2: ar4i0777 (big blind) folded before Flop
Seat 3: reiyser folded before Flop (didn't bet)
Seat 4: gAAA-158 folded before Flop (didn't bet)
Seat 5: ReVeu710 folded before Flop (didn't bet)
Seat 6: andutu34 (button) folded before Flop (didn't bet)



PokerStars Hand #254477775247:  Hold'em No Limit ($0.50/$1.00 USD) - 2025/01/20 0:35:15 WET [2025/01/20 19:35:15 ET]
Table 'Brita III' 6-max Seat #1 is the button
Seat 1: easy_sarcasm ($229.08 in chips) 
Seat 2: ar4i0777 ($154.76 in chips) 
Seat 3: reiyser ($100 in chips) 
Seat 4: gAAA-158 ($90.55 in chips) 
Seat 5: ReVeu710 ($113.39 in chips) 
Seat 6: andutu34 ($105.50 in chips) 
ar4i0777: posts small blind $0.50
reiyser: posts big blind $1
*** HOLE CARDS ***
gAAA-158: raises $1 to $2
ReVeu710: folds 
andutu34: raises $4.68 to $6.68
easy_sarcasm: folds 
ar4i0777: folds 
reiyser: folds 
gAAA-158: calls $4.68
*** FLOP *** [Qh 6h 5s]
gAAA-158: checks 
andutu34: bets $4.66
gAAA-158: calls $4.66
*** TURN *** [Qh 6h 5s] [9s]
gAAA-158: checks 
andutu34: checks 
*** RIVER *** [Qh 6h 5s 9s] [Ts]
gAAA-158: checks 
andutu34: bets $15.16
gAAA-158: folds 
Uncalled bet ($15.16) returned to andutu34
andutu34 collected $22.97 from pot
andutu34: doesn't show hand 
*** SUMMARY ***
Total pot $24.18 | Rake $1.21 
Board [Qh 6h 5s 9s Ts]
Seat 1: easy_sarcasm (button) folded before Flop (didn't bet)
Seat 2: ar4i0777 (small blind) folded before Flop
Seat 3: reiyser (big blind) folded before Flop
Seat 4: gAAA-158 folded on the River
Seat 5: ReVeu710 folded before Flop (didn't bet)
Seat 6: andutu34 collected ($22.97)



PokerStars Hand #254477792149:  Hold'em No Limit ($0.50/$1.00 USD) - 2025/01/20 0:36:43 WET [2025/01/20 19:36:43 ET]
Table 'Brita III' 6-max Seat #2 is the button
Seat 1: easy_sarcasm ($229.08 in chips) 
Seat 2: ar4i0777 ($154.26 in chips) 
Seat 3: reiyser ($100 in chips) 
Seat 4: gAAA-158 ($79.21 in chips) 
Seat 5: ReVeu710 ($113.39 in chips) 
Seat 6: andutu34 ($117.13 in chips) 
reiyser: posts small blind $0.50
gAAA-158: posts big blind $1
*** HOLE CARDS ***
ReVeu710: raises $1 to $2
andutu34: folds 
easy_sarcasm: folds 
ar4i0777: folds 
reiyser: raises $9 to $11
gAAA-158: folds 
ReVeu710: calls $9
*** FLOP *** [2s Jc Tc]
reiyser: bets $6.34
ReVeu710: calls $6.34
*** TURN *** [2s Jc Tc] [9d]
reiyser: bets $25.76
ReVeu710: calls $25.76
*** RIVER *** [2s Jc Tc 9d] [8s]
reiyser: checks 
ReVeu710: checks 
*** SHOW DOWN ***
reiyser: shows [As Ah] (a pair of Aces)
ReVeu710: shows [Td Jd] (two pair, Jacks and Tens)
ReVeu710 collected $84.70 from pot
*** SUMMARY ***
Total pot $87.20 | Rake $2.50 
Board [2s Jc Tc 9d 8s]
Seat 1: easy_sarcasm folded before Flop (didn't bet)
Seat 2: ar4i0777 (button) folded before Flop (didn't bet)
Seat 3: reiyser (small blind) showed [As Ah] and lost with a pair of Aces
Seat 4: gAAA-158 (big blind) folded before Flop
Seat 5: ReVeu710 showed [Td Jd] and won ($84.70) with two pair, Jacks and Tens
Seat 6: andutu34 folded before Flop (didn't bet)



PokerStars Hand #254477807841:  Hold'em No Limit ($0.50/$1.00 USD) - 2025/01/20 0:38:04 WET [2025/01/20 19:38:04 ET]
Table 'Brita III' 6-max Seat #3 is the button
Seat 1: easy_sarcasm ($229.08 in chips) 
Seat 2: ar4i0777 ($154.26 in chips) 
Seat 3: reiyser ($100 in chips) 
Seat 4: gAAA-158 ($78.21 in chips) 
Seat 5: ReVeu710 ($154.99 in chips) 
Seat 6: andutu34 ($117.13 in chips) 
gAAA-158: posts small blind $0.50
ReVeu710: posts big blind $1
*** HOLE CARDS ***
andutu34: folds 
easy_sarcasm: raises $2 to $3
ar4i0777: calls $3
reiyser: folds 
gAAA-158: folds 
ReVeu710: raises $12 to $15
easy_sarcasm: calls $12
ar4i0777: calls $12
*** FLOP *** [Qd 5c 8s]
ReVeu710: bets $10.80
easy_sarcasm: calls $10.80
ar4i0777: folds 
*** TURN *** [Qd 5c 8s] [Jc]
ReVeu710: checks 
easy_sarcasm: bets $21.32
ReVeu710: folds 
Uncalled bet ($21.32) returned to easy_sarcasm
easy_sarcasm collected $64.60 from pot
*** SUMMARY ***
Total pot $67.10 | Rake $2.50 
Board [Qd 5c 8s Jc]
Seat 1: easy_sarcasm collected ($64.60)
Seat 2: ar4i0777 folded on the Flop
Seat 3: reiyser (button) folded before Flop (didn't bet)
Seat 4: gAAA-158 (small blind) folded before Flop
Seat 5: ReVeu710 (big blind) folded on the Turn
Seat 6: andutu34 folded before Flop (didn't bet)



PokerStars Hand #254477820236:  Hold'em No Limit ($0.50/$1.00 USD) - 2025/01/20 0:39:09 WET [2025/01/20 19:39:09 ET]
Table 'Brita III' 6-max Seat #4 is the button
Seat 1: easy_sarcasm ($267.88 in chips) 
Seat 2: ar4i0777 ($139.26 in chips) 
Seat 3: reiyser ($100 in chips) 
Seat 4: gAAA-158 ($77.71 in chips) 
Seat 5: ReVeu710 ($129.19 in chips) 
Seat 6: andutu34 ($117.13 in chips) 
ReVeu710: posts small blind $0.50
andutu34: posts big blind $1
*** HOLE CARDS ***
easy_sarcasm: folds 
ar4i0777: folds 
reiyser: raises $1.23 to $2.23
gAAA-158: calls $2.23
ReVeu710: folds 
andutu34: folds 
*** FLOP *** [Kd 5s Kh]
reiyser: checks 
gAAA-158: checks 
*** TURN *** [Kd 5s Kh] [2h]
reiyser: bets $4.30
gAAA-158: calls $4.30
*** RIVER *** [Kd 5s Kh 2h] [3s]
reiyser: checks 
gAAA-158: checks 
*** SHOW DOWN ***
reiyser: shows [Th 8h] (a pair of Kings)
gAAA-158: shows [9c Qs] (a pair of Kings - Queen kicker)
gAAA-158 collected $13.83 from pot
*** SUMMARY ***
Total pot $14.56 | Rake $0.73 
Board [Kd 5s Kh 2h 3s]
Seat 1: easy_sarcasm folded before Flop (didn't bet)
Seat 2: ar4i0777 folded before Flop (didn't bet)
Seat 3: reiyser showed [Th 8h] and lost with a pair of Kings
Seat 4: gAAA-158 (button) showed [9c Qs] and won ($13.83) with a pair of Kings
Seat 5: ReVeu710 (small blind) folded before Flop
Seat 6: andutu34 (big blind) folded before Flop



PokerStars Hand #254477830972:  Hold'em No Limit ($0.50/$1.00 USD) - 2025/01/20 0:40:05 WET [2025/01/20 19:40:05 ET]
Table 'Brita III' 6-max Seat #5 is the button
Seat 1: easy_sarcasm ($267.88 in chips) 
Seat 2: ar4i0777 ($139.26 in chips) 
Seat 3: reiyser ($100 in chips) 
Seat 4: gAAA-158 ($85.01 in chips) 
Seat 5: ReVeu710 ($128.69 in chips) 
Seat 6: andutu34 ($116.13 in chips) 
andutu34: posts small blind $0.50
easy_sarcasm: posts big blind $1
*** HOLE CARDS ***
ar4i0777: folds 
reiyser: folds 
gAAA-158: folds 
ReVeu710: folds 
andutu34: raises $2 to $3
easy_sarcasm: folds 
Uncalled bet ($2) returned to andutu34
andutu34 collected $2 from pot
andutu34: doesn't show hand 
*** SUMMARY ***
Total pot $2 | Rake $0 
Seat 1: easy_sarcasm (big blind) folded before Flop
Seat 2: ar4i0777 folded before Flop (didn't bet)
Seat 3: reiyser folded before Flop (didn't bet)
Seat 4: gAAA-158 folded before Flop (didn't bet)
Seat 5: ReVeu710 (button) folded before Flop (didn't bet)
Seat 6: andutu34 (small blind) collected ($2)



PokerStars Hand #254477833798:  Hold'em No Limit ($0.50/$1.00 USD) - 2025/01/20 0:40:20 WET [2025/01/20 19:40:20 ET]
Table 'Brita III' 6-max Seat #6 is the button
Seat 2: ar4i0777 ($139.26 in chips) is sitting out
Seat 1: easy_sarcasm ($266.88 in chips) 
Seat 3: reiyser ($100 in chips) 
Seat 4: gAAA-158 ($85.01 in chips) 
Seat 5: ReVeu710 ($128.69 in chips) 
Seat 6: andutu34 ($117.13 in chips) 
easy_sarcasm: posts small blind $0.50
ar4i0777: is sitting out 
reiyser: posts big blind $1
*** HOLE CARDS ***
ar4i0777 leaves the table
gAAA-158: folds 
ReVeu710: folds 
andutu34: folds 
easy_sarcasm: raises $2 to $3
reiyser: calls $2
*** FLOP *** [3c 6h 4s]
BumHuntKing joins the table at seat #2 
easy_sarcasm: bets $2
reiyser: folds 
Uncalled bet ($2) returned to easy_sarcasm
easy_sarcasm collected $5.70 from pot
*** SUMMARY ***
Total pot $6 | Rake $0.30 
Board [3c 6h 4s]
Seat 2: ar4i0777
Seat 1: easy_sarcasm (small blind) collected ($5.70)
Seat 3: reiyser (big blind) folded on the Flop
Seat 4: gAAA-158 folded before Flop (didn't bet)
Seat 5: ReVeu710 folded before Flop (didn't bet)
Seat 6: andutu34 (button) folded before Flop (didn't bet)



PokerStars Hand #254477840915:  Hold'em No Limit ($0.50/$1.00 USD) - 2025/01/20 0:40:57 WET [2025/01/20 19:40:57 ET]
Table 'Brita III' 6-max Seat #1 is the button
Seat 2: BumHuntKing ($100 in chips) is sitting out
Seat 1: easy_sarcasm ($269.58 in chips) 
Seat 3: reiyser ($100 in chips) 
Seat 4: gAAA-158 ($85.01 in chips) 
Seat 5: ReVeu710 ($128.69 in chips) 
Seat 6: andutu34 ($117.13 in chips) 
reiyser: posts small blind $0.50
gAAA-158: posts big blind $1
*** HOLE CARDS ***
ReVeu710: folds 
andutu34: folds 
easy_sarcasm: raises $1.20 to $2.20
reiyser: raises $9.30 to $11.50
gAAA-158: calls $10.50
easy_sarcasm: folds 
*** FLOP *** [Th 6s 8c]
reiyser: checks 
gAAA-158: bets $11.97
reiyser: calls $11.97
*** TURN *** [Th 6s 8c] [Tc]
reiyser: checks 
gAAA-158: bets $23.34
reiyser: calls $23.34
*** RIVER *** [Th 6s 8c Tc] [5c]
reiyser: checks 
gAAA-158: bets $38.20 and is all-in
reiyser: calls $38.20
*** SHOW DOWN ***
gAAA-158: shows [8h Ah] (two pair, Tens and Eights)
reiyser: shows [Ac Kc] (a flush, Ace high)
reiyser collected $169.72 from pot
*** SUMMARY ***
Total pot $172.22 | Rake $2.50 
Board [Th 6s 8c Tc 5c]
Seat 2: BumHuntKing
Seat 1: easy_sarcasm (button) folded before Flop
Seat 3: reiyser (small blind) showed [Ac Kc] and won ($169.72) with a flush, Ace high
Seat 4: gAAA-158 (big blind) showed [8h Ah] and lost with two pair, Tens and Eights
Seat 5: ReVeu710 folded before Flop (didn't bet)
Seat 6: andutu34 folded before Flop (didn't bet)



PokerStars Hand #254477851745:  Hold'em No Limit ($0.50/$1.00 USD) - 2025/01/20 0:41:55 WET [2025/01/20 19:41:55 ET]
Table 'Brita III' 6-max Seat #3 is the button
Seat 2: BumHuntKing ($100 in chips) is sitting out
Seat 4: gAAA-158 ($0 in chips) is sitting out
Seat 1: easy_sarcasm ($267.38 in chips) 
Seat 3: reiyser ($184.71 in chips) 
Seat 5: ReVeu710 ($128.69 in chips) 
Seat 6: andutu34 ($117.13 in chips) 
ReVeu710: posts small blind $0.50
andutu34: posts big blind $1
BumHuntKing: sits out 
*** HOLE CARDS ***
easy_sarcasm: folds 
reiyser: folds 
ReVeu710: folds 
Uncalled bet ($0.50) returned to andutu34
gAAA-158 leaves the table
andutu34 collected $1 from pot
andutu34: doesn't show hand 
*** SUMMARY ***
Total pot $1 | Rake $0 
Seat 2: BumHuntKing
Seat 4: gAAA-158
Seat 1: easy_sarcasm folded before Flop (didn't bet)
Seat 3: reiyser (button) folded before Flop (didn't bet)
Seat 5: ReVeu710 (small blind) folded before Flop
Seat 6: andutu34 (big blind) collected ($1)



PokerStars Hand #254477853445:  Hold'em No Limit ($0.50/$1.00 USD) - 2025/01/20 0:42:04 WET [2025/01/20 19:42:04 ET]
Table 'Brita III' 6-max Seat #5 is the button
Seat 2: BumHuntKing ($100 in chips) is sitting out
Seat 1: easy_sarcasm ($267.38 in chips) 
Seat 3: reiyser ($184.71 in chips) 
Seat 5: ReVeu710 ($128.19 in chips) 
Seat 6: andutu34 ($117.63 in chips) 
andutu34: posts small blind $0.50
easy_sarcasm: posts big blind $1
BumHuntKing: sits out 
*** HOLE CARDS ***
reiyser: folds 
ReVeu710: raises $1.50 to $2.50
andutu34: raises $8.70 to $11.20
easy_sarcasm: folds 
ReVeu710: calls $8.70
*** FLOP *** [4c 5d 5s]
andutu34: checks 
ReVeu710: checks 
*** TURN *** [4c 5d 5s] [Ad]
andutu34: checks 
GuigaMan joins the table at seat #4 
ReVeu710: bets $12.10
BumHuntKing leaves the table
andutu34: calls $12.10
*** RIVER *** [4c 5d 5s Ad] [Ah]
andutu34: checks 
ReVeu710: bets $104.89 and is all-in
andutu34: calls $94.33 and is all-in
Uncalled bet ($10.56) returned to ReVeu710
*** SHOW DOWN ***
ReVeu710: shows [Qh Jh] (two pair, Aces and Fives)
andutu34: shows [Qd As] (a full house, Aces full of Fives)
andutu34 collected $235.26 from pot
*** SUMMARY ***
Total pot $236.26 | Rake $1 
Board [4c 5d 5s Ad Ah]
Seat 2: BumHuntKing
Seat 1: easy_sarcasm (big blind) folded before Flop
Seat 3: reiyser folded before Flop (didn't bet)
Seat 5: ReVeu710 (button) showed [Qh Jh] and lost with two pair, Aces and Fives
Seat 6: andutu34 (small blind) showed [Qd As] and won ($235.26) with a full house, Aces full of Fives



PokerStars Hand #254477867177:  Hold'em No Limit ($0.50/$1.00 USD) - 2025/01/20 0:43:17 WET [2025/01/20 19:43:17 ET]
Table 'Brita III' 6-max Seat #6 is the button
Seat 3: reiyser ($184.71 in chips) is sitting out
Seat 1: easy_sarcasm ($266.38 in chips) 
Seat 4: GuigaMan ($100 in chips) 
Seat 5: ReVeu710 ($100 in chips) 
Seat 6: andutu34 ($235.26 in chips) 
easy_sarcasm: posts small blind $0.50
reiyser: is sitting out 
GuigaMan: posts big blind $1
*** HOLE CARDS ***
ReVeu710: folds 
andutu34: raises $1.49 to $2.49
ReVeu710 leaves the table
reiyser leaves the table
easy_sarcasm: folds 
GuigaMan: folds 
Uncalled bet ($1.49) returned to andutu34
andutu34 collected $2.50 from pot
andutu34: doesn't show hand 
*** SUMMARY ***
Total pot $2.50 | Rake $0 
Seat 3: reiyser
Seat 1: easy_sarcasm (small blind) folded before Flop
Seat 4: GuigaMan (big blind) folded before Flop
Seat 5: ReVeu710 folded before Flop (didn't bet)
Seat 6: andutu34 (button) collected ($2.50)



