PokerStars Hand #254476191021:  Hold'em No Limit ($0.50/$1.00 USD) - 2025/01/20 23:13:35 WET [2025/01/20 18:13:35 ET]
Table 'Hedda IV' 6-max Seat #6 is the button
Seat 3: z00mba ($100 in chips) is sitting out
Seat 1: iStrategist ($100 in chips) 
Seat 2: Cythian182 ($124.83 in chips) 
Seat 4: Xenicide ($100 in chips) 
Seat 5: pr0tecto ($101 in chips) 
Seat 6: Sadyhov V.V. ($100 in chips) 
iStrategist: posts small blind $0.50
Cythian182: posts big blind $1
z00mba: is sitting out 
*** HOLE CARDS ***
z00mba leaves the table
GuigaMan joins the table at seat #3 
Xenicide: folds 
pr0tecto: folds 
Sadyhov V.V.: raises $1.50 to $2.50
iStrategist: folds 
Cythian182: calls $1.50
*** FLOP *** [Ts 2s As]
Cythian182: checks 
Sadyhov V.V.: bets $2.87
Cythian182: folds 
Uncalled bet ($2.87) returned to Sadyhov V.V.
Sadyhov V.V. collected $5.22 from pot
Sadyhov V.V.: doesn't show hand 
*** SUMMARY ***
Total pot $5.50 | Rake $0.28 
Board [Ts 2s As]
Seat 3: z00mba
Seat 1: iStrategist (small blind) folded before Flop
Seat 2: Cythian182 (big blind) folded on the Flop
Seat 4: Xenicide folded before Flop (didn't bet)
Seat 5: pr0tecto folded before Flop (didn't bet)
Seat 6: Sadyhov V.V. (button) collected ($5.22)



PokerStars Hand #254476206349:  Hold'em No Limit ($0.50/$1.00 USD) - 2025/01/20 23:14:35 WET [2025/01/20 18:14:35 ET]
Table 'Hedda IV' 6-max Seat #1 is the button
Seat 1: iStrategist ($100 in chips) 
Seat 2: Cythian182 ($122.33 in chips) 
Seat 3: GuigaMan ($100 in chips) 
Seat 4: Xenicide ($100 in chips) 
Seat 5: pr0tecto ($101 in chips) 
Seat 6: Sadyhov V.V. ($102.72 in chips) 
Cythian182: posts small blind $0.50
GuigaMan: posts big blind $1
*** HOLE CARDS ***
Xenicide: folds 
pr0tecto: folds 
Sadyhov V.V.: folds 
iStrategist: raises $1.50 to $2.50
Cythian182: folds 
GuigaMan: calls $1.50
*** FLOP *** [Kc 9h 2h]
GuigaMan: checks 
iStrategist: bets $1.57
GuigaMan: folds 
Uncalled bet ($1.57) returned to iStrategist
iStrategist collected $5.22 from pot
iStrategist: doesn't show hand 
*** SUMMARY ***
Total pot $5.50 | Rake $0.28 
Board [Kc 9h 2h]
Seat 1: iStrategist (button) collected ($5.22)
Seat 2: Cythian182 (small blind) folded before Flop
Seat 3: GuigaMan (big blind) folded on the Flop
Seat 4: Xenicide folded before Flop (didn't bet)
Seat 5: pr0tecto folded before Flop (didn't bet)
Seat 6: Sadyhov V.V. folded before Flop (didn't bet)



PokerStars Hand #254476220935:  Hold'em No Limit ($0.50/$1.00 USD) - 2025/01/20 23:15:32 WET [2025/01/20 18:15:32 ET]
Table 'Hedda IV' 6-max Seat #2 is the button
Seat 1: iStrategist ($102.72 in chips) 
Seat 2: Cythian182 ($121.83 in chips) 
Seat 3: GuigaMan ($100 in chips) 
Seat 4: Xenicide ($100 in chips) 
Seat 5: pr0tecto ($101 in chips) 
Seat 6: Sadyhov V.V. ($102.72 in chips) 
GuigaMan: posts small blind $0.50
Xenicide: posts big blind $1
*** HOLE CARDS ***
pr0tecto: folds 
Sadyhov V.V.: folds 
iStrategist: raises $1.50 to $2.50
Cythian182: folds 
GuigaMan: folds 
Xenicide: calls $1.50
*** FLOP *** [3h 3s 5h]
Xenicide: checks 
iStrategist: bets $1.57
Xenicide: folds 
Uncalled bet ($1.57) returned to iStrategist
iStrategist collected $5.22 from pot
iStrategist: doesn't show hand 
*** SUMMARY ***
Total pot $5.50 | Rake $0.28 
Board [3h 3s 5h]
Seat 1: iStrategist collected ($5.22)
Seat 2: Cythian182 (button) folded before Flop (didn't bet)
Seat 3: GuigaMan (small blind) folded before Flop
Seat 4: Xenicide (big blind) folded on the Flop
Seat 5: pr0tecto folded before Flop (didn't bet)
Seat 6: Sadyhov V.V. folded before Flop (didn't bet)



PokerStars Hand #254476237844:  Hold'em No Limit ($0.50/$1.00 USD) - 2025/01/20 23:16:38 WET [2025/01/20 18:16:38 ET]
Table 'Hedda IV' 6-max Seat #3 is the button
Seat 1: iStrategist ($105.44 in chips) is sitting out
Seat 5: pr0tecto ($101 in chips) is sitting out
Seat 6: Sadyhov V.V. ($102.72 in chips) is sitting out
Seat 2: Cythian182 ($121.83 in chips) 
Seat 3: GuigaMan ($100 in chips) 
Seat 4: Xenicide ($100 in chips) 
Xenicide: posts small blind $0.50
pr0tecto: is sitting out 
Sadyhov V.V.: is sitting out 
iStrategist: is sitting out 
Cythian182: posts big blind $1
*** HOLE CARDS ***
pr0tecto leaves the table
GuigaMan: folds 
iStrategist leaves the table
Sadyhov V.V. leaves the table
Xenicide: raises $2.50 to $3.50
reiyser joins the table at seat #5 
Cythian182: folds 
Uncalled bet ($2.50) returned to Xenicide
Xenicide collected $2 from pot
*** SUMMARY ***
Total pot $2 | Rake $0 
Seat 1: iStrategist
Seat 5: pr0tecto
Seat 6: Sadyhov V.V.
Seat 2: Cythian182 (big blind) folded before Flop
Seat 3: GuigaMan (button) folded before Flop (didn't bet)
Seat 4: Xenicide (small blind) collected ($2)



PokerStars Hand #254476242010:  Hold'em No Limit ($0.50/$1.00 USD) - 2025/01/20 23:16:54 WET [2025/01/20 18:16:54 ET]
Table 'Hedda IV' 6-max Seat #2 is the button
Seat 3: GuigaMan ($100 in chips) is sitting out
Seat 5: reiyser ($100 in chips) is sitting out
Seat 2: Cythian182 ($120.83 in chips) 
Seat 4: Xenicide ($101 in chips) 
Cythian182: posts small blind $0.50
GuigaMan: is sitting out 
Xenicide: posts big blind $1
*** HOLE CARDS ***
GuigaMan leaves the table
Cythian182: raises $2 to $3
Xenicide: raises $7.50 to $10.50
Cythian182: raises $13.50 to $24
xcinaz joins the table at seat #3 
Xenicide: raises $77 to $101 and is all-in
Cythian182: folds 
Uncalled bet ($77) returned to Xenicide
Xenicide collected $48 from pot
Xenicide: doesn't show hand 
*** SUMMARY ***
Total pot $48 | Rake $0 
Seat 3: GuigaMan
Seat 5: reiyser
Seat 2: Cythian182 (button) (small blind) folded before Flop
Seat 4: Xenicide (big blind) collected ($48)



PokerStars Hand #254476254653:  Hold'em No Limit ($0.50/$1.00 USD) - 2025/01/20 23:17:44 WET [2025/01/20 18:17:44 ET]
Table 'Hedda IV' 6-max Seat #4 is the button
Seat 5: reiyser ($100 in chips) is sitting out
Seat 2: Cythian182 ($96.83 in chips) 
Seat 3: xcinaz ($100 in chips) 
Seat 4: Xenicide ($125 in chips) 
Cythian182: posts small blind $0.50
xcinaz: posts big blind $1
*** HOLE CARDS ***
Xenicide: folds 
Cythian182: folds 
Uncalled bet ($0.50) returned to xcinaz
xcinaz collected $1 from pot
xcinaz: doesn't show hand 
*** SUMMARY ***
Total pot $1 | Rake $0 
Seat 5: reiyser
Seat 2: Cythian182 (small blind) folded before Flop
Seat 3: xcinaz (big blind) collected ($1)
Seat 4: Xenicide (button) folded before Flop (didn't bet)



PokerStars Hand #254476256376:  Hold'em No Limit ($0.50/$1.00 USD) - 2025/01/20 23:17:51 WET [2025/01/20 18:17:51 ET]
Table 'Hedda IV' 6-max Seat #2 is the button
Seat 5: reiyser ($100 in chips) is sitting out
Seat 2: Cythian182 ($96.33 in chips) 
Seat 3: xcinaz ($100.50 in chips) 
Seat 4: Xenicide ($125 in chips) 
xcinaz: posts small blind $0.50
Xenicide: posts big blind $1
reiyser: sits out 
*** HOLE CARDS ***
Cythian182: folds 
xcinaz: folds 
Uncalled bet ($0.50) returned to Xenicide
Xenicide collected $1 from pot
*** SUMMARY ***
Total pot $1 | Rake $0 
Seat 5: reiyser
Seat 2: Cythian182 (button) folded before Flop (didn't bet)
Seat 3: xcinaz (small blind) folded before Flop
Seat 4: Xenicide (big blind) collected ($1)



PokerStars Hand #254476258113:  Hold'em No Limit ($0.50/$1.00 USD) - 2025/01/20 23:17:58 WET [2025/01/20 18:17:58 ET]
Table 'Hedda IV' 6-max Seat #3 is the button
Seat 2: Cythian182 ($96.33 in chips) 
Seat 3: xcinaz ($100 in chips) 
Seat 4: Xenicide ($125.50 in chips) 
Seat 5: reiyser ($100 in chips) 
Xenicide: posts small blind $0.50
reiyser: posts big blind $1
*** HOLE CARDS ***
Cythian182: raises $2 to $3
xcinaz: folds 
Xenicide: raises $7.50 to $10.50
reiyser: folds 
Cythian182: calls $7.50
*** FLOP *** [Ks Kc Qc]
GuigaMan joins the table at seat #6 
pr0tecto joins the table at seat #1 
Xenicide: checks 
Cythian182: bets $6.25
Xenicide: calls $6.25
*** TURN *** [Ks Kc Qc] [6s]
Xenicide: checks 
Cythian182: checks 
*** RIVER *** [Ks Kc Qc 6s] [5s]
Xenicide: checks 
Cythian182: bets $24
Xenicide: folds 
Uncalled bet ($24) returned to Cythian182
Cythian182 collected $33.50 from pot
*** SUMMARY ***
Total pot $34.50 | Rake $1 
Board [Ks Kc Qc 6s 5s]
Seat 2: Cythian182 collected ($33.50)
Seat 3: xcinaz (button) folded before Flop (didn't bet)
Seat 4: Xenicide (small blind) folded on the River
Seat 5: reiyser (big blind) folded before Flop



PokerStars Hand #254476286003:  Hold'em No Limit ($0.50/$1.00 USD) - 2025/01/20 23:19:48 WET [2025/01/20 18:19:48 ET]
Table 'Hedda IV' 6-max Seat #4 is the button
Seat 1: pr0tecto ($101 in chips) is sitting out
Seat 2: Cythian182 ($113.08 in chips) 
Seat 3: xcinaz ($100 in chips) 
Seat 4: Xenicide ($108.75 in chips) 
Seat 5: reiyser ($100 in chips) 
Seat 6: GuigaMan ($100 in chips) 
reiyser: posts small blind $0.50
GuigaMan: posts big blind $1
pr0tecto: sits out 
*** HOLE CARDS ***
Cythian182: folds 
xcinaz: folds 
Xenicide: folds 
reiyser: raises $1.80 to $2.80
GuigaMan: folds 
Uncalled bet ($1.80) returned to reiyser
reiyser collected $2 from pot
reiyser: doesn't show hand 
*** SUMMARY ***
Total pot $2 | Rake $0 
Seat 1: pr0tecto
Seat 2: Cythian182 folded before Flop (didn't bet)
Seat 3: xcinaz folded before Flop (didn't bet)
Seat 4: Xenicide (button) folded before Flop (didn't bet)
Seat 5: reiyser (small blind) collected ($2)
Seat 6: GuigaMan (big blind) folded before Flop



PokerStars Hand #254476289227:  Hold'em No Limit ($0.50/$1.00 USD) - 2025/01/20 23:20:01 WET [2025/01/20 18:20:01 ET]
Table 'Hedda IV' 6-max Seat #5 is the button
Seat 1: pr0tecto ($101 in chips) 
Seat 2: Cythian182 ($113.08 in chips) 
Seat 3: xcinaz ($100 in chips) 
Seat 4: Xenicide ($108.75 in chips) 
Seat 5: reiyser ($101 in chips) 
Seat 6: GuigaMan ($100 in chips) 
GuigaMan: posts small blind $0.50
pr0tecto: posts big blind $1
*** HOLE CARDS ***
Cythian182: folds 
xcinaz: folds 
Xenicide: folds 
reiyser: folds 
GuigaMan: raises $2 to $3
pr0tecto: calls $2
*** FLOP *** [4s Th Jh]
GuigaMan: checks 
pr0tecto: bets $2.91
GuigaMan: folds 
Uncalled bet ($2.91) returned to pr0tecto
pr0tecto collected $5.70 from pot
pr0tecto: doesn't show hand 
*** SUMMARY ***
Total pot $6 | Rake $0.30 
Board [4s Th Jh]
Seat 1: pr0tecto (big blind) collected ($5.70)
Seat 2: Cythian182 folded before Flop (didn't bet)
Seat 3: xcinaz folded before Flop (didn't bet)
Seat 4: Xenicide folded before Flop (didn't bet)
Seat 5: reiyser (button) folded before Flop (didn't bet)
Seat 6: GuigaMan (small blind) folded on the Flop



PokerStars Hand #254476296512:  Hold'em No Limit ($0.50/$1.00 USD) - 2025/01/20 23:20:30 WET [2025/01/20 18:20:30 ET]
Table 'Hedda IV' 6-max Seat #6 is the button
Seat 1: pr0tecto ($103.70 in chips) 
Seat 2: Cythian182 ($113.08 in chips) 
Seat 3: xcinaz ($100 in chips) 
Seat 4: Xenicide ($108.75 in chips) 
Seat 5: reiyser ($101 in chips) 
Seat 6: GuigaMan ($100 in chips) 
pr0tecto: posts small blind $0.50
Cythian182: posts big blind $1
*** HOLE CARDS ***
xcinaz: folds 
Xenicide: folds 
reiyser: raises $1.23 to $2.23
GuigaMan: folds 
pr0tecto: folds 
Cythian182: folds 
Uncalled bet ($1.23) returned to reiyser
reiyser collected $2.50 from pot
reiyser: doesn't show hand 
*** SUMMARY ***
Total pot $2.50 | Rake $0 
Seat 1: pr0tecto (small blind) folded before Flop
Seat 2: Cythian182 (big blind) folded before Flop
Seat 3: xcinaz folded before Flop (didn't bet)
Seat 4: Xenicide folded before Flop (didn't bet)
Seat 5: reiyser collected ($2.50)
Seat 6: GuigaMan (button) folded before Flop (didn't bet)



PokerStars Hand #254476301472:  Hold'em No Limit ($0.50/$1.00 USD) - 2025/01/20 23:20:49 WET [2025/01/20 18:20:49 ET]
Table 'Hedda IV' 6-max Seat #1 is the button
Seat 1: pr0tecto ($103.20 in chips) 
Seat 2: Cythian182 ($112.08 in chips) 
Seat 3: xcinaz ($100 in chips) 
Seat 4: Xenicide ($108.75 in chips) 
Seat 5: reiyser ($102.50 in chips) 
Seat 6: GuigaMan ($100 in chips) 
Cythian182: posts small blind $0.50
xcinaz: posts big blind $1
*** HOLE CARDS ***
Xenicide: folds 
reiyser: folds 
GuigaMan: folds 
pr0tecto: folds 
Cythian182: folds 
Uncalled bet ($0.50) returned to xcinaz
xcinaz collected $1 from pot
xcinaz: doesn't show hand 
*** SUMMARY ***
Total pot $1 | Rake $0 
Seat 1: pr0tecto (button) folded before Flop (didn't bet)
Seat 2: Cythian182 (small blind) folded before Flop
Seat 3: xcinaz (big blind) collected ($1)
Seat 4: Xenicide folded before Flop (didn't bet)
Seat 5: reiyser folded before Flop (didn't bet)
Seat 6: GuigaMan folded before Flop (didn't bet)



PokerStars Hand #254476303559:  Hold'em No Limit ($0.50/$1.00 USD) - 2025/01/20 23:20:58 WET [2025/01/20 18:20:58 ET]
Table 'Hedda IV' 6-max Seat #2 is the button
Seat 1: pr0tecto ($103.20 in chips) 
Seat 2: Cythian182 ($111.58 in chips) 
Seat 3: xcinaz ($100.50 in chips) 
Seat 4: Xenicide ($108.75 in chips) 
Seat 5: reiyser ($102.50 in chips) 
Seat 6: GuigaMan ($100 in chips) 
xcinaz: posts small blind $0.50
Xenicide: posts big blind $1
*** HOLE CARDS ***
reiyser: folds 
GuigaMan: folds 
pr0tecto: raises $1.20 to $2.20
Cythian182: folds 
xcinaz: folds 
Xenicide: folds 
Uncalled bet ($1.20) returned to pr0tecto
pr0tecto collected $2.50 from pot
pr0tecto: doesn't show hand 
*** SUMMARY ***
Total pot $2.50 | Rake $0 
Seat 1: pr0tecto collected ($2.50)
Seat 2: Cythian182 (button) folded before Flop (didn't bet)
Seat 3: xcinaz (small blind) folded before Flop
Seat 4: Xenicide (big blind) folded before Flop
Seat 5: reiyser folded before Flop (didn't bet)
Seat 6: GuigaMan folded before Flop (didn't bet)



PokerStars Hand #254476312103:  Hold'em No Limit ($0.50/$1.00 USD) - 2025/01/20 23:21:31 WET [2025/01/20 18:21:31 ET]
Table 'Hedda IV' 6-max Seat #3 is the button
Seat 1: pr0tecto ($104.70 in chips) 
Seat 2: Cythian182 ($111.58 in chips) 
Seat 3: xcinaz ($100 in chips) 
Seat 4: Xenicide ($107.75 in chips) 
Seat 5: reiyser ($102.50 in chips) 
Seat 6: GuigaMan ($100 in chips) 
Xenicide: posts small blind $0.50
reiyser: posts big blind $1
*** HOLE CARDS ***
GuigaMan: folds 
pr0tecto: folds 
Cythian182: folds 
xcinaz: raises $1.50 to $2.50
Xenicide: folds 
reiyser: folds 
Uncalled bet ($1.50) returned to xcinaz
xcinaz collected $2.50 from pot
xcinaz: doesn't show hand 
*** SUMMARY ***
Total pot $2.50 | Rake $0 
Seat 1: pr0tecto folded before Flop (didn't bet)
Seat 2: Cythian182 folded before Flop (didn't bet)
Seat 3: xcinaz (button) collected ($2.50)
Seat 4: Xenicide (small blind) folded before Flop
Seat 5: reiyser (big blind) folded before Flop
Seat 6: GuigaMan folded before Flop (didn't bet)



PokerStars Hand #254476318788:  Hold'em No Limit ($0.50/$1.00 USD) - 2025/01/20 23:21:57 WET [2025/01/20 18:21:57 ET]
Table 'Hedda IV' 6-max Seat #4 is the button
Seat 1: pr0tecto ($104.70 in chips) 
Seat 2: Cythian182 ($111.58 in chips) 
Seat 3: xcinaz ($101.50 in chips) 
Seat 4: Xenicide ($107.25 in chips) 
Seat 5: reiyser ($101.50 in chips) 
Seat 6: GuigaMan ($100 in chips) 
reiyser: posts small blind $0.50
GuigaMan: posts big blind $1
*** HOLE CARDS ***
pr0tecto: folds 
Cythian182: folds 
xcinaz: folds 
Xenicide: folds 
reiyser: raises $1.80 to $2.80
GuigaMan: folds 
Uncalled bet ($1.80) returned to reiyser
reiyser collected $2 from pot
reiyser: doesn't show hand 
*** SUMMARY ***
Total pot $2 | Rake $0 
Seat 1: pr0tecto folded before Flop (didn't bet)
Seat 2: Cythian182 folded before Flop (didn't bet)
Seat 3: xcinaz folded before Flop (didn't bet)
Seat 4: Xenicide (button) folded before Flop (didn't bet)
Seat 5: reiyser (small blind) collected ($2)
Seat 6: GuigaMan (big blind) folded before Flop



PokerStars Hand #254476325859:  Hold'em No Limit ($0.50/$1.00 USD) - 2025/01/20 23:22:25 WET [2025/01/20 18:22:25 ET]
Table 'Hedda IV' 6-max Seat #5 is the button
Seat 1: pr0tecto ($104.70 in chips) 
Seat 2: Cythian182 ($111.58 in chips) 
Seat 3: xcinaz ($101.50 in chips) 
Seat 4: Xenicide ($107.25 in chips) 
Seat 5: reiyser ($102.50 in chips) 
Seat 6: GuigaMan ($100 in chips) 
GuigaMan: posts small blind $0.50
pr0tecto: posts big blind $1
*** HOLE CARDS ***
Cythian182: raises $2 to $3
xcinaz: folds 
Xenicide: folds 
reiyser: folds 
GuigaMan: folds 
pr0tecto: raises $10 to $13
Cythian182: calls $10
*** FLOP *** [6d 7h 5h]
pr0tecto: checks 
Cythian182: bets $8
pr0tecto: folds 
Uncalled bet ($8) returned to Cythian182
Cythian182 collected $25.18 from pot
*** SUMMARY ***
Total pot $26.50 | Rake $1.32 
Board [6d 7h 5h]
Seat 1: pr0tecto (big blind) folded on the Flop
Seat 2: Cythian182 collected ($25.18)
Seat 3: xcinaz folded before Flop (didn't bet)
Seat 4: Xenicide folded before Flop (didn't bet)
Seat 5: reiyser (button) folded before Flop (didn't bet)
Seat 6: GuigaMan (small blind) folded before Flop



PokerStars Hand #254476338466:  Hold'em No Limit ($0.50/$1.00 USD) - 2025/01/20 23:23:14 WET [2025/01/20 18:23:14 ET]
Table 'Hedda IV' 6-max Seat #6 is the button
Seat 1: pr0tecto ($100 in chips) 
Seat 2: Cythian182 ($123.76 in chips) 
Seat 3: xcinaz ($101.50 in chips) 
Seat 4: Xenicide ($107.25 in chips) 
Seat 5: reiyser ($102.50 in chips) 
Seat 6: GuigaMan ($100 in chips) 
pr0tecto: posts small blind $0.50
Cythian182: posts big blind $1
*** HOLE CARDS ***
xcinaz: folds 
Xenicide: folds 
reiyser: raises $1.23 to $2.23
GuigaMan: folds 
pr0tecto: folds 
Cythian182: folds 
Uncalled bet ($1.23) returned to reiyser
reiyser collected $2.50 from pot
reiyser: doesn't show hand 
*** SUMMARY ***
Total pot $2.50 | Rake $0 
Seat 1: pr0tecto (small blind) folded before Flop
Seat 2: Cythian182 (big blind) folded before Flop
Seat 3: xcinaz folded before Flop (didn't bet)
Seat 4: Xenicide folded before Flop (didn't bet)
Seat 5: reiyser collected ($2.50)
Seat 6: GuigaMan (button) folded before Flop (didn't bet)



PokerStars Hand #254476340968:  Hold'em No Limit ($0.50/$1.00 USD) - 2025/01/20 23:23:24 WET [2025/01/20 18:23:24 ET]
Table 'Hedda IV' 6-max Seat #1 is the button
Seat 1: pr0tecto ($99.50 in chips) 
Seat 2: Cythian182 ($122.76 in chips) 
Seat 3: xcinaz ($101.50 in chips) 
Seat 4: Xenicide ($107.25 in chips) 
Seat 5: reiyser ($104 in chips) 
Seat 6: GuigaMan ($100 in chips) 
Cythian182: posts small blind $0.50
xcinaz: posts big blind $1
*** HOLE CARDS ***
Xenicide: folds 
reiyser: folds 
GuigaMan: folds 
pr0tecto: raises $2 to $3
Cythian182: folds 
xcinaz: folds 
Uncalled bet ($2) returned to pr0tecto
pr0tecto collected $2.50 from pot
pr0tecto: doesn't show hand 
*** SUMMARY ***
Total pot $2.50 | Rake $0 
Seat 1: pr0tecto (button) collected ($2.50)
Seat 2: Cythian182 (small blind) folded before Flop
Seat 3: xcinaz (big blind) folded before Flop
Seat 4: Xenicide folded before Flop (didn't bet)
Seat 5: reiyser folded before Flop (didn't bet)
Seat 6: GuigaMan folded before Flop (didn't bet)



PokerStars Hand #254476344186:  Hold'em No Limit ($0.50/$1.00 USD) - 2025/01/20 23:23:37 WET [2025/01/20 18:23:37 ET]
Table 'Hedda IV' 6-max Seat #2 is the button
Seat 1: pr0tecto ($101 in chips) 
Seat 2: Cythian182 ($122.26 in chips) 
Seat 3: xcinaz ($100.50 in chips) 
Seat 4: Xenicide ($107.25 in chips) 
Seat 5: reiyser ($104 in chips) 
Seat 6: GuigaMan ($100 in chips) 
xcinaz: posts small blind $0.50
Xenicide: posts big blind $1
*** HOLE CARDS ***
reiyser: folds 
GuigaMan: raises $1.10 to $2.10
pr0tecto: folds 
Cythian182: calls $2.10
xcinaz: folds 
Xenicide: calls $1.10
*** FLOP *** [6s Ts 9c]
Xenicide: checks 
GuigaMan: checks 
Cythian182: checks 
*** TURN *** [6s Ts 9c] [3s]
Xenicide: checks 
GuigaMan: bets $4.85
Cythian182: folds 
Xenicide: folds 
Uncalled bet ($4.85) returned to GuigaMan
GuigaMan collected $6.46 from pot
*** SUMMARY ***
Total pot $6.80 | Rake $0.34 
Board [6s Ts 9c 3s]
Seat 1: pr0tecto folded before Flop (didn't bet)
Seat 2: Cythian182 (button) folded on the Turn
Seat 3: xcinaz (small blind) folded before Flop
Seat 4: Xenicide (big blind) folded on the Turn
Seat 5: reiyser folded before Flop (didn't bet)
Seat 6: GuigaMan collected ($6.46)



PokerStars Hand #254476360771:  Hold'em No Limit ($0.50/$1.00 USD) - 2025/01/20 23:24:43 WET [2025/01/20 18:24:43 ET]
Table 'Hedda IV' 6-max Seat #3 is the button
Seat 1: pr0tecto ($101 in chips) 
Seat 2: Cythian182 ($120.16 in chips) 
Seat 3: xcinaz ($100 in chips) 
Seat 4: Xenicide ($105.15 in chips) 
Seat 5: reiyser ($104 in chips) 
Seat 6: GuigaMan ($104.36 in chips) 
Xenicide: posts small blind $0.50
reiyser: posts big blind $1
*** HOLE CARDS ***
GuigaMan: raises $1.10 to $2.10
pr0tecto: folds 
Cythian182: folds 
xcinaz: folds 
Xenicide: folds 
reiyser: folds 
Uncalled bet ($1.10) returned to GuigaMan
GuigaMan collected $2.50 from pot
*** SUMMARY ***
Total pot $2.50 | Rake $0 
Seat 1: pr0tecto folded before Flop (didn't bet)
Seat 2: Cythian182 folded before Flop (didn't bet)
Seat 3: xcinaz (button) folded before Flop (didn't bet)
Seat 4: Xenicide (small blind) folded before Flop
Seat 5: reiyser (big blind) folded before Flop
Seat 6: GuigaMan collected ($2.50)



PokerStars Hand #254476365839:  Hold'em No Limit ($0.50/$1.00 USD) - 2025/01/20 23:25:03 WET [2025/01/20 18:25:03 ET]
Table 'Hedda IV' 6-max Seat #4 is the button
Seat 1: pr0tecto ($101 in chips) 
Seat 2: Cythian182 ($120.16 in chips) 
Seat 3: xcinaz ($100 in chips) 
Seat 4: Xenicide ($104.65 in chips) 
Seat 5: reiyser ($103 in chips) 
Seat 6: GuigaMan ($105.86 in chips) 
reiyser: posts small blind $0.50
GuigaMan: posts big blind $1
*** HOLE CARDS ***
pr0tecto: raises $1.10 to $2.10
Cythian182: folds 
xcinaz: folds 
Xenicide: folds 
reiyser: folds 
GuigaMan: folds 
Uncalled bet ($1.10) returned to pr0tecto
pr0tecto collected $2.50 from pot
pr0tecto: doesn't show hand 
*** SUMMARY ***
Total pot $2.50 | Rake $0 
Seat 1: pr0tecto collected ($2.50)
Seat 2: Cythian182 folded before Flop (didn't bet)
Seat 3: xcinaz folded before Flop (didn't bet)
Seat 4: Xenicide (button) folded before Flop (didn't bet)
Seat 5: reiyser (small blind) folded before Flop
Seat 6: GuigaMan (big blind) folded before Flop



PokerStars Hand #254476371810:  Hold'em No Limit ($0.50/$1.00 USD) - 2025/01/20 23:25:28 WET [2025/01/20 18:25:28 ET]
Table 'Hedda IV' 6-max Seat #5 is the button
Seat 1: pr0tecto ($102.50 in chips) is sitting out
Seat 2: Cythian182 ($120.16 in chips) 
Seat 3: xcinaz ($100 in chips) 
Seat 4: Xenicide ($104.65 in chips) 
Seat 5: reiyser ($102.50 in chips) 
Seat 6: GuigaMan ($104.86 in chips) 
GuigaMan: posts small blind $0.50
pr0tecto: is sitting out 
Cythian182: posts big blind $1
*** HOLE CARDS ***
pr0tecto leaves the table
xcinaz: folds 
Xenicide: folds 
reiyser: folds 
GuigaMan: raises $2 to $3
Cythian182: folds 
Uncalled bet ($2) returned to GuigaMan
GuigaMan collected $2 from pot
*** SUMMARY ***
Total pot $2 | Rake $0 
Seat 1: pr0tecto
Seat 2: Cythian182 (big blind) folded before Flop
Seat 3: xcinaz folded before Flop (didn't bet)
Seat 4: Xenicide folded before Flop (didn't bet)
Seat 5: reiyser (button) folded before Flop (didn't bet)
Seat 6: GuigaMan (small blind) collected ($2)



PokerStars Hand #254476376458:  Hold'em No Limit ($0.50/$1.00 USD) - 2025/01/20 23:25:46 WET [2025/01/20 18:25:46 ET]
Table 'Hedda IV' 6-max Seat #6 is the button
Seat 2: Cythian182 ($119.16 in chips) 
Seat 3: xcinaz ($100 in chips) 
Seat 4: Xenicide ($104.65 in chips) 
Seat 5: reiyser ($102.50 in chips) 
Seat 6: GuigaMan ($105.86 in chips) 
Cythian182: posts small blind $0.50
xcinaz: posts big blind $1
*** HOLE CARDS ***
Xenicide: folds 
reiyser: raises $1.23 to $2.23
GuigaMan: folds 
Cythian182: folds 
xcinaz: folds 
Uncalled bet ($1.23) returned to reiyser
reiyser collected $2.50 from pot
reiyser: doesn't show hand 
*** SUMMARY ***
Total pot $2.50 | Rake $0 
Seat 2: Cythian182 (small blind) folded before Flop
Seat 3: xcinaz (big blind) folded before Flop
Seat 4: Xenicide folded before Flop (didn't bet)
Seat 5: reiyser collected ($2.50)
Seat 6: GuigaMan (button) folded before Flop (didn't bet)



PokerStars Hand #254476381091:  Hold'em No Limit ($0.50/$1.00 USD) - 2025/01/20 23:26:05 WET [2025/01/20 18:26:05 ET]
Table 'Hedda IV' 6-max Seat #2 is the button
Seat 2: Cythian182 ($118.66 in chips) 
Seat 3: xcinaz ($100 in chips) 
Seat 4: Xenicide ($104.65 in chips) 
Seat 5: reiyser ($104 in chips) 
Seat 6: GuigaMan ($105.86 in chips) 
xcinaz: posts small blind $0.50
Xenicide: posts big blind $1
*** HOLE CARDS ***
reiyser: folds 
GuigaMan: folds 
Cythian182: raises $2 to $3
xcinaz: folds 
Xenicide: folds 
Uncalled bet ($2) returned to Cythian182
Cythian182 collected $2.50 from pot
*** SUMMARY ***
Total pot $2.50 | Rake $0 
Seat 2: Cythian182 (button) collected ($2.50)
Seat 3: xcinaz (small blind) folded before Flop
Seat 4: Xenicide (big blind) folded before Flop
Seat 5: reiyser folded before Flop (didn't bet)
Seat 6: GuigaMan folded before Flop (didn't bet)



PokerStars Hand #254476385243:  Hold'em No Limit ($0.50/$1.00 USD) - 2025/01/20 23:26:21 WET [2025/01/20 18:26:21 ET]
Table 'Hedda IV' 6-max Seat #3 is the button
Seat 2: Cythian182 ($120.16 in chips) 
Seat 3: xcinaz ($100 in chips) 
Seat 4: Xenicide ($103.65 in chips) 
Seat 5: reiyser ($104 in chips) 
Seat 6: GuigaMan ($105.86 in chips) 
Xenicide: posts small blind $0.50
reiyser: posts big blind $1
*** HOLE CARDS ***
GuigaMan: folds 
Cythian182: raises $2 to $3
xcinaz: folds 
Xenicide: folds 
reiyser: folds 
Uncalled bet ($2) returned to Cythian182
Cythian182 collected $2.50 from pot
*** SUMMARY ***
Total pot $2.50 | Rake $0 
Seat 2: Cythian182 collected ($2.50)
Seat 3: xcinaz (button) folded before Flop (didn't bet)
Seat 4: Xenicide (small blind) folded before Flop
Seat 5: reiyser (big blind) folded before Flop
Seat 6: GuigaMan folded before Flop (didn't bet)



PokerStars Hand #254476388831:  Hold'em No Limit ($0.50/$1.00 USD) - 2025/01/20 23:26:36 WET [2025/01/20 18:26:36 ET]
Table 'Hedda IV' 6-max Seat #4 is the button
Seat 2: Cythian182 ($121.66 in chips) 
Seat 3: xcinaz ($100 in chips) 
Seat 4: Xenicide ($103.15 in chips) 
Seat 5: reiyser ($103 in chips) 
Seat 6: GuigaMan ($105.86 in chips) 
reiyser: posts small blind $0.50
GuigaMan: posts big blind $1
*** HOLE CARDS ***
Cythian182: folds 
xcinaz: raises $1.20 to $2.20
Xenicide: folds 
reiyser: folds 
GuigaMan: folds 
Uncalled bet ($1.20) returned to xcinaz
xcinaz collected $2.50 from pot
xcinaz: doesn't show hand 
*** SUMMARY ***
Total pot $2.50 | Rake $0 
Seat 2: Cythian182 folded before Flop (didn't bet)
Seat 3: xcinaz collected ($2.50)
Seat 4: Xenicide (button) folded before Flop (didn't bet)
Seat 5: reiyser (small blind) folded before Flop
Seat 6: GuigaMan (big blind) folded before Flop



PokerStars Hand #254476393962:  Hold'em No Limit ($0.50/$1.00 USD) - 2025/01/20 23:26:57 WET [2025/01/20 18:26:57 ET]
Table 'Hedda IV' 6-max Seat #5 is the button
Seat 2: Cythian182 ($121.66 in chips) 
Seat 3: xcinaz ($101.50 in chips) 
Seat 4: Xenicide ($103.15 in chips) 
Seat 5: reiyser ($102.50 in chips) 
Seat 6: GuigaMan ($104.86 in chips) 
GuigaMan: posts small blind $0.50
Cythian182: posts big blind $1
*** HOLE CARDS ***
xcinaz: folds 
Xenicide: raises $1 to $2
reiyser: folds 
GuigaMan: folds 
Cythian182: folds 
Uncalled bet ($1) returned to Xenicide
Xenicide collected $2.50 from pot
*** SUMMARY ***
Total pot $2.50 | Rake $0 
Seat 2: Cythian182 (big blind) folded before Flop
Seat 3: xcinaz folded before Flop (didn't bet)
Seat 4: Xenicide collected ($2.50)
Seat 5: reiyser (button) folded before Flop (didn't bet)
Seat 6: GuigaMan (small blind) folded before Flop



PokerStars Hand #254476399534:  Hold'em No Limit ($0.50/$1.00 USD) - 2025/01/20 23:27:19 WET [2025/01/20 18:27:19 ET]
Table 'Hedda IV' 6-max Seat #6 is the button
Seat 2: Cythian182 ($120.66 in chips) 
Seat 3: xcinaz ($101.50 in chips) 
Seat 4: Xenicide ($104.65 in chips) 
Seat 5: reiyser ($102.50 in chips) 
Seat 6: GuigaMan ($104.36 in chips) 
Cythian182: posts small blind $0.50
xcinaz: posts big blind $1
*** HOLE CARDS ***
Xenicide: folds 
reiyser: folds 
GuigaMan: folds 
Cythian182: raises $2 to $3
xcinaz: raises $6 to $9
Cythian182: folds 
Uncalled bet ($6) returned to xcinaz
xcinaz collected $6 from pot
xcinaz: doesn't show hand 
*** SUMMARY ***
Total pot $6 | Rake $0 
Seat 2: Cythian182 (small blind) folded before Flop
Seat 3: xcinaz (big blind) collected ($6)
Seat 4: Xenicide folded before Flop (didn't bet)
Seat 5: reiyser folded before Flop (didn't bet)
Seat 6: GuigaMan (button) folded before Flop (didn't bet)



PokerStars Hand #254476404601:  Hold'em No Limit ($0.50/$1.00 USD) - 2025/01/20 23:27:40 WET [2025/01/20 18:27:40 ET]
Table 'Hedda IV' 6-max Seat #2 is the button
Seat 2: Cythian182 ($117.66 in chips) 
Seat 3: xcinaz ($104.50 in chips) 
Seat 4: Xenicide ($104.65 in chips) 
Seat 5: reiyser ($102.50 in chips) 
Seat 6: GuigaMan ($104.36 in chips) 
xcinaz: posts small blind $0.50
Xenicide: posts big blind $1
*** HOLE CARDS ***
reiyser: folds 
GuigaMan: raises $1.10 to $2.10
Cythian182: folds 
xcinaz: folds 
Xenicide: calls $1.10
*** FLOP *** [5h 6h Td]
Xenicide: checks 
GuigaMan: bets $3.35
Xenicide: calls $3.35
*** TURN *** [5h 6h Td] [Qs]
Xenicide: checks 
GuigaMan: checks 
*** RIVER *** [5h 6h Td Qs] [9s]
Xenicide: checks 
GuigaMan: checks 
*** SHOW DOWN ***
Xenicide: shows [8c 9c] (a pair of Nines)
GuigaMan: shows [8d 9d] (a pair of Nines)
Xenicide collected $5.42 from pot
GuigaMan collected $5.41 from pot
*** SUMMARY ***
Total pot $11.40 | Rake $0.57 
Board [5h 6h Td Qs 9s]
Seat 2: Cythian182 (button) folded before Flop (didn't bet)
Seat 3: xcinaz (small blind) folded before Flop
Seat 4: Xenicide (big blind) showed [8c 9c] and won ($5.42) with a pair of Nines
Seat 5: reiyser folded before Flop (didn't bet)
Seat 6: GuigaMan showed [8d 9d] and won ($5.41) with a pair of Nines



PokerStars Hand #254476420304:  Hold'em No Limit ($0.50/$1.00 USD) - 2025/01/20 23:28:43 WET [2025/01/20 18:28:43 ET]
Table 'Hedda IV' 6-max Seat #3 is the button
Seat 2: Cythian182 ($117.66 in chips) 
Seat 3: xcinaz ($104 in chips) 
Seat 4: Xenicide ($104.62 in chips) 
Seat 5: reiyser ($102.50 in chips) 
Seat 6: GuigaMan ($104.32 in chips) 
Xenicide: posts small blind $0.50
reiyser: posts big blind $1
*** HOLE CARDS ***
GuigaMan: folds 
Cythian182: folds 
xcinaz: folds 
Xenicide: raises $2.50 to $3.50
reiyser: calls $2.50
*** FLOP *** [Kc 4c 6c]
Joker007r joins the table at seat #1 
Xenicide: checks 
reiyser: checks 
*** TURN *** [Kc 4c 6c] [Jc]
Xenicide: bets $2.06
reiyser: calls $2.06
*** RIVER *** [Kc 4c 6c Jc] [8h]
Xenicide: bets $21.20
reiyser: folds 
Uncalled bet ($21.20) returned to Xenicide
Xenicide collected $10.56 from pot
*** SUMMARY ***
Total pot $11.12 | Rake $0.56 
Board [Kc 4c 6c Jc 8h]
Seat 2: Cythian182 folded before Flop (didn't bet)
Seat 3: xcinaz (button) folded before Flop (didn't bet)
Seat 4: Xenicide (small blind) collected ($10.56)
Seat 5: reiyser (big blind) folded on the River
Seat 6: GuigaMan folded before Flop (didn't bet)



PokerStars Hand #254476444370:  Hold'em No Limit ($0.50/$1.00 USD) - 2025/01/20 23:30:21 WET [2025/01/20 18:30:21 ET]
Table 'Hedda IV' 6-max Seat #4 is the button
Seat 1: Joker007r ($100 in chips) is sitting out
Seat 2: Cythian182 ($117.66 in chips) 
Seat 3: xcinaz ($104 in chips) 
Seat 4: Xenicide ($109.62 in chips) 
Seat 5: reiyser ($100 in chips) 
Seat 6: GuigaMan ($104.32 in chips) 
reiyser: posts small blind $0.50
GuigaMan: posts big blind $1
Joker007r: sits out 
*** HOLE CARDS ***
Cythian182: folds 
xcinaz: raises $1.20 to $2.20
Xenicide: folds 
reiyser: folds 
GuigaMan: folds 
Uncalled bet ($1.20) returned to xcinaz
xcinaz collected $2.50 from pot
xcinaz: doesn't show hand 
*** SUMMARY ***
Total pot $2.50 | Rake $0 
Seat 1: Joker007r
Seat 2: Cythian182 folded before Flop (didn't bet)
Seat 3: xcinaz collected ($2.50)
Seat 4: Xenicide (button) folded before Flop (didn't bet)
Seat 5: reiyser (small blind) folded before Flop
Seat 6: GuigaMan (big blind) folded before Flop



PokerStars Hand #254476451061:  Hold'em No Limit ($0.50/$1.00 USD) - 2025/01/20 23:30:48 WET [2025/01/20 18:30:48 ET]
Table 'Hedda IV' 6-max Seat #5 is the button
Seat 1: Joker007r ($100 in chips) 
Seat 2: Cythian182 ($117.66 in chips) 
Seat 3: xcinaz ($105.50 in chips) 
Seat 4: Xenicide ($109.62 in chips) 
Seat 5: reiyser ($100 in chips) 
Seat 6: GuigaMan ($103.32 in chips) 
GuigaMan: posts small blind $0.50
Joker007r: posts big blind $1
*** HOLE CARDS ***
Cythian182: raises $2 to $3
xcinaz: folds 
Xenicide: folds 
reiyser: folds 
GuigaMan: raises $9 to $12
Joker007r: folds 
Cythian182: calls $9
*** FLOP *** [4d 8h 3h]
GuigaMan: bets $17.81
Cythian182: folds 
Uncalled bet ($17.81) returned to GuigaMan
GuigaMan collected $23.75 from pot
*** SUMMARY ***
Total pot $25 | Rake $1.25 
Board [4d 8h 3h]
Seat 1: Joker007r (big blind) folded before Flop
Seat 2: Cythian182 folded on the Flop
Seat 3: xcinaz folded before Flop (didn't bet)
Seat 4: Xenicide folded before Flop (didn't bet)
Seat 5: reiyser (button) folded before Flop (didn't bet)
Seat 6: GuigaMan (small blind) collected ($23.75)



PokerStars Hand #254476463810:  Hold'em No Limit ($0.50/$1.00 USD) - 2025/01/20 23:31:40 WET [2025/01/20 18:31:40 ET]
Table 'Hedda IV' 6-max Seat #6 is the button
Seat 1: Joker007r ($100 in chips) 
Seat 2: Cythian182 ($105.66 in chips) 
Seat 3: xcinaz ($105.50 in chips) 
Seat 4: Xenicide ($109.62 in chips) 
Seat 5: reiyser ($100 in chips) 
Seat 6: GuigaMan ($115.07 in chips) 
Joker007r: posts small blind $0.50
Cythian182: posts big blind $1
*** HOLE CARDS ***
xcinaz: folds 
Xenicide: folds 
reiyser: raises $1.23 to $2.23
GuigaMan: folds 
Joker007r: raises $7.77 to $10
Cythian182: folds 
reiyser: calls $7.77
*** FLOP *** [9c 4s Qh]
Joker007r: checks 
reiyser: bets $10.37
Joker007r: folds 
Uncalled bet ($10.37) returned to reiyser
reiyser collected $19.95 from pot
reiyser: doesn't show hand 
*** SUMMARY ***
Total pot $21 | Rake $1.05 
Board [9c 4s Qh]
Seat 1: Joker007r (small blind) folded on the Flop
Seat 2: Cythian182 (big blind) folded before Flop
Seat 3: xcinaz folded before Flop (didn't bet)
Seat 4: Xenicide folded before Flop (didn't bet)
Seat 5: reiyser collected ($19.95)
Seat 6: GuigaMan (button) folded before Flop (didn't bet)



PokerStars Hand #254476480285:  Hold'em No Limit ($0.50/$1.00 USD) - 2025/01/20 23:32:46 WET [2025/01/20 18:32:46 ET]
Table 'Hedda IV' 6-max Seat #1 is the button
Seat 1: Joker007r ($100 in chips) 
Seat 2: Cythian182 ($104.66 in chips) 
Seat 3: xcinaz ($105.50 in chips) 
Seat 4: Xenicide ($109.62 in chips) 
Seat 5: reiyser ($109.95 in chips) 
Seat 6: GuigaMan ($115.07 in chips) 
Cythian182: posts small blind $0.50
xcinaz: posts big blind $1
*** HOLE CARDS ***
Xenicide: folds 
reiyser: folds 
GuigaMan: raises $1.10 to $2.10
Joker007r: raises $4.20 to $6.30
Cythian182: folds 
xcinaz: folds 
GuigaMan: calls $4.20
*** FLOP *** [Qd Jd Tc]
GuigaMan: checks 
Joker007r: bets $4.42
GuigaMan: calls $4.42
*** TURN *** [Qd Jd Tc] [2c]
GuigaMan: checks 
Joker007r: checks 
*** RIVER *** [Qd Jd Tc 2c] [3s]
GuigaMan: bets $18
Joker007r: calls $18
*** SHOW DOWN ***
GuigaMan: shows [8s 9s] (a straight, Eight to Queen)
Joker007r: mucks hand 
GuigaMan collected $56.44 from pot
*** SUMMARY ***
Total pot $58.94 | Rake $2.50 
Board [Qd Jd Tc 2c 3s]
Seat 1: Joker007r (button) mucked
Seat 2: Cythian182 (small blind) folded before Flop
Seat 3: xcinaz (big blind) folded before Flop
Seat 4: Xenicide folded before Flop (didn't bet)
Seat 5: reiyser folded before Flop (didn't bet)
Seat 6: GuigaMan showed [8s 9s] and won ($56.44) with a straight, Eight to Queen



PokerStars Hand #254476497693:  Hold'em No Limit ($0.50/$1.00 USD) - 2025/01/20 23:33:57 WET [2025/01/20 18:33:57 ET]
Table 'Hedda IV' 6-max Seat #2 is the button
Seat 1: Joker007r ($100 in chips) 
Seat 2: Cythian182 ($104.16 in chips) 
Seat 3: xcinaz ($104.50 in chips) 
Seat 4: Xenicide ($109.62 in chips) 
Seat 5: reiyser ($109.95 in chips) 
Seat 6: GuigaMan ($142.79 in chips) 
xcinaz: posts small blind $0.50
Xenicide: posts big blind $1
*** HOLE CARDS ***
reiyser: folds 
GuigaMan: folds 
Joker007r: folds 
Cythian182: folds 
xcinaz: folds 
Uncalled bet ($0.50) returned to Xenicide
Xenicide collected $1 from pot
*** SUMMARY ***
Total pot $1 | Rake $0 
Seat 1: Joker007r folded before Flop (didn't bet)
Seat 2: Cythian182 (button) folded before Flop (didn't bet)
Seat 3: xcinaz (small blind) folded before Flop
Seat 4: Xenicide (big blind) collected ($1)
Seat 5: reiyser folded before Flop (didn't bet)
Seat 6: GuigaMan folded before Flop (didn't bet)



PokerStars Hand #254476506526:  Hold'em No Limit ($0.50/$1.00 USD) - 2025/01/20 23:34:34 WET [2025/01/20 18:34:34 ET]
Table 'Hedda IV' 6-max Seat #3 is the button
Seat 1: Joker007r ($100 in chips) 
Seat 2: Cythian182 ($104.16 in chips) 
Seat 3: xcinaz ($104 in chips) 
Seat 4: Xenicide ($110.12 in chips) 
Seat 5: reiyser ($109.95 in chips) 
Seat 6: GuigaMan ($142.79 in chips) 
Xenicide: posts small blind $0.50
reiyser: posts big blind $1
*** HOLE CARDS ***
GuigaMan: folds 
Joker007r: raises $2 to $3
Cythian182: folds 
xcinaz: folds 
Xenicide: folds 
reiyser: folds 
Uncalled bet ($2) returned to Joker007r
Joker007r collected $2.50 from pot
Joker007r: doesn't show hand 
*** SUMMARY ***
Total pot $2.50 | Rake $0 
Seat 1: Joker007r collected ($2.50)
Seat 2: Cythian182 folded before Flop (didn't bet)
Seat 3: xcinaz (button) folded before Flop (didn't bet)
Seat 4: Xenicide (small blind) folded before Flop
Seat 5: reiyser (big blind) folded before Flop
Seat 6: GuigaMan folded before Flop (didn't bet)



PokerStars Hand #254476515151:  Hold'em No Limit ($0.50/$1.00 USD) - 2025/01/20 23:35:09 WET [2025/01/20 18:35:09 ET]
Table 'Hedda IV' 6-max Seat #4 is the button
Seat 1: Joker007r ($101.50 in chips) 
Seat 2: Cythian182 ($104.16 in chips) 
Seat 3: xcinaz ($104 in chips) 
Seat 4: Xenicide ($109.62 in chips) 
Seat 5: reiyser ($108.95 in chips) 
Seat 6: GuigaMan ($142.79 in chips) 
reiyser: posts small blind $0.50
GuigaMan: posts big blind $1
*** HOLE CARDS ***
Joker007r: folds 
Cythian182: folds 
xcinaz: folds 
Xenicide: raises $1.25 to $2.25
reiyser: folds 
GuigaMan: calls $1.25
*** FLOP *** [Qh Kc 3h]
GuigaMan: checks 
Xenicide: bets $1.19
GuigaMan: folds 
Uncalled bet ($1.19) returned to Xenicide
Xenicide collected $4.75 from pot
*** SUMMARY ***
Total pot $5 | Rake $0.25 
Board [Qh Kc 3h]
Seat 1: Joker007r folded before Flop (didn't bet)
Seat 2: Cythian182 folded before Flop (didn't bet)
Seat 3: xcinaz folded before Flop (didn't bet)
Seat 4: Xenicide (button) collected ($4.75)
Seat 5: reiyser (small blind) folded before Flop
Seat 6: GuigaMan (big blind) folded on the Flop



PokerStars Hand #254476521605:  Hold'em No Limit ($0.50/$1.00 USD) - 2025/01/20 23:35:35 WET [2025/01/20 18:35:35 ET]
Table 'Hedda IV' 6-max Seat #5 is the button
Seat 1: Joker007r ($101.50 in chips) is sitting out
Seat 2: Cythian182 ($104.16 in chips) 
Seat 3: xcinaz ($104 in chips) 
Seat 4: Xenicide ($112.12 in chips) 
Seat 5: reiyser ($108.45 in chips) 
Seat 6: GuigaMan ($140.54 in chips) 
GuigaMan: posts small blind $0.50
Joker007r: is sitting out 
Joker007r leaves the table
Cythian182: posts big blind $1
*** HOLE CARDS ***
xcinaz: folds 
Xenicide: folds 
reiyser: raises $1.23 to $2.23
Cositorto joins the table at seat #1 
GuigaMan: folds 
Cythian182: folds 
Uncalled bet ($1.23) returned to reiyser
reiyser collected $2.50 from pot
reiyser: doesn't show hand 
*** SUMMARY ***
Total pot $2.50 | Rake $0 
Seat 1: Joker007r
Seat 2: Cythian182 (big blind) folded before Flop
Seat 3: xcinaz folded before Flop (didn't bet)
Seat 4: Xenicide folded before Flop (didn't bet)
Seat 5: reiyser (button) collected ($2.50)
Seat 6: GuigaMan (small blind) folded before Flop



PokerStars Hand #254476527786:  Hold'em No Limit ($0.50/$1.00 USD) - 2025/01/20 23:36:01 WET [2025/01/20 18:36:01 ET]
Table 'Hedda IV' 6-max Seat #6 is the button
Seat 1: Cositorto ($100 in chips) is sitting out
Seat 2: Cythian182 ($103.16 in chips) 
Seat 3: xcinaz ($104 in chips) 
Seat 4: Xenicide ($112.12 in chips) 
Seat 5: reiyser ($109.95 in chips) 
Seat 6: GuigaMan ($140.04 in chips) 
Cythian182: posts small blind $0.50
xcinaz: posts big blind $1
*** HOLE CARDS ***
Xenicide: folds 
reiyser: folds 
GuigaMan: raises $1.10 to $2.10
Cythian182: folds 
xcinaz: calls $1.10
*** FLOP *** [Qs 7h 5s]
xcinaz: checks 
GuigaMan: bets $2.41
xcinaz: folds 
Uncalled bet ($2.41) returned to GuigaMan
GuigaMan collected $4.46 from pot
*** SUMMARY ***
Total pot $4.70 | Rake $0.24 
Board [Qs 7h 5s]
Seat 1: Cositorto
Seat 2: Cythian182 (small blind) folded before Flop
Seat 3: xcinaz (big blind) folded on the Flop
Seat 4: Xenicide folded before Flop (didn't bet)
Seat 5: reiyser folded before Flop (didn't bet)
Seat 6: GuigaMan (button) collected ($4.46)



PokerStars Hand #254476535533:  Hold'em No Limit ($0.50/$1.00 USD) - 2025/01/20 23:36:33 WET [2025/01/20 18:36:33 ET]
Table 'Hedda IV' 6-max Seat #2 is the button
Seat 1: Cositorto ($100 in chips) is sitting out
Seat 2: Cythian182 ($102.66 in chips) 
Seat 3: xcinaz ($101.90 in chips) 
Seat 4: Xenicide ($112.12 in chips) 
Seat 5: reiyser ($109.95 in chips) 
Seat 6: GuigaMan ($142.40 in chips) 
xcinaz: posts small blind $0.50
Xenicide: posts big blind $1
Cositorto: sits out 
*** HOLE CARDS ***
reiyser: folds 
GuigaMan: folds 
Cythian182: raises $2 to $3
xcinaz: folds 
Xenicide: raises $7.50 to $10.50
Cythian182: calls $7.50
*** FLOP *** [7s 5h 5d]
Xenicide: bets $5.11
Cythian182: calls $5.11
*** TURN *** [7s 5h 5d] [6h]
Xenicide: checks 
Cythian182: checks 
*** RIVER *** [7s 5h 5d 6h] [Js]
Xenicide: checks 
Cythian182: bets $5
Xenicide: raises $91.51 to $96.51 and is all-in
Cythian182: folds 
Uncalled bet ($91.51) returned to Xenicide
Xenicide collected $39.63 from pot
*** SUMMARY ***
Total pot $41.72 | Rake $2.09 
Board [7s 5h 5d 6h Js]
Seat 1: Cositorto
Seat 2: Cythian182 (button) folded on the River
Seat 3: xcinaz (small blind) folded before Flop
Seat 4: Xenicide (big blind) collected ($39.63)
Seat 5: reiyser folded before Flop (didn't bet)
Seat 6: GuigaMan folded before Flop (didn't bet)



PokerStars Hand #254476565245:  Hold'em No Limit ($0.50/$1.00 USD) - 2025/01/20 23:38:35 WET [2025/01/20 18:38:35 ET]
Table 'Hedda IV' 6-max Seat #3 is the button
Seat 1: Cositorto ($100 in chips) is sitting out
Seat 2: Cythian182 ($82.05 in chips) 
Seat 3: xcinaz ($101.40 in chips) 
Seat 4: Xenicide ($131.14 in chips) 
Seat 5: reiyser ($109.95 in chips) 
Seat 6: GuigaMan ($142.40 in chips) 
Xenicide: posts small blind $0.50
reiyser: posts big blind $1
Cositorto: sits out 
*** HOLE CARDS ***
GuigaMan: folds 
Cythian182: folds 
xcinaz: folds 
Xenicide: raises $2.50 to $3.50
reiyser: folds 
Uncalled bet ($2.50) returned to Xenicide
Xenicide collected $2 from pot
*** SUMMARY ***
Total pot $2 | Rake $0 
Seat 1: Cositorto
Seat 2: Cythian182 folded before Flop (didn't bet)
Seat 3: xcinaz (button) folded before Flop (didn't bet)
Seat 4: Xenicide (small blind) collected ($2)
Seat 5: reiyser (big blind) folded before Flop
Seat 6: GuigaMan folded before Flop (didn't bet)



PokerStars Hand #254476572000:  Hold'em No Limit ($0.50/$1.00 USD) - 2025/01/20 23:39:04 WET [2025/01/20 18:39:04 ET]
Table 'Hedda IV' 6-max Seat #4 is the button
Seat 1: Cositorto ($100 in chips) is sitting out
Seat 2: Cythian182 ($82.05 in chips) 
Seat 3: xcinaz ($101.40 in chips) 
Seat 4: Xenicide ($132.14 in chips) 
Seat 5: reiyser ($108.95 in chips) 
Seat 6: GuigaMan ($142.40 in chips) 
reiyser: posts small blind $0.50
GuigaMan: posts big blind $1
Cositorto: sits out 
*** HOLE CARDS ***
Cythian182: folds 
xcinaz: raises $1.20 to $2.20
Xenicide: folds 
reiyser: folds 
GuigaMan: folds 
Uncalled bet ($1.20) returned to xcinaz
xcinaz collected $2.50 from pot
xcinaz: doesn't show hand 
*** SUMMARY ***
Total pot $2.50 | Rake $0 
Seat 1: Cositorto
Seat 2: Cythian182 folded before Flop (didn't bet)
Seat 3: xcinaz collected ($2.50)
Seat 4: Xenicide (button) folded before Flop (didn't bet)
Seat 5: reiyser (small blind) folded before Flop
Seat 6: GuigaMan (big blind) folded before Flop



PokerStars Hand #254476575717:  Hold'em No Limit ($0.50/$1.00 USD) - 2025/01/20 23:39:19 WET [2025/01/20 18:39:19 ET]
Table 'Hedda IV' 6-max Seat #5 is the button
Seat 1: Cositorto ($100 in chips) 
Seat 2: Cythian182 ($82.05 in chips) 
Seat 3: xcinaz ($102.90 in chips) 
Seat 4: Xenicide ($132.14 in chips) 
Seat 5: reiyser ($108.45 in chips) 
Seat 6: GuigaMan ($141.40 in chips) 
GuigaMan: posts small blind $0.50
Cositorto: posts big blind $1
*** HOLE CARDS ***
Cythian182: folds 
xcinaz: folds 
Xenicide: folds 
reiyser: raises $1.23 to $2.23
GuigaMan: folds 
Cositorto: folds 
Uncalled bet ($1.23) returned to reiyser
reiyser collected $2.50 from pot
reiyser: doesn't show hand 
*** SUMMARY ***
Total pot $2.50 | Rake $0 
Seat 1: Cositorto (big blind) folded before Flop
Seat 2: Cythian182 folded before Flop (didn't bet)
Seat 3: xcinaz folded before Flop (didn't bet)
Seat 4: Xenicide folded before Flop (didn't bet)
Seat 5: reiyser (button) collected ($2.50)
Seat 6: GuigaMan (small blind) folded before Flop



PokerStars Hand #254476580355:  Hold'em No Limit ($0.50/$1.00 USD) - 2025/01/20 23:39:39 WET [2025/01/20 18:39:39 ET]
Table 'Hedda IV' 6-max Seat #6 is the button
Seat 1: Cositorto ($100 in chips) 
Seat 2: Cythian182 ($82.05 in chips) 
Seat 3: xcinaz ($102.90 in chips) 
Seat 4: Xenicide ($132.14 in chips) 
Seat 5: reiyser ($109.95 in chips) 
Seat 6: GuigaMan ($140.90 in chips) 
Cositorto: posts small blind $0.50
Cythian182: posts big blind $1
*** HOLE CARDS ***
xcinaz: folds 
Xenicide: folds 
reiyser: folds 
GuigaMan: folds 
Cositorto: folds 
Uncalled bet ($0.50) returned to Cythian182
Cythian182 collected $1 from pot
*** SUMMARY ***
Total pot $1 | Rake $0 
Seat 1: Cositorto (small blind) folded before Flop
Seat 2: Cythian182 (big blind) collected ($1)
Seat 3: xcinaz folded before Flop (didn't bet)
Seat 4: Xenicide folded before Flop (didn't bet)
Seat 5: reiyser folded before Flop (didn't bet)
Seat 6: GuigaMan (button) folded before Flop (didn't bet)



PokerStars Hand #254476584939:  Hold'em No Limit ($0.50/$1.00 USD) - 2025/01/20 23:39:58 WET [2025/01/20 18:39:58 ET]
Table 'Hedda IV' 6-max Seat #1 is the button
Seat 1: Cositorto ($100 in chips) 
Seat 2: Cythian182 ($82.55 in chips) 
Seat 3: xcinaz ($102.90 in chips) 
Seat 4: Xenicide ($132.14 in chips) 
Seat 5: reiyser ($109.95 in chips) 
Seat 6: GuigaMan ($140.90 in chips) 
Cythian182: posts small blind $0.50
xcinaz: posts big blind $1
*** HOLE CARDS ***
Xenicide: folds 
reiyser: folds 
GuigaMan: folds 
Cositorto: raises $1.50 to $2.50
Cythian182: folds 
xcinaz: folds 
Uncalled bet ($1.50) returned to Cositorto
Cositorto collected $2.50 from pot
Cositorto: doesn't show hand 
*** SUMMARY ***
Total pot $2.50 | Rake $0 
Seat 1: Cositorto (button) collected ($2.50)
Seat 2: Cythian182 (small blind) folded before Flop
Seat 3: xcinaz (big blind) folded before Flop
Seat 4: Xenicide folded before Flop (didn't bet)
Seat 5: reiyser folded before Flop (didn't bet)
Seat 6: GuigaMan folded before Flop (didn't bet)



PokerStars Hand #254476590948:  Hold'em No Limit ($0.50/$1.00 USD) - 2025/01/20 23:40:23 WET [2025/01/20 18:40:23 ET]
Table 'Hedda IV' 6-max Seat #2 is the button
Seat 1: Cositorto ($101.50 in chips) 
Seat 2: Cythian182 ($82.05 in chips) 
Seat 3: xcinaz ($101.90 in chips) 
Seat 4: Xenicide ($132.14 in chips) 
Seat 5: reiyser ($109.95 in chips) 
Seat 6: GuigaMan ($140.90 in chips) 
xcinaz: posts small blind $0.50
Xenicide: posts big blind $1
*** HOLE CARDS ***
reiyser: folds 
GuigaMan: raises $1.10 to $2.10
Cositorto: folds 
Cythian182: folds 
xcinaz: folds 
Xenicide: folds 
Uncalled bet ($1.10) returned to GuigaMan
GuigaMan collected $2.50 from pot
*** SUMMARY ***
Total pot $2.50 | Rake $0 
Seat 1: Cositorto folded before Flop (didn't bet)
Seat 2: Cythian182 (button) folded before Flop (didn't bet)
Seat 3: xcinaz (small blind) folded before Flop
Seat 4: Xenicide (big blind) folded before Flop
Seat 5: reiyser folded before Flop (didn't bet)
Seat 6: GuigaMan collected ($2.50)



PokerStars Hand #254476597015:  Hold'em No Limit ($0.50/$1.00 USD) - 2025/01/20 23:40:49 WET [2025/01/20 18:40:49 ET]
Table 'Hedda IV' 6-max Seat #3 is the button
Seat 1: Cositorto ($101.50 in chips) 
Seat 2: Cythian182 ($82.05 in chips) 
Seat 3: xcinaz ($101.40 in chips) 
Seat 4: Xenicide ($131.14 in chips) 
Seat 5: reiyser ($109.95 in chips) 
Seat 6: GuigaMan ($142.40 in chips) 
Xenicide: posts small blind $0.50
reiyser: posts big blind $1
*** HOLE CARDS ***
GuigaMan: folds 
Cositorto: folds 
Cythian182: folds 
xcinaz: folds 
Xenicide: folds 
Uncalled bet ($0.50) returned to reiyser
reiyser collected $1 from pot
reiyser: doesn't show hand 
*** SUMMARY ***
Total pot $1 | Rake $0 
Seat 1: Cositorto folded before Flop (didn't bet)
Seat 2: Cythian182 folded before Flop (didn't bet)
Seat 3: xcinaz (button) folded before Flop (didn't bet)
Seat 4: Xenicide (small blind) folded before Flop
Seat 5: reiyser (big blind) collected ($1)
Seat 6: GuigaMan folded before Flop (didn't bet)



PokerStars Hand #254476600403:  Hold'em No Limit ($0.50/$1.00 USD) - 2025/01/20 23:41:03 WET [2025/01/20 18:41:03 ET]
Table 'Hedda IV' 6-max Seat #4 is the button
Seat 1: Cositorto ($101.50 in chips) 
Seat 2: Cythian182 ($82.05 in chips) 
Seat 3: xcinaz ($101.40 in chips) 
Seat 4: Xenicide ($130.64 in chips) 
Seat 5: reiyser ($110.45 in chips) 
Seat 6: GuigaMan ($142.40 in chips) 
reiyser: posts small blind $0.50
GuigaMan: posts big blind $1
*** HOLE CARDS ***
Cositorto: folds 
Cythian182: folds 
xcinaz: folds 
Xenicide: folds 
reiyser: folds 
Uncalled bet ($0.50) returned to GuigaMan
GuigaMan collected $1 from pot
*** SUMMARY ***
Total pot $1 | Rake $0 
Seat 1: Cositorto folded before Flop (didn't bet)
Seat 2: Cythian182 folded before Flop (didn't bet)
Seat 3: xcinaz folded before Flop (didn't bet)
Seat 4: Xenicide (button) folded before Flop (didn't bet)
Seat 5: reiyser (small blind) folded before Flop
Seat 6: GuigaMan (big blind) collected ($1)



PokerStars Hand #254476603124:  Hold'em No Limit ($0.50/$1.00 USD) - 2025/01/20 23:41:14 WET [2025/01/20 18:41:14 ET]
Table 'Hedda IV' 6-max Seat #5 is the button
Seat 1: Cositorto ($101.50 in chips) 
Seat 2: Cythian182 ($82.05 in chips) 
Seat 3: xcinaz ($101.40 in chips) 
Seat 4: Xenicide ($130.64 in chips) 
Seat 5: reiyser ($109.95 in chips) 
Seat 6: GuigaMan ($142.90 in chips) 
GuigaMan: posts small blind $0.50
Cositorto: posts big blind $1
*** HOLE CARDS ***
Cythian182: raises $2 to $3
xcinaz: folds 
Xenicide: folds 
reiyser: folds 
GuigaMan: folds 
Cositorto: raises $10.50 to $13.50
Cythian182: calls $10.50
*** FLOP *** [3d Ks Ah]
Cositorto: bets $3.13
Cythian182: calls $3.13
*** TURN *** [3d Ks Ah] [Qs]
Cositorto: bets $16.04
Cythian182: folds 
Uncalled bet ($16.04) returned to Cositorto
Cositorto collected $32.07 from pot
Cositorto: doesn't show hand 
*** SUMMARY ***
Total pot $33.76 | Rake $1.69 
Board [3d Ks Ah Qs]
Seat 1: Cositorto (big blind) collected ($32.07)
Seat 2: Cythian182 folded on the Turn
Seat 3: xcinaz folded before Flop (didn't bet)
Seat 4: Xenicide folded before Flop (didn't bet)
Seat 5: reiyser (button) folded before Flop (didn't bet)
Seat 6: GuigaMan (small blind) folded before Flop



PokerStars Hand #254476618540:  Hold'em No Limit ($0.50/$1.00 USD) - 2025/01/20 23:42:19 WET [2025/01/20 18:42:19 ET]
Table 'Hedda IV' 6-max Seat #6 is the button
Seat 1: Cositorto ($116.94 in chips) 
Seat 2: Cythian182 ($65.42 in chips) 
Seat 3: xcinaz ($101.40 in chips) 
Seat 4: Xenicide ($130.64 in chips) 
Seat 5: reiyser ($109.95 in chips) 
Seat 6: GuigaMan ($142.40 in chips) 
Cositorto: posts small blind $0.50
Cythian182: posts big blind $1
*** HOLE CARDS ***
xcinaz: folds 
Xenicide: folds 
reiyser: folds 
GuigaMan: folds 
Cositorto: folds 
Uncalled bet ($0.50) returned to Cythian182
Cythian182 collected $1 from pot
*** SUMMARY ***
Total pot $1 | Rake $0 
Seat 1: Cositorto (small blind) folded before Flop
Seat 2: Cythian182 (big blind) collected ($1)
Seat 3: xcinaz folded before Flop (didn't bet)
Seat 4: Xenicide folded before Flop (didn't bet)
Seat 5: reiyser folded before Flop (didn't bet)
Seat 6: GuigaMan (button) folded before Flop (didn't bet)



PokerStars Hand #254476623606:  Hold'em No Limit ($0.50/$1.00 USD) - 2025/01/20 23:42:40 WET [2025/01/20 18:42:40 ET]
Table 'Hedda IV' 6-max Seat #1 is the button
Seat 1: Cositorto ($116.44 in chips) 
Seat 2: Cythian182 ($65.92 in chips) 
Seat 3: xcinaz ($101.40 in chips) 
Seat 4: Xenicide ($130.64 in chips) 
Seat 5: reiyser ($109.95 in chips) 
Seat 6: GuigaMan ($142.40 in chips) 
Cythian182: posts small blind $0.50
xcinaz: posts big blind $1
*** HOLE CARDS ***
Xenicide: raises $1 to $2
reiyser: folds 
GuigaMan: folds 
Cositorto: folds 
Cythian182: folds 
xcinaz: folds 
Uncalled bet ($1) returned to Xenicide
Xenicide collected $2.50 from pot
*** SUMMARY ***
Total pot $2.50 | Rake $0 
Seat 1: Cositorto (button) folded before Flop (didn't bet)
Seat 2: Cythian182 (small blind) folded before Flop
Seat 3: xcinaz (big blind) folded before Flop
Seat 4: Xenicide collected ($2.50)
Seat 5: reiyser folded before Flop (didn't bet)
Seat 6: GuigaMan folded before Flop (didn't bet)



PokerStars Hand #254476630321:  Hold'em No Limit ($0.50/$1.00 USD) - 2025/01/20 23:43:09 WET [2025/01/20 18:43:09 ET]
Table 'Hedda IV' 6-max Seat #2 is the button
Seat 1: Cositorto ($116.44 in chips) 
Seat 2: Cythian182 ($65.42 in chips) 
Seat 3: xcinaz ($100.40 in chips) 
Seat 4: Xenicide ($132.14 in chips) 
Seat 5: reiyser ($109.95 in chips) 
Seat 6: GuigaMan ($142.40 in chips) 
xcinaz: posts small blind $0.50
Xenicide: posts big blind $1
*** HOLE CARDS ***
reiyser: folds 
GuigaMan: folds 
Cositorto: folds 
Cythian182: folds 
xcinaz: folds 
Uncalled bet ($0.50) returned to Xenicide
Xenicide collected $1 from pot
*** SUMMARY ***
Total pot $1 | Rake $0 
Seat 1: Cositorto folded before Flop (didn't bet)
Seat 2: Cythian182 (button) folded before Flop (didn't bet)
Seat 3: xcinaz (small blind) folded before Flop
Seat 4: Xenicide (big blind) collected ($1)
Seat 5: reiyser folded before Flop (didn't bet)
Seat 6: GuigaMan folded before Flop (didn't bet)



PokerStars Hand #254476634131:  Hold'em No Limit ($0.50/$1.00 USD) - 2025/01/20 23:43:25 WET [2025/01/20 18:43:25 ET]
Table 'Hedda IV' 6-max Seat #3 is the button
Seat 1: Cositorto ($116.44 in chips) 
Seat 2: Cythian182 ($65.42 in chips) 
Seat 3: xcinaz ($100 in chips) 
Seat 4: Xenicide ($132.64 in chips) 
Seat 5: reiyser ($109.95 in chips) 
Seat 6: GuigaMan ($142.40 in chips) 
Xenicide: posts small blind $0.50
reiyser: posts big blind $1
*** HOLE CARDS ***
GuigaMan: folds 
Cositorto: folds 
Cythian182: folds 
xcinaz: raises $1.50 to $2.50
Xenicide: folds 
reiyser: folds 
Uncalled bet ($1.50) returned to xcinaz
xcinaz collected $2.50 from pot
xcinaz: doesn't show hand 
*** SUMMARY ***
Total pot $2.50 | Rake $0 
Seat 1: Cositorto folded before Flop (didn't bet)
Seat 2: Cythian182 folded before Flop (didn't bet)
Seat 3: xcinaz (button) collected ($2.50)
Seat 4: Xenicide (small blind) folded before Flop
Seat 5: reiyser (big blind) folded before Flop
Seat 6: GuigaMan folded before Flop (didn't bet)



PokerStars Hand #254476641163:  Hold'em No Limit ($0.50/$1.00 USD) - 2025/01/20 23:43:55 WET [2025/01/20 18:43:55 ET]
Table 'Hedda IV' 6-max Seat #4 is the button
Seat 1: Cositorto ($116.44 in chips) 
Seat 2: Cythian182 ($65.42 in chips) 
Seat 3: xcinaz ($101.50 in chips) 
Seat 4: Xenicide ($132.14 in chips) 
Seat 5: reiyser ($108.95 in chips) 
Seat 6: GuigaMan ($142.40 in chips) 
reiyser: posts small blind $0.50
GuigaMan: posts big blind $1
*** HOLE CARDS ***
Cositorto: raises $1 to $2
Cythian182: folds 
xcinaz: folds 
Xenicide: folds 
reiyser: folds 
GuigaMan: folds 
Uncalled bet ($1) returned to Cositorto
Cositorto collected $2.50 from pot
Cositorto: doesn't show hand 
*** SUMMARY ***
Total pot $2.50 | Rake $0 
Seat 1: Cositorto collected ($2.50)
Seat 2: Cythian182 folded before Flop (didn't bet)
Seat 3: xcinaz folded before Flop (didn't bet)
Seat 4: Xenicide (button) folded before Flop (didn't bet)
Seat 5: reiyser (small blind) folded before Flop
Seat 6: GuigaMan (big blind) folded before Flop



PokerStars Hand #254476643950:  Hold'em No Limit ($0.50/$1.00 USD) - 2025/01/20 23:44:07 WET [2025/01/20 18:44:07 ET]
Table 'Hedda IV' 6-max Seat #5 is the button
Seat 1: Cositorto ($117.94 in chips) 
Seat 2: Cythian182 ($65.42 in chips) 
Seat 3: xcinaz ($101.50 in chips) 
Seat 4: Xenicide ($132.14 in chips) 
Seat 5: reiyser ($108.45 in chips) 
Seat 6: GuigaMan ($141.40 in chips) 
GuigaMan: posts small blind $0.50
Cositorto: posts big blind $1
*** HOLE CARDS ***
Cythian182: folds 
xcinaz: folds 
Xenicide: folds 
reiyser: folds 
GuigaMan: folds 
Uncalled bet ($0.50) returned to Cositorto
Cositorto collected $1 from pot
Cositorto: doesn't show hand 
*** SUMMARY ***
Total pot $1 | Rake $0 
Seat 1: Cositorto (big blind) collected ($1)
Seat 2: Cythian182 folded before Flop (didn't bet)
Seat 3: xcinaz folded before Flop (didn't bet)
Seat 4: Xenicide folded before Flop (didn't bet)
Seat 5: reiyser (button) folded before Flop (didn't bet)
Seat 6: GuigaMan (small blind) folded before Flop



PokerStars Hand #254476648926:  Hold'em No Limit ($0.50/$1.00 USD) - 2025/01/20 23:44:28 WET [2025/01/20 18:44:28 ET]
Table 'Hedda IV' 6-max Seat #6 is the button
Seat 1: Cositorto ($118.44 in chips) 
Seat 2: Cythian182 ($65.42 in chips) 
Seat 3: xcinaz ($101.50 in chips) 
Seat 4: Xenicide ($132.14 in chips) 
Seat 5: reiyser ($108.45 in chips) 
Seat 6: GuigaMan ($140.90 in chips) 
Cositorto: posts small blind $0.50
Cythian182: posts big blind $1
*** HOLE CARDS ***
xcinaz: folds 
Xenicide: folds 
reiyser: folds 
GuigaMan: folds 
Cositorto: raises $2 to $3
Cythian182: calls $2
*** FLOP *** [3d Ts Kh]
Cositorto: bets $1.54
Cythian182: calls $1.54
*** TURN *** [3d Ts Kh] [8h]
Cositorto: bets $10.36
Cythian182: folds 
Uncalled bet ($10.36) returned to Cositorto
Cositorto collected $8.63 from pot
Cositorto: doesn't show hand 
*** SUMMARY ***
Total pot $9.08 | Rake $0.45 
Board [3d Ts Kh 8h]
Seat 1: Cositorto (small blind) collected ($8.63)
Seat 2: Cythian182 (big blind) folded on the Turn
Seat 3: xcinaz folded before Flop (didn't bet)
Seat 4: Xenicide folded before Flop (didn't bet)
Seat 5: reiyser folded before Flop (didn't bet)
Seat 6: GuigaMan (button) folded before Flop (didn't bet)



PokerStars Hand #254476662040:  Hold'em No Limit ($0.50/$1.00 USD) - 2025/01/20 23:45:25 WET [2025/01/20 18:45:25 ET]
Table 'Hedda IV' 6-max Seat #1 is the button
Seat 1: Cositorto ($122.53 in chips) 
Seat 2: Cythian182 ($60.88 in chips) 
Seat 3: xcinaz ($101.50 in chips) 
Seat 4: Xenicide ($132.14 in chips) 
Seat 5: reiyser ($108.45 in chips) 
Seat 6: GuigaMan ($140.90 in chips) 
Cythian182: posts small blind $0.50
xcinaz: posts big blind $1
*** HOLE CARDS ***
Xenicide: folds 
reiyser: folds 
GuigaMan: folds 
Cositorto: raises $1.50 to $2.50
Cythian182: raises $7.50 to $10
xcinaz: folds 
Cositorto: calls $7.50
*** FLOP *** [Qc 6d Kc]
Cythian182: bets $8.90
Cositorto: calls $8.90
*** TURN *** [Qc 6d Kc] [Kh]
Cythian182: checks 
Cositorto: checks 
*** RIVER *** [Qc 6d Kc Kh] [9h]
Cythian182: checks 
Cositorto: bets $9.95
Cythian182: folds 
Uncalled bet ($9.95) returned to Cositorto
Cositorto collected $36.86 from pot
Cositorto: doesn't show hand 
*** SUMMARY ***
Total pot $38.80 | Rake $1.94 
Board [Qc 6d Kc Kh 9h]
Seat 1: Cositorto (button) collected ($36.86)
Seat 2: Cythian182 (small blind) folded on the River
Seat 3: xcinaz (big blind) folded before Flop
Seat 4: Xenicide folded before Flop (didn't bet)
Seat 5: reiyser folded before Flop (didn't bet)
Seat 6: GuigaMan folded before Flop (didn't bet)



PokerStars Hand #254476695308:  Hold'em No Limit ($0.50/$1.00 USD) - 2025/01/20 23:47:48 WET [2025/01/20 18:47:48 ET]
Table 'Hedda IV' 6-max Seat #2 is the button
Seat 1: Cositorto ($140.49 in chips) 
Seat 2: Cythian182 ($41.98 in chips) 
Seat 3: xcinaz ($100.50 in chips) 
Seat 4: Xenicide ($132.14 in chips) 
Seat 5: reiyser ($108.45 in chips) 
Seat 6: GuigaMan ($140.90 in chips) 
xcinaz: posts small blind $0.50
Xenicide: posts big blind $1
*** HOLE CARDS ***
reiyser: folds 
GuigaMan: folds 
Cositorto: folds 
Cythian182: folds 
xcinaz: folds 
Uncalled bet ($0.50) returned to Xenicide
Cythian182 leaves the table
Xenicide collected $1 from pot
*** SUMMARY ***
Total pot $1 | Rake $0 
Seat 1: Cositorto folded before Flop (didn't bet)
Seat 2: Cythian182 (button) folded before Flop (didn't bet)
Seat 3: xcinaz (small blind) folded before Flop
Seat 4: Xenicide (big blind) collected ($1)
Seat 5: reiyser folded before Flop (didn't bet)
Seat 6: GuigaMan folded before Flop (didn't bet)



PokerStars Hand #254476697681:  Hold'em No Limit ($0.50/$1.00 USD) - 2025/01/20 23:47:59 WET [2025/01/20 18:47:59 ET]
Table 'Hedda IV' 6-max Seat #3 is the button
Seat 1: Cositorto ($140.49 in chips) 
Seat 3: xcinaz ($100 in chips) 
Seat 4: Xenicide ($132.64 in chips) 
Seat 5: reiyser ($108.45 in chips) 
Seat 6: GuigaMan ($140.90 in chips) 
Xenicide: posts small blind $0.50
reiyser: posts big blind $1
*** HOLE CARDS ***
GuigaMan: raises $1.10 to $2.10
Cositorto: folds 
xcinaz: raises $4.90 to $7
Xenicide: folds 
reiyser: folds 
GuigaMan: folds 
Uncalled bet ($4.90) returned to xcinaz
xcinaz collected $5.70 from pot
*** SUMMARY ***
Total pot $5.70 | Rake $0 
Seat 1: Cositorto folded before Flop (didn't bet)
Seat 3: xcinaz (button) collected ($5.70)
Seat 4: Xenicide (small blind) folded before Flop
Seat 5: reiyser (big blind) folded before Flop
Seat 6: GuigaMan folded before Flop



PokerStars Hand #254476700421:  Hold'em No Limit ($0.50/$1.00 USD) - 2025/01/20 23:48:11 WET [2025/01/20 18:48:11 ET]
Table 'Hedda IV' 6-max Seat #4 is the button
Seat 1: Cositorto ($140.49 in chips) 
Seat 3: xcinaz ($103.60 in chips) 
Seat 4: Xenicide ($132.14 in chips) 
Seat 5: reiyser ($107.45 in chips) 
Seat 6: GuigaMan ($138.80 in chips) 
reiyser: posts small blind $0.50
GuigaMan: posts big blind $1
*** HOLE CARDS ***
Cositorto: raises $1 to $2
xcinaz: raises $5 to $7
Xenicide: folds 
reiyser: folds 
GuigaMan: folds 
Cositorto: folds 
Uncalled bet ($5) returned to xcinaz
xcinaz collected $5.50 from pot
xcinaz: doesn't show hand 
*** SUMMARY ***
Total pot $5.50 | Rake $0 
Seat 1: Cositorto folded before Flop
Seat 3: xcinaz collected ($5.50)
Seat 4: Xenicide (button) folded before Flop (didn't bet)
Seat 5: reiyser (small blind) folded before Flop
Seat 6: GuigaMan (big blind) folded before Flop



PokerStars Hand #254476705589:  Hold'em No Limit ($0.50/$1.00 USD) - 2025/01/20 23:48:33 WET [2025/01/20 18:48:33 ET]
Table 'Hedda IV' 6-max Seat #5 is the button
Seat 1: Cositorto ($138.49 in chips) 
Seat 3: xcinaz ($107.10 in chips) 
Seat 4: Xenicide ($132.14 in chips) 
Seat 5: reiyser ($106.95 in chips) 
Seat 6: GuigaMan ($137.80 in chips) 
GuigaMan: posts small blind $0.50
Cositorto: posts big blind $1
*** HOLE CARDS ***
xcinaz: folds 
Xenicide: folds 
reiyser: raises $1.23 to $2.23
GuigaMan: raises $8.77 to $11
Cositorto: folds 
reiyser: folds 
Uncalled bet ($8.77) returned to GuigaMan
GuigaMan collected $5.46 from pot
*** SUMMARY ***
Total pot $5.46 | Rake $0 
Seat 1: Cositorto (big blind) folded before Flop
Seat 3: xcinaz folded before Flop (didn't bet)
Seat 4: Xenicide folded before Flop (didn't bet)
Seat 5: reiyser (button) folded before Flop
Seat 6: GuigaMan (small blind) collected ($5.46)



PokerStars Hand #254476710681:  Hold'em No Limit ($0.50/$1.00 USD) - 2025/01/20 23:48:56 WET [2025/01/20 18:48:56 ET]
Table 'Hedda IV' 6-max Seat #6 is the button
Seat 3: xcinaz ($107.10 in chips) is sitting out
Seat 4: Xenicide ($132.14 in chips) is sitting out
Seat 1: Cositorto ($137.49 in chips) 
Seat 5: reiyser ($104.72 in chips) 
Seat 6: GuigaMan ($141.03 in chips) 
Cositorto: posts small blind $0.50
xcinaz: is sitting out 
Xenicide: is sitting out 
reiyser: posts big blind $1
*** HOLE CARDS ***
GuigaMan: folds 
Xenicide leaves the table
Cositorto: raises $2 to $3
reiyser: folds 
Uncalled bet ($2) returned to Cositorto
Cositorto collected $2 from pot
Cositorto: doesn't show hand 
*** SUMMARY ***
Total pot $2 | Rake $0 
Seat 3: xcinaz
Seat 4: Xenicide
Seat 1: Cositorto (small blind) collected ($2)
Seat 5: reiyser (big blind) folded before Flop
Seat 6: GuigaMan (button) folded before Flop (didn't bet)



PokerStars Hand #254476713487:  Hold'em No Limit ($0.50/$1.00 USD) - 2025/01/20 23:49:08 WET [2025/01/20 18:49:08 ET]
Table 'Hedda IV' 6-max Seat #5 is the button
Seat 6: GuigaMan ($141.03 in chips) is sitting out
Seat 1: Cositorto ($138.49 in chips) 
Seat 5: reiyser ($103.72 in chips) 
reiyser: posts small blind $0.50
xcinaz leaves the table
GuigaMan: is sitting out 
Cositorto: posts big blind $1
*** HOLE CARDS ***
reiyser: raises $1.50 to $2.50
GuigaMan leaves the table
Cositorto: folds 
Uncalled bet ($1.50) returned to reiyser
reiyser collected $2 from pot
reiyser: doesn't show hand 
*** SUMMARY ***
Total pot $2 | Rake $0 
Seat 6: GuigaMan
Seat 1: Cositorto (big blind) folded before Flop
Seat 5: reiyser (button) (small blind) collected ($2)



