PokerStars Hand #254472735108:  Hold'em No Limit ($0.50/$1.00 USD) - 2025/01/20 20:02:27 WET [2025/01/20 15:02:27 ET]
Table 'Union IV' 6-max Seat #2 is the button
Seat 1: Rezzonner ($101.50 in chips) 
Seat 2: franco232315 ($100 in chips) 
Seat 5: Manifestorr ($100.50 in chips) 
Manifestorr: posts small blind $0.50
Rezzonner: posts big blind $1
*** HOLE CARDS ***
franco232315: raises $1.50 to $2.50
Manifestorr: folds 
Rezzonner: folds 
Uncalled bet ($1.50) returned to franco232315
franco232315 collected $2.50 from pot
franco232315: doesn't show hand 
*** SUMMARY ***
Total pot $2.50 | Rake $0 
Seat 1: Rezzonner (big blind) folded before Flop
Seat 2: franco232315 (button) collected ($2.50)
Seat 5: Manifestorr (small blind) folded before Flop



PokerStars Hand #254472744018:  Hold'em No Limit ($0.50/$1.00 USD) - 2025/01/20 20:02:55 WET [2025/01/20 15:02:55 ET]
Table 'Union IV' 6-max Seat #3 is the button
Seat 1: Rezzonner ($100.50 in chips) 
Seat 3: franco232315 ($101.50 in chips) 
franco232315: posts small blind $0.50
Rezzonner: posts big blind $1
*** HOLE CARDS ***
franco232315: folds 
Uncalled bet ($0.50) returned to Rezzonner
Rezzonner collected $1 from pot
Rezzonner: doesn't show hand 
*** SUMMARY ***
Total pot $1 | Rake $0 
Seat 1: Rezzonner (big blind) collected ($1)
Seat 3: franco232315 (button) (small blind) folded before Flop



PokerStars Hand #254472746085:  Hold'em No Limit ($0.50/$1.00 USD) - 2025/01/20 20:03:01 WET [2025/01/20 15:03:01 ET]
Table 'Union IV' 6-max Seat #1 is the button
Seat 1: Rezzonner ($101 in chips) 
Seat 3: franco232315 ($101 in chips) 
Rezzonner: posts small blind $0.50
franco232315: posts big blind $1
*** HOLE CARDS ***
michasia joins the table at seat #5 
Rezzonner: folds 
Uncalled bet ($0.50) returned to franco232315
franco232315 collected $1 from pot
franco232315: doesn't show hand 
*** SUMMARY ***
Total pot $1 | Rake $0 
Seat 1: Rezzonner (button) (small blind) folded before Flop
Seat 3: franco232315 (big blind) collected ($1)



PokerStars Hand #254472748790:  Hold'em No Limit ($0.50/$1.00 USD) - 2025/01/20 20:03:10 WET [2025/01/20 15:03:10 ET]
Table 'Union IV' 6-max Seat #1 is the button
Seat 1: Rezzonner ($100.50 in chips) 
Seat 3: franco232315 ($101.50 in chips) 
Seat 5: michasia ($100 in chips) 
franco232315: posts small blind $0.50
michasia: posts big blind $1
*** HOLE CARDS ***
Rezzonner: folds 
franco232315: raises $2 to $3
michasia: calls $2
*** FLOP *** [Td Kc Jh]
franco232315: bets $2.85
michasia: calls $2.85
*** TURN *** [Td Kc Jh] [6h]
franco232315: bets $11.12
AIien Hand joins the table at seat #4 
michasia: calls $11.12
*** RIVER *** [Td Kc Jh 6h] [Ah]
franco232315: checks 
michasia: checks 
*** SHOW DOWN ***
franco232315: shows [Jd Jc] (three of a kind, Jacks)
michasia: mucks hand 
franco232315 collected $32.94 from pot
*** SUMMARY ***
Total pot $33.94 | Rake $1 
Board [Td Kc Jh 6h Ah]
Seat 1: Rezzonner (button) folded before Flop (didn't bet)
Seat 3: franco232315 (small blind) showed [Jd Jc] and won ($32.94) with three of a kind, Jacks
Seat 5: michasia (big blind) mucked



PokerStars Hand #254472767883:  Hold'em No Limit ($0.50/$1.00 USD) - 2025/01/20 20:04:09 WET [2025/01/20 15:04:09 ET]
Table 'Union IV' 6-max Seat #3 is the button
Seat 4: AIien Hand ($100 in chips) is sitting out
Seat 1: Rezzonner ($100.50 in chips) 
Seat 3: franco232315 ($117.47 in chips) 
Seat 5: michasia ($100 in chips) 
michasia: posts small blind $0.50
Rezzonner: posts big blind $1
*** HOLE CARDS ***
franco232315: folds 
AndreaBsAs joins the table at seat #2 
michasia: folds 
Uncalled bet ($0.50) returned to Rezzonner
Rezzonner collected $1 from pot
Rezzonner: doesn't show hand 
*** SUMMARY ***
Total pot $1 | Rake $0 
Seat 4: AIien Hand
Seat 1: Rezzonner (big blind) collected ($1)
Seat 3: franco232315 (button) folded before Flop (didn't bet)
Seat 5: michasia (small blind) folded before Flop



PokerStars Hand #254472771725:  Hold'em No Limit ($0.50/$1.00 USD) - 2025/01/20 20:04:21 WET [2025/01/20 15:04:21 ET]
Table 'Union IV' 6-max Seat #5 is the button
Seat 4: AIien Hand ($100 in chips) is sitting out
Seat 1: Rezzonner ($101 in chips) 
Seat 2: AndreaBsAs ($100 in chips) 
Seat 3: franco232315 ($117.47 in chips) 
Seat 5: michasia ($100 in chips) 
Rezzonner: posts small blind $0.50
AndreaBsAs: posts big blind $1
AIien Hand: sits out 
*** HOLE CARDS ***
franco232315: folds 
michasia: folds 
Rezzonner: raises $2 to $3
AndreaBsAs: calls $2
*** FLOP *** [2d 6c 7h]
Rezzonner: checks 
AndreaBsAs: bets $1.88
Rezzonner: calls $1.88
*** TURN *** [2d 6c 7h] [4c]
Rezzonner: checks 
AndreaBsAs: bets $7.14
Rezzonner: folds 
Uncalled bet ($7.14) returned to AndreaBsAs
AndreaBsAs collected $9.27 from pot
*** SUMMARY ***
Total pot $9.76 | Rake $0.49 
Board [2d 6c 7h 4c]
Seat 4: AIien Hand
Seat 1: Rezzonner (small blind) folded on the Turn
Seat 2: AndreaBsAs (big blind) collected ($9.27)
Seat 3: franco232315 folded before Flop (didn't bet)
Seat 5: michasia (button) folded before Flop (didn't bet)



PokerStars Hand #254472792783:  Hold'em No Limit ($0.50/$1.00 USD) - 2025/01/20 20:05:25 WET [2025/01/20 15:05:25 ET]
Table 'Union IV' 6-max Seat #1 is the button
Seat 4: AIien Hand ($100 in chips) is sitting out
Seat 1: Rezzonner ($100 in chips) 
Seat 2: AndreaBsAs ($104.39 in chips) 
Seat 3: franco232315 ($117.47 in chips) 
Seat 5: michasia ($100 in chips) 
AndreaBsAs: posts small blind $0.50
franco232315: posts big blind $1
AIien Hand: sits out 
*** HOLE CARDS ***
michasia: folds 
Rezzonner: folds 
AndreaBsAs: folds 
Uncalled bet ($0.50) returned to franco232315
franco232315 collected $1 from pot
franco232315: doesn't show hand 
*** SUMMARY ***
Total pot $1 | Rake $0 
Seat 4: AIien Hand
Seat 1: Rezzonner (button) folded before Flop (didn't bet)
Seat 2: AndreaBsAs (small blind) folded before Flop
Seat 3: franco232315 (big blind) collected ($1)
Seat 5: michasia folded before Flop (didn't bet)



PokerStars Hand #254472796027:  Hold'em No Limit ($0.50/$1.00 USD) - 2025/01/20 20:05:35 WET [2025/01/20 15:05:35 ET]
Table 'Union IV' 6-max Seat #2 is the button
Seat 1: Rezzonner ($100 in chips) 
Seat 2: AndreaBsAs ($103.89 in chips) 
Seat 3: franco232315 ($117.97 in chips) 
Seat 4: AIien Hand ($100 in chips) 
Seat 5: michasia ($100 in chips) 
franco232315: posts small blind $0.50
AIien Hand: posts big blind $1
*** HOLE CARDS ***
michasia: raises $1.60 to $2.60
Rezzonner: folds 
AndreaBsAs: folds 
franco232315: folds 
AIien Hand: calls $1.60
*** FLOP *** [Ks 5h Qd]
AIien Hand: checks 
michasia: bets $3.61
AIien Hand: folds 
Uncalled bet ($3.61) returned to michasia
michasia collected $5.42 from pot
michasia: doesn't show hand 
*** SUMMARY ***
Total pot $5.70 | Rake $0.28 
Board [Ks 5h Qd]
Seat 1: Rezzonner folded before Flop (didn't bet)
Seat 2: AndreaBsAs (button) folded before Flop (didn't bet)
Seat 3: franco232315 (small blind) folded before Flop
Seat 4: AIien Hand (big blind) folded on the Flop
Seat 5: michasia collected ($5.42)



PokerStars Hand #254472812215:  Hold'em No Limit ($0.50/$1.00 USD) - 2025/01/20 20:06:24 WET [2025/01/20 15:06:24 ET]
Table 'Union IV' 6-max Seat #3 is the button
Seat 5: michasia ($102.82 in chips) is sitting out
Seat 1: Rezzonner ($100 in chips) 
Seat 2: AndreaBsAs ($103.89 in chips) 
Seat 3: franco232315 ($117.47 in chips) 
Seat 4: AIien Hand ($100 in chips) 
AIien Hand: posts small blind $0.50
michasia: is sitting out 
Rezzonner: posts big blind $1
*** HOLE CARDS ***
michasia leaves the table
AndreaBsAs: folds 
franco232315: raises $1.50 to $2.50
AIien Hand: folds 
Rezzonner: folds 
Uncalled bet ($1.50) returned to franco232315
franco232315 collected $2.50 from pot
franco232315: doesn't show hand 
*** SUMMARY ***
Total pot $2.50 | Rake $0 
Seat 5: michasia
Seat 1: Rezzonner (big blind) folded before Flop
Seat 2: AndreaBsAs folded before Flop (didn't bet)
Seat 3: franco232315 (button) collected ($2.50)
Seat 4: AIien Hand (small blind) folded before Flop



PokerStars Hand #254472821652:  Hold'em No Limit ($0.50/$1.00 USD) - 2025/01/20 20:06:52 WET [2025/01/20 15:06:52 ET]
Table 'Union IV' 6-max Seat #1 is the button
Seat 2: AndreaBsAs ($103.89 in chips) is sitting out
Seat 3: franco232315 ($118.97 in chips) is sitting out
Seat 1: Rezzonner ($100 in chips) 
Seat 4: AIien Hand ($100 in chips) 
Rezzonner: posts small blind $0.50
AndreaBsAs: is sitting out 
franco232315: is sitting out 
AIien Hand: posts big blind $1
*** HOLE CARDS ***
franco232315 leaves the table
Rezzonner: raises $1.50 to $2.50
AIien Hand: raises $8 to $10.50
Rezzonner: folds 
Uncalled bet ($8) returned to AIien Hand
AIien Hand collected $5 from pot
AIien Hand: doesn't show hand 
*** SUMMARY ***
Total pot $5 | Rake $0 
Seat 2: AndreaBsAs
Seat 3: franco232315
Seat 1: Rezzonner (button) (small blind) folded before Flop
Seat 4: AIien Hand (big blind) collected ($5)



PokerStars Hand #254472827862:  Hold'em No Limit ($0.50/$1.00 USD) - 2025/01/20 20:07:11 WET [2025/01/20 15:07:11 ET]
Table 'Union IV' 6-max Seat #4 is the button
Seat 2: AndreaBsAs ($103.89 in chips) is sitting out
Seat 1: Rezzonner ($100 in chips) 
Seat 4: AIien Hand ($102.50 in chips) 
AIien Hand: posts small blind $0.50
Rezzonner: posts big blind $1
*** HOLE CARDS ***
AIien Hand: folds 
Uncalled bet ($0.50) returned to Rezzonner
Rezzonner collected $1 from pot
Rezzonner: doesn't show hand 
*** SUMMARY ***
Total pot $1 | Rake $0 
Seat 2: AndreaBsAs
Seat 1: Rezzonner (big blind) collected ($1)
Seat 4: AIien Hand (button) (small blind) folded before Flop



