PokerStars Hand #254465192488:  Hold'em No Limit ($0.50/$1.00 USD) - 2025/01/20 8:17:15 WET [2025/01/20 3:17:15 ET]
Table 'Peacock IV' 6-max Seat #4 is the button
Seat 1: janarr5 ($101 in chips) is sitting out
Seat 2: Aleqseuka ($157.63 in chips) 
Seat 3: steepfell ($118.83 in chips) 
Seat 4: Slami4 ($146.50 in chips) 
Seat 5: CashfishT ($100 in chips) 
Seat 6: rea246 ($209.67 in chips) 
CashfishT: posts small blind $0.50
rea246: posts big blind $1
janarr5: sits out 
*** HOLE CARDS ***
Aleqseuka: raises $1.35 to $2.35
steepfell: raises $5.65 to $8
Slami4: folds 
CashfishT: folds 
rea246: folds 
Aleqseuka: folds 
Uncalled bet ($5.65) returned to steepfell
steepfell collected $6.20 from pot
steepfell: doesn't show hand 
*** SUMMARY ***
Total pot $6.20 | Rake $0 
Seat 1: janarr5
Seat 2: Aleqseuka folded before Flop
Seat 3: steepfell collected ($6.20)
Seat 4: Slami4 (button) folded before Flop (didn't bet)
Seat 5: CashfishT (small blind) folded before Flop
Seat 6: rea246 (big blind) folded before Flop



PokerStars Hand #254465194253:  Hold'em No Limit ($0.50/$1.00 USD) - 2025/01/20 8:17:35 WET [2025/01/20 3:17:35 ET]
Table 'Peacock IV' 6-max Seat #5 is the button
Seat 1: janarr5 ($101 in chips) 
Seat 2: Aleqseuka ($155.28 in chips) 
Seat 3: steepfell ($122.68 in chips) 
Seat 4: Slami4 ($146.50 in chips) 
Seat 5: CashfishT ($100 in chips) 
Seat 6: rea246 ($208.67 in chips) 
rea246: posts small blind $0.50
janarr5: posts big blind $1
*** HOLE CARDS ***
Aleqseuka: folds 
steepfell: folds 
Slami4: raises $1.50 to $2.50
CashfishT: folds 
rea246: folds 
janarr5: calls $1.50
*** FLOP *** [6c Qc 6s]
janarr5: checks 
Slami4: bets $1.72
janarr5: raises $6.50 to $8.22
Slami4: calls $6.50
*** TURN *** [6c Qc 6s] [Qd]
janarr5: checks 
Slami4: checks 
*** RIVER *** [6c Qc 6s Qd] [4h]
janarr5: checks 
Slami4: checks 
*** SHOW DOWN ***
janarr5: shows [5c Kc] (two pair, Queens and Sixes)
Slami4: shows [8d 8h] (two pair, Queens and Eights)
Slami4 collected $20.84 from pot
*** SUMMARY ***
Total pot $21.94 | Rake $1.10 
Board [6c Qc 6s Qd 4h]
Seat 1: janarr5 (big blind) showed [5c Kc] and lost with two pair, Queens and Sixes
Seat 2: Aleqseuka folded before Flop (didn't bet)
Seat 3: steepfell folded before Flop (didn't bet)
Seat 4: Slami4 showed [8d 8h] and won ($20.84) with two pair, Queens and Eights
Seat 5: CashfishT (button) folded before Flop (didn't bet)
Seat 6: rea246 (small blind) folded before Flop



PokerStars Hand #254465200851:  Hold'em No Limit ($0.50/$1.00 USD) - 2025/01/20 8:18:50 WET [2025/01/20 3:18:50 ET]
Table 'Peacock IV' 6-max Seat #6 is the button
Seat 1: janarr5 ($100 in chips) 
Seat 2: Aleqseuka ($155.28 in chips) 
Seat 3: steepfell ($122.68 in chips) 
Seat 4: Slami4 ($156.62 in chips) 
Seat 5: CashfishT ($100 in chips) 
Seat 6: rea246 ($208.17 in chips) 
janarr5: posts small blind $0.50
Aleqseuka: posts big blind $1
*** HOLE CARDS ***
steepfell: folds 
Slami4: folds 
CashfishT: folds 
rea246: folds 
janarr5: folds 
Uncalled bet ($0.50) returned to Aleqseuka
Aleqseuka collected $1 from pot
Aleqseuka: doesn't show hand 
*** SUMMARY ***
Total pot $1 | Rake $0 
Seat 1: janarr5 (small blind) folded before Flop
Seat 2: Aleqseuka (big blind) collected ($1)
Seat 3: steepfell folded before Flop (didn't bet)
Seat 4: Slami4 folded before Flop (didn't bet)
Seat 5: CashfishT folded before Flop (didn't bet)
Seat 6: rea246 (button) folded before Flop (didn't bet)



PokerStars Hand #254465201985:  Hold'em No Limit ($0.50/$1.00 USD) - 2025/01/20 8:19:03 WET [2025/01/20 3:19:03 ET]
Table 'Peacock IV' 6-max Seat #1 is the button
Seat 1: janarr5 ($100 in chips) 
Seat 2: Aleqseuka ($155.78 in chips) 
Seat 3: steepfell ($122.68 in chips) 
Seat 4: Slami4 ($156.62 in chips) 
Seat 5: CashfishT ($100 in chips) 
Seat 6: rea246 ($208.17 in chips) 
Aleqseuka: posts small blind $0.50
steepfell: posts big blind $1
*** HOLE CARDS ***
Slami4: folds 
CashfishT: folds 
rea246: folds 
janarr5: raises $1.50 to $2.50
Aleqseuka: raises $9.50 to $12
steepfell: folds 
janarr5: raises $14 to $26
Aleqseuka: calls $14
*** FLOP *** [8d 2s 8c]
Aleqseuka: checks 
janarr5: bets $12.63
Aleqseuka: calls $12.63
*** TURN *** [8d 2s 8c] [Jh]
Aleqseuka: checks 
janarr5: bets $18.94
Aleqseuka: folds 
Uncalled bet ($18.94) returned to janarr5
janarr5 collected $75.76 from pot
janarr5: doesn't show hand 
*** SUMMARY ***
Total pot $78.26 | Rake $2.50 
Board [8d 2s 8c Jh]
Seat 1: janarr5 (button) collected ($75.76)
Seat 2: Aleqseuka (small blind) folded on the Turn
Seat 3: steepfell (big blind) folded before Flop
Seat 4: Slami4 folded before Flop (didn't bet)
Seat 5: CashfishT folded before Flop (didn't bet)
Seat 6: rea246 folded before Flop (didn't bet)



PokerStars Hand #254465209237:  Hold'em No Limit ($0.50/$1.00 USD) - 2025/01/20 8:20:26 WET [2025/01/20 3:20:26 ET]
Table 'Peacock IV' 6-max Seat #2 is the button
Seat 1: janarr5 ($137.13 in chips) 
Seat 2: Aleqseuka ($117.15 in chips) 
Seat 3: steepfell ($121.68 in chips) 
Seat 4: Slami4 ($156.62 in chips) 
Seat 5: CashfishT ($100 in chips) 
Seat 6: rea246 ($208.17 in chips) 
steepfell: posts small blind $0.50
Slami4: posts big blind $1
*** HOLE CARDS ***
CashfishT: raises $1.20 to $2.20
rea246: folds 
janarr5: folds 
Aleqseuka: folds 
steepfell: folds 
Slami4: folds 
Uncalled bet ($1.20) returned to CashfishT
CashfishT collected $2.50 from pot
CashfishT: doesn't show hand 
*** SUMMARY ***
Total pot $2.50 | Rake $0 
Seat 1: janarr5 folded before Flop (didn't bet)
Seat 2: Aleqseuka (button) folded before Flop (didn't bet)
Seat 3: steepfell (small blind) folded before Flop
Seat 4: Slami4 (big blind) folded before Flop
Seat 5: CashfishT collected ($2.50)
Seat 6: rea246 folded before Flop (didn't bet)



PokerStars Hand #254465210194:  Hold'em No Limit ($0.50/$1.00 USD) - 2025/01/20 8:20:37 WET [2025/01/20 3:20:37 ET]
Table 'Peacock IV' 6-max Seat #3 is the button
Seat 1: janarr5 ($137.13 in chips) 
Seat 2: Aleqseuka ($117.15 in chips) 
Seat 3: steepfell ($121.18 in chips) 
Seat 4: Slami4 ($155.62 in chips) 
Seat 5: CashfishT ($101.50 in chips) 
Seat 6: rea246 ($208.17 in chips) 
Slami4: posts small blind $0.50
CashfishT: posts big blind $1
*** HOLE CARDS ***
rea246: folds 
janarr5: raises $1.25 to $2.25
Aleqseuka: folds 
steepfell: folds 
Slami4: folds 
rea246 leaves the table
CashfishT: calls $1.25
*** FLOP *** [7h Qd 9s]
CashfishT: checks 
janarr5: bets $1.57
CashfishT: raises $5.92 to $7.49
janarr5: calls $5.92
*** TURN *** [7h Qd 9s] [4h]
Sheva9191 joins the table at seat #6 
Sheva9191 is disconnected 
CashfishT: bets $18.98
janarr5: folds 
Uncalled bet ($18.98) returned to CashfishT
CashfishT collected $18.98 from pot
CashfishT: doesn't show hand 
*** SUMMARY ***
Total pot $19.98 | Rake $1 
Board [7h Qd 9s 4h]
Seat 1: janarr5 folded on the Turn
Seat 2: Aleqseuka folded before Flop (didn't bet)
Seat 3: steepfell (button) folded before Flop (didn't bet)
Seat 4: Slami4 (small blind) folded before Flop
Seat 5: CashfishT (big blind) collected ($18.98)
Seat 6: rea246 folded before Flop (didn't bet)



PokerStars Hand #254465213916:  Hold'em No Limit ($0.50/$1.00 USD) - 2025/01/20 8:21:20 WET [2025/01/20 3:21:20 ET]
Table 'Peacock IV' 6-max Seat #4 is the button
Seat 1: janarr5 ($127.39 in chips) 
Seat 2: Aleqseuka ($117.15 in chips) 
Seat 3: steepfell ($121.18 in chips) 
Seat 4: Slami4 ($155.12 in chips) 
Seat 5: CashfishT ($110.74 in chips) 
Seat 6: Sheva9191 ($100 in chips) 
CashfishT: posts small blind $0.50
Sheva9191: posts big blind $1
*** HOLE CARDS ***
janarr5: folds 
Aleqseuka: folds 
steepfell: folds 
Slami4: folds 
CashfishT: folds 
Uncalled bet ($0.50) returned to Sheva9191
Sheva9191 collected $1 from pot
Sheva9191: doesn't show hand 
*** SUMMARY ***
Total pot $1 | Rake $0 
Seat 1: janarr5 folded before Flop (didn't bet)
Seat 2: Aleqseuka folded before Flop (didn't bet)
Seat 3: steepfell folded before Flop (didn't bet)
Seat 4: Slami4 (button) folded before Flop (didn't bet)
Seat 5: CashfishT (small blind) folded before Flop
Seat 6: Sheva9191 (big blind) collected ($1)



PokerStars Hand #254465215097:  Hold'em No Limit ($0.50/$1.00 USD) - 2025/01/20 8:21:34 WET [2025/01/20 3:21:34 ET]
Table 'Peacock IV' 6-max Seat #5 is the button
Seat 1: janarr5 ($127.39 in chips) 
Seat 2: Aleqseuka ($117.15 in chips) 
Seat 3: steepfell ($121.18 in chips) 
Seat 4: Slami4 ($155.12 in chips) 
Seat 5: CashfishT ($110.24 in chips) 
Seat 6: Sheva9191 ($100.50 in chips) 
Sheva9191: posts small blind $0.50
janarr5: posts big blind $1
*** HOLE CARDS ***
Aleqseuka: folds 
steepfell: folds 
Slami4: folds 
CashfishT: raises $1.20 to $2.20
Sheva9191: calls $1.70
janarr5: folds 
*** FLOP *** [5s 4s Qc]
Sheva9191: checks 
CashfishT: bets $1.69
Sheva9191: calls $1.69
*** TURN *** [5s 4s Qc] [2c]
Sheva9191: checks 
CashfishT: bets $10.43
Sheva9191: calls $10.43
*** RIVER *** [5s 4s Qc 2c] [3c]
Sheva9191: bets $1
CashfishT: raises $15.08 to $16.08
Sheva9191: folds 
Uncalled bet ($15.08) returned to CashfishT
CashfishT collected $30.06 from pot
CashfishT: doesn't show hand 
*** SUMMARY ***
Total pot $31.64 | Rake $1.58 
Board [5s 4s Qc 2c 3c]
Seat 1: janarr5 (big blind) folded before Flop
Seat 2: Aleqseuka folded before Flop (didn't bet)
Seat 3: steepfell folded before Flop (didn't bet)
Seat 4: Slami4 folded before Flop (didn't bet)
Seat 5: CashfishT (button) collected ($30.06)
Seat 6: Sheva9191 (small blind) folded on the River



PokerStars Hand #254465221781:  Hold'em No Limit ($0.50/$1.00 USD) - 2025/01/20 8:22:51 WET [2025/01/20 3:22:51 ET]
Table 'Peacock IV' 6-max Seat #6 is the button
Seat 2: Aleqseuka ($117.15 in chips) is sitting out
Seat 1: janarr5 ($126.39 in chips) 
Seat 3: steepfell ($121.18 in chips) 
Seat 4: Slami4 ($155.12 in chips) 
Seat 5: CashfishT ($124.98 in chips) 
Seat 6: Sheva9191 ($85.18 in chips) 
janarr5: posts small blind $0.50
Aleqseuka: is sitting out 
steepfell: posts big blind $1
*** HOLE CARDS ***
Aleqseuka leaves the table
Slami4: folds 
CashfishT: folds 
Sheva9191: raises $1.20 to $2.20
janarr5: folds 
steepfell: folds 
Uncalled bet ($1.20) returned to Sheva9191
Sheva9191 collected $2.50 from pot
Sheva9191: doesn't show hand 
*** SUMMARY ***
Total pot $2.50 | Rake $0 
Seat 2: Aleqseuka
Seat 1: janarr5 (small blind) folded before Flop
Seat 3: steepfell (big blind) folded before Flop
Seat 4: Slami4 folded before Flop (didn't bet)
Seat 5: CashfishT folded before Flop (didn't bet)
Seat 6: Sheva9191 (button) collected ($2.50)



PokerStars Hand #254465223199:  Hold'em No Limit ($0.50/$1.00 USD) - 2025/01/20 8:23:08 WET [2025/01/20 3:23:08 ET]
Table 'Peacock IV' 6-max Seat #1 is the button
Seat 4: Slami4 ($155.12 in chips) is sitting out
Seat 1: janarr5 ($125.89 in chips) 
Seat 3: steepfell ($120.18 in chips) 
Seat 5: CashfishT ($124.98 in chips) 
Seat 6: Sheva9191 ($86.68 in chips) 
steepfell: posts small blind $0.50
Slami4: is sitting out 
CashfishT: posts big blind $1
*** HOLE CARDS ***
Sheva9191: folds 
Slami4 leaves the table
janarr5: raises $1.50 to $2.50
steepfell: folds 
Pon4uk.ua joins the table at seat #4 
CashfishT: folds 
Uncalled bet ($1.50) returned to janarr5
janarr5 collected $2.50 from pot
janarr5: doesn't show hand 
*** SUMMARY ***
Total pot $2.50 | Rake $0 
Seat 4: Slami4
Seat 1: janarr5 (button) collected ($2.50)
Seat 3: steepfell (small blind) folded before Flop
Seat 5: CashfishT (big blind) folded before Flop
Seat 6: Sheva9191 folded before Flop (didn't bet)



PokerStars Hand #254465224649:  Hold'em No Limit ($0.50/$1.00 USD) - 2025/01/20 8:23:25 WET [2025/01/20 3:23:25 ET]
Table 'Peacock IV' 6-max Seat #3 is the button
Seat 4: Pon4uk.ua ($100 in chips) is sitting out
Seat 1: janarr5 ($127.39 in chips) 
Seat 3: steepfell ($119.68 in chips) 
Seat 5: CashfishT ($123.98 in chips) 
Seat 6: Sheva9191 ($100 in chips) 
CashfishT: posts small blind $0.50
Sheva9191: posts big blind $1
*** HOLE CARDS ***
janarr5: folds 
steepfell: raises $1.50 to $2.50
CashfishT: folds 
Sheva9191: folds 
Uncalled bet ($1.50) returned to steepfell
steepfell collected $2.50 from pot
steepfell: doesn't show hand 
*** SUMMARY ***
Total pot $2.50 | Rake $0 
Seat 4: Pon4uk.ua
Seat 1: janarr5 folded before Flop (didn't bet)
Seat 3: steepfell (button) collected ($2.50)
Seat 5: CashfishT (small blind) folded before Flop
Seat 6: Sheva9191 (big blind) folded before Flop



PokerStars Hand #254465225594:  Hold'em No Limit ($0.50/$1.00 USD) - 2025/01/20 8:23:36 WET [2025/01/20 3:23:36 ET]
Table 'Peacock IV' 6-max Seat #5 is the button
Seat 4: Pon4uk.ua ($100 in chips) is sitting out
Seat 1: janarr5 ($127.39 in chips) 
Seat 3: steepfell ($121.18 in chips) 
Seat 5: CashfishT ($123.48 in chips) 
Seat 6: Sheva9191 ($99 in chips) 
Sheva9191: posts small blind $0.50
janarr5: posts big blind $1
Pon4uk.ua: sits out 
*** HOLE CARDS ***
AlexEliseev7 joins the table at seat #2 
steepfell: raises $1.50 to $2.50
CashfishT: folds 
Sheva9191: folds 
janarr5: folds 
Uncalled bet ($1.50) returned to steepfell
steepfell collected $2.50 from pot
steepfell: doesn't show hand 
*** SUMMARY ***
Total pot $2.50 | Rake $0 
Seat 4: Pon4uk.ua
Seat 1: janarr5 (big blind) folded before Flop
Seat 3: steepfell collected ($2.50)
Seat 5: CashfishT (button) folded before Flop (didn't bet)
Seat 6: Sheva9191 (small blind) folded before Flop



PokerStars Hand #254465227551:  Hold'em No Limit ($0.50/$1.00 USD) - 2025/01/20 8:23:59 WET [2025/01/20 3:23:59 ET]
Table 'Peacock IV' 6-max Seat #6 is the button
Seat 4: Pon4uk.ua ($100 in chips) is sitting out
Seat 1: janarr5 ($126.39 in chips) 
Seat 2: AlexEliseev7 ($100 in chips) 
Seat 3: steepfell ($122.68 in chips) 
Seat 5: CashfishT ($123.48 in chips) 
Seat 6: Sheva9191 ($98.50 in chips) 
janarr5: posts small blind $0.50
AlexEliseev7: posts big blind $1
Pon4uk.ua: sits out 
*** HOLE CARDS ***
steepfell: folds 
CashfishT: folds 
Sheva9191: raises $1.60 to $2.60
janarr5: folds 
AlexEliseev7: folds 
Uncalled bet ($1.60) returned to Sheva9191
Sheva9191 collected $2.50 from pot
Sheva9191: doesn't show hand 
*** SUMMARY ***
Total pot $2.50 | Rake $0 
Seat 4: Pon4uk.ua
Seat 1: janarr5 (small blind) folded before Flop
Seat 2: AlexEliseev7 (big blind) folded before Flop
Seat 3: steepfell folded before Flop (didn't bet)
Seat 5: CashfishT folded before Flop (didn't bet)
Seat 6: Sheva9191 (button) collected ($2.50)



PokerStars Hand #254465229302:  Hold'em No Limit ($0.50/$1.00 USD) - 2025/01/20 8:24:21 WET [2025/01/20 3:24:21 ET]
Table 'Peacock IV' 6-max Seat #1 is the button
Seat 3: steepfell ($122.68 in chips) is sitting out
Seat 1: janarr5 ($125.89 in chips) 
Seat 2: AlexEliseev7 ($100 in chips) 
Seat 4: Pon4uk.ua ($100 in chips) 
Seat 5: CashfishT ($123.48 in chips) 
Seat 6: Sheva9191 ($100 in chips) 
AlexEliseev7: posts small blind $0.50
steepfell: is sitting out 
Pon4uk.ua: posts big blind $1
*** HOLE CARDS ***
CashfishT: raises $1.20 to $2.20
Sheva9191: folds 
janarr5: folds 
steepfell leaves the table
AlexEliseev7: folds 
Pon4uk.ua: calls $1.20
*** FLOP *** [Th Kd 5c]
Pon4uk.ua: checks 
CashfishT: bets $1.54
Pon4uk.ua: calls $1.54
*** TURN *** [Th Kd 5c] [Ts]
Pon4uk.ua: checks 
CashfishT: checks 
*** RIVER *** [Th Kd 5c Ts] [4d]
Pon4uk.ua: checks 
CashfishT: bets $7.58
Pon4uk.ua: folds 
Uncalled bet ($7.58) returned to CashfishT
CashfishT collected $7.58 from pot
CashfishT: doesn't show hand 
*** SUMMARY ***
Total pot $7.98 | Rake $0.40 
Board [Th Kd 5c Ts 4d]
Seat 3: steepfell
Seat 1: janarr5 (button) folded before Flop (didn't bet)
Seat 2: AlexEliseev7 (small blind) folded before Flop
Seat 4: Pon4uk.ua (big blind) folded on the River
Seat 5: CashfishT collected ($7.58)
Seat 6: Sheva9191 folded before Flop (didn't bet)



PokerStars Hand #254465234572:  Hold'em No Limit ($0.50/$1.00 USD) - 2025/01/20 8:25:23 WET [2025/01/20 3:25:23 ET]
Table 'Peacock IV' 6-max Seat #2 is the button
Seat 1: janarr5 ($125.89 in chips) 
Seat 2: AlexEliseev7 ($100 in chips) 
Seat 4: Pon4uk.ua ($100 in chips) 
Seat 5: CashfishT ($127.32 in chips) 
Seat 6: Sheva9191 ($100 in chips) 
Pon4uk.ua: posts small blind $0.50
CashfishT: posts big blind $1
*** HOLE CARDS ***
Sheva9191: raises $1.60 to $2.60
janarr5: folds 
AlexEliseev7: raises $4.90 to $7.50
Pon4uk.ua: folds 
CashfishT: folds 
Sheva9191: calls $4.90
*** FLOP *** [6c Ah 5s]
Sheva9191: checks 
AlexEliseev7: bets $5.17
Sheva9191: raises $12.17 to $17.34
AlexEliseev7: calls $12.17
*** TURN *** [6c Ah 5s] [Qs]
Sheva9191: bets $19.34
AlexEliseev7: folds 
Uncalled bet ($19.34) returned to Sheva9191
Sheva9191 collected $48.68 from pot
Sheva9191: doesn't show hand 
*** SUMMARY ***
Total pot $51.18 | Rake $2.50 
Board [6c Ah 5s Qs]
Seat 1: janarr5 folded before Flop (didn't bet)
Seat 2: AlexEliseev7 (button) folded on the Turn
Seat 4: Pon4uk.ua (small blind) folded before Flop
Seat 5: CashfishT (big blind) folded before Flop
Seat 6: Sheva9191 collected ($48.68)



PokerStars Hand #254465242129:  Hold'em No Limit ($0.50/$1.00 USD) - 2025/01/20 8:26:52 WET [2025/01/20 3:26:52 ET]
Table 'Peacock IV' 6-max Seat #4 is the button
Seat 6: Sheva9191 ($123.84 in chips) is sitting out
Seat 1: janarr5 ($125.89 in chips) 
Seat 2: AlexEliseev7 ($100 in chips) 
Seat 4: Pon4uk.ua ($100 in chips) 
Seat 5: CashfishT ($126.32 in chips) 
CashfishT: posts small blind $0.50
Sheva9191: is sitting out 
janarr5: posts big blind $1
*** HOLE CARDS ***
AlexEliseev7: folds 
Pon4uk.ua: raises $1.50 to $2.50
CashfishT: folds 
janarr5: raises $9.50 to $12
Pon4uk.ua: folds 
Uncalled bet ($9.50) returned to janarr5
janarr5 collected $5.50 from pot
janarr5: doesn't show hand 
*** SUMMARY ***
Total pot $5.50 | Rake $0 
Seat 6: Sheva9191
Seat 1: janarr5 (big blind) collected ($5.50)
Seat 2: AlexEliseev7 folded before Flop (didn't bet)
Seat 4: Pon4uk.ua (button) folded before Flop
Seat 5: CashfishT (small blind) folded before Flop



PokerStars Hand #254465244116:  Hold'em No Limit ($0.50/$1.00 USD) - 2025/01/20 8:27:15 WET [2025/01/20 3:27:15 ET]
Table 'Peacock IV' 6-max Seat #5 is the button
Seat 6: Sheva9191 ($123.84 in chips) is sitting out
Seat 1: janarr5 ($128.89 in chips) 
Seat 2: AlexEliseev7 ($100 in chips) 
Seat 4: Pon4uk.ua ($100 in chips) 
Seat 5: CashfishT ($125.82 in chips) 
janarr5: posts small blind $0.50
AlexEliseev7: posts big blind $1
*** HOLE CARDS ***
Pon4uk.ua: folds 
CashfishT: raises $1.20 to $2.20
janarr5: folds 
AlexEliseev7: folds 
Uncalled bet ($1.20) returned to CashfishT
CashfishT collected $2.50 from pot
CashfishT: doesn't show hand 
*** SUMMARY ***
Total pot $2.50 | Rake $0 
Seat 6: Sheva9191
Seat 1: janarr5 (small blind) folded before Flop
Seat 2: AlexEliseev7 (big blind) folded before Flop
Seat 4: Pon4uk.ua folded before Flop (didn't bet)
Seat 5: CashfishT (button) collected ($2.50)



PokerStars Hand #254465264845:  Hold'em No Limit ($0.50/$1.00 USD) - 2025/01/20 8:31:23 WET [2025/01/20 3:31:23 ET]
Table 'Peacock IV' 6-max Seat #1 is the button
Seat 1: janarr5 ($162.13 in chips) 
Seat 2: AlexEliseev7 ($100.50 in chips) 
Seat 3: Susupoki114 ($82.88 in chips) 
Seat 4: Pon4uk.ua ($100 in chips) 
Seat 5: CashfishT ($100 in chips) 
Seat 6: Sheva9191 ($118.64 in chips) 
AlexEliseev7: posts small blind $0.50
Susupoki114: posts big blind $1
*** HOLE CARDS ***
Pon4uk.ua: raises $1 to $2
CashfishT: folds 
Sheva9191: folds 
janarr5: folds 
AlexEliseev7: folds 
Susupoki114: calls $1
*** FLOP *** [3d Qh 6h]
Susupoki114: checks 
Pon4uk.ua: bets $1.41
Susupoki114: calls $1.41
*** TURN *** [3d Qh 6h] [4c]
Susupoki114: checks 
Pon4uk.ua: checks 
*** RIVER *** [3d Qh 6h 4c] [Kd]
Susupoki114: checks 
Pon4uk.ua: checks 
*** SHOW DOWN ***
Susupoki114: shows [Td Th] (a pair of Tens)
Pon4uk.ua: mucks hand 
Susupoki114 collected $6.95 from pot
*** SUMMARY ***
Total pot $7.32 | Rake $0.37 
Board [3d Qh 6h 4c Kd]
Seat 1: janarr5 (button) folded before Flop (didn't bet)
Seat 2: AlexEliseev7 (small blind) folded before Flop
Seat 3: Susupoki114 (big blind) showed [Td Th] and won ($6.95) with a pair of Tens
Seat 4: Pon4uk.ua mucked
Seat 5: CashfishT folded before Flop (didn't bet)
Seat 6: Sheva9191 folded before Flop (didn't bet)



PokerStars Hand #254465267939:  Hold'em No Limit ($0.50/$1.00 USD) - 2025/01/20 8:32:01 WET [2025/01/20 3:32:01 ET]
Table 'Peacock IV' 6-max Seat #2 is the button
Seat 1: janarr5 ($162.13 in chips) 
Seat 2: AlexEliseev7 ($100 in chips) 
Seat 3: Susupoki114 ($86.42 in chips) 
Seat 4: Pon4uk.ua ($100 in chips) 
Seat 5: CashfishT ($100 in chips) 
Seat 6: Sheva9191 ($118.64 in chips) 
Susupoki114: posts small blind $0.50
Pon4uk.ua: posts big blind $1
*** HOLE CARDS ***
CashfishT: folds 
Sheva9191: folds 
janarr5: folds 
AlexEliseev7: raises $1.50 to $2.50
Susupoki114: folds 
Pon4uk.ua: folds 
Uncalled bet ($1.50) returned to AlexEliseev7
AlexEliseev7 collected $2.50 from pot
AlexEliseev7: doesn't show hand 
*** SUMMARY ***
Total pot $2.50 | Rake $0 
Seat 1: janarr5 folded before Flop (didn't bet)
Seat 2: AlexEliseev7 (button) collected ($2.50)
Seat 3: Susupoki114 (small blind) folded before Flop
Seat 4: Pon4uk.ua (big blind) folded before Flop
Seat 5: CashfishT folded before Flop (didn't bet)
Seat 6: Sheva9191 folded before Flop (didn't bet)



PokerStars Hand #254465269844:  Hold'em No Limit ($0.50/$1.00 USD) - 2025/01/20 8:32:24 WET [2025/01/20 3:32:24 ET]
Table 'Peacock IV' 6-max Seat #3 is the button
Seat 1: janarr5 ($162.13 in chips) 
Seat 2: AlexEliseev7 ($101.50 in chips) 
Seat 3: Susupoki114 ($85.92 in chips) 
Seat 4: Pon4uk.ua ($100 in chips) 
Seat 5: CashfishT ($100 in chips) 
Seat 6: Sheva9191 ($118.64 in chips) 
Pon4uk.ua: posts small blind $0.50
CashfishT: posts big blind $1
*** HOLE CARDS ***
Sheva9191: folds 
janarr5: folds 
AlexEliseev7: folds 
Susupoki114: calls $1
Pon4uk.ua: raises $3 to $4
CashfishT: calls $3
Susupoki114: calls $3
*** FLOP *** [Qc 9s Ac]
Pon4uk.ua: bets $3.76
CashfishT: calls $3.76
Susupoki114: calls $3.76
*** TURN *** [Qc 9s Ac] [Qs]
Pon4uk.ua: checks 
CashfishT: checks 
Susupoki114: bets $7.16
Pon4uk.ua: folds 
CashfishT: calls $7.16
*** RIVER *** [Qc 9s Ac Qs] [3d]
CashfishT: checks 
Susupoki114: checks 
*** SHOW DOWN ***
CashfishT: shows [Kh Tc] (a pair of Queens)
Susupoki114: shows [7d 7c] (two pair, Queens and Sevens)
Susupoki114 collected $35.72 from pot
*** SUMMARY ***
Total pot $37.60 | Rake $1.88 
Board [Qc 9s Ac Qs 3d]
Seat 1: janarr5 folded before Flop (didn't bet)
Seat 2: AlexEliseev7 folded before Flop (didn't bet)
Seat 3: Susupoki114 (button) showed [7d 7c] and won ($35.72) with two pair, Queens and Sevens
Seat 4: Pon4uk.ua (small blind) folded on the Turn
Seat 5: CashfishT (big blind) showed [Kh Tc] and lost with a pair of Queens
Seat 6: Sheva9191 folded before Flop (didn't bet)



PokerStars Hand #254465276851:  Hold'em No Limit ($0.50/$1.00 USD) - 2025/01/20 8:33:49 WET [2025/01/20 3:33:49 ET]
Table 'Peacock IV' 6-max Seat #4 is the button
Seat 6: Sheva9191 ($118.64 in chips) is sitting out
Seat 1: janarr5 ($162.13 in chips) 
Seat 2: AlexEliseev7 ($101.50 in chips) 
Seat 3: Susupoki114 ($106.72 in chips) 
Seat 4: Pon4uk.ua ($100 in chips) 
Seat 5: CashfishT ($100 in chips) 
CashfishT: posts small blind $0.50
Sheva9191: is sitting out 
janarr5: posts big blind $1
*** HOLE CARDS ***
AlexEliseev7: folds 
Susupoki114: folds 
Pon4uk.ua: folds 
CashfishT: folds 
Uncalled bet ($0.50) returned to janarr5
Susupoki114 leaves the table
janarr5 collected $1 from pot
janarr5: doesn't show hand 
*** SUMMARY ***
Total pot $1 | Rake $0 
Seat 6: Sheva9191
Seat 1: janarr5 (big blind) collected ($1)
Seat 2: AlexEliseev7 folded before Flop (didn't bet)
Seat 3: Susupoki114 folded before Flop (didn't bet)
Seat 4: Pon4uk.ua (button) folded before Flop (didn't bet)
Seat 5: CashfishT (small blind) folded before Flop



PokerStars Hand #254465277771:  Hold'em No Limit ($0.50/$1.00 USD) - 2025/01/20 8:34:00 WET [2025/01/20 3:34:00 ET]
Table 'Peacock IV' 6-max Seat #5 is the button
Seat 6: Sheva9191 ($118.64 in chips) is sitting out
Seat 1: janarr5 ($162.63 in chips) 
Seat 2: AlexEliseev7 ($101.50 in chips) 
Seat 4: Pon4uk.ua ($100 in chips) 
Seat 5: CashfishT ($100 in chips) 
janarr5: posts small blind $0.50
AlexEliseev7: posts big blind $1
*** HOLE CARDS ***
Pon4uk.ua: raises $1.50 to $2.50
CashfishT: folds 
janarr5: folds 
AlexEliseev7: calls $1.50
*** FLOP *** [3h Kc 9d]
AlexEliseev7: checks 
Sheva9191 leaves the table
Pon4uk.ua: bets $1.72
AlexEliseev7: calls $1.72
*** TURN *** [3h Kc 9d] [3c]
AlexEliseev7: checks 
Pon4uk.ua: bets $6.37
AlexEliseev7: calls $6.37
*** RIVER *** [3h Kc 9d 3c] [Kd]
AlexEliseev7: checks 
Pon4uk.ua: checks 
*** SHOW DOWN ***
AlexEliseev7: shows [9h Tc] (two pair, Kings and Nines)
Pon4uk.ua: mucks hand 
AlexEliseev7 collected $20.68 from pot
*** SUMMARY ***
Total pot $21.68 | Rake $1 
Board [3h Kc 9d 3c Kd]
Seat 6: Sheva9191
Seat 1: janarr5 (small blind) folded before Flop
Seat 2: AlexEliseev7 (big blind) showed [9h Tc] and won ($20.68) with two pair, Kings and Nines
Seat 4: Pon4uk.ua mucked
Seat 5: CashfishT (button) folded before Flop (didn't bet)



PokerStars Hand #254465282773:  Hold'em No Limit ($0.50/$1.00 USD) - 2025/01/20 8:35:01 WET [2025/01/20 3:35:01 ET]
Table 'Peacock IV' 6-max Seat #1 is the button
Seat 1: janarr5 ($162.13 in chips) 
Seat 2: AlexEliseev7 ($111.59 in chips) 
Seat 4: Pon4uk.ua ($100 in chips) 
Seat 5: CashfishT ($100 in chips) 
AlexEliseev7: posts small blind $0.50
Pon4uk.ua: posts big blind $1
*** HOLE CARDS ***
CashfishT: folds 
janarr5: folds 
AlexEliseev7: folds 
Uncalled bet ($0.50) returned to Pon4uk.ua
CashfishT leaves the table
Pon4uk.ua collected $1 from pot
Pon4uk.ua: doesn't show hand 
*** SUMMARY ***
Total pot $1 | Rake $0 
Seat 1: janarr5 (button) folded before Flop (didn't bet)
Seat 2: AlexEliseev7 (small blind) folded before Flop
Seat 4: Pon4uk.ua (big blind) collected ($1)
Seat 5: CashfishT folded before Flop (didn't bet)



PokerStars Hand #254465283534:  Hold'em No Limit ($0.50/$1.00 USD) - 2025/01/20 8:35:10 WET [2025/01/20 3:35:10 ET]
Table 'Peacock IV' 6-max Seat #2 is the button
Seat 1: janarr5 ($162.13 in chips) 
Seat 2: AlexEliseev7 ($111.09 in chips) 
Seat 4: Pon4uk.ua ($100.50 in chips) 
Pon4uk.ua: posts small blind $0.50
janarr5: posts big blind $1
*** HOLE CARDS ***
AlexEliseev7: folds 
Pon4uk.ua: raises $1.75 to $2.75
janarr5: calls $1.75
*** FLOP *** [Ah 6h 7c]
Pon4uk.ua: bets $2.61
janarr5: folds 
Uncalled bet ($2.61) returned to Pon4uk.ua
janarr5 leaves the table
Pon4uk.ua collected $5.22 from pot
Pon4uk.ua: doesn't show hand 
*** SUMMARY ***
Total pot $5.50 | Rake $0.28 
Board [Ah 6h 7c]
Seat 1: janarr5 (big blind) folded on the Flop
Seat 2: AlexEliseev7 (button) folded before Flop (didn't bet)
Seat 4: Pon4uk.ua (small blind) collected ($5.22)



PokerStars Hand #254465285482:  Hold'em No Limit ($0.50/$1.00 USD) - 2025/01/20 8:35:33 WET [2025/01/20 3:35:33 ET]
Table 'Peacock IV' 6-max Seat #4 is the button
Seat 2: AlexEliseev7 ($111.09 in chips) 
Seat 4: Pon4uk.ua ($102.97 in chips) 
Pon4uk.ua: posts small blind $0.50
AlexEliseev7: posts big blind $1
*** HOLE CARDS ***
Pon4uk.ua: folds 
Uncalled bet ($0.50) returned to AlexEliseev7
AlexEliseev7 collected $1 from pot
AlexEliseev7: doesn't show hand 
*** SUMMARY ***
Total pot $1 | Rake $0 
Seat 2: AlexEliseev7 (big blind) collected ($1)
Seat 4: Pon4uk.ua (button) (small blind) folded before Flop



PokerStars Hand #254465286278:  Hold'em No Limit ($0.50/$1.00 USD) - 2025/01/20 8:35:43 WET [2025/01/20 3:35:43 ET]
Table 'Peacock IV' 6-max Seat #2 is the button
Seat 2: AlexEliseev7 ($111.59 in chips) 
Seat 4: Pon4uk.ua ($102.47 in chips) 
AlexEliseev7: posts small blind $0.50
Pon4uk.ua: posts big blind $1
*** HOLE CARDS ***
AlexEliseev7: raises $1.50 to $2.50
Pon4uk.ua: calls $1.50
*** FLOP *** [Jc Qh 7h]
Pon4uk.ua: checks 
AlexEliseev7: bets $1.57
Pon4uk.ua: calls $1.57
*** TURN *** [Jc Qh 7h] [2d]
Pon4uk.ua: checks 
AlexEliseev7: bets $11.67
Pon4uk.ua: calls $11.67
*** RIVER *** [Jc Qh 7h 2d] [3d]
Pon4uk.ua: checks 
AlexEliseev7: checks 
*** SHOW DOWN ***
Pon4uk.ua: shows [9c Qd] (a pair of Queens)
AlexEliseev7: mucks hand 
Pon4uk.ua collected $30.48 from pot
*** SUMMARY ***
Total pot $31.48 | Rake $1 
Board [Jc Qh 7h 2d 3d]
Seat 2: AlexEliseev7 (button) (small blind) mucked
Seat 4: Pon4uk.ua (big blind) showed [9c Qd] and won ($30.48) with a pair of Queens



PokerStars Hand #254464377025:  Hold'em No Limit ($0.50/$1.00 USD) - 2025/01/20 7:56:01 WET [2025/01/20 2:56:01 ET]
Table 'Peacock IV' 6-max Seat #6 is the button
Seat 1: janarr5 ($106.14 in chips) 
Seat 2: Aleqseuka ($115 in chips) 
Seat 3: steepfell ($136.28 in chips) 
Seat 4: Slami4 ($113.53 in chips) 
Seat 5: sutata ($116.51 in chips) 
Seat 6: rea246 ($138.04 in chips) 
janarr5: posts small blind $0.50
Aleqseuka: posts big blind $1
*** HOLE CARDS ***
steepfell: folds 
Slami4: folds 
sutata: folds 
rea246: raises $1.50 to $2.50
janarr5: folds 
Aleqseuka: calls $1.50
*** FLOP *** [7d Jc 4d]
Aleqseuka: checks 
rea246: checks 
*** TURN *** [7d Jc 4d] [4h]
Aleqseuka: bets $2.87
rea246: calls $2.87
*** RIVER *** [7d Jc 4d 4h] [Ks]
Aleqseuka: checks 
rea246: checks 
*** SHOW DOWN ***
Aleqseuka: shows [8d 3d] (a pair of Fours)
rea246: shows [Qc Ah] (a pair of Fours - Ace kicker)
rea246 collected $10.68 from pot
*** SUMMARY ***
Total pot $11.24 | Rake $0.56 
Board [7d Jc 4d 4h Ks]
Seat 1: janarr5 (small blind) folded before Flop
Seat 2: Aleqseuka (big blind) showed [8d 3d] and lost with a pair of Fours
Seat 3: steepfell folded before Flop (didn't bet)
Seat 4: Slami4 folded before Flop (didn't bet)
Seat 5: sutata folded before Flop (didn't bet)
Seat 6: rea246 (button) showed [Qc Ah] and won ($10.68) with a pair of Fours



PokerStars Hand #254464409568:  Hold'em No Limit ($0.50/$1.00 USD) - 2025/01/20 7:56:39 WET [2025/01/20 2:56:39 ET]
Table 'Peacock IV' 6-max Seat #1 is the button
Seat 1: janarr5 ($105.64 in chips) 
Seat 2: Aleqseuka ($109.63 in chips) 
Seat 3: steepfell ($136.28 in chips) 
Seat 4: Slami4 ($113.53 in chips) 
Seat 5: sutata ($116.51 in chips) 
Seat 6: rea246 ($143.35 in chips) 
Aleqseuka: posts small blind $0.50
steepfell: posts big blind $1
*** HOLE CARDS ***
Slami4: folds 
sutata: raises $1.50 to $2.50
rea246: calls $2.50
janarr5: folds 
Aleqseuka: folds 
steepfell: folds 
*** FLOP *** [Jd 3s Qc]
sutata: checks 
rea246: bets $3.09
sutata: calls $3.09
*** TURN *** [Jd 3s Qc] [2h]
sutata: checks 
rea246: checks 
*** RIVER *** [Jd 3s Qc 2h] [Ac]
sutata: checks 
rea246: checks 
*** SHOW DOWN ***
sutata: shows [Jh 9h] (a pair of Jacks)
rea246: shows [Qd 4d] (a pair of Queens)
rea246 collected $12.05 from pot
*** SUMMARY ***
Total pot $12.68 | Rake $0.63 
Board [Jd 3s Qc 2h Ac]
Seat 1: janarr5 (button) folded before Flop (didn't bet)
Seat 2: Aleqseuka (small blind) folded before Flop
Seat 3: steepfell (big blind) folded before Flop
Seat 4: Slami4 folded before Flop (didn't bet)
Seat 5: sutata showed [Jh 9h] and lost with a pair of Jacks
Seat 6: rea246 showed [Qd 4d] and won ($12.05) with a pair of Queens



PokerStars Hand #254464435378:  Hold'em No Limit ($0.50/$1.00 USD) - 2025/01/20 7:57:12 WET [2025/01/20 2:57:12 ET]
Table 'Peacock IV' 6-max Seat #2 is the button
Seat 1: janarr5 ($105.64 in chips) 
Seat 2: Aleqseuka ($109.13 in chips) 
Seat 3: steepfell ($135.28 in chips) 
Seat 4: Slami4 ($113.53 in chips) 
Seat 5: sutata ($110.92 in chips) 
Seat 6: rea246 ($149.81 in chips) 
steepfell: posts small blind $0.50
Slami4: posts big blind $1
*** HOLE CARDS ***
sutata: raises $1.50 to $2.50
rea246: calls $2.50
janarr5: folds 
Aleqseuka: folds 
steepfell: folds 
Slami4: folds 
*** FLOP *** [Qs 6h Kd]
sutata: bets $2.06
rea246: calls $2.06
*** TURN *** [Qs 6h Kd] [Qd]
sutata: checks 
rea246: bets $4
sutata: calls $4
*** RIVER *** [Qs 6h Kd Qd] [2s]
sutata: checks 
rea246: checks 
*** SHOW DOWN ***
sutata: shows [Th Ad] (a pair of Queens)
rea246: shows [Ks Ts] (two pair, Kings and Queens)
rea246 collected $17.69 from pot
*** SUMMARY ***
Total pot $18.62 | Rake $0.93 
Board [Qs 6h Kd Qd 2s]
Seat 1: janarr5 folded before Flop (didn't bet)
Seat 2: Aleqseuka (button) folded before Flop (didn't bet)
Seat 3: steepfell (small blind) folded before Flop
Seat 4: Slami4 (big blind) folded before Flop
Seat 5: sutata showed [Th Ad] and lost with a pair of Queens
Seat 6: rea246 showed [Ks Ts] and won ($17.69) with two pair, Kings and Queens



PokerStars Hand #254464456186:  Hold'em No Limit ($0.50/$1.00 USD) - 2025/01/20 7:57:38 WET [2025/01/20 2:57:38 ET]
Table 'Peacock IV' 6-max Seat #3 is the button
Seat 1: janarr5 ($105.64 in chips) 
Seat 2: Aleqseuka ($109.13 in chips) 
Seat 3: steepfell ($134.78 in chips) 
Seat 4: Slami4 ($112.53 in chips) 
Seat 5: sutata ($102.36 in chips) 
Seat 6: rea246 ($158.94 in chips) 
Slami4: posts small blind $0.50
sutata: posts big blind $1
*** HOLE CARDS ***
rea246: folds 
janarr5: folds 
Aleqseuka: folds 
steepfell: raises $1.50 to $2.50
Slami4: folds 
sutata: folds 
Uncalled bet ($1.50) returned to steepfell
steepfell collected $2.50 from pot
steepfell: doesn't show hand 
*** SUMMARY ***
Total pot $2.50 | Rake $0 
Seat 1: janarr5 folded before Flop (didn't bet)
Seat 2: Aleqseuka folded before Flop (didn't bet)
Seat 3: steepfell (button) collected ($2.50)
Seat 4: Slami4 (small blind) folded before Flop
Seat 5: sutata (big blind) folded before Flop
Seat 6: rea246 folded before Flop (didn't bet)



PokerStars Hand #254464474160:  Hold'em No Limit ($0.50/$1.00 USD) - 2025/01/20 7:58:00 WET [2025/01/20 2:58:00 ET]
Table 'Peacock IV' 6-max Seat #4 is the button
Seat 1: janarr5 ($105.64 in chips) 
Seat 2: Aleqseuka ($109.13 in chips) 
Seat 3: steepfell ($136.28 in chips) 
Seat 4: Slami4 ($112.03 in chips) 
Seat 5: sutata ($101.36 in chips) 
Seat 6: rea246 ($158.94 in chips) 
sutata: posts small blind $0.50
rea246: posts big blind $1
*** HOLE CARDS ***
janarr5: raises $1.25 to $2.25
Aleqseuka: raises $5.25 to $7.50
steepfell: folds 
Slami4: folds 
sutata: folds 
rea246: folds 
janarr5: folds 
Uncalled bet ($5.25) returned to Aleqseuka
Aleqseuka collected $6 from pot
Aleqseuka: doesn't show hand 
*** SUMMARY ***
Total pot $6 | Rake $0 
Seat 1: janarr5 folded before Flop
Seat 2: Aleqseuka collected ($6)
Seat 3: steepfell folded before Flop (didn't bet)
Seat 4: Slami4 (button) folded before Flop (didn't bet)
Seat 5: sutata (small blind) folded before Flop
Seat 6: rea246 (big blind) folded before Flop



PokerStars Hand #254464487298:  Hold'em No Limit ($0.50/$1.00 USD) - 2025/01/20 7:58:15 WET [2025/01/20 2:58:15 ET]
Table 'Peacock IV' 6-max Seat #5 is the button
Seat 1: janarr5 ($103.39 in chips) 
Seat 2: Aleqseuka ($112.88 in chips) 
Seat 3: steepfell ($136.28 in chips) 
Seat 4: Slami4 ($112.03 in chips) 
Seat 5: sutata ($100.86 in chips) 
Seat 6: rea246 ($157.94 in chips) 
rea246: posts small blind $0.50
janarr5: posts big blind $1
*** HOLE CARDS ***
Aleqseuka: folds 
steepfell: folds 
Slami4: raises $1.50 to $2.50
sutata: folds 
rea246: folds 
janarr5: folds 
Uncalled bet ($1.50) returned to Slami4
Slami4 collected $2.50 from pot
Slami4: doesn't show hand 
*** SUMMARY ***
Total pot $2.50 | Rake $0 
Seat 1: janarr5 (big blind) folded before Flop
Seat 2: Aleqseuka folded before Flop (didn't bet)
Seat 3: steepfell folded before Flop (didn't bet)
Seat 4: Slami4 collected ($2.50)
Seat 5: sutata (button) folded before Flop (didn't bet)
Seat 6: rea246 (small blind) folded before Flop



PokerStars Hand #254464501027:  Hold'em No Limit ($0.50/$1.00 USD) - 2025/01/20 7:58:32 WET [2025/01/20 2:58:32 ET]
Table 'Peacock IV' 6-max Seat #6 is the button
Seat 1: janarr5 ($102.39 in chips) 
Seat 2: Aleqseuka ($112.88 in chips) 
Seat 3: steepfell ($136.28 in chips) 
Seat 4: Slami4 ($113.53 in chips) 
Seat 5: sutata ($100.86 in chips) 
Seat 6: rea246 ($157.44 in chips) 
janarr5: posts small blind $0.50
Aleqseuka: posts big blind $1
*** HOLE CARDS ***
steepfell: folds 
Slami4: folds 
sutata: folds 
rea246: raises $1.50 to $2.50
janarr5: folds 
Aleqseuka: folds 
Uncalled bet ($1.50) returned to rea246
rea246 collected $2.50 from pot
*** SUMMARY ***
Total pot $2.50 | Rake $0 
Seat 1: janarr5 (small blind) folded before Flop
Seat 2: Aleqseuka (big blind) folded before Flop
Seat 3: steepfell folded before Flop (didn't bet)
Seat 4: Slami4 folded before Flop (didn't bet)
Seat 5: sutata folded before Flop (didn't bet)
Seat 6: rea246 (button) collected ($2.50)



PokerStars Hand #254464512780:  Hold'em No Limit ($0.50/$1.00 USD) - 2025/01/20 7:58:46 WET [2025/01/20 2:58:46 ET]
Table 'Peacock IV' 6-max Seat #1 is the button
Seat 1: janarr5 ($101.89 in chips) 
Seat 2: Aleqseuka ($111.88 in chips) 
Seat 3: steepfell ($136.28 in chips) 
Seat 4: Slami4 ($113.53 in chips) 
Seat 5: sutata ($100.86 in chips) 
Seat 6: rea246 ($158.94 in chips) 
Aleqseuka: posts small blind $0.50
steepfell: posts big blind $1
*** HOLE CARDS ***
Slami4: raises $1.50 to $2.50
sutata: folds 
rea246: raises $1.50 to $4
janarr5: folds 
Aleqseuka: folds 
steepfell: folds 
Slami4: raises $11.50 to $15.50
rea246: folds 
Uncalled bet ($11.50) returned to Slami4
Slami4 collected $9.50 from pot
Slami4: doesn't show hand 
*** SUMMARY ***
Total pot $9.50 | Rake $0 
Seat 1: janarr5 (button) folded before Flop (didn't bet)
Seat 2: Aleqseuka (small blind) folded before Flop
Seat 3: steepfell (big blind) folded before Flop
Seat 4: Slami4 collected ($9.50)
Seat 5: sutata folded before Flop (didn't bet)
Seat 6: rea246 folded before Flop



PokerStars Hand #254464536038:  Hold'em No Limit ($0.50/$1.00 USD) - 2025/01/20 7:59:14 WET [2025/01/20 2:59:14 ET]
Table 'Peacock IV' 6-max Seat #2 is the button
Seat 1: janarr5 ($101.89 in chips) 
Seat 2: Aleqseuka ($111.38 in chips) 
Seat 3: steepfell ($135.28 in chips) 
Seat 4: Slami4 ($119.03 in chips) 
Seat 5: sutata ($100.86 in chips) 
Seat 6: rea246 ($154.94 in chips) 
steepfell: posts small blind $0.50
Slami4: posts big blind $1
*** HOLE CARDS ***
sutata: folds 
rea246: raises $1.50 to $2.50
janarr5: folds 
Aleqseuka: raises $5 to $7.50
steepfell: folds 
Slami4: folds 
rea246: calls $5
*** FLOP *** [9c 4s 8s]
rea246: checks 
Aleqseuka: checks 
*** TURN *** [9c 4s 8s] [8h]
rea246: checks 
Aleqseuka: checks 
*** RIVER *** [9c 4s 8s 8h] [4d]
rea246: checks 
Aleqseuka: checks 
*** SHOW DOWN ***
rea246: shows [Kc 3c] (two pair, Eights and Fours)
Aleqseuka: shows [Ac 5s] (two pair, Eights and Fours - Ace kicker)
Aleqseuka collected $15.68 from pot
*** SUMMARY ***
Total pot $16.50 | Rake $0.82 
Board [9c 4s 8s 8h 4d]
Seat 1: janarr5 folded before Flop (didn't bet)
Seat 2: Aleqseuka (button) showed [Ac 5s] and won ($15.68) with two pair, Eights and Fours
Seat 3: steepfell (small blind) folded before Flop
Seat 4: Slami4 (big blind) folded before Flop
Seat 5: sutata folded before Flop (didn't bet)
Seat 6: rea246 showed [Kc 3c] and lost with two pair, Eights and Fours



PokerStars Hand #254464584621:  Hold'em No Limit ($0.50/$1.00 USD) - 2025/01/20 8:00:16 WET [2025/01/20 3:00:16 ET]
Table 'Peacock IV' 6-max Seat #3 is the button
Seat 1: janarr5 ($101.89 in chips) 
Seat 2: Aleqseuka ($119.56 in chips) 
Seat 3: steepfell ($134.78 in chips) 
Seat 4: Slami4 ($118.03 in chips) 
Seat 5: sutata ($100.86 in chips) 
Seat 6: rea246 ($147.44 in chips) 
Slami4: posts small blind $0.50
sutata: posts big blind $1
*** HOLE CARDS ***
rea246: raises $1.50 to $2.50
janarr5: folds 
Aleqseuka: folds 
steepfell: folds 
Slami4: calls $2
sutata: folds 
*** FLOP *** [5d Js 9c]
Slami4: checks 
rea246: bets $2.85
Slami4: folds 
Uncalled bet ($2.85) returned to rea246
rea246 collected $5.70 from pot
rea246: doesn't show hand 
*** SUMMARY ***
Total pot $6 | Rake $0.30 
Board [5d Js 9c]
Seat 1: janarr5 folded before Flop (didn't bet)
Seat 2: Aleqseuka folded before Flop (didn't bet)
Seat 3: steepfell (button) folded before Flop (didn't bet)
Seat 4: Slami4 (small blind) folded on the Flop
Seat 5: sutata (big blind) folded before Flop
Seat 6: rea246 collected ($5.70)



PokerStars Hand #254464605177:  Hold'em No Limit ($0.50/$1.00 USD) - 2025/01/20 8:00:41 WET [2025/01/20 3:00:41 ET]
Table 'Peacock IV' 6-max Seat #4 is the button
Seat 1: janarr5 ($101.89 in chips) 
Seat 2: Aleqseuka ($119.56 in chips) 
Seat 3: steepfell ($134.78 in chips) 
Seat 4: Slami4 ($115.53 in chips) 
Seat 5: sutata ($100 in chips) 
Seat 6: rea246 ($150.64 in chips) 
sutata: posts small blind $0.50
rea246: posts big blind $1
*** HOLE CARDS ***
janarr5: folds 
Aleqseuka: folds 
steepfell: folds 
Slami4: raises $1.50 to $2.50
sutata: folds 
rea246: folds 
Uncalled bet ($1.50) returned to Slami4
Slami4 collected $2.50 from pot
Slami4: doesn't show hand 
*** SUMMARY ***
Total pot $2.50 | Rake $0 
Seat 1: janarr5 folded before Flop (didn't bet)
Seat 2: Aleqseuka folded before Flop (didn't bet)
Seat 3: steepfell folded before Flop (didn't bet)
Seat 4: Slami4 (button) collected ($2.50)
Seat 5: sutata (small blind) folded before Flop
Seat 6: rea246 (big blind) folded before Flop



PokerStars Hand #254464615328:  Hold'em No Limit ($0.50/$1.00 USD) - 2025/01/20 8:00:53 WET [2025/01/20 3:00:53 ET]
Table 'Peacock IV' 6-max Seat #5 is the button
Seat 1: janarr5 ($101.89 in chips) 
Seat 2: Aleqseuka ($119.56 in chips) 
Seat 3: steepfell ($134.78 in chips) 
Seat 4: Slami4 ($117.03 in chips) 
Seat 5: sutata ($100 in chips) 
Seat 6: rea246 ($149.64 in chips) 
rea246: posts small blind $0.50
janarr5: posts big blind $1
*** HOLE CARDS ***
Aleqseuka: folds 
steepfell: folds 
Slami4: folds 
sutata: folds 
rea246: calls $0.50
janarr5: checks 
*** FLOP *** [5h 9s 5d]
rea246: bets $1
janarr5: raises $2.57 to $3.57
rea246: folds 
Uncalled bet ($2.57) returned to janarr5
janarr5 collected $3.80 from pot
janarr5: doesn't show hand 
*** SUMMARY ***
Total pot $4 | Rake $0.20 
Board [5h 9s 5d]
Seat 1: janarr5 (big blind) collected ($3.80)
Seat 2: Aleqseuka folded before Flop (didn't bet)
Seat 3: steepfell folded before Flop (didn't bet)
Seat 4: Slami4 folded before Flop (didn't bet)
Seat 5: sutata (button) folded before Flop (didn't bet)
Seat 6: rea246 (small blind) folded on the Flop



PokerStars Hand #254464639570:  Hold'em No Limit ($0.50/$1.00 USD) - 2025/01/20 8:01:23 WET [2025/01/20 3:01:23 ET]
Table 'Peacock IV' 6-max Seat #6 is the button
Seat 2: Aleqseuka ($119.56 in chips) is sitting out
Seat 1: janarr5 ($103.69 in chips) 
Seat 3: steepfell ($134.78 in chips) 
Seat 4: Slami4 ($117.03 in chips) 
Seat 5: sutata ($100 in chips) 
Seat 6: rea246 ($147.64 in chips) 
janarr5: posts small blind $0.50
Aleqseuka: is sitting out 
steepfell: posts big blind $1
*** HOLE CARDS ***
Slami4: folds 
sutata: folds 
rea246: raises $1.50 to $2.50
janarr5: folds 
steepfell: folds 
Uncalled bet ($1.50) returned to rea246
rea246 collected $2.50 from pot
*** SUMMARY ***
Total pot $2.50 | Rake $0 
Seat 2: Aleqseuka
Seat 1: janarr5 (small blind) folded before Flop
Seat 3: steepfell (big blind) folded before Flop
Seat 4: Slami4 folded before Flop (didn't bet)
Seat 5: sutata folded before Flop (didn't bet)
Seat 6: rea246 (button) collected ($2.50)



PokerStars Hand #254464647174:  Hold'em No Limit ($0.50/$1.00 USD) - 2025/01/20 8:01:33 WET [2025/01/20 3:01:33 ET]
Table 'Peacock IV' 6-max Seat #1 is the button
Seat 2: Aleqseuka ($119.56 in chips) is sitting out
Seat 1: janarr5 ($103.19 in chips) 
Seat 3: steepfell ($133.78 in chips) 
Seat 4: Slami4 ($117.03 in chips) 
Seat 5: sutata ($100 in chips) 
Seat 6: rea246 ($149.14 in chips) 
steepfell: posts small blind $0.50
Slami4: posts big blind $1
*** HOLE CARDS ***
sutata: folds 
rea246: raises $1.50 to $2.50
janarr5: folds 
steepfell: folds 
Slami4: folds 
Uncalled bet ($1.50) returned to rea246
rea246 collected $2.50 from pot
rea246: doesn't show hand 
*** SUMMARY ***
Total pot $2.50 | Rake $0 
Seat 2: Aleqseuka
Seat 1: janarr5 (button) folded before Flop (didn't bet)
Seat 3: steepfell (small blind) folded before Flop
Seat 4: Slami4 (big blind) folded before Flop
Seat 5: sutata folded before Flop (didn't bet)
Seat 6: rea246 collected ($2.50)



PokerStars Hand #254464660495:  Hold'em No Limit ($0.50/$1.00 USD) - 2025/01/20 8:01:49 WET [2025/01/20 3:01:49 ET]
Table 'Peacock IV' 6-max Seat #3 is the button
Seat 2: Aleqseuka ($119.56 in chips) is sitting out
Seat 1: janarr5 ($103.19 in chips) 
Seat 3: steepfell ($133.28 in chips) 
Seat 4: Slami4 ($116.03 in chips) 
Seat 5: sutata ($100 in chips) 
Seat 6: rea246 ($150.64 in chips) 
Slami4: posts small blind $0.50
sutata: posts big blind $1
*** HOLE CARDS ***
rea246: folds 
janarr5: folds 
steepfell: raises $1.50 to $2.50
Slami4: folds 
sutata: folds 
Uncalled bet ($1.50) returned to steepfell
steepfell collected $2.50 from pot
steepfell: doesn't show hand 
*** SUMMARY ***
Total pot $2.50 | Rake $0 
Seat 2: Aleqseuka
Seat 1: janarr5 folded before Flop (didn't bet)
Seat 3: steepfell (button) collected ($2.50)
Seat 4: Slami4 (small blind) folded before Flop
Seat 5: sutata (big blind) folded before Flop
Seat 6: rea246 folded before Flop (didn't bet)



PokerStars Hand #254464671087:  Hold'em No Limit ($0.50/$1.00 USD) - 2025/01/20 8:02:02 WET [2025/01/20 3:02:02 ET]
Table 'Peacock IV' 6-max Seat #4 is the button
Seat 2: Aleqseuka ($119.56 in chips) is sitting out
Seat 1: janarr5 ($103.19 in chips) 
Seat 3: steepfell ($134.78 in chips) 
Seat 4: Slami4 ($115.53 in chips) 
Seat 5: sutata ($100 in chips) 
Seat 6: rea246 ($150.64 in chips) 
sutata: posts small blind $0.50
rea246: posts big blind $1
*** HOLE CARDS ***
janarr5: raises $1.25 to $2.25
steepfell: folds 
Slami4: folds 
sutata: folds 
rea246: calls $1.25
*** FLOP *** [Kc 5d Td]
rea246: checks 
janarr5: checks 
*** TURN *** [Kc 5d Td] [9h]
rea246: checks 
janarr5: checks 
*** RIVER *** [Kc 5d Td 9h] [2h]
rea246: checks 
janarr5: checks 
*** SHOW DOWN ***
rea246: shows [2s Ad] (a pair of Deuces)
janarr5: mucks hand 
rea246 collected $4.75 from pot
*** SUMMARY ***
Total pot $5 | Rake $0.25 
Board [Kc 5d Td 9h 2h]
Seat 2: Aleqseuka
Seat 1: janarr5 mucked
Seat 3: steepfell folded before Flop (didn't bet)
Seat 4: Slami4 (button) folded before Flop (didn't bet)
Seat 5: sutata (small blind) folded before Flop
Seat 6: rea246 (big blind) showed [2s Ad] and won ($4.75) with a pair of Deuces



PokerStars Hand #254464693418:  Hold'em No Limit ($0.50/$1.00 USD) - 2025/01/20 8:02:29 WET [2025/01/20 3:02:29 ET]
Table 'Peacock IV' 6-max Seat #5 is the button
Seat 2: Aleqseuka ($119.56 in chips) is sitting out
Seat 1: janarr5 ($100.94 in chips) 
Seat 3: steepfell ($134.78 in chips) 
Seat 4: Slami4 ($115.53 in chips) 
Seat 5: sutata ($100 in chips) 
Seat 6: rea246 ($153.14 in chips) 
rea246: posts small blind $0.50
janarr5: posts big blind $1
*** HOLE CARDS ***
steepfell: folds 
Slami4: folds 
sutata: folds 
rea246: folds 
Uncalled bet ($0.50) returned to janarr5
janarr5 collected $1 from pot
janarr5: doesn't show hand 
*** SUMMARY ***
Total pot $1 | Rake $0 
Seat 2: Aleqseuka
Seat 1: janarr5 (big blind) collected ($1)
Seat 3: steepfell folded before Flop (didn't bet)
Seat 4: Slami4 folded before Flop (didn't bet)
Seat 5: sutata (button) folded before Flop (didn't bet)
Seat 6: rea246 (small blind) folded before Flop



PokerStars Hand #254464702938:  Hold'em No Limit ($0.50/$1.00 USD) - 2025/01/20 8:02:41 WET [2025/01/20 3:02:41 ET]
Table 'Peacock IV' 6-max Seat #6 is the button
Seat 2: Aleqseuka ($119.56 in chips) is sitting out
Seat 1: janarr5 ($101.44 in chips) 
Seat 3: steepfell ($134.78 in chips) 
Seat 4: Slami4 ($115.53 in chips) 
Seat 5: sutata ($100 in chips) 
Seat 6: rea246 ($152.64 in chips) 
janarr5: posts small blind $0.50
steepfell: posts big blind $1
*** HOLE CARDS ***
Slami4: folds 
sutata: folds 
rea246: raises $1.50 to $2.50
janarr5: folds 
steepfell: raises $8.50 to $11
rea246: calls $8.50
*** FLOP *** [Kd Ad 5s]
steepfell: bets $7.06
rea246: folds 
Uncalled bet ($7.06) returned to steepfell
steepfell collected $21.38 from pot
steepfell: doesn't show hand 
*** SUMMARY ***
Total pot $22.50 | Rake $1.12 
Board [Kd Ad 5s]
Seat 2: Aleqseuka
Seat 1: janarr5 (small blind) folded before Flop
Seat 3: steepfell (big blind) collected ($21.38)
Seat 4: Slami4 folded before Flop (didn't bet)
Seat 5: sutata folded before Flop (didn't bet)
Seat 6: rea246 (button) folded on the Flop



PokerStars Hand #254464722827:  Hold'em No Limit ($0.50/$1.00 USD) - 2025/01/20 8:03:06 WET [2025/01/20 3:03:06 ET]
Table 'Peacock IV' 6-max Seat #1 is the button
Seat 2: Aleqseuka ($119.56 in chips) is sitting out
Seat 1: janarr5 ($100.94 in chips) 
Seat 3: steepfell ($145.16 in chips) 
Seat 4: Slami4 ($115.53 in chips) 
Seat 5: sutata ($100 in chips) 
Seat 6: rea246 ($141.64 in chips) 
steepfell: posts small blind $0.50
Slami4: posts big blind $1
*** HOLE CARDS ***
sutata: folds 
rea246: raises $1.50 to $2.50
janarr5: folds 
steepfell: folds 
Slami4: folds 
Uncalled bet ($1.50) returned to rea246
rea246 collected $2.50 from pot
rea246: doesn't show hand 
*** SUMMARY ***
Total pot $2.50 | Rake $0 
Seat 2: Aleqseuka
Seat 1: janarr5 (button) folded before Flop (didn't bet)
Seat 3: steepfell (small blind) folded before Flop
Seat 4: Slami4 (big blind) folded before Flop
Seat 5: sutata folded before Flop (didn't bet)
Seat 6: rea246 collected ($2.50)



PokerStars Hand #254464736815:  Hold'em No Limit ($0.50/$1.00 USD) - 2025/01/20 8:03:25 WET [2025/01/20 3:03:25 ET]
Table 'Peacock IV' 6-max Seat #3 is the button
Seat 2: Aleqseuka ($119.56 in chips) is sitting out
Seat 1: janarr5 ($100.94 in chips) 
Seat 3: steepfell ($144.66 in chips) 
Seat 4: Slami4 ($114.53 in chips) 
Seat 5: sutata ($100 in chips) 
Seat 6: rea246 ($143.14 in chips) 
Slami4: posts small blind $0.50
sutata: posts big blind $1
*** HOLE CARDS ***
rea246: folds 
janarr5: folds 
steepfell: folds 
Slami4: folds 
Uncalled bet ($0.50) returned to sutata
sutata collected $1 from pot
sutata: doesn't show hand 
*** SUMMARY ***
Total pot $1 | Rake $0 
Seat 2: Aleqseuka
Seat 1: janarr5 folded before Flop (didn't bet)
Seat 3: steepfell (button) folded before Flop (didn't bet)
Seat 4: Slami4 (small blind) folded before Flop
Seat 5: sutata (big blind) collected ($1)
Seat 6: rea246 folded before Flop (didn't bet)



PokerStars Hand #254464747935:  Hold'em No Limit ($0.50/$1.00 USD) - 2025/01/20 8:03:40 WET [2025/01/20 3:03:40 ET]
Table 'Peacock IV' 6-max Seat #4 is the button
Seat 2: Aleqseuka ($119.56 in chips) is sitting out
Seat 1: janarr5 ($100.94 in chips) 
Seat 3: steepfell ($144.66 in chips) 
Seat 4: Slami4 ($114.03 in chips) 
Seat 5: sutata ($100.50 in chips) 
Seat 6: rea246 ($143.14 in chips) 
sutata: posts small blind $0.50
rea246: posts big blind $1
*** HOLE CARDS ***
janarr5: folds 
steepfell: folds 
Slami4: folds 
sutata: raises $2 to $3
rea246: calls $2
*** FLOP *** [8s 6s 9s]
sutata: bets $1.90
rea246: calls $1.90
*** TURN *** [8s 6s 9s] [Qh]
sutata: checks 
rea246: bets $4.66
sutata: raises $14.16 to $18.82
rea246: calls $14.16
*** RIVER *** [8s 6s 9s Qh] [Jc]
sutata: bets $55.44
rea246: folds 
Uncalled bet ($55.44) returned to sutata
sutata collected $45.07 from pot
sutata: doesn't show hand 
*** SUMMARY ***
Total pot $47.44 | Rake $2.37 
Board [8s 6s 9s Qh Jc]
Seat 2: Aleqseuka
Seat 1: janarr5 folded before Flop (didn't bet)
Seat 3: steepfell folded before Flop (didn't bet)
Seat 4: Slami4 (button) folded before Flop (didn't bet)
Seat 5: sutata (small blind) collected ($45.07)
Seat 6: rea246 (big blind) folded on the River



PokerStars Hand #254464809822:  Hold'em No Limit ($0.50/$1.00 USD) - 2025/01/20 8:04:57 WET [2025/01/20 3:04:57 ET]
Table 'Peacock IV' 6-max Seat #5 is the button
Seat 2: Aleqseuka ($119.56 in chips) is sitting out
Seat 1: janarr5 ($100.94 in chips) 
Seat 3: steepfell ($144.66 in chips) 
Seat 4: Slami4 ($114.03 in chips) 
Seat 5: sutata ($121.85 in chips) 
Seat 6: rea246 ($119.42 in chips) 
rea246: posts small blind $0.50
janarr5: posts big blind $1
*** HOLE CARDS ***
steepfell: folds 
Slami4: raises $1.50 to $2.50
sutata: calls $2.50
rea246: raises $7.50 to $10
janarr5: folds 
Slami4: folds 
sutata: raises $14.30 to $24.30
rea246: calls $14.30
*** FLOP *** [Jh 3d Kd]
rea246: bets $49.60
sutata: calls $49.60
*** TURN *** [Jh 3d Kd] [Th]
rea246: bets $45.52 and is all-in
sutata: calls $45.52
*** RIVER *** [Jh 3d Kd Th] [Ad]
*** SHOW DOWN ***
rea246: shows [4d Jd] (a flush, Ace high)
sutata: shows [Qd Qh] (a straight, Ten to Ace)
rea246 collected $239.84 from pot
*** SUMMARY ***
Total pot $242.34 | Rake $2.50 
Board [Jh 3d Kd Th Ad]
Seat 2: Aleqseuka
Seat 1: janarr5 (big blind) folded before Flop
Seat 3: steepfell folded before Flop (didn't bet)
Seat 4: Slami4 folded before Flop
Seat 5: sutata (button) showed [Qd Qh] and lost with a straight, Ten to Ace
Seat 6: rea246 (small blind) showed [4d Jd] and won ($239.84) with a flush, Ace high



PokerStars Hand #254464834197:  Hold'em No Limit ($0.50/$1.00 USD) - 2025/01/20 8:05:28 WET [2025/01/20 3:05:28 ET]
Table 'Peacock IV' 6-max Seat #6 is the button
Seat 2: Aleqseuka ($119.56 in chips) is sitting out
Seat 1: janarr5 ($100 in chips) 
Seat 3: steepfell ($144.66 in chips) 
Seat 4: Slami4 ($111.53 in chips) 
Seat 5: sutata ($100 in chips) 
Seat 6: rea246 ($239.84 in chips) 
janarr5: posts small blind $0.50
steepfell: posts big blind $1
*** HOLE CARDS ***
Slami4: raises $1.50 to $2.50
sutata: folds 
rea246: folds 
janarr5: folds 
steepfell: calls $1.50
*** FLOP *** [6d Tc 5s]
steepfell: checks 
Slami4: bets $1.72
steepfell: calls $1.72
*** TURN *** [6d Tc 5s] [2s]
steepfell: checks 
Slami4: checks 
*** RIVER *** [6d Tc 5s 2s] [6h]
steepfell: checks 
Slami4: checks 
*** SHOW DOWN ***
steepfell: shows [Jd As] (a pair of Sixes)
Slami4: mucks hand 
steepfell collected $8.49 from pot
*** SUMMARY ***
Total pot $8.94 | Rake $0.45 
Board [6d Tc 5s 2s 6h]
Seat 2: Aleqseuka
Seat 1: janarr5 (small blind) folded before Flop
Seat 3: steepfell (big blind) showed [Jd As] and won ($8.49) with a pair of Sixes
Seat 4: Slami4 mucked
Seat 5: sutata folded before Flop (didn't bet)
Seat 6: rea246 (button) folded before Flop (didn't bet)



PokerStars Hand #254464874002:  Hold'em No Limit ($0.50/$1.00 USD) - 2025/01/20 8:06:22 WET [2025/01/20 3:06:22 ET]
Table 'Peacock IV' 6-max Seat #1 is the button
Seat 2: Aleqseuka ($119.56 in chips) is sitting out
Seat 1: janarr5 ($100 in chips) 
Seat 3: steepfell ($148.93 in chips) 
Seat 4: Slami4 ($107.31 in chips) 
Seat 5: sutata ($100 in chips) 
Seat 6: rea246 ($239.84 in chips) 
steepfell: posts small blind $0.50
Slami4: posts big blind $1
*** HOLE CARDS ***
sutata: raises $1.50 to $2.50
rea246: folds 
janarr5: folds 
steepfell: folds 
Slami4: folds 
Uncalled bet ($1.50) returned to sutata
sutata collected $2.50 from pot
sutata: doesn't show hand 
*** SUMMARY ***
Total pot $2.50 | Rake $0 
Seat 2: Aleqseuka
Seat 1: janarr5 (button) folded before Flop (didn't bet)
Seat 3: steepfell (small blind) folded before Flop
Seat 4: Slami4 (big blind) folded before Flop
Seat 5: sutata collected ($2.50)
Seat 6: rea246 folded before Flop (didn't bet)



PokerStars Hand #254464882211:  Hold'em No Limit ($0.50/$1.00 USD) - 2025/01/20 8:06:33 WET [2025/01/20 3:06:33 ET]
Table 'Peacock IV' 6-max Seat #3 is the button
Seat 2: Aleqseuka ($119.56 in chips) is sitting out
Seat 1: janarr5 ($100 in chips) 
Seat 3: steepfell ($148.43 in chips) 
Seat 4: Slami4 ($106.31 in chips) 
Seat 5: sutata ($101.50 in chips) 
Seat 6: rea246 ($239.84 in chips) 
Slami4: posts small blind $0.50
sutata: posts big blind $1
*** HOLE CARDS ***
rea246: raises $2.50 to $3.50
janarr5: folds 
steepfell: folds 
Slami4: folds 
sutata: folds 
Uncalled bet ($2.50) returned to rea246
rea246 collected $2.50 from pot
rea246: doesn't show hand 
*** SUMMARY ***
Total pot $2.50 | Rake $0 
Seat 2: Aleqseuka
Seat 1: janarr5 folded before Flop (didn't bet)
Seat 3: steepfell (button) folded before Flop (didn't bet)
Seat 4: Slami4 (small blind) folded before Flop
Seat 5: sutata (big blind) folded before Flop
Seat 6: rea246 collected ($2.50)



PokerStars Hand #254464898931:  Hold'em No Limit ($0.50/$1.00 USD) - 2025/01/20 8:06:55 WET [2025/01/20 3:06:55 ET]
Table 'Peacock IV' 6-max Seat #4 is the button
Seat 2: Aleqseuka ($119.56 in chips) is sitting out
Seat 1: janarr5 ($100 in chips) 
Seat 3: steepfell ($148.43 in chips) 
Seat 4: Slami4 ($105.81 in chips) 
Seat 5: sutata ($100.50 in chips) 
Seat 6: rea246 ($241.34 in chips) 
sutata: posts small blind $0.50
rea246: posts big blind $1
*** HOLE CARDS ***
janarr5: folds 
steepfell: raises $1.50 to $2.50
Slami4: folds 
sutata: folds 
rea246: calls $1.50
*** FLOP *** [Jc Ts Kh]
rea246: checks 
steepfell: checks 
*** TURN *** [Jc Ts Kh] [4d]
rea246: checks 
steepfell: checks 
*** RIVER *** [Jc Ts Kh 4d] [2c]
rea246: checks 
steepfell: checks 
*** SHOW DOWN ***
rea246: shows [Ah 3h] (high card Ace)
steepfell: mucks hand 
rea246 collected $5.22 from pot
*** SUMMARY ***
Total pot $5.50 | Rake $0.28 
Board [Jc Ts Kh 4d 2c]
Seat 2: Aleqseuka
Seat 1: janarr5 folded before Flop (didn't bet)
Seat 3: steepfell mucked
Seat 4: Slami4 (button) folded before Flop (didn't bet)
Seat 5: sutata (small blind) folded before Flop
Seat 6: rea246 (big blind) showed [Ah 3h] and won ($5.22) with high card Ace



PokerStars Hand #254464920538:  Hold'em No Limit ($0.50/$1.00 USD) - 2025/01/20 8:07:24 WET [2025/01/20 3:07:24 ET]
Table 'Peacock IV' 6-max Seat #5 is the button
Seat 2: Aleqseuka ($119.56 in chips) is sitting out
Seat 1: janarr5 ($100 in chips) 
Seat 3: steepfell ($145.93 in chips) 
Seat 4: Slami4 ($105.81 in chips) 
Seat 5: sutata ($100 in chips) 
Seat 6: rea246 ($244.06 in chips) 
rea246: posts small blind $0.50
janarr5: posts big blind $1
*** HOLE CARDS ***
steepfell: folds 
Slami4: folds 
sutata: raises $2 to $3
rea246: calls $2.50
janarr5: folds 
*** FLOP *** [3h Ts 9c]
rea246: checks 
sutata: bets $2.22
rea246: calls $2.22
*** TURN *** [3h Ts 9c] [Qs]
rea246: checks 
sutata: checks 
*** RIVER *** [3h Ts 9c Qs] [Ad]
rea246: checks 
sutata: bets $3.62
rea246: folds 
Uncalled bet ($3.62) returned to sutata
sutata collected $10.87 from pot
sutata: doesn't show hand 
*** SUMMARY ***
Total pot $11.44 | Rake $0.57 
Board [3h Ts 9c Qs Ad]
Seat 2: Aleqseuka
Seat 1: janarr5 (big blind) folded before Flop
Seat 3: steepfell folded before Flop (didn't bet)
Seat 4: Slami4 folded before Flop (didn't bet)
Seat 5: sutata (button) collected ($10.87)
Seat 6: rea246 (small blind) folded on the River



PokerStars Hand #254464939618:  Hold'em No Limit ($0.50/$1.00 USD) - 2025/01/20 8:07:49 WET [2025/01/20 3:07:49 ET]
Table 'Peacock IV' 6-max Seat #6 is the button
Seat 2: Aleqseuka ($119.56 in chips) is sitting out
Seat 1: janarr5 ($100 in chips) 
Seat 3: steepfell ($145.93 in chips) 
Seat 4: Slami4 ($105.81 in chips) 
Seat 5: sutata ($105.65 in chips) 
Seat 6: rea246 ($238.84 in chips) 
janarr5: posts small blind $0.50
steepfell: posts big blind $1
*** HOLE CARDS ***
Slami4: raises $1.50 to $2.50
sutata: folds 
rea246: calls $2.50
janarr5: folds 
steepfell: raises $10.50 to $13
Slami4: calls $10.50
rea246: calls $10.50
*** FLOP *** [5h Ah Jh]
steepfell: checks 
Slami4: checks 
rea246: checks 
*** TURN *** [5h Ah Jh] [6d]
steepfell: bets $18.76
Slami4: calls $18.76
rea246: folds 
*** RIVER *** [5h Ah Jh 6d] [8c]
steepfell: checks 
Slami4: checks 
*** SHOW DOWN ***
steepfell: shows [Ad Qc] (a pair of Aces)
Slami4: shows [Ac Kd] (a pair of Aces - King kicker)
Slami4 collected $74.52 from pot
*** SUMMARY ***
Total pot $77.02 | Rake $2.50 
Board [5h Ah Jh 6d 8c]
Seat 2: Aleqseuka
Seat 1: janarr5 (small blind) folded before Flop
Seat 3: steepfell (big blind) showed [Ad Qc] and lost with a pair of Aces
Seat 4: Slami4 showed [Ac Kd] and won ($74.52) with a pair of Aces
Seat 5: sutata folded before Flop (didn't bet)
Seat 6: rea246 (button) folded on the Turn



PokerStars Hand #254465002325:  Hold'em No Limit ($0.50/$1.00 USD) - 2025/01/20 8:09:18 WET [2025/01/20 3:09:18 ET]
Table 'Peacock IV' 6-max Seat #1 is the button
Seat 2: Aleqseuka ($119.56 in chips) is sitting out
Seat 1: janarr5 ($100 in chips) 
Seat 3: steepfell ($114.17 in chips) 
Seat 4: Slami4 ($148.57 in chips) 
Seat 5: sutata ($105.65 in chips) 
Seat 6: rea246 ($225.84 in chips) 
steepfell: posts small blind $0.50
Slami4: posts big blind $1
*** HOLE CARDS ***
sutata: raises $1.50 to $2.50
rea246: folds 
janarr5: raises $5 to $7.50
steepfell: folds 
Slami4: folds 
sutata: folds 
Uncalled bet ($5) returned to janarr5
janarr5 collected $6.50 from pot
janarr5: doesn't show hand 
*** SUMMARY ***
Total pot $6.50 | Rake $0 
Seat 2: Aleqseuka
Seat 1: janarr5 (button) collected ($6.50)
Seat 3: steepfell (small blind) folded before Flop
Seat 4: Slami4 (big blind) folded before Flop
Seat 5: sutata folded before Flop
Seat 6: rea246 folded before Flop (didn't bet)



PokerStars Hand #254465010881:  Hold'em No Limit ($0.50/$1.00 USD) - 2025/01/20 8:09:36 WET [2025/01/20 3:09:36 ET]
Table 'Peacock IV' 6-max Seat #3 is the button
Seat 2: Aleqseuka ($119.56 in chips) is sitting out
Seat 1: janarr5 ($104 in chips) 
Seat 3: steepfell ($113.67 in chips) 
Seat 4: Slami4 ($147.57 in chips) 
Seat 5: sutata ($103.15 in chips) 
Seat 6: rea246 ($225.84 in chips) 
Slami4: posts small blind $0.50
sutata: posts big blind $1
Aleqseuka: sits out 
*** HOLE CARDS ***
rea246: raises $1.50 to $2.50
janarr5: folds 
steepfell: folds 
Slami4: folds 
sutata: folds 
Uncalled bet ($1.50) returned to rea246
rea246 collected $2.50 from pot
rea246: doesn't show hand 
*** SUMMARY ***
Total pot $2.50 | Rake $0 
Seat 2: Aleqseuka
Seat 1: janarr5 folded before Flop (didn't bet)
Seat 3: steepfell (button) folded before Flop (didn't bet)
Seat 4: Slami4 (small blind) folded before Flop
Seat 5: sutata (big blind) folded before Flop
Seat 6: rea246 collected ($2.50)



PokerStars Hand #254465020351:  Hold'em No Limit ($0.50/$1.00 USD) - 2025/01/20 8:09:51 WET [2025/01/20 3:09:51 ET]
Table 'Peacock IV' 6-max Seat #4 is the button
Seat 2: Aleqseuka ($119.56 in chips) is sitting out
Seat 1: janarr5 ($104 in chips) 
Seat 3: steepfell ($113.67 in chips) 
Seat 4: Slami4 ($147.07 in chips) 
Seat 5: sutata ($102.15 in chips) 
Seat 6: rea246 ($227.34 in chips) 
sutata: posts small blind $0.50
rea246: posts big blind $1
Aleqseuka: sits out 
*** HOLE CARDS ***
janarr5: folds 
steepfell: raises $1.50 to $2.50
Slami4: folds 
sutata: folds 
rea246: calls $1.50
*** FLOP *** [9h 5c As]
rea246: checks 
steepfell: bets $2.61
rea246: calls $2.61
*** TURN *** [9h 5c As] [Th]
rea246: checks 
steepfell: bets $7.64
rea246: folds 
Uncalled bet ($7.64) returned to steepfell
steepfell collected $10.18 from pot
steepfell: doesn't show hand 
*** SUMMARY ***
Total pot $10.72 | Rake $0.54 
Board [9h 5c As Th]
Seat 2: Aleqseuka
Seat 1: janarr5 folded before Flop (didn't bet)
Seat 3: steepfell collected ($10.18)
Seat 4: Slami4 (button) folded before Flop (didn't bet)
Seat 5: sutata (small blind) folded before Flop
Seat 6: rea246 (big blind) folded on the Turn



PokerStars Hand #254465040789:  Hold'em No Limit ($0.50/$1.00 USD) - 2025/01/20 8:10:21 WET [2025/01/20 3:10:21 ET]
Table 'Peacock IV' 6-max Seat #5 is the button
Seat 2: Aleqseuka ($119.56 in chips) is sitting out
Seat 1: janarr5 ($104 in chips) 
Seat 3: steepfell ($118.74 in chips) 
Seat 4: Slami4 ($147.07 in chips) 
Seat 5: sutata ($101.65 in chips) 
Seat 6: rea246 ($222.23 in chips) 
rea246: posts small blind $0.50
janarr5: posts big blind $1
Aleqseuka: sits out 
*** HOLE CARDS ***
steepfell: folds 
Slami4: raises $1.50 to $2.50
sutata: folds 
rea246: calls $2
janarr5: calls $1.50
*** FLOP *** [Jd 8d 2s]
rea246: checks 
janarr5: checks 
Slami4: checks 
*** TURN *** [Jd 8d 2s] [7d]
rea246: bets $2.56
janarr5: folds 
Slami4: calls $2.56
*** RIVER *** [Jd 8d 2s 7d] [Kc]
rea246: checks 
Slami4: bets $7.91
rea246: folds 
Uncalled bet ($7.91) returned to Slami4
Slami4 collected $11.99 from pot
Slami4: doesn't show hand 
*** SUMMARY ***
Total pot $12.62 | Rake $0.63 
Board [Jd 8d 2s 7d Kc]
Seat 2: Aleqseuka
Seat 1: janarr5 (big blind) folded on the Turn
Seat 3: steepfell folded before Flop (didn't bet)
Seat 4: Slami4 collected ($11.99)
Seat 5: sutata (button) folded before Flop (didn't bet)
Seat 6: rea246 (small blind) folded on the River



PokerStars Hand #254465079645:  Hold'em No Limit ($0.50/$1.00 USD) - 2025/01/20 8:11:16 WET [2025/01/20 3:11:16 ET]
Table 'Peacock IV' 6-max Seat #6 is the button
Seat 1: janarr5 ($101.50 in chips) 
Seat 2: Aleqseuka ($119.56 in chips) 
Seat 3: steepfell ($118.74 in chips) 
Seat 4: Slami4 ($154 in chips) 
Seat 5: sutata ($101.65 in chips) 
Seat 6: rea246 ($217.17 in chips) 
janarr5: posts small blind $0.50
Aleqseuka: posts big blind $1
*** HOLE CARDS ***
steepfell: raises $1.50 to $2.50
Slami4: folds 
sutata: folds 
rea246: folds 
janarr5: folds 
Aleqseuka: calls $1.50
*** FLOP *** [6s 3h 9d]
Aleqseuka: checks 
steepfell: checks 
*** TURN *** [6s 3h 9d] [Kc]
Aleqseuka: checks 
steepfell: bets $3.92
Aleqseuka: folds 
Uncalled bet ($3.92) returned to steepfell
steepfell collected $5.22 from pot
steepfell: doesn't show hand 
*** SUMMARY ***
Total pot $5.50 | Rake $0.28 
Board [6s 3h 9d Kc]
Seat 1: janarr5 (small blind) folded before Flop
Seat 2: Aleqseuka (big blind) folded on the Turn
Seat 3: steepfell collected ($5.22)
Seat 4: Slami4 folded before Flop (didn't bet)
Seat 5: sutata folded before Flop (didn't bet)
Seat 6: rea246 (button) folded before Flop (didn't bet)



PokerStars Hand #254465111032:  Hold'em No Limit ($0.50/$1.00 USD) - 2025/01/20 8:12:02 WET [2025/01/20 3:12:02 ET]
Table 'Peacock IV' 6-max Seat #1 is the button
Seat 1: janarr5 ($101 in chips) 
Seat 2: Aleqseuka ($117.06 in chips) 
Seat 3: steepfell ($121.46 in chips) 
Seat 4: Slami4 ($154 in chips) 
Seat 5: sutata ($101.65 in chips) 
Seat 6: rea246 ($217.17 in chips) 
Aleqseuka: posts small blind $0.50
steepfell: posts big blind $1
*** HOLE CARDS ***
Slami4: folds 
sutata: folds 
rea246: folds 
janarr5: folds 
Aleqseuka: raises $2 to $3
steepfell: calls $2
*** FLOP *** [Js 4c 3h]
Aleqseuka: bets $1.88
steepfell: calls $1.88
*** TURN *** [Js 4c 3h] [7s]
Aleqseuka: checks 
steepfell: bets $6.95
Aleqseuka: calls $6.95
*** RIVER *** [Js 4c 3h 7s] [Ah]
Aleqseuka: checks 
steepfell: checks 
*** SHOW DOWN ***
Aleqseuka: shows [2c Ac] (a pair of Aces)
steepfell: mucks hand 
Aleqseuka collected $22.48 from pot
*** SUMMARY ***
Total pot $23.66 | Rake $1.18 
Board [Js 4c 3h 7s Ah]
Seat 1: janarr5 (button) folded before Flop (didn't bet)
Seat 2: Aleqseuka (small blind) showed [2c Ac] and won ($22.48) with a pair of Aces
Seat 3: steepfell (big blind) mucked
Seat 4: Slami4 folded before Flop (didn't bet)
Seat 5: sutata folded before Flop (didn't bet)
Seat 6: rea246 folded before Flop (didn't bet)



PokerStars Hand #254465133834:  Hold'em No Limit ($0.50/$1.00 USD) - 2025/01/20 8:12:57 WET [2025/01/20 3:12:57 ET]
Table 'Peacock IV' 6-max Seat #2 is the button
Seat 1: janarr5 ($101 in chips) is sitting out
Seat 2: Aleqseuka ($127.71 in chips) 
Seat 3: steepfell ($109.63 in chips) 
Seat 4: Slami4 ($154 in chips) 
Seat 5: sutata ($101.65 in chips) 
Seat 6: rea246 ($217.17 in chips) 
steepfell: posts small blind $0.50
Slami4: posts big blind $1
*** HOLE CARDS ***
sutata: raises $1.50 to $2.50
rea246: calls $2.50
Aleqseuka: folds 
steepfell: folds 
Slami4: folds 
*** FLOP *** [3h Qd 6h]
sutata: bets $2.06
rea246: folds 
Uncalled bet ($2.06) returned to sutata
sutata collected $6.18 from pot
sutata: doesn't show hand 
*** SUMMARY ***
Total pot $6.50 | Rake $0.32 
Board [3h Qd 6h]
Seat 1: janarr5
Seat 2: Aleqseuka (button) folded before Flop (didn't bet)
Seat 3: steepfell (small blind) folded before Flop
Seat 4: Slami4 (big blind) folded before Flop
Seat 5: sutata collected ($6.18)
Seat 6: rea246 folded on the Flop



PokerStars Hand #254465140418:  Hold'em No Limit ($0.50/$1.00 USD) - 2025/01/20 8:13:16 WET [2025/01/20 3:13:16 ET]
Table 'Peacock IV' 6-max Seat #3 is the button
Seat 1: janarr5 ($101 in chips) is sitting out
Seat 5: sutata ($105.33 in chips) is sitting out
Seat 2: Aleqseuka ($127.71 in chips) 
Seat 3: steepfell ($109.13 in chips) 
Seat 4: Slami4 ($153 in chips) 
Seat 6: rea246 ($214.67 in chips) 
Slami4: posts small blind $0.50
sutata: is sitting out 
rea246: posts big blind $1
*** HOLE CARDS ***
sutata leaves the table
Aleqseuka: folds 
steepfell: folds 
Slami4: folds 
Uncalled bet ($0.50) returned to rea246
rea246 collected $1 from pot
*** SUMMARY ***
Total pot $1 | Rake $0 
Seat 1: janarr5
Seat 5: sutata
Seat 2: Aleqseuka folded before Flop (didn't bet)
Seat 3: steepfell (button) folded before Flop (didn't bet)
Seat 4: Slami4 (small blind) folded before Flop
Seat 6: rea246 (big blind) collected ($1)



PokerStars Hand #254462188772:  Hold'em No Limit ($0.50/$1.00 USD) - 2025/01/20 7:22:56 WET [2025/01/20 2:22:56 ET]
Table 'Peacock IV' 6-max Seat #3 is the button
Seat 1: janarr5 ($100 in chips) 
Seat 2: sharpshooter373 ($80 in chips) 
Seat 3: steepfell ($100 in chips) 
Seat 4: Slami4 ($100 in chips) 
Slami4: posts small blind $0.50
janarr5: posts big blind $1
*** HOLE CARDS ***
sharpshooter373: raises $1 to $2
steepfell: folds 
Slami4: folds 
janarr5: folds 
Uncalled bet ($1) returned to sharpshooter373
sharpshooter373 collected $2.50 from pot
*** SUMMARY ***
Total pot $2.50 | Rake $0 
Seat 1: janarr5 (big blind) folded before Flop
Seat 2: sharpshooter373 collected ($2.50)
Seat 3: steepfell (button) folded before Flop (didn't bet)
Seat 4: Slami4 (small blind) folded before Flop



PokerStars Hand #254462203126:  Hold'em No Limit ($0.50/$1.00 USD) - 2025/01/20 7:23:08 WET [2025/01/20 2:23:08 ET]
Table 'Peacock IV' 6-max Seat #4 is the button
Seat 1: janarr5 ($100 in chips) 
Seat 2: sharpshooter373 ($81.50 in chips) 
Seat 3: steepfell ($100 in chips) 
Seat 4: Slami4 ($100 in chips) 
janarr5: posts small blind $0.50
sharpshooter373: posts big blind $1
*** HOLE CARDS ***
steepfell: folds 
Slami4: folds 
sutata joins the table at seat #5 
janarr5: raises $2 to $3
sharpshooter373: folds 
Uncalled bet ($2) returned to janarr5
janarr5 collected $2 from pot
janarr5: doesn't show hand 
*** SUMMARY ***
Total pot $2 | Rake $0 
Seat 1: janarr5 (small blind) collected ($2)
Seat 2: sharpshooter373 (big blind) folded before Flop
Seat 3: steepfell folded before Flop (didn't bet)
Seat 4: Slami4 (button) folded before Flop (didn't bet)



PokerStars Hand #254462224424:  Hold'em No Limit ($0.50/$1.00 USD) - 2025/01/20 7:23:24 WET [2025/01/20 2:23:24 ET]
Table 'Peacock IV' 6-max Seat #1 is the button
Seat 5: sutata ($100 in chips) is sitting out
Seat 1: janarr5 ($101 in chips) 
Seat 2: sharpshooter373 ($80.50 in chips) 
Seat 3: steepfell ($100 in chips) 
Seat 4: Slami4 ($100 in chips) 
sharpshooter373: posts small blind $0.50
steepfell: posts big blind $1
sutata: sits out 
*** HOLE CARDS ***
Slami4: folds 
janarr5: folds 
sharpshooter373: folds 
Uncalled bet ($0.50) returned to steepfell
steepfell collected $1 from pot
steepfell: doesn't show hand 
*** SUMMARY ***
Total pot $1 | Rake $0 
Seat 5: sutata
Seat 1: janarr5 (button) folded before Flop (didn't bet)
Seat 2: sharpshooter373 (small blind) folded before Flop
Seat 3: steepfell (big blind) collected ($1)
Seat 4: Slami4 folded before Flop (didn't bet)



PokerStars Hand #254462235680:  Hold'em No Limit ($0.50/$1.00 USD) - 2025/01/20 7:23:33 WET [2025/01/20 2:23:33 ET]
Table 'Peacock IV' 6-max Seat #2 is the button
Seat 5: sutata ($100 in chips) is sitting out
Seat 1: janarr5 ($101 in chips) 
Seat 2: sharpshooter373 ($80 in chips) 
Seat 3: steepfell ($100.50 in chips) 
Seat 4: Slami4 ($100 in chips) 
steepfell: posts small blind $0.50
Slami4: posts big blind $1
sutata: sits out 
*** HOLE CARDS ***
janarr5: folds 
sharpshooter373: folds 
steepfell: raises $2 to $3
Slami4: folds 
Uncalled bet ($2) returned to steepfell
steepfell collected $2 from pot
steepfell: doesn't show hand 
*** SUMMARY ***
Total pot $2 | Rake $0 
Seat 5: sutata
Seat 1: janarr5 folded before Flop (didn't bet)
Seat 2: sharpshooter373 (button) folded before Flop (didn't bet)
Seat 3: steepfell (small blind) collected ($2)
Seat 4: Slami4 (big blind) folded before Flop



PokerStars Hand #254462251814:  Hold'em No Limit ($0.50/$1.00 USD) - 2025/01/20 7:23:46 WET [2025/01/20 2:23:46 ET]
Table 'Peacock IV' 6-max Seat #3 is the button
Seat 1: janarr5 ($101 in chips) 
Seat 2: sharpshooter373 ($80 in chips) 
Seat 3: steepfell ($101.50 in chips) 
Seat 4: Slami4 ($100 in chips) 
Seat 5: sutata ($100 in chips) 
Slami4: posts small blind $0.50
sutata: posts big blind $1
*** HOLE CARDS ***
janarr5: folds 
sharpshooter373: raises $1 to $2
steepfell: folds 
Slami4: folds 
sutata: calls $1
*** FLOP *** [2d 7h 3s]
sutata: checks 
sharpshooter373: bets $4
sutata: folds 
Uncalled bet ($4) returned to sharpshooter373
sharpshooter373 collected $4.28 from pot
*** SUMMARY ***
Total pot $4.50 | Rake $0.22 
Board [2d 7h 3s]
Seat 1: janarr5 folded before Flop (didn't bet)
Seat 2: sharpshooter373 collected ($4.28)
Seat 3: steepfell (button) folded before Flop (didn't bet)
Seat 4: Slami4 (small blind) folded before Flop
Seat 5: sutata (big blind) folded on the Flop



PokerStars Hand #254462285681:  Hold'em No Limit ($0.50/$1.00 USD) - 2025/01/20 7:24:13 WET [2025/01/20 2:24:13 ET]
Table 'Peacock IV' 6-max Seat #4 is the button
Seat 1: janarr5 ($101 in chips) 
Seat 2: sharpshooter373 ($82.28 in chips) 
Seat 3: steepfell ($101.50 in chips) 
Seat 4: Slami4 ($100 in chips) 
Seat 5: sutata ($100 in chips) 
sutata: posts small blind $0.50
janarr5: posts big blind $1
*** HOLE CARDS ***
sharpshooter373: raises $1 to $2
steepfell: folds 
Slami4: raises $6 to $8
sutata: folds 
janarr5: folds 
sharpshooter373: calls $6
*** FLOP *** [5s 3d 6s]
sharpshooter373: bets $9
Slami4: raises $25.97 to $34.97
sharpshooter373: folds 
Uncalled bet ($25.97) returned to Slami4
Slami4 collected $33.72 from pot
Slami4: doesn't show hand 
*** SUMMARY ***
Total pot $35.50 | Rake $1.78 
Board [5s 3d 6s]
Seat 1: janarr5 (big blind) folded before Flop
Seat 2: sharpshooter373 folded on the Flop
Seat 3: steepfell folded before Flop (didn't bet)
Seat 4: Slami4 (button) collected ($33.72)
Seat 5: sutata (small blind) folded before Flop



PokerStars Hand #254462373543:  Hold'em No Limit ($0.50/$1.00 USD) - 2025/01/20 7:25:23 WET [2025/01/20 2:25:23 ET]
Table 'Peacock IV' 6-max Seat #5 is the button
Seat 1: janarr5 ($100 in chips) 
Seat 2: sharpshooter373 ($65.28 in chips) 
Seat 3: steepfell ($101.50 in chips) 
Seat 4: Slami4 ($116.72 in chips) 
Seat 5: sutata ($100 in chips) 
janarr5: posts small blind $0.50
sharpshooter373: posts big blind $1
*** HOLE CARDS ***
steepfell: raises $1.50 to $2.50
Slami4: raises $5 to $7.50
sutata: raises $11.80 to $19.30
janarr5: folds 
sharpshooter373: folds 
steepfell: folds 
rea246 joins the table at seat #6 
rea246 is disconnected 
Slami4: folds 
Uncalled bet ($11.80) returned to sutata
sutata collected $19 from pot
sutata: doesn't show hand 
*** SUMMARY ***
Total pot $19 | Rake $0 
Seat 1: janarr5 (small blind) folded before Flop
Seat 2: sharpshooter373 (big blind) folded before Flop
Seat 3: steepfell folded before Flop
Seat 4: Slami4 folded before Flop
Seat 5: sutata (button) collected ($19)



PokerStars Hand #254462445745:  Hold'em No Limit ($0.50/$1.00 USD) - 2025/01/20 7:26:20 WET [2025/01/20 2:26:20 ET]
Table 'Peacock IV' 6-max Seat #1 is the button
Seat 1: janarr5 ($100 in chips) 
Seat 2: sharpshooter373 ($64.28 in chips) 
Seat 3: steepfell ($100 in chips) 
Seat 4: Slami4 ($109.22 in chips) 
Seat 5: sutata ($111.50 in chips) 
Seat 6: rea246 ($100 in chips) 
sharpshooter373: posts small blind $0.50
steepfell: posts big blind $1
rea246: posts big blind $1
*** HOLE CARDS ***
Slami4: folds 
sutata: folds 
rea246: raises $1.50 to $2.50
janarr5: folds 
sharpshooter373: folds 
steepfell: folds 
Uncalled bet ($1.50) returned to rea246
rea246 collected $2.50 from pot
rea246: doesn't show hand 
*** SUMMARY ***
Total pot $2.50 | Rake $0 
Seat 1: janarr5 (button) folded before Flop (didn't bet)
Seat 2: sharpshooter373 (small blind) folded before Flop
Seat 3: steepfell (big blind) folded before Flop
Seat 4: Slami4 folded before Flop (didn't bet)
Seat 5: sutata folded before Flop (didn't bet)
Seat 6: rea246 collected ($2.50)



PokerStars Hand #254462468044:  Hold'em No Limit ($0.50/$1.00 USD) - 2025/01/20 7:26:37 WET [2025/01/20 2:26:37 ET]
Table 'Peacock IV' 6-max Seat #2 is the button
Seat 1: janarr5 ($100 in chips) 
Seat 2: sharpshooter373 ($63.78 in chips) 
Seat 3: steepfell ($100 in chips) 
Seat 4: Slami4 ($109.22 in chips) 
Seat 5: sutata ($111.50 in chips) 
Seat 6: rea246 ($101.50 in chips) 
steepfell: posts small blind $0.50
Slami4: posts big blind $1
*** HOLE CARDS ***
sutata: raises $1.50 to $2.50
rea246: folds 
janarr5: folds 
sharpshooter373: folds 
steepfell: folds 
Slami4: folds 
Uncalled bet ($1.50) returned to sutata
sutata collected $2.50 from pot
sutata: doesn't show hand 
*** SUMMARY ***
Total pot $2.50 | Rake $0 
Seat 1: janarr5 folded before Flop (didn't bet)
Seat 2: sharpshooter373 (button) folded before Flop (didn't bet)
Seat 3: steepfell (small blind) folded before Flop
Seat 4: Slami4 (big blind) folded before Flop
Seat 5: sutata collected ($2.50)
Seat 6: rea246 folded before Flop (didn't bet)



PokerStars Hand #254462483852:  Hold'em No Limit ($0.50/$1.00 USD) - 2025/01/20 7:26:49 WET [2025/01/20 2:26:49 ET]
Table 'Peacock IV' 6-max Seat #3 is the button
Seat 1: janarr5 ($100 in chips) 
Seat 2: sharpshooter373 ($63.78 in chips) 
Seat 3: steepfell ($100 in chips) 
Seat 4: Slami4 ($108.22 in chips) 
Seat 5: sutata ($113 in chips) 
Seat 6: rea246 ($101.50 in chips) 
Slami4: posts small blind $0.50
sutata: posts big blind $1
*** HOLE CARDS ***
rea246: folds 
janarr5: raises $1.25 to $2.25
sharpshooter373: calls $2.25
steepfell: folds 
Slami4: folds 
sutata: folds 
*** FLOP *** [4d 5s 2c]
janarr5: checks 
sharpshooter373: bets $2
janarr5: folds 
Uncalled bet ($2) returned to sharpshooter373
sharpshooter373 collected $5.70 from pot
*** SUMMARY ***
Total pot $6 | Rake $0.30 
Board [4d 5s 2c]
Seat 1: janarr5 folded on the Flop
Seat 2: sharpshooter373 collected ($5.70)
Seat 3: steepfell (button) folded before Flop (didn't bet)
Seat 4: Slami4 (small blind) folded before Flop
Seat 5: sutata (big blind) folded before Flop
Seat 6: rea246 folded before Flop (didn't bet)



PokerStars Hand #254462517155:  Hold'em No Limit ($0.50/$1.00 USD) - 2025/01/20 7:27:17 WET [2025/01/20 2:27:17 ET]
Table 'Peacock IV' 6-max Seat #4 is the button
Seat 1: janarr5 ($100 in chips) 
Seat 2: sharpshooter373 ($67.23 in chips) 
Seat 3: steepfell ($100 in chips) 
Seat 4: Slami4 ($107.72 in chips) 
Seat 5: sutata ($112 in chips) 
Seat 6: rea246 ($101.50 in chips) 
sutata: posts small blind $0.50
rea246: posts big blind $1
*** HOLE CARDS ***
janarr5: folds 
sharpshooter373: raises $1 to $2
steepfell: raises $6 to $8
Slami4: folds 
sutata: folds 
rea246: folds 
sharpshooter373: calls $6
*** FLOP *** [9c Tc As]
sharpshooter373: checks 
steepfell: bets $8.31
sharpshooter373: calls $8.31
*** TURN *** [9c Tc As] [4s]
sharpshooter373: bets $12
steepfell: calls $12
*** RIVER *** [9c Tc As 4s] [Jh]
sharpshooter373: checks 
steepfell: bets $41.72
sharpshooter373: folds 
Uncalled bet ($41.72) returned to steepfell
steepfell collected $55.62 from pot
steepfell: doesn't show hand 
*** SUMMARY ***
Total pot $58.12 | Rake $2.50 
Board [9c Tc As 4s Jh]
Seat 1: janarr5 folded before Flop (didn't bet)
Seat 2: sharpshooter373 folded on the River
Seat 3: steepfell collected ($55.62)
Seat 4: Slami4 (button) folded before Flop (didn't bet)
Seat 5: sutata (small blind) folded before Flop
Seat 6: rea246 (big blind) folded before Flop



PokerStars Hand #254462687302:  Hold'em No Limit ($0.50/$1.00 USD) - 2025/01/20 7:29:33 WET [2025/01/20 2:29:33 ET]
Table 'Peacock IV' 6-max Seat #5 is the button
Seat 1: janarr5 ($100 in chips) 
Seat 2: sharpshooter373 ($38.92 in chips) 
Seat 3: steepfell ($127.31 in chips) 
Seat 4: Slami4 ($107.72 in chips) 
Seat 5: sutata ($111.50 in chips) 
Seat 6: rea246 ($100.50 in chips) 
rea246: posts small blind $0.50
janarr5: posts big blind $1
*** HOLE CARDS ***
sharpshooter373: calls $1
steepfell: raises $3 to $4
Slami4: folds 
sutata: folds 
rea246: calls $3.50
janarr5: raises $14 to $18
sharpshooter373: folds 
steepfell: folds 
rea246: folds 
Uncalled bet ($14) returned to janarr5
janarr5 collected $13 from pot
janarr5: doesn't show hand 
*** SUMMARY ***
Total pot $13 | Rake $0 
Seat 1: janarr5 (big blind) collected ($13)
Seat 2: sharpshooter373 folded before Flop
Seat 3: steepfell folded before Flop
Seat 4: Slami4 folded before Flop (didn't bet)
Seat 5: sutata (button) folded before Flop (didn't bet)
Seat 6: rea246 (small blind) folded before Flop



PokerStars Hand #254462742956:  Hold'em No Limit ($0.50/$1.00 USD) - 2025/01/20 7:30:19 WET [2025/01/20 2:30:19 ET]
Table 'Peacock IV' 6-max Seat #6 is the button
Seat 1: janarr5 ($109 in chips) 
Seat 2: sharpshooter373 ($37.92 in chips) 
Seat 3: steepfell ($123.31 in chips) 
Seat 4: Slami4 ($107.72 in chips) 
Seat 5: sutata ($111.50 in chips) 
Seat 6: rea246 ($96.50 in chips) 
janarr5: posts small blind $0.50
sharpshooter373: posts big blind $1
*** HOLE CARDS ***
steepfell: folds 
Slami4: folds 
sutata: raises $1.50 to $2.50
rea246: calls $2.50
janarr5: calls $2
sharpshooter373: folds 
*** FLOP *** [Ts 8d 3h]
janarr5: checks 
sutata: checks 
rea246: checks 
*** TURN *** [Ts 8d 3h] [Qh]
janarr5: checks 
sutata: bets $2.69
rea246: folds 
janarr5: folds 
Uncalled bet ($2.69) returned to sutata
sutata collected $8.08 from pot
sutata: doesn't show hand 
*** SUMMARY ***
Total pot $8.50 | Rake $0.42 
Board [Ts 8d 3h Qh]
Seat 1: janarr5 (small blind) folded on the Turn
Seat 2: sharpshooter373 (big blind) folded before Flop
Seat 3: steepfell folded before Flop (didn't bet)
Seat 4: Slami4 folded before Flop (didn't bet)
Seat 5: sutata collected ($8.08)
Seat 6: rea246 (button) folded on the Turn



PokerStars Hand #254462781476:  Hold'em No Limit ($0.50/$1.00 USD) - 2025/01/20 7:30:50 WET [2025/01/20 2:30:50 ET]
Table 'Peacock IV' 6-max Seat #1 is the button
Seat 1: janarr5 ($106.50 in chips) 
Seat 2: sharpshooter373 ($36.92 in chips) 
Seat 3: steepfell ($123.31 in chips) 
Seat 4: Slami4 ($107.72 in chips) 
Seat 5: sutata ($117.08 in chips) 
Seat 6: rea246 ($94 in chips) 
sharpshooter373: posts small blind $0.50
steepfell: posts big blind $1
*** HOLE CARDS ***
Slami4: folds 
sutata: folds 
rea246: folds 
janarr5: folds 
sharpshooter373: folds 
Uncalled bet ($0.50) returned to steepfell
steepfell collected $1 from pot
steepfell: doesn't show hand 
*** SUMMARY ***
Total pot $1 | Rake $0 
Seat 1: janarr5 (button) folded before Flop (didn't bet)
Seat 2: sharpshooter373 (small blind) folded before Flop
Seat 3: steepfell (big blind) collected ($1)
Seat 4: Slami4 folded before Flop (didn't bet)
Seat 5: sutata folded before Flop (didn't bet)
Seat 6: rea246 folded before Flop (didn't bet)



PokerStars Hand #254462791169:  Hold'em No Limit ($0.50/$1.00 USD) - 2025/01/20 7:30:59 WET [2025/01/20 2:30:59 ET]
Table 'Peacock IV' 6-max Seat #2 is the button
Seat 1: janarr5 ($106.50 in chips) 
Seat 2: sharpshooter373 ($36.42 in chips) 
Seat 3: steepfell ($123.81 in chips) 
Seat 4: Slami4 ($107.72 in chips) 
Seat 5: sutata ($117.08 in chips) 
Seat 6: rea246 ($94 in chips) 
steepfell: posts small blind $0.50
Slami4: posts big blind $1
*** HOLE CARDS ***
sutata: folds 
rea246: folds 
janarr5: folds 
sharpshooter373: raises $2 to $3
steepfell: folds 
Slami4: folds 
Uncalled bet ($2) returned to sharpshooter373
sharpshooter373 collected $2.50 from pot
*** SUMMARY ***
Total pot $2.50 | Rake $0 
Seat 1: janarr5 folded before Flop (didn't bet)
Seat 2: sharpshooter373 (button) collected ($2.50)
Seat 3: steepfell (small blind) folded before Flop
Seat 4: Slami4 (big blind) folded before Flop
Seat 5: sutata folded before Flop (didn't bet)
Seat 6: rea246 folded before Flop (didn't bet)



PokerStars Hand #254462809525:  Hold'em No Limit ($0.50/$1.00 USD) - 2025/01/20 7:31:13 WET [2025/01/20 2:31:13 ET]
Table 'Peacock IV' 6-max Seat #3 is the button
Seat 1: janarr5 ($106.50 in chips) 
Seat 2: sharpshooter373 ($37.92 in chips) 
Seat 3: steepfell ($123.31 in chips) 
Seat 4: Slami4 ($106.72 in chips) 
Seat 5: sutata ($117.08 in chips) 
Seat 6: rea246 ($94 in chips) 
Slami4: posts small blind $0.50
sutata: posts big blind $1
*** HOLE CARDS ***
rea246: raises $1.50 to $2.50
janarr5: folds 
sharpshooter373: folds 
steepfell: folds 
Slami4: folds 
sutata: folds 
Uncalled bet ($1.50) returned to rea246
rea246 collected $2.50 from pot
*** SUMMARY ***
Total pot $2.50 | Rake $0 
Seat 1: janarr5 folded before Flop (didn't bet)
Seat 2: sharpshooter373 folded before Flop (didn't bet)
Seat 3: steepfell (button) folded before Flop (didn't bet)
Seat 4: Slami4 (small blind) folded before Flop
Seat 5: sutata (big blind) folded before Flop
Seat 6: rea246 collected ($2.50)



PokerStars Hand #254462828783:  Hold'em No Limit ($0.50/$1.00 USD) - 2025/01/20 7:31:29 WET [2025/01/20 2:31:29 ET]
Table 'Peacock IV' 6-max Seat #4 is the button
Seat 1: janarr5 ($106.50 in chips) 
Seat 2: sharpshooter373 ($37.92 in chips) 
Seat 3: steepfell ($123.31 in chips) 
Seat 4: Slami4 ($106.22 in chips) 
Seat 5: sutata ($116.08 in chips) 
Seat 6: rea246 ($95.50 in chips) 
sutata: posts small blind $0.50
rea246: posts big blind $1
*** HOLE CARDS ***
janarr5: folds 
sharpshooter373: folds 
steepfell: raises $1.50 to $2.50
Slami4: folds 
sutata: folds 
rea246: calls $1.50
*** FLOP *** [7c 4h 5s]
rea246: checks 
steepfell: checks 
*** TURN *** [7c 4h 5s] [8c]
rea246: bets $2
steepfell: folds 
Uncalled bet ($2) returned to rea246
rea246 collected $5.22 from pot
rea246: doesn't show hand 
*** SUMMARY ***
Total pot $5.50 | Rake $0.28 
Board [7c 4h 5s 8c]
Seat 1: janarr5 folded before Flop (didn't bet)
Seat 2: sharpshooter373 folded before Flop (didn't bet)
Seat 3: steepfell folded on the Turn
Seat 4: Slami4 (button) folded before Flop (didn't bet)
Seat 5: sutata (small blind) folded before Flop
Seat 6: rea246 (big blind) collected ($5.22)



PokerStars Hand #254462863495:  Hold'em No Limit ($0.50/$1.00 USD) - 2025/01/20 7:31:58 WET [2025/01/20 2:31:58 ET]
Table 'Peacock IV' 6-max Seat #5 is the button
Seat 1: janarr5 ($106.50 in chips) 
Seat 2: sharpshooter373 ($37.92 in chips) 
Seat 3: steepfell ($120.81 in chips) 
Seat 4: Slami4 ($106.22 in chips) 
Seat 5: sutata ($115.58 in chips) 
Seat 6: rea246 ($98.22 in chips) 
rea246: posts small blind $0.50
janarr5: posts big blind $1
*** HOLE CARDS ***
sharpshooter373: calls $1
steepfell: folds 
Slami4: raises $3 to $4
sutata: folds 
rea246: folds 
janarr5: folds 
sharpshooter373: calls $3
*** FLOP *** [Ad 8c Qc]
sharpshooter373: checks 
Slami4: bets $5.95
sharpshooter373: calls $5.95
*** TURN *** [Ad 8c Qc] [5h]
sharpshooter373: checks 
Slami4: bets $13.42
sharpshooter373: calls $13.42
*** RIVER *** [Ad 8c Qc 5h] [Ks]
sharpshooter373: checks 
Slami4: bets $15.12
sharpshooter373: calls $14.55 and is all-in
Uncalled bet ($0.57) returned to Slami4
*** SHOW DOWN ***
Slami4: shows [Jd As] (a pair of Aces)
sharpshooter373: shows [4c Kc] (a pair of Kings)
Slami4 collected $74.84 from pot
*** SUMMARY ***
Total pot $77.34 | Rake $2.50 
Board [Ad 8c Qc 5h Ks]
Seat 1: janarr5 (big blind) folded before Flop
Seat 2: sharpshooter373 showed [4c Kc] and lost with a pair of Kings
Seat 3: steepfell folded before Flop (didn't bet)
Seat 4: Slami4 showed [Jd As] and won ($74.84) with a pair of Aces
Seat 5: sutata (button) folded before Flop (didn't bet)
Seat 6: rea246 (small blind) folded before Flop



PokerStars Hand #254462958291:  Hold'em No Limit ($0.50/$1.00 USD) - 2025/01/20 7:33:18 WET [2025/01/20 2:33:18 ET]
Table 'Peacock IV' 6-max Seat #6 is the button
Seat 2: sharpshooter373 ($0 in chips) is sitting out
Seat 1: janarr5 ($105.50 in chips) 
Seat 3: steepfell ($120.81 in chips) 
Seat 4: Slami4 ($143.14 in chips) 
Seat 5: sutata ($115.58 in chips) 
Seat 6: rea246 ($97.72 in chips) 
janarr5: posts small blind $0.50
steepfell: posts big blind $1
*** HOLE CARDS ***
Slami4: folds 
sutata: raises $1.50 to $2.50
rea246: calls $2.50
janarr5: folds 
sharpshooter373 leaves the table
steepfell: folds 
*** FLOP *** [9d 2d 5s]
Aleqseuka joins the table at seat #2 
sutata: bets $2.06
rea246: calls $2.06
*** TURN *** [9d 2d 5s] [2c]
sutata: checks 
rea246: bets $3
sutata: raises $6 to $9
rea246: folds 
Uncalled bet ($6) returned to sutata
sutata collected $15.79 from pot
sutata: doesn't show hand 
*** SUMMARY ***
Total pot $16.62 | Rake $0.83 
Board [9d 2d 5s 2c]
Seat 2: sharpshooter373
Seat 1: janarr5 (small blind) folded before Flop
Seat 3: steepfell (big blind) folded before Flop
Seat 4: Slami4 folded before Flop (didn't bet)
Seat 5: sutata collected ($15.79)
Seat 6: rea246 (button) folded on the Turn



PokerStars Hand #254463019578:  Hold'em No Limit ($0.50/$1.00 USD) - 2025/01/20 7:34:11 WET [2025/01/20 2:34:11 ET]
Table 'Peacock IV' 6-max Seat #1 is the button
Seat 2: Aleqseuka ($100 in chips) is sitting out
Seat 1: janarr5 ($105 in chips) 
Seat 3: steepfell ($119.81 in chips) 
Seat 4: Slami4 ($143.14 in chips) 
Seat 5: sutata ($123.81 in chips) 
Seat 6: rea246 ($90.16 in chips) 
steepfell: posts small blind $0.50
Slami4: posts big blind $1
*** HOLE CARDS ***
sutata: raises $1.50 to $2.50
rea246: raises $3.50 to $6
janarr5: folds 
steepfell: folds 
Slami4: calls $5
sutata: calls $3.50
*** FLOP *** [9s 5h Qd]
Slami4: checks 
sutata: checks 
rea246: checks 
*** TURN *** [9s 5h Qd] [5s]
Slami4: checks 
sutata: checks 
rea246: checks 
*** RIVER *** [9s 5h Qd 5s] [Js]
Slami4: checks 
sutata: checks 
rea246: bets $10.79
Slami4: folds 
sutata: calls $10.79
*** SHOW DOWN ***
rea246: shows [3s 4s] (a flush, Jack high)
sutata: mucks hand 
rea246 collected $38.08 from pot
*** SUMMARY ***
Total pot $40.08 | Rake $2 
Board [9s 5h Qd 5s Js]
Seat 2: Aleqseuka
Seat 1: janarr5 (button) folded before Flop (didn't bet)
Seat 3: steepfell (small blind) folded before Flop
Seat 4: Slami4 (big blind) folded on the River
Seat 5: sutata mucked
Seat 6: rea246 showed [3s 4s] and won ($38.08) with a flush, Jack high



PokerStars Hand #254463092314:  Hold'em No Limit ($0.50/$1.00 USD) - 2025/01/20 7:35:16 WET [2025/01/20 2:35:16 ET]
Table 'Peacock IV' 6-max Seat #3 is the button
Seat 2: Aleqseuka ($100 in chips) is sitting out
Seat 1: janarr5 ($105 in chips) 
Seat 3: steepfell ($119.31 in chips) 
Seat 4: Slami4 ($137.14 in chips) 
Seat 5: sutata ($107.02 in chips) 
Seat 6: rea246 ($111.45 in chips) 
Slami4: posts small blind $0.50
sutata: posts big blind $1
Aleqseuka: sits out 
*** HOLE CARDS ***
rea246: raises $1.50 to $2.50
janarr5: folds 
steepfell: raises $5.50 to $8
Slami4: folds 
sutata: folds 
rea246: calls $5.50
*** FLOP *** [Qc Qd Ah]
rea246: checks 
steepfell: bets $5.48
rea246: folds 
Uncalled bet ($5.48) returned to steepfell
steepfell collected $16.62 from pot
steepfell: doesn't show hand 
*** SUMMARY ***
Total pot $17.50 | Rake $0.88 
Board [Qc Qd Ah]
Seat 2: Aleqseuka
Seat 1: janarr5 folded before Flop (didn't bet)
Seat 3: steepfell (button) collected ($16.62)
Seat 4: Slami4 (small blind) folded before Flop
Seat 5: sutata (big blind) folded before Flop
Seat 6: rea246 folded on the Flop



PokerStars Hand #254463124372:  Hold'em No Limit ($0.50/$1.00 USD) - 2025/01/20 7:35:45 WET [2025/01/20 2:35:45 ET]
Table 'Peacock IV' 6-max Seat #4 is the button
Seat 2: Aleqseuka ($100 in chips) is sitting out
Seat 1: janarr5 ($105 in chips) 
Seat 3: steepfell ($127.93 in chips) 
Seat 4: Slami4 ($136.64 in chips) 
Seat 5: sutata ($106.02 in chips) 
Seat 6: rea246 ($103.45 in chips) 
sutata: posts small blind $0.50
rea246: posts big blind $1
Aleqseuka: sits out 
*** HOLE CARDS ***
janarr5: folds 
steepfell: raises $1.50 to $2.50
Slami4: folds 
sutata: calls $2
rea246: calls $1.50
*** FLOP *** [3c 5c Qh]
sutata: checks 
rea246: checks 
steepfell: checks 
*** TURN *** [3c 5c Qh] [Ad]
sutata: checks 
rea246: checks 
steepfell: bets $3.56
sutata: folds 
rea246: folds 
Uncalled bet ($3.56) returned to steepfell
steepfell collected $7.12 from pot
steepfell: doesn't show hand 
*** SUMMARY ***
Total pot $7.50 | Rake $0.38 
Board [3c 5c Qh Ad]
Seat 2: Aleqseuka
Seat 1: janarr5 folded before Flop (didn't bet)
Seat 3: steepfell collected ($7.12)
Seat 4: Slami4 (button) folded before Flop (didn't bet)
Seat 5: sutata (small blind) folded on the Turn
Seat 6: rea246 (big blind) folded on the Turn



PokerStars Hand #254463158230:  Hold'em No Limit ($0.50/$1.00 USD) - 2025/01/20 7:36:16 WET [2025/01/20 2:36:16 ET]
Table 'Peacock IV' 6-max Seat #5 is the button
Seat 2: Aleqseuka ($100 in chips) is sitting out
Seat 1: janarr5 ($105 in chips) 
Seat 3: steepfell ($132.55 in chips) 
Seat 4: Slami4 ($136.64 in chips) 
Seat 5: sutata ($103.52 in chips) 
Seat 6: rea246 ($100.95 in chips) 
rea246: posts small blind $0.50
janarr5: posts big blind $1
Aleqseuka: sits out 
*** HOLE CARDS ***
steepfell: raises $1.50 to $2.50
Slami4: folds 
sutata: folds 
rea246: calls $2
janarr5: folds 
*** FLOP *** [2h Ad 9c]
rea246: checks 
steepfell: checks 
*** TURN *** [2h Ad 9c] [5s]
rea246: checks 
steepfell: checks 
*** RIVER *** [2h Ad 9c 5s] [5d]
rea246: checks 
steepfell: checks 
*** SHOW DOWN ***
rea246: shows [7h Kh] (a pair of Fives)
steepfell: shows [8d 9d] (two pair, Nines and Fives)
steepfell collected $5.70 from pot
*** SUMMARY ***
Total pot $6 | Rake $0.30 
Board [2h Ad 9c 5s 5d]
Seat 2: Aleqseuka
Seat 1: janarr5 (big blind) folded before Flop
Seat 3: steepfell showed [8d 9d] and won ($5.70) with two pair, Nines and Fives
Seat 4: Slami4 folded before Flop (didn't bet)
Seat 5: sutata (button) folded before Flop (didn't bet)
Seat 6: rea246 (small blind) showed [7h Kh] and lost with a pair of Fives



PokerStars Hand #254463185054:  Hold'em No Limit ($0.50/$1.00 USD) - 2025/01/20 7:36:40 WET [2025/01/20 2:36:40 ET]
Table 'Peacock IV' 6-max Seat #6 is the button
Seat 1: janarr5 ($104 in chips) 
Seat 2: Aleqseuka ($100 in chips) 
Seat 3: steepfell ($135.75 in chips) 
Seat 4: Slami4 ($136.64 in chips) 
Seat 5: sutata ($103.52 in chips) 
Seat 6: rea246 ($98.45 in chips) 
janarr5: posts small blind $0.50
Aleqseuka: posts big blind $1
*** HOLE CARDS ***
steepfell: folds 
Slami4: folds 
sutata: raises $2 to $3
rea246: folds 
janarr5: folds 
Aleqseuka: folds 
Uncalled bet ($2) returned to sutata
sutata collected $2.50 from pot
sutata: doesn't show hand 
*** SUMMARY ***
Total pot $2.50 | Rake $0 
Seat 1: janarr5 (small blind) folded before Flop
Seat 2: Aleqseuka (big blind) folded before Flop
Seat 3: steepfell folded before Flop (didn't bet)
Seat 4: Slami4 folded before Flop (didn't bet)
Seat 5: sutata collected ($2.50)
Seat 6: rea246 (button) folded before Flop (didn't bet)



PokerStars Hand #254463209783:  Hold'em No Limit ($0.50/$1.00 USD) - 2025/01/20 7:37:02 WET [2025/01/20 2:37:02 ET]
Table 'Peacock IV' 6-max Seat #1 is the button
Seat 1: janarr5 ($103.50 in chips) 
Seat 2: Aleqseuka ($100 in chips) 
Seat 3: steepfell ($135.75 in chips) 
Seat 4: Slami4 ($136.64 in chips) 
Seat 5: sutata ($105.02 in chips) 
Seat 6: rea246 ($98.45 in chips) 
Aleqseuka: posts small blind $0.50
steepfell: posts big blind $1
*** HOLE CARDS ***
Slami4: raises $1.50 to $2.50
sutata: folds 
rea246: calls $2.50
janarr5: folds 
Aleqseuka: calls $2
steepfell: folds 
*** FLOP *** [8d Jh 2s]
Aleqseuka: checks 
Slami4: checks 
rea246: bets $4.04
Aleqseuka: folds 
Slami4: folds 
Uncalled bet ($4.04) returned to rea246
rea246 collected $8.08 from pot
rea246: doesn't show hand 
*** SUMMARY ***
Total pot $8.50 | Rake $0.42 
Board [8d Jh 2s]
Seat 1: janarr5 (button) folded before Flop (didn't bet)
Seat 2: Aleqseuka (small blind) folded on the Flop
Seat 3: steepfell (big blind) folded before Flop
Seat 4: Slami4 folded on the Flop
Seat 5: sutata folded before Flop (didn't bet)
Seat 6: rea246 collected ($8.08)



PokerStars Hand #254463259626:  Hold'em No Limit ($0.50/$1.00 USD) - 2025/01/20 7:37:47 WET [2025/01/20 2:37:47 ET]
Table 'Peacock IV' 6-max Seat #2 is the button
Seat 1: janarr5 ($103.50 in chips) 
Seat 2: Aleqseuka ($100 in chips) 
Seat 3: steepfell ($134.75 in chips) 
Seat 4: Slami4 ($134.14 in chips) 
Seat 5: sutata ($105.02 in chips) 
Seat 6: rea246 ($104.03 in chips) 
steepfell: posts small blind $0.50
Slami4: posts big blind $1
*** HOLE CARDS ***
sutata: folds 
rea246: folds 
janarr5: raises $1.25 to $2.25
Aleqseuka: folds 
steepfell: folds 
Slami4: calls $1.25
*** FLOP *** [2s Jd Js]
Slami4: checks 
janarr5: bets $1.19
Slami4: calls $1.19
*** TURN *** [2s Jd Js] [Tc]
Slami4: checks 
janarr5: checks 
*** RIVER *** [2s Jd Js Tc] [3c]
Slami4: bets $3.50
janarr5: folds 
Uncalled bet ($3.50) returned to Slami4
Slami4 collected $7.01 from pot
Slami4: doesn't show hand 
*** SUMMARY ***
Total pot $7.38 | Rake $0.37 
Board [2s Jd Js Tc 3c]
Seat 1: janarr5 folded on the River
Seat 2: Aleqseuka (button) folded before Flop (didn't bet)
Seat 3: steepfell (small blind) folded before Flop
Seat 4: Slami4 (big blind) collected ($7.01)
Seat 5: sutata folded before Flop (didn't bet)
Seat 6: rea246 folded before Flop (didn't bet)



PokerStars Hand #254463323666:  Hold'em No Limit ($0.50/$1.00 USD) - 2025/01/20 7:38:45 WET [2025/01/20 2:38:45 ET]
Table 'Peacock IV' 6-max Seat #3 is the button
Seat 1: janarr5 ($100.06 in chips) 
Seat 2: Aleqseuka ($100 in chips) 
Seat 3: steepfell ($134.25 in chips) 
Seat 4: Slami4 ($137.71 in chips) 
Seat 5: sutata ($105.02 in chips) 
Seat 6: rea246 ($104.03 in chips) 
Slami4: posts small blind $0.50
sutata: posts big blind $1
*** HOLE CARDS ***
rea246: folds 
janarr5: raises $1.25 to $2.25
Aleqseuka: folds 
steepfell: folds 
Slami4: folds 
sutata: folds 
Uncalled bet ($1.25) returned to janarr5
janarr5 collected $2.50 from pot
janarr5: doesn't show hand 
*** SUMMARY ***
Total pot $2.50 | Rake $0 
Seat 1: janarr5 collected ($2.50)
Seat 2: Aleqseuka folded before Flop (didn't bet)
Seat 3: steepfell (button) folded before Flop (didn't bet)
Seat 4: Slami4 (small blind) folded before Flop
Seat 5: sutata (big blind) folded before Flop
Seat 6: rea246 folded before Flop (didn't bet)



PokerStars Hand #254463340071:  Hold'em No Limit ($0.50/$1.00 USD) - 2025/01/20 7:39:00 WET [2025/01/20 2:39:00 ET]
Table 'Peacock IV' 6-max Seat #4 is the button
Seat 1: janarr5 ($101.56 in chips) 
Seat 2: Aleqseuka ($100 in chips) 
Seat 3: steepfell ($134.25 in chips) 
Seat 4: Slami4 ($137.21 in chips) 
Seat 5: sutata ($104.02 in chips) 
Seat 6: rea246 ($104.03 in chips) 
sutata: posts small blind $0.50
rea246: posts big blind $1
*** HOLE CARDS ***
janarr5: raises $1.25 to $2.25
Aleqseuka: folds 
steepfell: folds 
Slami4: calls $2.25
sutata: folds 
rea246: calls $1.25
*** FLOP *** [Jc Tc 6s]
rea246: checks 
janarr5: checks 
Slami4: checks 
*** TURN *** [Jc Tc 6s] [Qd]
rea246: checks 
janarr5: checks 
Slami4: checks 
*** RIVER *** [Jc Tc 6s Qd] [7d]
rea246: checks 
janarr5: checks 
Slami4: checks 
*** SHOW DOWN ***
rea246: shows [9d Ac] (high card Ace)
janarr5: shows [7h 8h] (a pair of Sevens)
Slami4: mucks hand 
janarr5 collected $6.89 from pot
*** SUMMARY ***
Total pot $7.25 | Rake $0.36 
Board [Jc Tc 6s Qd 7d]
Seat 1: janarr5 showed [7h 8h] and won ($6.89) with a pair of Sevens
Seat 2: Aleqseuka folded before Flop (didn't bet)
Seat 3: steepfell folded before Flop (didn't bet)
Seat 4: Slami4 (button) mucked
Seat 5: sutata (small blind) folded before Flop
Seat 6: rea246 (big blind) showed [9d Ac] and lost with high card Ace



PokerStars Hand #254463387718:  Hold'em No Limit ($0.50/$1.00 USD) - 2025/01/20 7:39:45 WET [2025/01/20 2:39:45 ET]
Table 'Peacock IV' 6-max Seat #5 is the button
Seat 1: janarr5 ($106.20 in chips) 
Seat 2: Aleqseuka ($100 in chips) 
Seat 3: steepfell ($134.25 in chips) 
Seat 4: Slami4 ($134.96 in chips) 
Seat 5: sutata ($103.52 in chips) 
Seat 6: rea246 ($101.78 in chips) 
rea246: posts small blind $0.50
janarr5: posts big blind $1
*** HOLE CARDS ***
Aleqseuka: raises $1.35 to $2.35
steepfell: folds 
Slami4: folds 
sutata: folds 
rea246: calls $1.85
janarr5: folds 
*** FLOP *** [Kh 7h Jh]
rea246: checks 
Aleqseuka: bets $4.06
rea246: calls $4.06
*** TURN *** [Kh 7h Jh] [2d]
rea246: checks 
Aleqseuka: bets $16.81
rea246: calls $16.81
*** RIVER *** [Kh 7h Jh 2d] [4s]
rea246: checks 
Aleqseuka: checks 
*** SHOW DOWN ***
rea246: shows [2h 6h] (a flush, King high)
Aleqseuka: mucks hand 
rea246 collected $45.07 from pot
*** SUMMARY ***
Total pot $47.44 | Rake $2.37 
Board [Kh 7h Jh 2d 4s]
Seat 1: janarr5 (big blind) folded before Flop
Seat 2: Aleqseuka mucked
Seat 3: steepfell folded before Flop (didn't bet)
Seat 4: Slami4 folded before Flop (didn't bet)
Seat 5: sutata (button) folded before Flop (didn't bet)
Seat 6: rea246 (small blind) showed [2h 6h] and won ($45.07) with a flush, King high



PokerStars Hand #254463440830:  Hold'em No Limit ($0.50/$1.00 USD) - 2025/01/20 7:40:34 WET [2025/01/20 2:40:34 ET]
Table 'Peacock IV' 6-max Seat #6 is the button
Seat 1: janarr5 ($105.20 in chips) is sitting out
Seat 2: Aleqseuka ($100 in chips) 
Seat 3: steepfell ($134.25 in chips) 
Seat 4: Slami4 ($134.96 in chips) 
Seat 5: sutata ($103.52 in chips) 
Seat 6: rea246 ($123.63 in chips) 
Aleqseuka: posts small blind $0.50
steepfell: posts big blind $1
*** HOLE CARDS ***
Slami4: folds 
sutata: raises $1.50 to $2.50
rea246: calls $2.50
Aleqseuka: folds 
steepfell: folds 
*** FLOP *** [8d As 6h]
sutata: bets $2.06
rea246: folds 
Uncalled bet ($2.06) returned to sutata
sutata collected $6.18 from pot
sutata: doesn't show hand 
*** SUMMARY ***
Total pot $6.50 | Rake $0.32 
Board [8d As 6h]
Seat 1: janarr5
Seat 2: Aleqseuka (small blind) folded before Flop
Seat 3: steepfell (big blind) folded before Flop
Seat 4: Slami4 folded before Flop (didn't bet)
Seat 5: sutata collected ($6.18)
Seat 6: rea246 (button) folded on the Flop



PokerStars Hand #254463464463:  Hold'em No Limit ($0.50/$1.00 USD) - 2025/01/20 7:40:56 WET [2025/01/20 2:40:56 ET]
Table 'Peacock IV' 6-max Seat #2 is the button
Seat 1: janarr5 ($105.20 in chips) is sitting out
Seat 2: Aleqseuka ($100 in chips) 
Seat 3: steepfell ($133.25 in chips) 
Seat 4: Slami4 ($134.96 in chips) 
Seat 5: sutata ($107.20 in chips) 
Seat 6: rea246 ($121.13 in chips) 
steepfell: posts small blind $0.50
Slami4: posts big blind $1
*** HOLE CARDS ***
sutata: raises $1.50 to $2.50
rea246: calls $2.50
Aleqseuka: folds 
steepfell: folds 
Slami4: folds 
*** FLOP *** [4s Qd Kh]
sutata: bets $2.06
rea246: calls $2.06
*** TURN *** [4s Qd Kh] [8c]
sutata: checks 
rea246: checks 
*** RIVER *** [4s Qd Kh 8c] [9d]
sutata: checks 
rea246: bets $3
sutata: calls $3
*** SHOW DOWN ***
rea246: shows [Kc Ac] (a pair of Kings)
sutata: mucks hand 
rea246 collected $15.79 from pot
*** SUMMARY ***
Total pot $16.62 | Rake $0.83 
Board [4s Qd Kh 8c 9d]
Seat 1: janarr5
Seat 2: Aleqseuka (button) folded before Flop (didn't bet)
Seat 3: steepfell (small blind) folded before Flop
Seat 4: Slami4 (big blind) folded before Flop
Seat 5: sutata mucked
Seat 6: rea246 showed [Kc Ac] and won ($15.79) with a pair of Kings



PokerStars Hand #254463494917:  Hold'em No Limit ($0.50/$1.00 USD) - 2025/01/20 7:41:24 WET [2025/01/20 2:41:24 ET]
Table 'Peacock IV' 6-max Seat #3 is the button
Seat 1: janarr5 ($105.20 in chips) is sitting out
Seat 2: Aleqseuka ($100 in chips) 
Seat 3: steepfell ($132.75 in chips) 
Seat 4: Slami4 ($133.96 in chips) 
Seat 5: sutata ($100 in chips) 
Seat 6: rea246 ($129.36 in chips) 
Slami4: posts small blind $0.50
sutata: posts big blind $1
*** HOLE CARDS ***
rea246: folds 
Aleqseuka: folds 
steepfell: raises $1.50 to $2.50
Slami4: folds 
sutata: calls $1.50
*** FLOP *** [Jh 7h 4h]
sutata: checks 
steepfell: checks 
*** TURN *** [Jh 7h 4h] [3h]
sutata: checks 
steepfell: bets $2.61
sutata: folds 
Uncalled bet ($2.61) returned to steepfell
steepfell collected $5.22 from pot
steepfell: doesn't show hand 
*** SUMMARY ***
Total pot $5.50 | Rake $0.28 
Board [Jh 7h 4h 3h]
Seat 1: janarr5
Seat 2: Aleqseuka folded before Flop (didn't bet)
Seat 3: steepfell (button) collected ($5.22)
Seat 4: Slami4 (small blind) folded before Flop
Seat 5: sutata (big blind) folded on the Turn
Seat 6: rea246 folded before Flop (didn't bet)



PokerStars Hand #254463535824:  Hold'em No Limit ($0.50/$1.00 USD) - 2025/01/20 7:42:02 WET [2025/01/20 2:42:02 ET]
Table 'Peacock IV' 6-max Seat #4 is the button
Seat 1: janarr5 ($105.20 in chips) is sitting out
Seat 2: Aleqseuka ($100 in chips) 
Seat 3: steepfell ($135.47 in chips) 
Seat 4: Slami4 ($133.46 in chips) 
Seat 5: sutata ($100 in chips) 
Seat 6: rea246 ($129.36 in chips) 
sutata: posts small blind $0.50
rea246: posts big blind $1
*** HOLE CARDS ***
Aleqseuka: folds 
steepfell: folds 
Slami4: folds 
sutata: raises $2 to $3
rea246: calls $2
*** FLOP *** [9h Qs 7d]
sutata: bets $1.90
rea246: calls $1.90
*** TURN *** [9h Qs 7d] [5h]
sutata: bets $7.08
rea246: folds 
Uncalled bet ($7.08) returned to sutata
sutata collected $9.31 from pot
sutata: doesn't show hand 
*** SUMMARY ***
Total pot $9.80 | Rake $0.49 
Board [9h Qs 7d 5h]
Seat 1: janarr5
Seat 2: Aleqseuka folded before Flop (didn't bet)
Seat 3: steepfell folded before Flop (didn't bet)
Seat 4: Slami4 (button) folded before Flop (didn't bet)
Seat 5: sutata (small blind) collected ($9.31)
Seat 6: rea246 (big blind) folded on the Turn



PokerStars Hand #254463563483:  Hold'em No Limit ($0.50/$1.00 USD) - 2025/01/20 7:42:29 WET [2025/01/20 2:42:29 ET]
Table 'Peacock IV' 6-max Seat #5 is the button
Seat 1: janarr5 ($105.20 in chips) 
Seat 2: Aleqseuka ($100 in chips) 
Seat 3: steepfell ($135.47 in chips) 
Seat 4: Slami4 ($133.46 in chips) 
Seat 5: sutata ($104.41 in chips) 
Seat 6: rea246 ($124.46 in chips) 
rea246: posts small blind $0.50
janarr5: posts big blind $1
*** HOLE CARDS ***
Aleqseuka: folds 
steepfell: folds 
Slami4: raises $1.50 to $2.50
sutata: folds 
rea246: folds 
janarr5: folds 
Uncalled bet ($1.50) returned to Slami4
Slami4 collected $2.50 from pot
Slami4: doesn't show hand 
*** SUMMARY ***
Total pot $2.50 | Rake $0 
Seat 1: janarr5 (big blind) folded before Flop
Seat 2: Aleqseuka folded before Flop (didn't bet)
Seat 3: steepfell folded before Flop (didn't bet)
Seat 4: Slami4 collected ($2.50)
Seat 5: sutata (button) folded before Flop (didn't bet)
Seat 6: rea246 (small blind) folded before Flop



PokerStars Hand #254463579092:  Hold'em No Limit ($0.50/$1.00 USD) - 2025/01/20 7:42:43 WET [2025/01/20 2:42:43 ET]
Table 'Peacock IV' 6-max Seat #6 is the button
Seat 1: janarr5 ($104.20 in chips) 
Seat 2: Aleqseuka ($100 in chips) 
Seat 3: steepfell ($135.47 in chips) 
Seat 4: Slami4 ($134.96 in chips) 
Seat 5: sutata ($104.41 in chips) 
Seat 6: rea246 ($123.96 in chips) 
janarr5: posts small blind $0.50
Aleqseuka: posts big blind $1
*** HOLE CARDS ***
steepfell: folds 
Slami4: folds 
sutata: folds 
rea246: raises $1 to $2
janarr5: folds 
Aleqseuka: calls $1
*** FLOP *** [Ks 9h 4c]
Aleqseuka: checks 
rea246: bets $2
Aleqseuka: calls $2
*** TURN *** [Ks 9h 4c] [Qs]
Aleqseuka: checks 
rea246: bets $6.04
Aleqseuka: calls $6.04
*** RIVER *** [Ks 9h 4c Qs] [3c]
Aleqseuka: checks 
rea246: bets $31.55
Aleqseuka: folds 
Uncalled bet ($31.55) returned to rea246
rea246 collected $19.55 from pot
*** SUMMARY ***
Total pot $20.58 | Rake $1.03 
Board [Ks 9h 4c Qs 3c]
Seat 1: janarr5 (small blind) folded before Flop
Seat 2: Aleqseuka (big blind) folded on the River
Seat 3: steepfell folded before Flop (didn't bet)
Seat 4: Slami4 folded before Flop (didn't bet)
Seat 5: sutata folded before Flop (didn't bet)
Seat 6: rea246 (button) collected ($19.55)



PokerStars Hand #254463616808:  Hold'em No Limit ($0.50/$1.00 USD) - 2025/01/20 7:43:18 WET [2025/01/20 2:43:18 ET]
Table 'Peacock IV' 6-max Seat #1 is the button
Seat 1: janarr5 ($103.70 in chips) 
Seat 2: Aleqseuka ($100 in chips) 
Seat 3: steepfell ($135.47 in chips) 
Seat 4: Slami4 ($134.96 in chips) 
Seat 5: sutata ($104.41 in chips) 
Seat 6: rea246 ($133.47 in chips) 
Aleqseuka: posts small blind $0.50
steepfell: posts big blind $1
*** HOLE CARDS ***
Slami4: folds 
sutata: folds 
rea246: raises $1.50 to $2.50
janarr5: folds 
Aleqseuka: folds 
steepfell: folds 
Uncalled bet ($1.50) returned to rea246
rea246 collected $2.50 from pot
rea246: doesn't show hand 
*** SUMMARY ***
Total pot $2.50 | Rake $0 
Seat 1: janarr5 (button) folded before Flop (didn't bet)
Seat 2: Aleqseuka (small blind) folded before Flop
Seat 3: steepfell (big blind) folded before Flop
Seat 4: Slami4 folded before Flop (didn't bet)
Seat 5: sutata folded before Flop (didn't bet)
Seat 6: rea246 collected ($2.50)



PokerStars Hand #254463635678:  Hold'em No Limit ($0.50/$1.00 USD) - 2025/01/20 7:43:36 WET [2025/01/20 2:43:36 ET]
Table 'Peacock IV' 6-max Seat #2 is the button
Seat 1: janarr5 ($103.70 in chips) 
Seat 2: Aleqseuka ($100 in chips) 
Seat 3: steepfell ($134.47 in chips) 
Seat 4: Slami4 ($134.96 in chips) 
Seat 5: sutata ($104.41 in chips) 
Seat 6: rea246 ($134.97 in chips) 
steepfell: posts small blind $0.50
Slami4: posts big blind $1
*** HOLE CARDS ***
sutata: folds 
rea246: folds 
janarr5: folds 
Aleqseuka: folds 
steepfell: raises $2 to $3
Slami4: folds 
Uncalled bet ($2) returned to steepfell
steepfell collected $2 from pot
steepfell: doesn't show hand 
*** SUMMARY ***
Total pot $2 | Rake $0 
Seat 1: janarr5 folded before Flop (didn't bet)
Seat 2: Aleqseuka (button) folded before Flop (didn't bet)
Seat 3: steepfell (small blind) collected ($2)
Seat 4: Slami4 (big blind) folded before Flop
Seat 5: sutata folded before Flop (didn't bet)
Seat 6: rea246 folded before Flop (didn't bet)



PokerStars Hand #254463654910:  Hold'em No Limit ($0.50/$1.00 USD) - 2025/01/20 7:43:54 WET [2025/01/20 2:43:54 ET]
Table 'Peacock IV' 6-max Seat #3 is the button
Seat 1: janarr5 ($103.70 in chips) 
Seat 2: Aleqseuka ($100 in chips) 
Seat 3: steepfell ($135.47 in chips) 
Seat 4: Slami4 ($133.96 in chips) 
Seat 5: sutata ($104.41 in chips) 
Seat 6: rea246 ($134.97 in chips) 
Slami4: posts small blind $0.50
sutata: posts big blind $1
*** HOLE CARDS ***
rea246: raises $1.50 to $2.50
janarr5: folds 
Aleqseuka: folds 
steepfell: folds 
Slami4: folds 
sutata: calls $1.50
*** FLOP *** [Qc Ac 4s]
sutata: checks 
rea246: bets $2.61
sutata: calls $2.61
*** TURN *** [Qc Ac 4s] [8s]
sutata: checks 
rea246: checks 
*** RIVER *** [Qc Ac 4s 8s] [6d]
sutata: checks 
rea246: checks 
*** SHOW DOWN ***
sutata: shows [5s Ad] (a pair of Aces)
rea246: mucks hand 
sutata collected $10.18 from pot
*** SUMMARY ***
Total pot $10.72 | Rake $0.54 
Board [Qc Ac 4s 8s 6d]
Seat 1: janarr5 folded before Flop (didn't bet)
Seat 2: Aleqseuka folded before Flop (didn't bet)
Seat 3: steepfell (button) folded before Flop (didn't bet)
Seat 4: Slami4 (small blind) folded before Flop
Seat 5: sutata (big blind) showed [5s Ad] and won ($10.18) with a pair of Aces
Seat 6: rea246 mucked



PokerStars Hand #254463693487:  Hold'em No Limit ($0.50/$1.00 USD) - 2025/01/20 7:44:31 WET [2025/01/20 2:44:31 ET]
Table 'Peacock IV' 6-max Seat #4 is the button
Seat 1: janarr5 ($103.70 in chips) 
Seat 2: Aleqseuka ($100 in chips) 
Seat 3: steepfell ($135.47 in chips) 
Seat 4: Slami4 ($133.46 in chips) 
Seat 5: sutata ($109.48 in chips) 
Seat 6: rea246 ($129.86 in chips) 
sutata: posts small blind $0.50
rea246: posts big blind $1
*** HOLE CARDS ***
janarr5: raises $1.25 to $2.25
Aleqseuka: folds 
steepfell: folds 
Slami4: folds 
sutata: folds 
rea246: calls $1.25
*** FLOP *** [3d 5s Kd]
rea246: checks 
janarr5: checks 
*** TURN *** [3d 5s Kd] [5h]
rea246: checks 
janarr5: checks 
*** RIVER *** [3d 5s Kd 5h] [4h]
rea246: bets $2
janarr5: calls $2
*** SHOW DOWN ***
rea246: shows [Tc Ad] (a pair of Fives)
janarr5: shows [Qh As] (a pair of Fives - Ace+King+Queen kicker)
janarr5 collected $8.55 from pot
*** SUMMARY ***
Total pot $9 | Rake $0.45 
Board [3d 5s Kd 5h 4h]
Seat 1: janarr5 showed [Qh As] and won ($8.55) with a pair of Fives
Seat 2: Aleqseuka folded before Flop (didn't bet)
Seat 3: steepfell folded before Flop (didn't bet)
Seat 4: Slami4 (button) folded before Flop (didn't bet)
Seat 5: sutata (small blind) folded before Flop
Seat 6: rea246 (big blind) showed [Tc Ad] and lost with a pair of Fives



PokerStars Hand #254463739483:  Hold'em No Limit ($0.50/$1.00 USD) - 2025/01/20 7:45:17 WET [2025/01/20 2:45:17 ET]
Table 'Peacock IV' 6-max Seat #5 is the button
Seat 1: janarr5 ($108 in chips) 
Seat 2: Aleqseuka ($100 in chips) 
Seat 3: steepfell ($135.47 in chips) 
Seat 4: Slami4 ($133.46 in chips) 
Seat 5: sutata ($108.98 in chips) 
Seat 6: rea246 ($125.61 in chips) 
rea246: posts small blind $0.50
janarr5: posts big blind $1
*** HOLE CARDS ***
Aleqseuka: folds 
steepfell: folds 
Slami4: raises $1.50 to $2.50
sutata: folds 
rea246: folds 
janarr5: raises $9.50 to $12
Slami4: calls $9.50
*** FLOP *** [7d 9s 3h]
janarr5: bets $11.64
Slami4: folds 
Uncalled bet ($11.64) returned to janarr5
janarr5 collected $23.28 from pot
janarr5: doesn't show hand 
*** SUMMARY ***
Total pot $24.50 | Rake $1.22 
Board [7d 9s 3h]
Seat 1: janarr5 (big blind) collected ($23.28)
Seat 2: Aleqseuka folded before Flop (didn't bet)
Seat 3: steepfell folded before Flop (didn't bet)
Seat 4: Slami4 folded on the Flop
Seat 5: sutata (button) folded before Flop (didn't bet)
Seat 6: rea246 (small blind) folded before Flop



PokerStars Hand #254463798993:  Hold'em No Limit ($0.50/$1.00 USD) - 2025/01/20 7:46:13 WET [2025/01/20 2:46:13 ET]
Table 'Peacock IV' 6-max Seat #6 is the button
Seat 1: janarr5 ($119.28 in chips) 
Seat 2: Aleqseuka ($100 in chips) 
Seat 3: steepfell ($135.47 in chips) 
Seat 4: Slami4 ($121.46 in chips) 
Seat 5: sutata ($108.98 in chips) 
Seat 6: rea246 ($125.11 in chips) 
janarr5: posts small blind $0.50
Aleqseuka: posts big blind $1
*** HOLE CARDS ***
steepfell: folds 
Slami4: folds 
sutata: folds 
rea246: raises $2.50 to $3.50
janarr5: folds 
Aleqseuka: folds 
Uncalled bet ($2.50) returned to rea246
rea246 collected $2.50 from pot
*** SUMMARY ***
Total pot $2.50 | Rake $0 
Seat 1: janarr5 (small blind) folded before Flop
Seat 2: Aleqseuka (big blind) folded before Flop
Seat 3: steepfell folded before Flop (didn't bet)
Seat 4: Slami4 folded before Flop (didn't bet)
Seat 5: sutata folded before Flop (didn't bet)
Seat 6: rea246 (button) collected ($2.50)



PokerStars Hand #254463813891:  Hold'em No Limit ($0.50/$1.00 USD) - 2025/01/20 7:46:27 WET [2025/01/20 2:46:27 ET]
Table 'Peacock IV' 6-max Seat #1 is the button
Seat 1: janarr5 ($118.78 in chips) 
Seat 2: Aleqseuka ($100 in chips) 
Seat 3: steepfell ($135.47 in chips) 
Seat 4: Slami4 ($121.46 in chips) 
Seat 5: sutata ($108.98 in chips) 
Seat 6: rea246 ($126.61 in chips) 
Aleqseuka: posts small blind $0.50
steepfell: posts big blind $1
*** HOLE CARDS ***
Slami4: folds 
sutata: folds 
rea246: folds 
janarr5: raises $1.50 to $2.50
Aleqseuka: folds 
steepfell: calls $1.50
*** FLOP *** [Qs Qc As]
steepfell: checks 
janarr5: bets $1.31
steepfell: calls $1.31
*** TURN *** [Qs Qc As] [6d]
steepfell: checks 
janarr5: checks 
*** RIVER *** [Qs Qc As 6d] [Jh]
steepfell: checks 
janarr5: checks 
*** SHOW DOWN ***
steepfell: shows [5c Ad] (two pair, Aces and Queens)
janarr5: mucks hand 
steepfell collected $7.71 from pot
*** SUMMARY ***
Total pot $8.12 | Rake $0.41 
Board [Qs Qc As 6d Jh]
Seat 1: janarr5 (button) mucked
Seat 2: Aleqseuka (small blind) folded before Flop
Seat 3: steepfell (big blind) showed [5c Ad] and won ($7.71) with two pair, Aces and Queens
Seat 4: Slami4 folded before Flop (didn't bet)
Seat 5: sutata folded before Flop (didn't bet)
Seat 6: rea246 folded before Flop (didn't bet)



PokerStars Hand #254463848371:  Hold'em No Limit ($0.50/$1.00 USD) - 2025/01/20 7:47:00 WET [2025/01/20 2:47:00 ET]
Table 'Peacock IV' 6-max Seat #2 is the button
Seat 1: janarr5 ($114.97 in chips) 
Seat 2: Aleqseuka ($100 in chips) 
Seat 3: steepfell ($139.37 in chips) 
Seat 4: Slami4 ($121.46 in chips) 
Seat 5: sutata ($108.98 in chips) 
Seat 6: rea246 ($126.61 in chips) 
steepfell: posts small blind $0.50
Slami4: posts big blind $1
*** HOLE CARDS ***
sutata: folds 
rea246: raises $1.50 to $2.50
janarr5: folds 
Aleqseuka: folds 
steepfell: folds 
Slami4: calls $1.50
*** FLOP *** [9s 6c Ad]
Slami4: checks 
rea246: bets $2.61
Slami4: folds 
Uncalled bet ($2.61) returned to rea246
rea246 collected $5.22 from pot
rea246: doesn't show hand 
*** SUMMARY ***
Total pot $5.50 | Rake $0.28 
Board [9s 6c Ad]
Seat 1: janarr5 folded before Flop (didn't bet)
Seat 2: Aleqseuka (button) folded before Flop (didn't bet)
Seat 3: steepfell (small blind) folded before Flop
Seat 4: Slami4 (big blind) folded on the Flop
Seat 5: sutata folded before Flop (didn't bet)
Seat 6: rea246 collected ($5.22)



PokerStars Hand #254463877260:  Hold'em No Limit ($0.50/$1.00 USD) - 2025/01/20 7:47:27 WET [2025/01/20 2:47:27 ET]
Table 'Peacock IV' 6-max Seat #3 is the button
Seat 1: janarr5 ($114.97 in chips) 
Seat 2: Aleqseuka ($100 in chips) 
Seat 3: steepfell ($138.87 in chips) 
Seat 4: Slami4 ($118.96 in chips) 
Seat 5: sutata ($108.98 in chips) 
Seat 6: rea246 ($129.33 in chips) 
Slami4: posts small blind $0.50
sutata: posts big blind $1
*** HOLE CARDS ***
rea246: raises $1.50 to $2.50
janarr5: folds 
Aleqseuka: folds 
steepfell: folds 
Slami4: folds 
sutata: folds 
Uncalled bet ($1.50) returned to rea246
rea246 collected $2.50 from pot
rea246: doesn't show hand 
*** SUMMARY ***
Total pot $2.50 | Rake $0 
Seat 1: janarr5 folded before Flop (didn't bet)
Seat 2: Aleqseuka folded before Flop (didn't bet)
Seat 3: steepfell (button) folded before Flop (didn't bet)
Seat 4: Slami4 (small blind) folded before Flop
Seat 5: sutata (big blind) folded before Flop
Seat 6: rea246 collected ($2.50)



PokerStars Hand #254463889714:  Hold'em No Limit ($0.50/$1.00 USD) - 2025/01/20 7:47:39 WET [2025/01/20 2:47:39 ET]
Table 'Peacock IV' 6-max Seat #4 is the button
Seat 1: janarr5 ($114.97 in chips) 
Seat 2: Aleqseuka ($100 in chips) 
Seat 3: steepfell ($138.87 in chips) 
Seat 4: Slami4 ($118.46 in chips) 
Seat 5: sutata ($107.98 in chips) 
Seat 6: rea246 ($130.83 in chips) 
sutata: posts small blind $0.50
rea246: posts big blind $1
*** HOLE CARDS ***
janarr5: folds 
Aleqseuka: raises $1.35 to $2.35
steepfell: raises $5.65 to $8
Slami4: folds 
sutata: folds 
rea246: calls $7
Aleqseuka: folds 
*** FLOP *** [Jc Ad 7c]
rea246: checks 
steepfell: bets $11.82
rea246: folds 
Uncalled bet ($11.82) returned to steepfell
steepfell collected $17.91 from pot
steepfell: doesn't show hand 
*** SUMMARY ***
Total pot $18.85 | Rake $0.94 
Board [Jc Ad 7c]
Seat 1: janarr5 folded before Flop (didn't bet)
Seat 2: Aleqseuka folded before Flop
Seat 3: steepfell collected ($17.91)
Seat 4: Slami4 (button) folded before Flop (didn't bet)
Seat 5: sutata (small blind) folded before Flop
Seat 6: rea246 (big blind) folded on the Flop



PokerStars Hand #254463922772:  Hold'em No Limit ($0.50/$1.00 USD) - 2025/01/20 7:48:13 WET [2025/01/20 2:48:13 ET]
Table 'Peacock IV' 6-max Seat #5 is the button
Seat 1: janarr5 ($114.97 in chips) 
Seat 2: Aleqseuka ($100 in chips) 
Seat 3: steepfell ($148.78 in chips) 
Seat 4: Slami4 ($118.46 in chips) 
Seat 5: sutata ($107.48 in chips) 
Seat 6: rea246 ($122.83 in chips) 
rea246: posts small blind $0.50
janarr5: posts big blind $1
*** HOLE CARDS ***
Aleqseuka: folds 
steepfell: folds 
Slami4: folds 
sutata: folds 
rea246: raises $2 to $3
janarr5: folds 
Uncalled bet ($2) returned to rea246
rea246 collected $2 from pot
rea246: doesn't show hand 
*** SUMMARY ***
Total pot $2 | Rake $0 
Seat 1: janarr5 (big blind) folded before Flop
Seat 2: Aleqseuka folded before Flop (didn't bet)
Seat 3: steepfell folded before Flop (didn't bet)
Seat 4: Slami4 folded before Flop (didn't bet)
Seat 5: sutata (button) folded before Flop (didn't bet)
Seat 6: rea246 (small blind) collected ($2)



PokerStars Hand #254463937135:  Hold'em No Limit ($0.50/$1.00 USD) - 2025/01/20 7:48:27 WET [2025/01/20 2:48:27 ET]
Table 'Peacock IV' 6-max Seat #6 is the button
Seat 1: janarr5 ($113.97 in chips) 
Seat 2: Aleqseuka ($100 in chips) 
Seat 3: steepfell ($148.78 in chips) 
Seat 4: Slami4 ($118.46 in chips) 
Seat 5: sutata ($107.48 in chips) 
Seat 6: rea246 ($123.83 in chips) 
janarr5: posts small blind $0.50
Aleqseuka: posts big blind $1
*** HOLE CARDS ***
steepfell: folds 
Slami4: folds 
sutata: raises $1.50 to $2.50
rea246: folds 
janarr5: folds 
Aleqseuka: folds 
Uncalled bet ($1.50) returned to sutata
sutata collected $2.50 from pot
sutata: doesn't show hand 
*** SUMMARY ***
Total pot $2.50 | Rake $0 
Seat 1: janarr5 (small blind) folded before Flop
Seat 2: Aleqseuka (big blind) folded before Flop
Seat 3: steepfell folded before Flop (didn't bet)
Seat 4: Slami4 folded before Flop (didn't bet)
Seat 5: sutata collected ($2.50)
Seat 6: rea246 (button) folded before Flop (didn't bet)



PokerStars Hand #254463950478:  Hold'em No Limit ($0.50/$1.00 USD) - 2025/01/20 7:48:40 WET [2025/01/20 2:48:40 ET]
Table 'Peacock IV' 6-max Seat #1 is the button
Seat 1: janarr5 ($113.47 in chips) 
Seat 2: Aleqseuka ($100 in chips) 
Seat 3: steepfell ($148.78 in chips) 
Seat 4: Slami4 ($118.46 in chips) 
Seat 5: sutata ($108.98 in chips) 
Seat 6: rea246 ($123.83 in chips) 
Aleqseuka: posts small blind $0.50
steepfell: posts big blind $1
*** HOLE CARDS ***
Slami4: folds 
sutata: raises $1.50 to $2.50
rea246: calls $2.50
janarr5: folds 
Aleqseuka: folds 
steepfell: folds 
*** FLOP *** [4s 6s 8d]
sutata: bets $2.06
rea246: raises $5.15 to $7.21
sutata: calls $5.15
*** TURN *** [4s 6s 8d] [Qs]
sutata: checks 
rea246: checks 
*** RIVER *** [4s 6s 8d Qs] [3c]
sutata: checks 
rea246: bets $7.94
sutata: calls $7.94
*** SHOW DOWN ***
rea246: shows [4c 6c] (two pair, Sixes and Fours)
sutata: mucks hand 
rea246 collected $34.96 from pot
*** SUMMARY ***
Total pot $36.80 | Rake $1.84 
Board [4s 6s 8d Qs 3c]
Seat 1: janarr5 (button) folded before Flop (didn't bet)
Seat 2: Aleqseuka (small blind) folded before Flop
Seat 3: steepfell (big blind) folded before Flop
Seat 4: Slami4 folded before Flop (didn't bet)
Seat 5: sutata mucked
Seat 6: rea246 showed [4c 6c] and won ($34.96) with two pair, Sixes and Fours



PokerStars Hand #254463978254:  Hold'em No Limit ($0.50/$1.00 USD) - 2025/01/20 7:49:06 WET [2025/01/20 2:49:06 ET]
Table 'Peacock IV' 6-max Seat #2 is the button
Seat 1: janarr5 ($113.47 in chips) 
Seat 2: Aleqseuka ($100 in chips) 
Seat 3: steepfell ($147.78 in chips) 
Seat 4: Slami4 ($118.46 in chips) 
Seat 5: sutata ($100 in chips) 
Seat 6: rea246 ($141.14 in chips) 
steepfell: posts small blind $0.50
Slami4: posts big blind $1
*** HOLE CARDS ***
sutata: folds 
rea246: raises $1.50 to $2.50
janarr5: folds 
Aleqseuka: folds 
steepfell: folds 
Slami4: calls $1.50
*** FLOP *** [4c Ts 3c]
Slami4: checks 
rea246: bets $2.61
Slami4: calls $2.61
*** TURN *** [4c Ts 3c] [7d]
Slami4: checks 
rea246: checks 
*** RIVER *** [4c Ts 3c 7d] [6s]
Slami4: checks 
rea246: checks 
*** SHOW DOWN ***
Slami4: shows [Jd Kd] (high card King)
rea246: shows [Ks 4s] (a pair of Fours)
rea246 collected $10.18 from pot
*** SUMMARY ***
Total pot $10.72 | Rake $0.54 
Board [4c Ts 3c 7d 6s]
Seat 1: janarr5 folded before Flop (didn't bet)
Seat 2: Aleqseuka (button) folded before Flop (didn't bet)
Seat 3: steepfell (small blind) folded before Flop
Seat 4: Slami4 (big blind) showed [Jd Kd] and lost with high card King
Seat 5: sutata folded before Flop (didn't bet)
Seat 6: rea246 showed [Ks 4s] and won ($10.18) with a pair of Fours



PokerStars Hand #254464024292:  Hold'em No Limit ($0.50/$1.00 USD) - 2025/01/20 7:49:51 WET [2025/01/20 2:49:51 ET]
Table 'Peacock IV' 6-max Seat #3 is the button
Seat 1: janarr5 ($113.47 in chips) 
Seat 2: Aleqseuka ($100 in chips) 
Seat 3: steepfell ($147.28 in chips) 
Seat 4: Slami4 ($113.35 in chips) 
Seat 5: sutata ($100 in chips) 
Seat 6: rea246 ($146.21 in chips) 
Slami4: posts small blind $0.50
sutata: posts big blind $1
*** HOLE CARDS ***
rea246: folds 
janarr5: folds 
Aleqseuka: raises $1.50 to $2.50
steepfell: raises $5.50 to $8
Slami4: folds 
sutata: folds 
Aleqseuka: raises $14 to $22
steepfell: folds 
Uncalled bet ($14) returned to Aleqseuka
Aleqseuka collected $17.50 from pot
Aleqseuka: doesn't show hand 
*** SUMMARY ***
Total pot $17.50 | Rake $0 
Seat 1: janarr5 folded before Flop (didn't bet)
Seat 2: Aleqseuka collected ($17.50)
Seat 3: steepfell (button) folded before Flop
Seat 4: Slami4 (small blind) folded before Flop
Seat 5: sutata (big blind) folded before Flop
Seat 6: rea246 folded before Flop (didn't bet)



PokerStars Hand #254464055177:  Hold'em No Limit ($0.50/$1.00 USD) - 2025/01/20 7:50:21 WET [2025/01/20 2:50:21 ET]
Table 'Peacock IV' 6-max Seat #4 is the button
Seat 1: janarr5 ($113.47 in chips) 
Seat 2: Aleqseuka ($109.50 in chips) 
Seat 3: steepfell ($139.28 in chips) 
Seat 4: Slami4 ($112.85 in chips) 
Seat 5: sutata ($100 in chips) 
Seat 6: rea246 ($146.21 in chips) 
sutata: posts small blind $0.50
rea246: posts big blind $1
*** HOLE CARDS ***
janarr5: folds 
Aleqseuka: raises $1.35 to $2.35
steepfell: folds 
Slami4: folds 
sutata: folds 
rea246: calls $1.35
*** FLOP *** [3s Ts Jh]
rea246: checks 
Aleqseuka: bets $3.71
rea246: calls $3.71
*** TURN *** [3s Ts Jh] [3d]
rea246: checks 
Aleqseuka: bets $15.35
rea246: folds 
Uncalled bet ($15.35) returned to Aleqseuka
Aleqseuka collected $11.99 from pot
Aleqseuka: doesn't show hand 
*** SUMMARY ***
Total pot $12.62 | Rake $0.63 
Board [3s Ts Jh 3d]
Seat 1: janarr5 folded before Flop (didn't bet)
Seat 2: Aleqseuka collected ($11.99)
Seat 3: steepfell folded before Flop (didn't bet)
Seat 4: Slami4 (button) folded before Flop (didn't bet)
Seat 5: sutata (small blind) folded before Flop
Seat 6: rea246 (big blind) folded on the Turn



PokerStars Hand #254464088222:  Hold'em No Limit ($0.50/$1.00 USD) - 2025/01/20 7:50:54 WET [2025/01/20 2:50:54 ET]
Table 'Peacock IV' 6-max Seat #5 is the button
Seat 1: janarr5 ($113.47 in chips) 
Seat 2: Aleqseuka ($115.43 in chips) 
Seat 3: steepfell ($139.28 in chips) 
Seat 4: Slami4 ($112.85 in chips) 
Seat 5: sutata ($100 in chips) 
Seat 6: rea246 ($140.15 in chips) 
rea246: posts small blind $0.50
janarr5: posts big blind $1
*** HOLE CARDS ***
Aleqseuka: folds 
steepfell: folds 
Slami4: raises $1.50 to $2.50
sutata: calls $2.50
rea246: folds 
janarr5: folds 
*** FLOP *** [9d 9h 6c]
Slami4: checks 
sutata: checks 
*** TURN *** [9d 9h 6c] [Ts]
Slami4: checks 
sutata: checks 
*** RIVER *** [9d 9h 6c Ts] [As]
Slami4: checks 
sutata: checks 
*** SHOW DOWN ***
Slami4: shows [Qh Kc] (a pair of Nines)
sutata: mucks hand 
Slami4 collected $6.18 from pot
*** SUMMARY ***
Total pot $6.50 | Rake $0.32 
Board [9d 9h 6c Ts As]
Seat 1: janarr5 (big blind) folded before Flop
Seat 2: Aleqseuka folded before Flop (didn't bet)
Seat 3: steepfell folded before Flop (didn't bet)
Seat 4: Slami4 showed [Qh Kc] and won ($6.18) with a pair of Nines
Seat 5: sutata (button) mucked
Seat 6: rea246 (small blind) folded before Flop



PokerStars Hand #254464121374:  Hold'em No Limit ($0.50/$1.00 USD) - 2025/01/20 7:51:29 WET [2025/01/20 2:51:29 ET]
Table 'Peacock IV' 6-max Seat #6 is the button
Seat 1: janarr5 ($112.47 in chips) 
Seat 2: Aleqseuka ($115.43 in chips) 
Seat 3: steepfell ($139.28 in chips) 
Seat 4: Slami4 ($116.53 in chips) 
Seat 5: sutata ($100 in chips) 
Seat 6: rea246 ($139.65 in chips) 
janarr5: posts small blind $0.50
Aleqseuka: posts big blind $1
*** HOLE CARDS ***
steepfell: folds 
Slami4: folds 
sutata: folds 
rea246: raises $1.50 to $2.50
janarr5: folds 
Aleqseuka: folds 
Uncalled bet ($1.50) returned to rea246
rea246 collected $2.50 from pot
rea246: doesn't show hand 
*** SUMMARY ***
Total pot $2.50 | Rake $0 
Seat 1: janarr5 (small blind) folded before Flop
Seat 2: Aleqseuka (big blind) folded before Flop
Seat 3: steepfell folded before Flop (didn't bet)
Seat 4: Slami4 folded before Flop (didn't bet)
Seat 5: sutata folded before Flop (didn't bet)
Seat 6: rea246 (button) collected ($2.50)



PokerStars Hand #254464133181:  Hold'em No Limit ($0.50/$1.00 USD) - 2025/01/20 7:51:40 WET [2025/01/20 2:51:40 ET]
Table 'Peacock IV' 6-max Seat #1 is the button
Seat 1: janarr5 ($111.97 in chips) 
Seat 2: Aleqseuka ($114.43 in chips) 
Seat 3: steepfell ($139.28 in chips) 
Seat 4: Slami4 ($116.53 in chips) 
Seat 5: sutata ($100 in chips) 
Seat 6: rea246 ($141.15 in chips) 
Aleqseuka: posts small blind $0.50
steepfell: posts big blind $1
*** HOLE CARDS ***
Slami4: folds 
sutata: folds 
rea246: raises $1.50 to $2.50
janarr5: folds 
Aleqseuka: folds 
steepfell: folds 
Uncalled bet ($1.50) returned to rea246
rea246 collected $2.50 from pot
rea246: doesn't show hand 
*** SUMMARY ***
Total pot $2.50 | Rake $0 
Seat 1: janarr5 (button) folded before Flop (didn't bet)
Seat 2: Aleqseuka (small blind) folded before Flop
Seat 3: steepfell (big blind) folded before Flop
Seat 4: Slami4 folded before Flop (didn't bet)
Seat 5: sutata folded before Flop (didn't bet)
Seat 6: rea246 collected ($2.50)



PokerStars Hand #254464148142:  Hold'em No Limit ($0.50/$1.00 USD) - 2025/01/20 7:51:55 WET [2025/01/20 2:51:55 ET]
Table 'Peacock IV' 6-max Seat #2 is the button
Seat 1: janarr5 ($111.97 in chips) 
Seat 2: Aleqseuka ($113.93 in chips) 
Seat 3: steepfell ($138.28 in chips) 
Seat 4: Slami4 ($116.53 in chips) 
Seat 5: sutata ($100 in chips) 
Seat 6: rea246 ($142.65 in chips) 
steepfell: posts small blind $0.50
Slami4: posts big blind $1
*** HOLE CARDS ***
sutata: folds 
rea246: raises $1.50 to $2.50
janarr5: folds 
Aleqseuka: folds 
steepfell: folds 
Slami4: folds 
Uncalled bet ($1.50) returned to rea246
rea246 collected $2.50 from pot
rea246: doesn't show hand 
*** SUMMARY ***
Total pot $2.50 | Rake $0 
Seat 1: janarr5 folded before Flop (didn't bet)
Seat 2: Aleqseuka (button) folded before Flop (didn't bet)
Seat 3: steepfell (small blind) folded before Flop
Seat 4: Slami4 (big blind) folded before Flop
Seat 5: sutata folded before Flop (didn't bet)
Seat 6: rea246 collected ($2.50)



PokerStars Hand #254464163271:  Hold'em No Limit ($0.50/$1.00 USD) - 2025/01/20 7:52:11 WET [2025/01/20 2:52:11 ET]
Table 'Peacock IV' 6-max Seat #3 is the button
Seat 1: janarr5 ($111.97 in chips) 
Seat 2: Aleqseuka ($113.93 in chips) 
Seat 3: steepfell ($137.78 in chips) 
Seat 4: Slami4 ($115.53 in chips) 
Seat 5: sutata ($100 in chips) 
Seat 6: rea246 ($144.15 in chips) 
Slami4: posts small blind $0.50
sutata: posts big blind $1
*** HOLE CARDS ***
rea246: folds 
janarr5: folds 
Aleqseuka: folds 
steepfell: folds 
Slami4: folds 
Uncalled bet ($0.50) returned to sutata
sutata collected $1 from pot
sutata: doesn't show hand 
*** SUMMARY ***
Total pot $1 | Rake $0 
Seat 1: janarr5 folded before Flop (didn't bet)
Seat 2: Aleqseuka folded before Flop (didn't bet)
Seat 3: steepfell (button) folded before Flop (didn't bet)
Seat 4: Slami4 (small blind) folded before Flop
Seat 5: sutata (big blind) collected ($1)
Seat 6: rea246 folded before Flop (didn't bet)



PokerStars Hand #254464172139:  Hold'em No Limit ($0.50/$1.00 USD) - 2025/01/20 7:52:20 WET [2025/01/20 2:52:20 ET]
Table 'Peacock IV' 6-max Seat #4 is the button
Seat 1: janarr5 ($111.97 in chips) 
Seat 2: Aleqseuka ($113.93 in chips) 
Seat 3: steepfell ($137.78 in chips) 
Seat 4: Slami4 ($115.03 in chips) 
Seat 5: sutata ($100.50 in chips) 
Seat 6: rea246 ($144.15 in chips) 
sutata: posts small blind $0.50
rea246: posts big blind $1
*** HOLE CARDS ***
janarr5: folds 
Aleqseuka: raises $1.35 to $2.35
steepfell: folds 
Slami4: folds 
sutata: folds 
rea246: calls $1.35
*** FLOP *** [Ts 8s 7s]
rea246: checks 
Aleqseuka: bets $1.63
rea246: raises $1.63 to $3.26
Aleqseuka: calls $1.63
*** TURN *** [Ts 8s 7s] [Jc]
rea246: checks 
Aleqseuka: checks 
*** RIVER *** [Ts 8s 7s Jc] [3d]
rea246: bets $25
Aleqseuka: folds 
Uncalled bet ($25) returned to rea246
rea246 collected $11.13 from pot
*** SUMMARY ***
Total pot $11.72 | Rake $0.59 
Board [Ts 8s 7s Jc 3d]
Seat 1: janarr5 folded before Flop (didn't bet)
Seat 2: Aleqseuka folded on the River
Seat 3: steepfell folded before Flop (didn't bet)
Seat 4: Slami4 (button) folded before Flop (didn't bet)
Seat 5: sutata (small blind) folded before Flop
Seat 6: rea246 (big blind) collected ($11.13)



PokerStars Hand #254464215244:  Hold'em No Limit ($0.50/$1.00 USD) - 2025/01/20 7:53:05 WET [2025/01/20 2:53:05 ET]
Table 'Peacock IV' 6-max Seat #5 is the button
Seat 1: janarr5 ($111.97 in chips) 
Seat 2: Aleqseuka ($108.32 in chips) 
Seat 3: steepfell ($137.78 in chips) 
Seat 4: Slami4 ($115.03 in chips) 
Seat 5: sutata ($100 in chips) 
Seat 6: rea246 ($149.67 in chips) 
rea246: posts small blind $0.50
janarr5: posts big blind $1
*** HOLE CARDS ***
Aleqseuka: folds 
steepfell: folds 
Slami4: folds 
sutata: raises $2 to $3
rea246: folds 
janarr5: raises $9 to $12
sutata: calls $9
*** FLOP *** [Ac 6h 5d]
janarr5: bets $5.82
sutata: calls $5.82
*** TURN *** [Ac 6h 5d] [8c]
janarr5: checks 
sutata: bets $11.44
janarr5: folds 
Uncalled bet ($11.44) returned to sutata
sutata collected $34.33 from pot
sutata: doesn't show hand 
*** SUMMARY ***
Total pot $36.14 | Rake $1.81 
Board [Ac 6h 5d 8c]
Seat 1: janarr5 (big blind) folded on the Turn
Seat 2: Aleqseuka folded before Flop (didn't bet)
Seat 3: steepfell folded before Flop (didn't bet)
Seat 4: Slami4 folded before Flop (didn't bet)
Seat 5: sutata (button) collected ($34.33)
Seat 6: rea246 (small blind) folded before Flop



PokerStars Hand #254464263006:  Hold'em No Limit ($0.50/$1.00 USD) - 2025/01/20 7:53:53 WET [2025/01/20 2:53:53 ET]
Table 'Peacock IV' 6-max Seat #6 is the button
Seat 1: janarr5 ($100 in chips) 
Seat 2: Aleqseuka ($108.32 in chips) 
Seat 3: steepfell ($137.78 in chips) 
Seat 4: Slami4 ($115.03 in chips) 
Seat 5: sutata ($116.51 in chips) 
Seat 6: rea246 ($149.17 in chips) 
janarr5: posts small blind $0.50
Aleqseuka: posts big blind $1
*** HOLE CARDS ***
steepfell: folds 
Slami4: folds 
sutata: folds 
rea246: folds 
janarr5: raises $2 to $3
Aleqseuka: folds 
Uncalled bet ($2) returned to janarr5
janarr5 collected $2 from pot
janarr5: doesn't show hand 
*** SUMMARY ***
Total pot $2 | Rake $0 
Seat 1: janarr5 (small blind) collected ($2)
Seat 2: Aleqseuka (big blind) folded before Flop
Seat 3: steepfell folded before Flop (didn't bet)
Seat 4: Slami4 folded before Flop (didn't bet)
Seat 5: sutata folded before Flop (didn't bet)
Seat 6: rea246 (button) folded before Flop (didn't bet)



PokerStars Hand #254464281537:  Hold'em No Limit ($0.50/$1.00 USD) - 2025/01/20 7:54:14 WET [2025/01/20 2:54:14 ET]
Table 'Peacock IV' 6-max Seat #1 is the button
Seat 1: janarr5 ($101 in chips) 
Seat 2: Aleqseuka ($107.32 in chips) 
Seat 3: steepfell ($137.78 in chips) 
Seat 4: Slami4 ($115.03 in chips) 
Seat 5: sutata ($116.51 in chips) 
Seat 6: rea246 ($149.17 in chips) 
Aleqseuka: posts small blind $0.50
steepfell: posts big blind $1
*** HOLE CARDS ***
Slami4: folds 
sutata: raises $1.50 to $2.50
rea246: folds 
janarr5: folds 
Aleqseuka: folds 
steepfell: folds 
Uncalled bet ($1.50) returned to sutata
sutata collected $2.50 from pot
sutata: doesn't show hand 
*** SUMMARY ***
Total pot $2.50 | Rake $0 
Seat 1: janarr5 (button) folded before Flop (didn't bet)
Seat 2: Aleqseuka (small blind) folded before Flop
Seat 3: steepfell (big blind) folded before Flop
Seat 4: Slami4 folded before Flop (didn't bet)
Seat 5: sutata collected ($2.50)
Seat 6: rea246 folded before Flop (didn't bet)



PokerStars Hand #254464296712:  Hold'em No Limit ($0.50/$1.00 USD) - 2025/01/20 7:54:31 WET [2025/01/20 2:54:31 ET]
Table 'Peacock IV' 6-max Seat #2 is the button
Seat 1: janarr5 ($101 in chips) 
Seat 2: Aleqseuka ($106.82 in chips) 
Seat 3: steepfell ($136.78 in chips) 
Seat 4: Slami4 ($115.03 in chips) 
Seat 5: sutata ($118.01 in chips) 
Seat 6: rea246 ($149.17 in chips) 
steepfell: posts small blind $0.50
Slami4: posts big blind $1
*** HOLE CARDS ***
sutata: folds 
rea246: raises $1.50 to $2.50
janarr5: folds 
Aleqseuka: folds 
steepfell: folds 
Slami4: folds 
Uncalled bet ($1.50) returned to rea246
rea246 collected $2.50 from pot
rea246: doesn't show hand 
*** SUMMARY ***
Total pot $2.50 | Rake $0 
Seat 1: janarr5 folded before Flop (didn't bet)
Seat 2: Aleqseuka (button) folded before Flop (didn't bet)
Seat 3: steepfell (small blind) folded before Flop
Seat 4: Slami4 (big blind) folded before Flop
Seat 5: sutata folded before Flop (didn't bet)
Seat 6: rea246 collected ($2.50)



PokerStars Hand #254464318539:  Hold'em No Limit ($0.50/$1.00 USD) - 2025/01/20 7:54:55 WET [2025/01/20 2:54:55 ET]
Table 'Peacock IV' 6-max Seat #3 is the button
Seat 1: janarr5 ($101 in chips) 
Seat 2: Aleqseuka ($106.82 in chips) 
Seat 3: steepfell ($136.28 in chips) 
Seat 4: Slami4 ($114.03 in chips) 
Seat 5: sutata ($118.01 in chips) 
Seat 6: rea246 ($150.67 in chips) 
Slami4: posts small blind $0.50
sutata: posts big blind $1
*** HOLE CARDS ***
rea246: raises $1.50 to $2.50
janarr5: folds 
Aleqseuka: raises $5 to $7.50
steepfell: folds 
Slami4: folds 
sutata: folds 
rea246: calls $5
*** FLOP *** [2h Ts 3c]
rea246: checks 
Aleqseuka: bets $10.35
rea246: folds 
Uncalled bet ($10.35) returned to Aleqseuka
Aleqseuka collected $15.68 from pot
Aleqseuka: doesn't show hand 
*** SUMMARY ***
Total pot $16.50 | Rake $0.82 
Board [2h Ts 3c]
Seat 1: janarr5 folded before Flop (didn't bet)
Seat 2: Aleqseuka collected ($15.68)
Seat 3: steepfell (button) folded before Flop (didn't bet)
Seat 4: Slami4 (small blind) folded before Flop
Seat 5: sutata (big blind) folded before Flop
Seat 6: rea246 folded on the Flop



PokerStars Hand #254464348414:  Hold'em No Limit ($0.50/$1.00 USD) - 2025/01/20 7:55:29 WET [2025/01/20 2:55:29 ET]
Table 'Peacock IV' 6-max Seat #4 is the button
Seat 1: janarr5 ($101 in chips) 
Seat 2: Aleqseuka ($115 in chips) 
Seat 3: steepfell ($136.28 in chips) 
Seat 4: Slami4 ($113.53 in chips) 
Seat 5: sutata ($117.01 in chips) 
Seat 6: rea246 ($143.17 in chips) 
sutata: posts small blind $0.50
rea246: posts big blind $1
*** HOLE CARDS ***
janarr5: raises $1.25 to $2.25
Aleqseuka: folds 
steepfell: folds 
Slami4: folds 
sutata: folds 
rea246: calls $1.25
*** FLOP *** [6h 4s Qh]
rea246: checks 
janarr5: bets $2.38
rea246: calls $2.38
*** TURN *** [6h 4s Qh] [6c]
rea246: checks 
janarr5: bets $6.12
rea246: folds 
Uncalled bet ($6.12) returned to janarr5
janarr5 collected $9.27 from pot
janarr5: doesn't show hand 
*** SUMMARY ***
Total pot $9.76 | Rake $0.49 
Board [6h 4s Qh 6c]
Seat 1: janarr5 collected ($9.27)
Seat 2: Aleqseuka folded before Flop (didn't bet)
Seat 3: steepfell folded before Flop (didn't bet)
Seat 4: Slami4 (button) folded before Flop (didn't bet)
Seat 5: sutata (small blind) folded before Flop
Seat 6: rea246 (big blind) folded on the Turn



PokerStars Hand #254464366945:  Hold'em No Limit ($0.50/$1.00 USD) - 2025/01/20 7:55:50 WET [2025/01/20 2:55:50 ET]
Table 'Peacock IV' 6-max Seat #5 is the button
Seat 1: janarr5 ($105.64 in chips) 
Seat 2: Aleqseuka ($115 in chips) 
Seat 3: steepfell ($136.28 in chips) 
Seat 4: Slami4 ($113.53 in chips) 
Seat 5: sutata ($116.51 in chips) 
Seat 6: rea246 ($138.54 in chips) 
rea246: posts small blind $0.50
janarr5: posts big blind $1
*** HOLE CARDS ***
Aleqseuka: folds 
steepfell: folds 
Slami4: folds 
sutata: folds 
rea246: folds 
Uncalled bet ($0.50) returned to janarr5
janarr5 collected $1 from pot
janarr5: doesn't show hand 
*** SUMMARY ***
Total pot $1 | Rake $0 
Seat 1: janarr5 (big blind) collected ($1)
Seat 2: Aleqseuka folded before Flop (didn't bet)
Seat 3: steepfell folded before Flop (didn't bet)
Seat 4: Slami4 folded before Flop (didn't bet)
Seat 5: sutata (button) folded before Flop (didn't bet)
Seat 6: rea246 (small blind) folded before Flop



