PokerStars Hand #254461445835:  Hold'em No Limit ($0.50/$1.00 USD) - 2025/01/20 4:03:54 WET [2025/01/19 23:03:54 ET]
Table 'Alrami IV' 6-max Seat #6 is the button
Seat 1: Gmspades7 ($100.50 in chips) 
Seat 2: stevoooo34 ($23.58 in chips) 
Seat 3: sutata ($101.50 in chips) 
Seat 4: rrrro ($115.38 in chips) 
Seat 5: franbasualdo10 ($28.67 in chips) 
Seat 6: Xenicide ($104.82 in chips) 
Gmspades7: posts small blind $0.50
stevoooo34: posts big blind $1
*** HOLE CARDS ***
sutata: raises $1.50 to $2.50
rrrro: folds 
franbasualdo10: folds 
Xenicide: calls $2.50
Gmspades7: folds 
stevoooo34: folds 
*** FLOP *** [6s 2h 4h]
sutata: checks 
Xenicide: bets $1.92
sutata: calls $1.92
*** TURN *** [6s 2h 4h] [3h]
sutata: checks 
Xenicide: bets $3.44
sutata: calls $3.44
*** RIVER *** [6s 2h 4h 3h] [9s]
sutata: checks 
Xenicide: bets $19.90
sutata: calls $19.90
*** SHOW DOWN ***
Xenicide: shows [As Qh] (high card Ace)
sutata: shows [8h 7h] (a flush, Eight high)
sutata collected $54.52 from pot
*** SUMMARY ***
Total pot $57.02 | Rake $2.50 
Board [6s 2h 4h 3h 9s]
Seat 1: Gmspades7 (small blind) folded before Flop
Seat 2: stevoooo34 (big blind) folded before Flop
Seat 3: sutata showed [8h 7h] and won ($54.52) with a flush, Eight high
Seat 4: rrrro folded before Flop (didn't bet)
Seat 5: franbasualdo10 folded before Flop (didn't bet)
Seat 6: Xenicide (button) showed [As Qh] and lost with high card Ace



PokerStars Hand #254461458289:  Hold'em No Limit ($0.50/$1.00 USD) - 2025/01/20 4:05:39 WET [2025/01/19 23:05:39 ET]
Table 'Alrami IV' 6-max Seat #1 is the button
Seat 1: Gmspades7 ($100 in chips) 
Seat 2: stevoooo34 ($22.58 in chips) 
Seat 3: sutata ($128.26 in chips) 
Seat 4: rrrro ($115.38 in chips) 
Seat 5: franbasualdo10 ($28.67 in chips) 
Seat 6: Xenicide ($100 in chips) 
stevoooo34: posts small blind $0.50
sutata: posts big blind $1
*** HOLE CARDS ***
rrrro: folds 
franbasualdo10: folds 
Xenicide: raises $1 to $2
Gmspades7: folds 
stevoooo34: calls $1.50
sutata: folds 
*** FLOP *** [6s Tc Td]
stevoooo34: checks 
Xenicide: checks 
*** TURN *** [6s Tc Td] [6c]
stevoooo34: bets $4.75
Xenicide: calls $4.75
*** RIVER *** [6s Tc Td 6c] [Ah]
stevoooo34: checks 
Xenicide: bets $24
stevoooo34: folds 
Uncalled bet ($24) returned to Xenicide
Xenicide collected $13.78 from pot
*** SUMMARY ***
Total pot $14.50 | Rake $0.72 
Board [6s Tc Td 6c Ah]
Seat 1: Gmspades7 (button) folded before Flop (didn't bet)
Seat 2: stevoooo34 (small blind) folded on the River
Seat 3: sutata (big blind) folded before Flop
Seat 4: rrrro folded before Flop (didn't bet)
Seat 5: franbasualdo10 folded before Flop (didn't bet)
Seat 6: Xenicide collected ($13.78)



PokerStars Hand #254461465980:  Hold'em No Limit ($0.50/$1.00 USD) - 2025/01/20 4:06:46 WET [2025/01/19 23:06:46 ET]
Table 'Alrami IV' 6-max Seat #2 is the button
Seat 1: Gmspades7 ($100 in chips) 
Seat 2: stevoooo34 ($15.83 in chips) 
Seat 3: sutata ($127.26 in chips) 
Seat 4: rrrro ($115.38 in chips) 
Seat 5: franbasualdo10 ($28.67 in chips) 
Seat 6: Xenicide ($107.03 in chips) 
sutata: posts small blind $0.50
rrrro: posts big blind $1
*** HOLE CARDS ***
franbasualdo10: folds 
Xenicide: folds 
Gmspades7: folds 
stevoooo34: folds 
sutata: raises $2 to $3
rrrro: folds 
Uncalled bet ($2) returned to sutata
sutata collected $2 from pot
sutata: doesn't show hand 
*** SUMMARY ***
Total pot $2 | Rake $0 
Seat 1: Gmspades7 folded before Flop (didn't bet)
Seat 2: stevoooo34 (button) folded before Flop (didn't bet)
Seat 3: sutata (small blind) collected ($2)
Seat 4: rrrro (big blind) folded before Flop
Seat 5: franbasualdo10 folded before Flop (didn't bet)
Seat 6: Xenicide folded before Flop (didn't bet)



PokerStars Hand #254461467908:  Hold'em No Limit ($0.50/$1.00 USD) - 2025/01/20 4:07:03 WET [2025/01/19 23:07:03 ET]
Table 'Alrami IV' 6-max Seat #3 is the button
Seat 1: Gmspades7 ($100 in chips) 
Seat 2: stevoooo34 ($15.83 in chips) 
Seat 3: sutata ($128.26 in chips) 
Seat 4: rrrro ($114.38 in chips) 
Seat 5: franbasualdo10 ($28.67 in chips) 
Seat 6: Xenicide ($107.03 in chips) 
rrrro: posts small blind $0.50
franbasualdo10: posts big blind $1
*** HOLE CARDS ***
Xenicide: folds 
Gmspades7: folds 
stevoooo34: folds 
sutata: folds 
rrrro: folds 
Uncalled bet ($0.50) returned to franbasualdo10
franbasualdo10 collected $1 from pot
*** SUMMARY ***
Total pot $1 | Rake $0 
Seat 1: Gmspades7 folded before Flop (didn't bet)
Seat 2: stevoooo34 folded before Flop (didn't bet)
Seat 3: sutata (button) folded before Flop (didn't bet)
Seat 4: rrrro (small blind) folded before Flop
Seat 5: franbasualdo10 (big blind) collected ($1)
Seat 6: Xenicide folded before Flop (didn't bet)



PokerStars Hand #254461469581:  Hold'em No Limit ($0.50/$1.00 USD) - 2025/01/20 4:07:17 WET [2025/01/19 23:07:17 ET]
Table 'Alrami IV' 6-max Seat #4 is the button
Seat 1: Gmspades7 ($100 in chips) 
Seat 2: stevoooo34 ($15.83 in chips) 
Seat 3: sutata ($128.26 in chips) 
Seat 4: rrrro ($113.88 in chips) 
Seat 5: franbasualdo10 ($29.17 in chips) 
Seat 6: Xenicide ($107.03 in chips) 
franbasualdo10: posts small blind $0.50
Xenicide: posts big blind $1
*** HOLE CARDS ***
Gmspades7: folds 
stevoooo34: folds 
sutata: folds 
rrrro: raises $1.50 to $2.50
franbasualdo10: raises $3.50 to $6
Xenicide: folds 
rrrro: calls $3.50
*** FLOP *** [9d Ad Qs]
franbasualdo10: checks 
rrrro: checks 
*** TURN *** [9d Ad Qs] [4s]
franbasualdo10: checks 
rrrro: checks 
*** RIVER *** [9d Ad Qs 4s] [Jd]
franbasualdo10: checks 
rrrro: checks 
*** SHOW DOWN ***
franbasualdo10: shows [8h 8d] (a pair of Eights)
rrrro: shows [Js Td] (a pair of Jacks)
rrrro collected $12.35 from pot
*** SUMMARY ***
Total pot $13 | Rake $0.65 
Board [9d Ad Qs 4s Jd]
Seat 1: Gmspades7 folded before Flop (didn't bet)
Seat 2: stevoooo34 folded before Flop (didn't bet)
Seat 3: sutata folded before Flop (didn't bet)
Seat 4: rrrro (button) showed [Js Td] and won ($12.35) with a pair of Jacks
Seat 5: franbasualdo10 (small blind) showed [8h 8d] and lost with a pair of Eights
Seat 6: Xenicide (big blind) folded before Flop



PokerStars Hand #254461477848:  Hold'em No Limit ($0.50/$1.00 USD) - 2025/01/20 4:08:29 WET [2025/01/19 23:08:29 ET]
Table 'Alrami IV' 6-max Seat #5 is the button
Seat 1: Gmspades7 ($100 in chips) 
Seat 2: stevoooo34 ($15.83 in chips) 
Seat 3: sutata ($128.26 in chips) 
Seat 4: rrrro ($120.23 in chips) 
Seat 5: franbasualdo10 ($23.17 in chips) 
Seat 6: Xenicide ($106.03 in chips) 
Xenicide: posts small blind $0.50
Gmspades7: posts big blind $1
*** HOLE CARDS ***
stevoooo34: calls $1
sutata: calls $1
rrrro: folds 
franbasualdo10: calls $1
Xenicide: calls $0.50
Gmspades7: checks 
*** FLOP *** [9h 9d 8h]
Xenicide: checks 
Gmspades7: checks 
stevoooo34: checks 
sutata: checks 
franbasualdo10: bets $2
Xenicide: calls $2
Gmspades7: folds 
stevoooo34: folds 
sutata: calls $2
*** TURN *** [9h 9d 8h] [3c]
Xenicide: checks 
sutata: checks 
franbasualdo10: bets $2
Xenicide: calls $2
sutata: folds 
*** RIVER *** [9h 9d 8h 3c] [Ac]
Xenicide: checks 
franbasualdo10: bets $5
Xenicide: folds 
Uncalled bet ($5) returned to franbasualdo10
franbasualdo10 collected $14.25 from pot
*** SUMMARY ***
Total pot $15 | Rake $0.75 
Board [9h 9d 8h 3c Ac]
Seat 1: Gmspades7 (big blind) folded on the Flop
Seat 2: stevoooo34 folded on the Flop
Seat 3: sutata folded on the Turn
Seat 4: rrrro folded before Flop (didn't bet)
Seat 5: franbasualdo10 (button) collected ($14.25)
Seat 6: Xenicide (small blind) folded on the River



PokerStars Hand #254461497293:  Hold'em No Limit ($0.50/$1.00 USD) - 2025/01/20 4:11:23 WET [2025/01/19 23:11:23 ET]
Table 'Alrami IV' 6-max Seat #6 is the button
Seat 1: Gmspades7 ($100 in chips) 
Seat 2: stevoooo34 ($14.83 in chips) 
Seat 3: sutata ($125.26 in chips) 
Seat 4: rrrro ($120.23 in chips) 
Seat 5: franbasualdo10 ($32.42 in chips) 
Seat 6: Xenicide ($101.03 in chips) 
Gmspades7: posts small blind $0.50
stevoooo34: posts big blind $1
*** HOLE CARDS ***
sutata: folds 
rrrro: folds 
franbasualdo10: raises $2 to $3
Xenicide: folds 
Gmspades7: folds 
stevoooo34: folds 
Uncalled bet ($2) returned to franbasualdo10
franbasualdo10 collected $2.50 from pot
*** SUMMARY ***
Total pot $2.50 | Rake $0 
Seat 1: Gmspades7 (small blind) folded before Flop
Seat 2: stevoooo34 (big blind) folded before Flop
Seat 3: sutata folded before Flop (didn't bet)
Seat 4: rrrro folded before Flop (didn't bet)
Seat 5: franbasualdo10 collected ($2.50)
Seat 6: Xenicide (button) folded before Flop (didn't bet)



PokerStars Hand #254461500782:  Hold'em No Limit ($0.50/$1.00 USD) - 2025/01/20 4:11:54 WET [2025/01/19 23:11:54 ET]
Table 'Alrami IV' 6-max Seat #1 is the button
Seat 1: Gmspades7 ($100 in chips) 
Seat 2: stevoooo34 ($13.83 in chips) 
Seat 3: sutata ($125.26 in chips) 
Seat 4: rrrro ($120.23 in chips) 
Seat 5: franbasualdo10 ($33.92 in chips) 
Seat 6: Xenicide ($101.03 in chips) 
stevoooo34: posts small blind $0.50
sutata: posts big blind $1
*** HOLE CARDS ***
rrrro: raises $1 to $2
franbasualdo10: folds 
Xenicide: folds 
Gmspades7: folds 
stevoooo34: folds 
sutata: folds 
Uncalled bet ($1) returned to rrrro
rrrro collected $2.50 from pot
rrrro: doesn't show hand 
*** SUMMARY ***
Total pot $2.50 | Rake $0 
Seat 1: Gmspades7 (button) folded before Flop (didn't bet)
Seat 2: stevoooo34 (small blind) folded before Flop
Seat 3: sutata (big blind) folded before Flop
Seat 4: rrrro collected ($2.50)
Seat 5: franbasualdo10 folded before Flop (didn't bet)
Seat 6: Xenicide folded before Flop (didn't bet)



PokerStars Hand #254461503426:  Hold'em No Limit ($0.50/$1.00 USD) - 2025/01/20 4:12:17 WET [2025/01/19 23:12:17 ET]
Table 'Alrami IV' 6-max Seat #2 is the button
Seat 1: Gmspades7 ($100 in chips) 
Seat 2: stevoooo34 ($13.33 in chips) 
Seat 3: sutata ($124.26 in chips) 
Seat 4: rrrro ($121.73 in chips) 
Seat 5: franbasualdo10 ($33.92 in chips) 
Seat 6: Xenicide ($101.03 in chips) 
sutata: posts small blind $0.50
rrrro: posts big blind $1
*** HOLE CARDS ***
franbasualdo10: calls $1
Xenicide: folds 
Gmspades7: folds 
stevoooo34: calls $1
sutata: calls $0.50
rrrro: checks 
*** FLOP *** [Jc Qh Ac]
sutata: bets $1.27
rrrro: folds 
franbasualdo10: folds 
stevoooo34: folds 
Uncalled bet ($1.27) returned to sutata
sutata collected $3.80 from pot
sutata: doesn't show hand 
*** SUMMARY ***
Total pot $4 | Rake $0.20 
Board [Jc Qh Ac]
Seat 1: Gmspades7 folded before Flop (didn't bet)
Seat 2: stevoooo34 (button) folded on the Flop
Seat 3: sutata (small blind) collected ($3.80)
Seat 4: rrrro (big blind) folded on the Flop
Seat 5: franbasualdo10 folded on the Flop
Seat 6: Xenicide folded before Flop (didn't bet)



PokerStars Hand #254461507640:  Hold'em No Limit ($0.50/$1.00 USD) - 2025/01/20 4:12:56 WET [2025/01/19 23:12:56 ET]
Table 'Alrami IV' 6-max Seat #3 is the button
Seat 1: Gmspades7 ($100 in chips) 
Seat 2: stevoooo34 ($12.33 in chips) 
Seat 3: sutata ($127.06 in chips) 
Seat 4: rrrro ($120.73 in chips) 
Seat 5: franbasualdo10 ($32.92 in chips) 
Seat 6: Xenicide ($101.03 in chips) 
rrrro: posts small blind $0.50
franbasualdo10: posts big blind $1
*** HOLE CARDS ***
Xenicide: folds 
Gmspades7: folds 
stevoooo34: folds 
sutata: folds 
rrrro: folds 
Uncalled bet ($0.50) returned to franbasualdo10
franbasualdo10 collected $1 from pot
*** SUMMARY ***
Total pot $1 | Rake $0 
Seat 1: Gmspades7 folded before Flop (didn't bet)
Seat 2: stevoooo34 folded before Flop (didn't bet)
Seat 3: sutata (button) folded before Flop (didn't bet)
Seat 4: rrrro (small blind) folded before Flop
Seat 5: franbasualdo10 (big blind) collected ($1)
Seat 6: Xenicide folded before Flop (didn't bet)



PokerStars Hand #254461509480:  Hold'em No Limit ($0.50/$1.00 USD) - 2025/01/20 4:13:13 WET [2025/01/19 23:13:13 ET]
Table 'Alrami IV' 6-max Seat #4 is the button
Seat 1: Gmspades7 ($100 in chips) 
Seat 2: stevoooo34 ($12.33 in chips) 
Seat 3: sutata ($127.06 in chips) 
Seat 4: rrrro ($120.23 in chips) 
Seat 5: franbasualdo10 ($33.42 in chips) 
Seat 6: Xenicide ($101.03 in chips) 
franbasualdo10: posts small blind $0.50
Xenicide: posts big blind $1
*** HOLE CARDS ***
Gmspades7: folds 
stevoooo34: folds 
sutata: folds 
rrrro: folds 
franbasualdo10: folds 
Uncalled bet ($0.50) returned to Xenicide
Xenicide collected $1 from pot
*** SUMMARY ***
Total pot $1 | Rake $0 
Seat 1: Gmspades7 folded before Flop (didn't bet)
Seat 2: stevoooo34 folded before Flop (didn't bet)
Seat 3: sutata folded before Flop (didn't bet)
Seat 4: rrrro (button) folded before Flop (didn't bet)
Seat 5: franbasualdo10 (small blind) folded before Flop
Seat 6: Xenicide (big blind) collected ($1)



PokerStars Hand #254461511568:  Hold'em No Limit ($0.50/$1.00 USD) - 2025/01/20 4:13:32 WET [2025/01/19 23:13:32 ET]
Table 'Alrami IV' 6-max Seat #5 is the button
Seat 1: Gmspades7 ($100 in chips) 
Seat 2: stevoooo34 ($12.33 in chips) 
Seat 3: sutata ($127.06 in chips) 
Seat 4: rrrro ($120.23 in chips) 
Seat 5: franbasualdo10 ($32.92 in chips) 
Seat 6: Xenicide ($101.53 in chips) 
Xenicide: posts small blind $0.50
Gmspades7: posts big blind $1
*** HOLE CARDS ***
stevoooo34: folds 
sutata: folds 
rrrro: raises $1.30 to $2.30
franbasualdo10: folds 
Xenicide: folds 
Gmspades7: calls $1.30
*** FLOP *** [8s Jh Ts]
Gmspades7: checks 
rrrro: checks 
*** TURN *** [8s Jh Ts] [Ah]
Gmspades7: checks 
rrrro: checks 
*** RIVER *** [8s Jh Ts Ah] [Td]
Gmspades7: checks 
rrrro: bets $3.63
Gmspades7: folds 
Uncalled bet ($3.63) returned to rrrro
rrrro collected $4.84 from pot
rrrro: doesn't show hand 
*** SUMMARY ***
Total pot $5.10 | Rake $0.26 
Board [8s Jh Ts Ah Td]
Seat 1: Gmspades7 (big blind) folded on the River
Seat 2: stevoooo34 folded before Flop (didn't bet)
Seat 3: sutata folded before Flop (didn't bet)
Seat 4: rrrro collected ($4.84)
Seat 5: franbasualdo10 (button) folded before Flop (didn't bet)
Seat 6: Xenicide (small blind) folded before Flop



PokerStars Hand #254461521375:  Hold'em No Limit ($0.50/$1.00 USD) - 2025/01/20 4:15:01 WET [2025/01/19 23:15:01 ET]
Table 'Alrami IV' 6-max Seat #6 is the button
Seat 1: Gmspades7 ($100 in chips) 
Seat 2: stevoooo34 ($12.33 in chips) 
Seat 3: sutata ($127.06 in chips) 
Seat 4: rrrro ($122.77 in chips) 
Seat 5: franbasualdo10 ($32.92 in chips) 
Seat 6: Xenicide ($101.03 in chips) 
Gmspades7: posts small blind $0.50
stevoooo34: posts big blind $1
*** HOLE CARDS ***
sutata: folds 
rrrro: raises $1 to $2
franbasualdo10: folds 
Xenicide: folds 
Gmspades7: folds 
stevoooo34: calls $1
*** FLOP *** [Js 7c 9c]
stevoooo34: checks 
rrrro: bets $1.07
stevoooo34: calls $1.07
*** TURN *** [Js 7c 9c] [Kh]
stevoooo34: checks 
rrrro: checks 
*** RIVER *** [Js 7c 9c Kh] [5d]
stevoooo34: checks 
rrrro: bets $3.16
stevoooo34: folds 
Uncalled bet ($3.16) returned to rrrro
rrrro collected $6.31 from pot
rrrro: doesn't show hand 
*** SUMMARY ***
Total pot $6.64 | Rake $0.33 
Board [Js 7c 9c Kh 5d]
Seat 1: Gmspades7 (small blind) folded before Flop
Seat 2: stevoooo34 (big blind) folded on the River
Seat 3: sutata folded before Flop (didn't bet)
Seat 4: rrrro collected ($6.31)
Seat 5: franbasualdo10 folded before Flop (didn't bet)
Seat 6: Xenicide (button) folded before Flop (didn't bet)



PokerStars Hand #254461532795:  Hold'em No Limit ($0.50/$1.00 USD) - 2025/01/20 4:16:48 WET [2025/01/19 23:16:48 ET]
Table 'Alrami IV' 6-max Seat #1 is the button
Seat 1: Gmspades7 ($100 in chips) 
Seat 2: stevoooo34 ($9.26 in chips) 
Seat 3: sutata ($127.06 in chips) 
Seat 4: rrrro ($126.01 in chips) 
Seat 5: franbasualdo10 ($32.92 in chips) 
Seat 6: Xenicide ($101.03 in chips) 
stevoooo34: posts small blind $0.50
sutata: posts big blind $1
*** HOLE CARDS ***
rrrro: raises $1 to $2
franbasualdo10: calls $2
Xenicide: calls $2
Gmspades7: folds 
Gmspades7 leaves the table
stevoooo34: calls $1.50
sutata: calls $1
*** FLOP *** [4c 3h Kh]
stevoooo34: checks 
sutata: checks 
rrrro: checks 
franbasualdo10: checks 
bluff on 4th joins the table at seat #1 
bluff on 4th is disconnected 
Xenicide: checks 
*** TURN *** [4c 3h Kh] [7h]
stevoooo34: bets $2
sutata: calls $2
rrrro: calls $2
franbasualdo10: folds 
Xenicide: folds 
*** RIVER *** [4c 3h Kh 7h] [Jd]
stevoooo34: checks 
sutata: checks 
rrrro: bets $7.60
stevoooo34: folds 
sutata: folds 
Uncalled bet ($7.60) returned to rrrro
rrrro collected $15.20 from pot
rrrro: doesn't show hand 
*** SUMMARY ***
Total pot $16 | Rake $0.80 
Board [4c 3h Kh 7h Jd]
Seat 1: Gmspades7 (button) folded before Flop (didn't bet)
Seat 2: stevoooo34 (small blind) folded on the River
Seat 3: sutata (big blind) folded on the River
Seat 4: rrrro collected ($15.20)
Seat 5: franbasualdo10 folded on the Turn
Seat 6: Xenicide folded on the Turn



PokerStars Hand #254461543040:  Hold'em No Limit ($0.50/$1.00 USD) - 2025/01/20 4:18:26 WET [2025/01/19 23:18:26 ET]
Table 'Alrami IV' 6-max Seat #2 is the button
Seat 1: bluff on 4th ($10 in chips) 
Seat 2: stevoooo34 ($5.26 in chips) 
Seat 3: sutata ($123.06 in chips) 
Seat 4: rrrro ($137.21 in chips) 
Seat 5: franbasualdo10 ($30.92 in chips) 
Seat 6: Xenicide ($100 in chips) 
sutata: posts small blind $0.50
rrrro: posts big blind $1
bluff on 4th: posts big blind $1
*** HOLE CARDS ***
franbasualdo10: raises $3 to $4
Xenicide: folds 
bluff on 4th: folds 
stevoooo34: folds 
stevoooo34 leaves the table
sutata: folds 
rrrro: folds 
Uncalled bet ($3) returned to franbasualdo10
franbasualdo10 collected $3.50 from pot
*** SUMMARY ***
Total pot $3.50 | Rake $0 
Seat 1: bluff on 4th folded before Flop (didn't bet)
Seat 2: stevoooo34 (button) folded before Flop (didn't bet)
Seat 3: sutata (small blind) folded before Flop
Seat 4: rrrro (big blind) folded before Flop
Seat 5: franbasualdo10 collected ($3.50)
Seat 6: Xenicide folded before Flop (didn't bet)



PokerStars Hand #254461547038:  Hold'em No Limit ($0.50/$1.00 USD) - 2025/01/20 4:19:06 WET [2025/01/19 23:19:06 ET]
Table 'Alrami IV' 6-max Seat #3 is the button
Seat 1: bluff on 4th ($9 in chips) 
Seat 3: sutata ($122.56 in chips) 
Seat 4: rrrro ($136.21 in chips) 
Seat 5: franbasualdo10 ($33.42 in chips) 
Seat 6: Xenicide ($100 in chips) 
rrrro: posts small blind $0.50
franbasualdo10: posts big blind $1
*** HOLE CARDS ***
Xenicide: folds 
bluff on 4th: calls $1
sutata: folds 
rrrro: folds 
franbasualdo10: raises $4 to $5
bluff on 4th: raises $4 to $9 and is all-in
franbasualdo10: calls $4
*** FLOP *** [Ts 2h 5h]
*** TURN *** [Ts 2h 5h] [Th]
*** RIVER *** [Ts 2h 5h Th] [6c]
*** SHOW DOWN ***
franbasualdo10: shows [8s 8d] (two pair, Tens and Eights)
bluff on 4th: shows [6s As] (two pair, Tens and Sixes)
franbasualdo10 collected $17.58 from pot
*** SUMMARY ***
Total pot $18.50 | Rake $0.92 
Board [Ts 2h 5h Th 6c]
Seat 1: bluff on 4th showed [6s As] and lost with two pair, Tens and Sixes
Seat 3: sutata (button) folded before Flop (didn't bet)
Seat 4: rrrro (small blind) folded before Flop
Seat 5: franbasualdo10 (big blind) showed [8s 8d] and won ($17.58) with two pair, Tens and Eights
Seat 6: Xenicide folded before Flop (didn't bet)



PokerStars Hand #254461550338:  Hold'em No Limit ($0.50/$1.00 USD) - 2025/01/20 4:19:43 WET [2025/01/19 23:19:43 ET]
Table 'Alrami IV' 6-max Seat #4 is the button
Seat 1: bluff on 4th ($0 in chips) is sitting out
Seat 3: sutata ($122.56 in chips) 
Seat 4: rrrro ($135.71 in chips) 
Seat 5: franbasualdo10 ($42 in chips) 
Seat 6: Xenicide ($100 in chips) 
franbasualdo10: posts small blind $0.50
Xenicide: posts big blind $1
*** HOLE CARDS ***
sutata: folds 
rrrro: folds 
franbasualdo10: raises $1 to $2
bluff on 4th leaves the table
genti8922 joins the table at seat #1 
genti8922 is disconnected 
vezis3 joins the table at seat #2 
Xenicide: raises $4 to $6
franbasualdo10: calls $4
*** FLOP *** [Jc 4c Tc]
franbasualdo10: checks 
Xenicide: bets $2.85
franbasualdo10: calls $2.85
*** TURN *** [Jc 4c Tc] [9h]
franbasualdo10: checks 
Xenicide: checks 
*** RIVER *** [Jc 4c Tc 9h] [Ah]
franbasualdo10: bets $5
Xenicide: raises $86.15 to $91.15 and is all-in
franbasualdo10: calls $28.15 and is all-in
Uncalled bet ($58) returned to Xenicide
*** SHOW DOWN ***
Xenicide: shows [7c 7d] (a pair of Sevens)
franbasualdo10: shows [Ac Qs] (a pair of Aces)
franbasualdo10 collected $83 from pot
*** SUMMARY ***
Total pot $84 | Rake $1 
Board [Jc 4c Tc 9h Ah]
Seat 1: bluff on 4th
Seat 3: sutata folded before Flop (didn't bet)
Seat 4: rrrro (button) folded before Flop (didn't bet)
Seat 5: franbasualdo10 (small blind) showed [Ac Qs] and won ($83) with a pair of Aces
Seat 6: Xenicide (big blind) showed [7c 7d] and lost with a pair of Sevens



PokerStars Hand #254461559090:  Hold'em No Limit ($0.50/$1.00 USD) - 2025/01/20 4:21:19 WET [2025/01/19 23:21:19 ET]
Table 'Alrami IV' 6-max Seat #5 is the button
Seat 2: vezis3 ($100 in chips) is sitting out
Seat 1: genti8922 ($27.22 in chips) 
Seat 3: sutata ($122.56 in chips) 
Seat 4: rrrro ($135.71 in chips) 
Seat 5: franbasualdo10 ($83 in chips) 
Seat 6: Xenicide ($100 in chips) 
Xenicide: posts small blind $0.50
genti8922: posts big blind $1
vezis3: sits out 
*** HOLE CARDS ***
sutata: folds 
rrrro: folds 
franbasualdo10: folds 
Xenicide: raises $2.50 to $3.50
genti8922: folds 
Uncalled bet ($2.50) returned to Xenicide
Xenicide collected $2 from pot
*** SUMMARY ***
Total pot $2 | Rake $0 
Seat 2: vezis3
Seat 1: genti8922 (big blind) folded before Flop
Seat 3: sutata folded before Flop (didn't bet)
Seat 4: rrrro folded before Flop (didn't bet)
Seat 5: franbasualdo10 (button) folded before Flop (didn't bet)
Seat 6: Xenicide (small blind) collected ($2)



PokerStars Hand #254461560396:  Hold'em No Limit ($0.50/$1.00 USD) - 2025/01/20 4:21:33 WET [2025/01/19 23:21:33 ET]
Table 'Alrami IV' 6-max Seat #6 is the button
Seat 1: genti8922 ($26.22 in chips) 
Seat 2: vezis3 ($100 in chips) 
Seat 3: sutata ($122.56 in chips) 
Seat 4: rrrro ($135.71 in chips) 
Seat 5: franbasualdo10 ($83 in chips) 
Seat 6: Xenicide ($101 in chips) 
genti8922: posts small blind $0.50
vezis3: posts big blind $1
*** HOLE CARDS ***
sutata: raises $1.50 to $2.50
rrrro: folds 
franbasualdo10: folds 
Xenicide: folds 
genti8922: folds 
vezis3: folds 
Uncalled bet ($1.50) returned to sutata
sutata collected $2.50 from pot
sutata: doesn't show hand 
*** SUMMARY ***
Total pot $2.50 | Rake $0 
Seat 1: genti8922 (small blind) folded before Flop
Seat 2: vezis3 (big blind) folded before Flop
Seat 3: sutata collected ($2.50)
Seat 4: rrrro folded before Flop (didn't bet)
Seat 5: franbasualdo10 folded before Flop (didn't bet)
Seat 6: Xenicide (button) folded before Flop (didn't bet)



PokerStars Hand #254461562313:  Hold'em No Limit ($0.50/$1.00 USD) - 2025/01/20 4:21:53 WET [2025/01/19 23:21:53 ET]
Table 'Alrami IV' 6-max Seat #1 is the button
Seat 1: genti8922 ($25.72 in chips) 
Seat 2: vezis3 ($100 in chips) 
Seat 3: sutata ($124.06 in chips) 
Seat 4: rrrro ($135.71 in chips) 
Seat 5: franbasualdo10 ($83 in chips) 
Seat 6: Xenicide ($101 in chips) 
vezis3: posts small blind $0.50
sutata: posts big blind $1
*** HOLE CARDS ***
rrrro: folds 
franbasualdo10: folds 
Xenicide: raises $1 to $2
franbasualdo10 leaves the table
genti8922: calls $2
vezis3: folds 
sutata: raises $10.30 to $12.30
Xenicide: folds 
genti8922: folds 
Uncalled bet ($10.30) returned to sutata
m0nTTu joins the table at seat #5 
sutata collected $6.50 from pot
sutata: doesn't show hand 
*** SUMMARY ***
Total pot $6.50 | Rake $0 
Seat 1: genti8922 (button) folded before Flop
Seat 2: vezis3 (small blind) folded before Flop
Seat 3: sutata (big blind) collected ($6.50)
Seat 4: rrrro folded before Flop (didn't bet)
Seat 5: franbasualdo10 folded before Flop (didn't bet)
Seat 6: Xenicide folded before Flop



PokerStars Hand #254461564707:  Hold'em No Limit ($0.50/$1.00 USD) - 2025/01/20 4:22:20 WET [2025/01/19 23:22:20 ET]
Table 'Alrami IV' 6-max Seat #2 is the button
Seat 5: m0nTTu ($10.50 in chips) is sitting out
Seat 1: genti8922 ($23.72 in chips) 
Seat 2: vezis3 ($100 in chips) 
Seat 3: sutata ($128.56 in chips) 
Seat 4: rrrro ($135.71 in chips) 
Seat 6: Xenicide ($100 in chips) 
sutata: posts small blind $0.50
rrrro: posts big blind $1
m0nTTu: sits out 
*** HOLE CARDS ***
Xenicide: raises $1 to $2
genti8922: calls $2
vezis3: folds 
sutata: folds 
rrrro: folds 
*** FLOP *** [Qh 6d 6c]
Xenicide: bets $1.62
genti8922: raises $1.62 to $3.24
Xenicide: raises $1.62 to $4.86
genti8922: calls $1.62
*** TURN *** [Qh 6d 6c] [5s]
Xenicide: checks 
genti8922: bets $4
Xenicide: folds 
Uncalled bet ($4) returned to genti8922
genti8922 collected $14.46 from pot
genti8922: shows [Ah 2d] (a pair of Sixes)
*** SUMMARY ***
Total pot $15.22 | Rake $0.76 
Board [Qh 6d 6c 5s]
Seat 5: m0nTTu
Seat 1: genti8922 collected ($14.46)
Seat 2: vezis3 (button) folded before Flop (didn't bet)
Seat 3: sutata (small blind) folded before Flop
Seat 4: rrrro (big blind) folded before Flop
Seat 6: Xenicide folded on the Turn



PokerStars Hand #254461571531:  Hold'em No Limit ($0.50/$1.00 USD) - 2025/01/20 4:23:37 WET [2025/01/19 23:23:37 ET]
Table 'Alrami IV' 6-max Seat #3 is the button
Seat 1: genti8922 ($31.32 in chips) 
Seat 2: vezis3 ($100 in chips) 
Seat 3: sutata ($128.06 in chips) 
Seat 4: rrrro ($134.71 in chips) 
Seat 5: m0nTTu ($10.50 in chips) 
Seat 6: Xenicide ($100 in chips) 
rrrro: posts small blind $0.50
m0nTTu: posts big blind $1
*** HOLE CARDS ***
Xenicide: folds 
genti8922: calls $1
vezis3: raises $3 to $4
sutata: folds 
rrrro: folds 
m0nTTu: folds 
genti8922: folds 
Uncalled bet ($3) returned to vezis3
vezis3 collected $3.50 from pot
vezis3: doesn't show hand 
*** SUMMARY ***
Total pot $3.50 | Rake $0 
Seat 1: genti8922 folded before Flop
Seat 2: vezis3 collected ($3.50)
Seat 3: sutata (button) folded before Flop (didn't bet)
Seat 4: rrrro (small blind) folded before Flop
Seat 5: m0nTTu (big blind) folded before Flop
Seat 6: Xenicide folded before Flop (didn't bet)



PokerStars Hand #254461572963:  Hold'em No Limit ($0.50/$1.00 USD) - 2025/01/20 4:23:52 WET [2025/01/19 23:23:52 ET]
Table 'Alrami IV' 6-max Seat #4 is the button
Seat 1: genti8922 ($30.32 in chips) 
Seat 2: vezis3 ($102.50 in chips) 
Seat 3: sutata ($128.06 in chips) 
Seat 4: rrrro ($134.21 in chips) 
Seat 5: m0nTTu ($10 in chips) 
Seat 6: Xenicide ($100 in chips) 
m0nTTu: posts small blind $0.50
Xenicide: posts big blind $1
*** HOLE CARDS ***
genti8922: calls $1
vezis3: folds 
sutata: folds 
rrrro: folds 
m0nTTu: raises $9 to $10 and is all-in
Xenicide: folds 
genti8922: folds 
Uncalled bet ($9) returned to m0nTTu
m0nTTu collected $3 from pot
m0nTTu: doesn't show hand 
*** SUMMARY ***
Total pot $3 | Rake $0 
Seat 1: genti8922 folded before Flop
Seat 2: vezis3 folded before Flop (didn't bet)
Seat 3: sutata folded before Flop (didn't bet)
Seat 4: rrrro (button) folded before Flop (didn't bet)
Seat 5: m0nTTu (small blind) collected ($3)
Seat 6: Xenicide (big blind) folded before Flop



PokerStars Hand #254461574774:  Hold'em No Limit ($0.50/$1.00 USD) - 2025/01/20 4:24:12 WET [2025/01/19 23:24:12 ET]
Table 'Alrami IV' 6-max Seat #5 is the button
Seat 1: genti8922 ($29.32 in chips) 
Seat 2: vezis3 ($102.50 in chips) 
Seat 3: sutata ($128.06 in chips) 
Seat 4: rrrro ($134.21 in chips) 
Seat 5: m0nTTu ($12 in chips) 
Seat 6: Xenicide ($100 in chips) 
Xenicide: posts small blind $0.50
genti8922: posts big blind $1
*** HOLE CARDS ***
vezis3: folds 
sutata: raises $2 to $3
rrrro: folds 
m0nTTu: folds 
Xenicide: folds 
genti8922: calls $2
*** FLOP *** [2c 2d Js]
genti8922: checks 
sutata: checks 
*** TURN *** [2c 2d Js] [7d]
genti8922: bets $2
sutata: calls $2
*** RIVER *** [2c 2d Js 7d] [8h]
genti8922: checks 
sutata: bets $123.06 and is all-in
genti8922: folds 
Uncalled bet ($123.06) returned to sutata
sutata collected $9.98 from pot
sutata: doesn't show hand 
*** SUMMARY ***
Total pot $10.50 | Rake $0.52 
Board [2c 2d Js 7d 8h]
Seat 1: genti8922 (big blind) folded on the River
Seat 2: vezis3 folded before Flop (didn't bet)
Seat 3: sutata collected ($9.98)
Seat 4: rrrro folded before Flop (didn't bet)
Seat 5: m0nTTu (button) folded before Flop (didn't bet)
Seat 6: Xenicide (small blind) folded before Flop



PokerStars Hand #254461577981:  Hold'em No Limit ($0.50/$1.00 USD) - 2025/01/20 4:24:47 WET [2025/01/19 23:24:47 ET]
Table 'Alrami IV' 6-max Seat #6 is the button
Seat 1: genti8922 ($24.32 in chips) 
Seat 2: vezis3 ($102.50 in chips) 
Seat 3: sutata ($133.04 in chips) 
Seat 4: rrrro ($134.21 in chips) 
Seat 5: m0nTTu ($12 in chips) 
Seat 6: Xenicide ($100 in chips) 
genti8922: posts small blind $0.50
vezis3: posts big blind $1
*** HOLE CARDS ***
sutata: raises $1.50 to $2.50
rrrro: folds 
m0nTTu: folds 
Xenicide: folds 
genti8922: calls $2
vezis3: folds 
*** FLOP *** [9h 5c 7d]
genti8922: checks 
sutata: checks 
*** TURN *** [9h 5c 7d] [Tc]
genti8922: checks 
sutata: checks 
*** RIVER *** [9h 5c 7d Tc] [4c]
genti8922: bets $2
sutata: folds 
Uncalled bet ($2) returned to genti8922
genti8922 collected $5.70 from pot
*** SUMMARY ***
Total pot $6 | Rake $0.30 
Board [9h 5c 7d Tc 4c]
Seat 1: genti8922 (small blind) collected ($5.70)
Seat 2: vezis3 (big blind) folded before Flop
Seat 3: sutata folded on the River
Seat 4: rrrro folded before Flop (didn't bet)
Seat 5: m0nTTu folded before Flop (didn't bet)
Seat 6: Xenicide (button) folded before Flop (didn't bet)



PokerStars Hand #254461581735:  Hold'em No Limit ($0.50/$1.00 USD) - 2025/01/20 4:25:29 WET [2025/01/19 23:25:29 ET]
Table 'Alrami IV' 6-max Seat #1 is the button
Seat 1: genti8922 ($27.52 in chips) 
Seat 2: vezis3 ($101.50 in chips) 
Seat 3: sutata ($130.54 in chips) 
Seat 4: rrrro ($134.21 in chips) 
Seat 5: m0nTTu ($12 in chips) 
Seat 6: Xenicide ($100 in chips) 
vezis3: posts small blind $0.50
sutata: posts big blind $1
*** HOLE CARDS ***
rrrro: folds 
m0nTTu: folds 
Xenicide: raises $1 to $2
genti8922: calls $2
vezis3: folds 
sutata: calls $1
*** FLOP *** [8c 7d 3c]
sutata: checks 
Xenicide: checks 
genti8922: checks 
*** TURN *** [8c 7d 3c] [4s]
sutata: checks 
Xenicide: bets $6.18
genti8922: folds 
sutata: folds 
Uncalled bet ($6.18) returned to Xenicide
Xenicide collected $6.18 from pot
*** SUMMARY ***
Total pot $6.50 | Rake $0.32 
Board [8c 7d 3c 4s]
Seat 1: genti8922 (button) folded on the Turn
Seat 2: vezis3 (small blind) folded before Flop
Seat 3: sutata (big blind) folded on the Turn
Seat 4: rrrro folded before Flop (didn't bet)
Seat 5: m0nTTu folded before Flop (didn't bet)
Seat 6: Xenicide collected ($6.18)



PokerStars Hand #254461586142:  Hold'em No Limit ($0.50/$1.00 USD) - 2025/01/20 4:26:18 WET [2025/01/19 23:26:18 ET]
Table 'Alrami IV' 6-max Seat #2 is the button
Seat 1: genti8922 ($25.52 in chips) 
Seat 2: vezis3 ($101 in chips) 
Seat 3: sutata ($128.54 in chips) 
Seat 4: rrrro ($134.21 in chips) 
Seat 5: m0nTTu ($12 in chips) 
Seat 6: Xenicide ($104.18 in chips) 
sutata: posts small blind $0.50
rrrro: posts big blind $1
*** HOLE CARDS ***
m0nTTu: folds 
Xenicide: folds 
genti8922: calls $1
vezis3: raises $3 to $4
sutata: folds 
rrrro: folds 
genti8922: calls $3
*** FLOP *** [6d Ts Ah]
genti8922: checks 
vezis3: checks 
*** TURN *** [6d Ts Ah] [Qc]
genti8922: checks 
vezis3: bets $6.95
genti8922: folds 
Uncalled bet ($6.95) returned to vezis3
vezis3 collected $9.02 from pot
vezis3: doesn't show hand 
*** SUMMARY ***
Total pot $9.50 | Rake $0.48 
Board [6d Ts Ah Qc]
Seat 1: genti8922 folded on the Turn
Seat 2: vezis3 (button) collected ($9.02)
Seat 3: sutata (small blind) folded before Flop
Seat 4: rrrro (big blind) folded before Flop
Seat 5: m0nTTu folded before Flop (didn't bet)
Seat 6: Xenicide folded before Flop (didn't bet)



PokerStars Hand #254461590184:  Hold'em No Limit ($0.50/$1.00 USD) - 2025/01/20 4:27:03 WET [2025/01/19 23:27:03 ET]
Table 'Alrami IV' 6-max Seat #3 is the button
Seat 1: genti8922 ($21.52 in chips) 
Seat 2: vezis3 ($106.02 in chips) 
Seat 3: sutata ($128.04 in chips) 
Seat 4: rrrro ($133.21 in chips) 
Seat 5: m0nTTu ($12 in chips) 
Seat 6: Xenicide ($104.18 in chips) 
rrrro: posts small blind $0.50
m0nTTu: posts big blind $1
*** HOLE CARDS ***
Xenicide: folds 
genti8922: calls $1
vezis3: folds 
sutata: folds 
rrrro: folds 
m0nTTu: checks 
*** FLOP *** [Js 4d Ts]
m0nTTu: checks 
genti8922: checks 
*** TURN *** [Js 4d Ts] [Td]
m0nTTu: checks 
genti8922: checks 
*** RIVER *** [Js 4d Ts Td] [9d]
m0nTTu: checks 
genti8922: checks 
*** SHOW DOWN ***
m0nTTu: shows [7d 4h] (two pair, Tens and Fours)
genti8922: shows [2d 4c] (two pair, Tens and Fours)
m0nTTu collected $1.19 from pot
genti8922 collected $1.19 from pot
*** SUMMARY ***
Total pot $2.50 | Rake $0.12 
Board [Js 4d Ts Td 9d]
Seat 1: genti8922 showed [2d 4c] and won ($1.19) with two pair, Tens and Fours
Seat 2: vezis3 folded before Flop (didn't bet)
Seat 3: sutata (button) folded before Flop (didn't bet)
Seat 4: rrrro (small blind) folded before Flop
Seat 5: m0nTTu (big blind) showed [7d 4h] and won ($1.19) with two pair, Tens and Fours
Seat 6: Xenicide folded before Flop (didn't bet)



PokerStars Hand #254461593373:  Hold'em No Limit ($0.50/$1.00 USD) - 2025/01/20 4:27:39 WET [2025/01/19 23:27:39 ET]
Table 'Alrami IV' 6-max Seat #4 is the button
Seat 1: genti8922 ($21.71 in chips) 
Seat 2: vezis3 ($106.02 in chips) 
Seat 3: sutata ($128.04 in chips) 
Seat 4: rrrro ($132.71 in chips) 
Seat 5: m0nTTu ($12.19 in chips) 
Seat 6: Xenicide ($104.18 in chips) 
m0nTTu: posts small blind $0.50
Xenicide: posts big blind $1
*** HOLE CARDS ***
genti8922: calls $1
vezis3: raises $4 to $5
sutata: folds 
rrrro: folds 
m0nTTu: folds 
Xenicide: folds 
genti8922: folds 
Uncalled bet ($4) returned to vezis3
vezis3 collected $3.50 from pot
vezis3: doesn't show hand 
*** SUMMARY ***
Total pot $3.50 | Rake $0 
Seat 1: genti8922 folded before Flop
Seat 2: vezis3 collected ($3.50)
Seat 3: sutata folded before Flop (didn't bet)
Seat 4: rrrro (button) folded before Flop (didn't bet)
Seat 5: m0nTTu (small blind) folded before Flop
Seat 6: Xenicide (big blind) folded before Flop



PokerStars Hand #254461595064:  Hold'em No Limit ($0.50/$1.00 USD) - 2025/01/20 4:27:57 WET [2025/01/19 23:27:57 ET]
Table 'Alrami IV' 6-max Seat #5 is the button
Seat 1: genti8922 ($20.71 in chips) 
Seat 2: vezis3 ($108.52 in chips) 
Seat 3: sutata ($128.04 in chips) 
Seat 4: rrrro ($132.71 in chips) 
Seat 5: m0nTTu ($11.69 in chips) 
Seat 6: Xenicide ($103.18 in chips) 
Xenicide: posts small blind $0.50
genti8922: posts big blind $1
*** HOLE CARDS ***
vezis3: folds 
sutata: folds 
rrrro: folds 
m0nTTu: folds 
Xenicide: folds 
Uncalled bet ($0.50) returned to genti8922
genti8922 collected $1 from pot
*** SUMMARY ***
Total pot $1 | Rake $0 
Seat 1: genti8922 (big blind) collected ($1)
Seat 2: vezis3 folded before Flop (didn't bet)
Seat 3: sutata folded before Flop (didn't bet)
Seat 4: rrrro folded before Flop (didn't bet)
Seat 5: m0nTTu (button) folded before Flop (didn't bet)
Seat 6: Xenicide (small blind) folded before Flop



PokerStars Hand #254461596811:  Hold'em No Limit ($0.50/$1.00 USD) - 2025/01/20 4:28:16 WET [2025/01/19 23:28:16 ET]
Table 'Alrami IV' 6-max Seat #6 is the button
Seat 1: genti8922 ($21.21 in chips) 
Seat 2: vezis3 ($108.52 in chips) 
Seat 3: sutata ($128.04 in chips) 
Seat 4: rrrro ($132.71 in chips) 
Seat 5: m0nTTu ($11.69 in chips) 
Seat 6: Xenicide ($102.68 in chips) 
genti8922: posts small blind $0.50
vezis3: posts big blind $1
*** HOLE CARDS ***
sutata: folds 
rrrro: folds 
m0nTTu: folds 
Xenicide: raises $1.25 to $2.25
genti8922: calls $1.75
vezis3: calls $1.25
*** FLOP *** [8d 3c Js]
genti8922: checks 
vezis3: checks 
Xenicide: checks 
*** TURN *** [8d 3c Js] [Ts]
genti8922: bets $2
vezis3: folds 
Xenicide: raises $2 to $4
genti8922: raises $2 to $6
Xenicide: calls $2
*** RIVER *** [8d 3c Js Ts] [2c]
genti8922: checks 
Xenicide: checks 
*** SHOW DOWN ***
genti8922: shows [5d 4s] (high card Jack)
Xenicide: shows [Td Ac] (a pair of Tens)
Xenicide collected $17.81 from pot
*** SUMMARY ***
Total pot $18.75 | Rake $0.94 
Board [8d 3c Js Ts 2c]
Seat 1: genti8922 (small blind) showed [5d 4s] and lost with high card Jack
Seat 2: vezis3 (big blind) folded on the Turn
Seat 3: sutata folded before Flop (didn't bet)
Seat 4: rrrro folded before Flop (didn't bet)
Seat 5: m0nTTu folded before Flop (didn't bet)
Seat 6: Xenicide (button) showed [Td Ac] and won ($17.81) with a pair of Tens



PokerStars Hand #254461602114:  Hold'em No Limit ($0.50/$1.00 USD) - 2025/01/20 4:29:17 WET [2025/01/19 23:29:17 ET]
Table 'Alrami IV' 6-max Seat #1 is the button
Seat 1: genti8922 ($12.96 in chips) 
Seat 2: vezis3 ($106.27 in chips) 
Seat 3: sutata ($128.04 in chips) 
Seat 4: rrrro ($132.71 in chips) 
Seat 5: m0nTTu ($11.69 in chips) 
Seat 6: Xenicide ($112.24 in chips) 
vezis3: posts small blind $0.50
sutata: posts big blind $1
*** HOLE CARDS ***
rrrro: folds 
m0nTTu: raises $10.69 to $11.69 and is all-in
Xenicide: folds 
genti8922: folds 
vezis3: folds 
sutata: folds 
Uncalled bet ($10.69) returned to m0nTTu
m0nTTu collected $2.50 from pot
m0nTTu: doesn't show hand 
*** SUMMARY ***
Total pot $2.50 | Rake $0 
Seat 1: genti8922 (button) folded before Flop (didn't bet)
Seat 2: vezis3 (small blind) folded before Flop
Seat 3: sutata (big blind) folded before Flop
Seat 4: rrrro folded before Flop (didn't bet)
Seat 5: m0nTTu collected ($2.50)
Seat 6: Xenicide folded before Flop (didn't bet)



PokerStars Hand #254461604637:  Hold'em No Limit ($0.50/$1.00 USD) - 2025/01/20 4:29:45 WET [2025/01/19 23:29:45 ET]
Table 'Alrami IV' 6-max Seat #2 is the button
Seat 1: genti8922 ($12.96 in chips) 
Seat 2: vezis3 ($105.77 in chips) 
Seat 3: sutata ($127.04 in chips) 
Seat 4: rrrro ($132.71 in chips) 
Seat 5: m0nTTu ($13.19 in chips) 
Seat 6: Xenicide ($112.24 in chips) 
sutata: posts small blind $0.50
rrrro: posts big blind $1
*** HOLE CARDS ***
m0nTTu: folds 
Xenicide: folds 
genti8922: raises $1 to $2
vezis3: folds 
sutata: folds 
rrrro: calls $1
*** FLOP *** [Tc Kc 2d]
rrrro: checks 
genti8922: bets $3
rrrro: folds 
Uncalled bet ($3) returned to genti8922
genti8922 collected $4.28 from pot
*** SUMMARY ***
Total pot $4.50 | Rake $0.22 
Board [Tc Kc 2d]
Seat 1: genti8922 collected ($4.28)
Seat 2: vezis3 (button) folded before Flop (didn't bet)
Seat 3: sutata (small blind) folded before Flop
Seat 4: rrrro (big blind) folded on the Flop
Seat 5: m0nTTu folded before Flop (didn't bet)
Seat 6: Xenicide folded before Flop (didn't bet)



PokerStars Hand #254461608220:  Hold'em No Limit ($0.50/$1.00 USD) - 2025/01/20 4:30:25 WET [2025/01/19 23:30:25 ET]
Table 'Alrami IV' 6-max Seat #3 is the button
Seat 1: genti8922 ($15.24 in chips) 
Seat 2: vezis3 ($105.77 in chips) 
Seat 3: sutata ($126.54 in chips) 
Seat 4: rrrro ($130.71 in chips) 
Seat 5: m0nTTu ($13.19 in chips) 
Seat 6: Xenicide ($112.24 in chips) 
rrrro: posts small blind $0.50
m0nTTu: posts big blind $1
*** HOLE CARDS ***
Xenicide: folds 
genti8922: calls $1
vezis3: folds 
sutata: folds 
rrrro: folds 
m0nTTu: checks 
*** FLOP *** [5h 3h 6s]
m0nTTu: checks 
genti8922: checks 
*** TURN *** [5h 3h 6s] [Jh]
m0nTTu: checks 
genti8922: checks 
*** RIVER *** [5h 3h 6s Jh] [5c]
m0nTTu: checks 
genti8922: checks 
*** SHOW DOWN ***
m0nTTu: shows [Ks 8c] (a pair of Fives)
genti8922: mucks hand 
m0nTTu collected $2.38 from pot
*** SUMMARY ***
Total pot $2.50 | Rake $0.12 
Board [5h 3h 6s Jh 5c]
Seat 1: genti8922 mucked
Seat 2: vezis3 folded before Flop (didn't bet)
Seat 3: sutata (button) folded before Flop (didn't bet)
Seat 4: rrrro (small blind) folded before Flop
Seat 5: m0nTTu (big blind) showed [Ks 8c] and won ($2.38) with a pair of Fives
Seat 6: Xenicide folded before Flop (didn't bet)



PokerStars Hand #254461610954:  Hold'em No Limit ($0.50/$1.00 USD) - 2025/01/20 4:30:56 WET [2025/01/19 23:30:56 ET]
Table 'Alrami IV' 6-max Seat #4 is the button
Seat 1: genti8922 ($14.24 in chips) 
Seat 2: vezis3 ($105.77 in chips) 
Seat 3: sutata ($126.54 in chips) 
Seat 4: rrrro ($130.21 in chips) 
Seat 5: m0nTTu ($14.57 in chips) 
Seat 6: Xenicide ($112.24 in chips) 
m0nTTu: posts small blind $0.50
Xenicide: posts big blind $1
*** HOLE CARDS ***
genti8922: calls $1
vezis3: folds 
sutata: folds 
rrrro: folds 
m0nTTu: folds 
Xenicide: checks 
*** FLOP *** [As 3h 2s]
Xenicide: checks 
genti8922: checks 
*** TURN *** [As 3h 2s] [7s]
Xenicide: bets $1.31
genti8922: folds 
Uncalled bet ($1.31) returned to Xenicide
Xenicide collected $2.38 from pot
Xenicide: doesn't show hand 
*** SUMMARY ***
Total pot $2.50 | Rake $0.12 
Board [As 3h 2s 7s]
Seat 1: genti8922 folded on the Turn
Seat 2: vezis3 folded before Flop (didn't bet)
Seat 3: sutata folded before Flop (didn't bet)
Seat 4: rrrro (button) folded before Flop (didn't bet)
Seat 5: m0nTTu (small blind) folded before Flop
Seat 6: Xenicide (big blind) collected ($2.38)



PokerStars Hand #254461614700:  Hold'em No Limit ($0.50/$1.00 USD) - 2025/01/20 4:31:39 WET [2025/01/19 23:31:39 ET]
Table 'Alrami IV' 6-max Seat #5 is the button
Seat 1: genti8922 ($13.24 in chips) 
Seat 2: vezis3 ($105.77 in chips) 
Seat 3: sutata ($126.54 in chips) 
Seat 4: rrrro ($130.21 in chips) 
Seat 5: m0nTTu ($14.07 in chips) 
Seat 6: Xenicide ($113.62 in chips) 
Xenicide: posts small blind $0.50
genti8922: posts big blind $1
*** HOLE CARDS ***
vezis3: folds 
sutata: raises $1.50 to $2.50
rrrro: folds 
m0nTTu: folds 
Xenicide: folds 
genti8922: calls $1.50
*** FLOP *** [2s 6s 4c]
genti8922: checks 
sutata: bets $1.74
genti8922: calls $1.74
*** TURN *** [2s 6s 4c] [7d]
genti8922: checks 
sutata: bets $9.44
genti8922: folds 
Uncalled bet ($9.44) returned to sutata
sutata collected $8.53 from pot
sutata: doesn't show hand 
*** SUMMARY ***
Total pot $8.98 | Rake $0.45 
Board [2s 6s 4c 7d]
Seat 1: genti8922 (big blind) folded on the Turn
Seat 2: vezis3 folded before Flop (didn't bet)
Seat 3: sutata collected ($8.53)
Seat 4: rrrro folded before Flop (didn't bet)
Seat 5: m0nTTu (button) folded before Flop (didn't bet)
Seat 6: Xenicide (small blind) folded before Flop



PokerStars Hand #254461619559:  Hold'em No Limit ($0.50/$1.00 USD) - 2025/01/20 4:32:36 WET [2025/01/19 23:32:36 ET]
Table 'Alrami IV' 6-max Seat #6 is the button
Seat 1: genti8922 ($9 in chips) 
Seat 2: vezis3 ($105.77 in chips) 
Seat 3: sutata ($130.83 in chips) 
Seat 4: rrrro ($130.21 in chips) 
Seat 5: m0nTTu ($14.07 in chips) 
Seat 6: Xenicide ($113.12 in chips) 
genti8922: posts small blind $0.50
vezis3: posts big blind $1
*** HOLE CARDS ***
sutata: folds 
rrrro: folds 
m0nTTu: folds 
Xenicide: folds 
genti8922: raises $1 to $2
vezis3: folds 
Uncalled bet ($1) returned to genti8922
genti8922 collected $2 from pot
*** SUMMARY ***
Total pot $2 | Rake $0 
Seat 1: genti8922 (small blind) collected ($2)
Seat 2: vezis3 (big blind) folded before Flop
Seat 3: sutata folded before Flop (didn't bet)
Seat 4: rrrro folded before Flop (didn't bet)
Seat 5: m0nTTu folded before Flop (didn't bet)
Seat 6: Xenicide (button) folded before Flop (didn't bet)



PokerStars Hand #254461621309:  Hold'em No Limit ($0.50/$1.00 USD) - 2025/01/20 4:32:56 WET [2025/01/19 23:32:56 ET]
Table 'Alrami IV' 6-max Seat #1 is the button
Seat 1: genti8922 ($10 in chips) 
Seat 2: vezis3 ($104.77 in chips) 
Seat 3: sutata ($130.83 in chips) 
Seat 4: rrrro ($130.21 in chips) 
Seat 5: m0nTTu ($14.07 in chips) 
Seat 6: Xenicide ($113.12 in chips) 
vezis3: posts small blind $0.50
sutata: posts big blind $1
*** HOLE CARDS ***
rrrro: raises $1 to $2
m0nTTu: folds 
Xenicide: folds 
genti8922: calls $2
vezis3: folds 
sutata: calls $1
*** FLOP *** [Qs 5c Tc]
sutata: checks 
rrrro: checks 
genti8922: checks 
*** TURN *** [Qs 5c Tc] [3h]
sutata: checks 
rrrro: checks 
genti8922: checks 
*** RIVER *** [Qs 5c Tc 3h] [Jc]
sutata: checks 
rrrro: checks 
genti8922: bets $3
sutata: folds 
rrrro: folds 
Uncalled bet ($3) returned to genti8922
genti8922 collected $6.18 from pot
*** SUMMARY ***
Total pot $6.50 | Rake $0.32 
Board [Qs 5c Tc 3h Jc]
Seat 1: genti8922 (button) collected ($6.18)
Seat 2: vezis3 (small blind) folded before Flop
Seat 3: sutata (big blind) folded on the River
Seat 4: rrrro folded on the River
Seat 5: m0nTTu folded before Flop (didn't bet)
Seat 6: Xenicide folded before Flop (didn't bet)



PokerStars Hand #254461629335:  Hold'em No Limit ($0.50/$1.00 USD) - 2025/01/20 4:34:29 WET [2025/01/19 23:34:29 ET]
Table 'Alrami IV' 6-max Seat #2 is the button
Seat 1: genti8922 ($14.18 in chips) 
Seat 2: vezis3 ($104.27 in chips) 
Seat 3: sutata ($128.83 in chips) 
Seat 4: rrrro ($128.21 in chips) 
Seat 5: m0nTTu ($14.07 in chips) 
Seat 6: Xenicide ($113.12 in chips) 
sutata: posts small blind $0.50
rrrro: posts big blind $1
*** HOLE CARDS ***
m0nTTu: folds 
Xenicide: folds 
genti8922: calls $1
vezis3: folds 
sutata: folds 
rrrro: checks 
*** FLOP *** [Js Tc 3d]
rrrro: checks 
genti8922: bets $1
rrrro: folds 
Uncalled bet ($1) returned to genti8922
genti8922 collected $2.38 from pot
*** SUMMARY ***
Total pot $2.50 | Rake $0.12 
Board [Js Tc 3d]
Seat 1: genti8922 collected ($2.38)
Seat 2: vezis3 (button) folded before Flop (didn't bet)
Seat 3: sutata (small blind) folded before Flop
Seat 4: rrrro (big blind) folded on the Flop
Seat 5: m0nTTu folded before Flop (didn't bet)
Seat 6: Xenicide folded before Flop (didn't bet)



PokerStars Hand #254461632198:  Hold'em No Limit ($0.50/$1.00 USD) - 2025/01/20 4:35:02 WET [2025/01/19 23:35:02 ET]
Table 'Alrami IV' 6-max Seat #3 is the button
Seat 1: genti8922 ($15.56 in chips) 
Seat 2: vezis3 ($104.27 in chips) 
Seat 3: sutata ($128.33 in chips) 
Seat 4: rrrro ($127.21 in chips) 
Seat 5: m0nTTu ($14.07 in chips) 
Seat 6: Xenicide ($113.12 in chips) 
rrrro: posts small blind $0.50
m0nTTu: posts big blind $1
*** HOLE CARDS ***
Xenicide: raises $1 to $2
genti8922: folds 
vezis3: folds 
sutata: folds 
rrrro: folds 
m0nTTu: folds 
Uncalled bet ($1) returned to Xenicide
Xenicide collected $2.50 from pot
*** SUMMARY ***
Total pot $2.50 | Rake $0 
Seat 1: genti8922 folded before Flop (didn't bet)
Seat 2: vezis3 folded before Flop (didn't bet)
Seat 3: sutata (button) folded before Flop (didn't bet)
Seat 4: rrrro (small blind) folded before Flop
Seat 5: m0nTTu (big blind) folded before Flop
Seat 6: Xenicide collected ($2.50)



PokerStars Hand #254461634894:  Hold'em No Limit ($0.50/$1.00 USD) - 2025/01/20 4:35:33 WET [2025/01/19 23:35:33 ET]
Table 'Alrami IV' 6-max Seat #4 is the button
Seat 1: genti8922 ($15.56 in chips) 
Seat 2: vezis3 ($104.27 in chips) 
Seat 3: sutata ($128.33 in chips) 
Seat 4: rrrro ($126.71 in chips) 
Seat 5: m0nTTu ($13.07 in chips) 
Seat 6: Xenicide ($114.62 in chips) 
m0nTTu: posts small blind $0.50
Xenicide: posts big blind $1
*** HOLE CARDS ***
genti8922: calls $1
vezis3: folds 
sutata: folds 
rrrro: folds 
m0nTTu: folds 
Xenicide: raises $4.50 to $5.50
genti8922: folds 
Uncalled bet ($4.50) returned to Xenicide
Xenicide collected $2.50 from pot
*** SUMMARY ***
Total pot $2.50 | Rake $0 
Seat 1: genti8922 folded before Flop
Seat 2: vezis3 folded before Flop (didn't bet)
Seat 3: sutata folded before Flop (didn't bet)
Seat 4: rrrro (button) folded before Flop (didn't bet)
Seat 5: m0nTTu (small blind) folded before Flop
Seat 6: Xenicide (big blind) collected ($2.50)



PokerStars Hand #254461638096:  Hold'em No Limit ($0.50/$1.00 USD) - 2025/01/20 4:36:10 WET [2025/01/19 23:36:10 ET]
Table 'Alrami IV' 6-max Seat #5 is the button
Seat 1: genti8922 ($14.56 in chips) 
Seat 2: vezis3 ($104.27 in chips) 
Seat 3: sutata ($128.33 in chips) 
Seat 4: rrrro ($126.71 in chips) 
Seat 5: m0nTTu ($12.57 in chips) 
Seat 6: Xenicide ($116.12 in chips) 
Xenicide: posts small blind $0.50
genti8922: posts big blind $1
*** HOLE CARDS ***
vezis3: folds 
sutata: folds 
rrrro: folds 
m0nTTu: folds 
Xenicide: raises $2.50 to $3.50
genti8922: calls $2.50
*** FLOP *** [Qs Th Tc]
Xenicide: checks 
genti8922: bets $2
Xenicide: calls $2
*** TURN *** [Qs Th Tc] [9h]
Xenicide: checks 
genti8922: bets $9.06 and is all-in
Xenicide: folds 
Uncalled bet ($9.06) returned to genti8922
genti8922 collected $10.45 from pot
*** SUMMARY ***
Total pot $11 | Rake $0.55 
Board [Qs Th Tc 9h]
Seat 1: genti8922 (big blind) collected ($10.45)
Seat 2: vezis3 folded before Flop (didn't bet)
Seat 3: sutata folded before Flop (didn't bet)
Seat 4: rrrro folded before Flop (didn't bet)
Seat 5: m0nTTu (button) folded before Flop (didn't bet)
Seat 6: Xenicide (small blind) folded on the Turn



PokerStars Hand #254461643034:  Hold'em No Limit ($0.50/$1.00 USD) - 2025/01/20 4:37:08 WET [2025/01/19 23:37:08 ET]
Table 'Alrami IV' 6-max Seat #6 is the button
Seat 1: genti8922 ($19.51 in chips) 
Seat 2: vezis3 ($104.27 in chips) 
Seat 3: sutata ($128.33 in chips) 
Seat 4: rrrro ($126.71 in chips) 
Seat 5: m0nTTu ($12.57 in chips) 
Seat 6: Xenicide ($110.62 in chips) 
genti8922: posts small blind $0.50
vezis3: posts big blind $1
*** HOLE CARDS ***
sutata: folds 
rrrro: folds 
m0nTTu: folds 
Xenicide: raises $1.25 to $2.25
genti8922: calls $1.75
vezis3: raises $9.75 to $12
Xenicide: raises $12 to $24
genti8922: folds 
vezis3: folds 
Uncalled bet ($12) returned to Xenicide
Xenicide collected $26.25 from pot
Xenicide: doesn't show hand 
*** SUMMARY ***
Total pot $26.25 | Rake $0 
Seat 1: genti8922 (small blind) folded before Flop
Seat 2: vezis3 (big blind) folded before Flop
Seat 3: sutata folded before Flop (didn't bet)
Seat 4: rrrro folded before Flop (didn't bet)
Seat 5: m0nTTu folded before Flop (didn't bet)
Seat 6: Xenicide (button) collected ($26.25)



PokerStars Hand #254461646723:  Hold'em No Limit ($0.50/$1.00 USD) - 2025/01/20 4:37:50 WET [2025/01/19 23:37:50 ET]
Table 'Alrami IV' 6-max Seat #1 is the button
Seat 1: genti8922 ($17.26 in chips) 
Seat 2: vezis3 ($100 in chips) 
Seat 3: sutata ($128.33 in chips) 
Seat 4: rrrro ($126.71 in chips) 
Seat 5: m0nTTu ($12.57 in chips) 
Seat 6: Xenicide ($124.87 in chips) 
vezis3: posts small blind $0.50
sutata: posts big blind $1
*** HOLE CARDS ***
rrrro: folds 
m0nTTu: folds 
Xenicide: raises $1 to $2
genti8922: calls $2
vezis3: folds 
sutata: folds 
*** FLOP *** [5s As Ac]
Xenicide: checks 
genti8922: bets $3
Xenicide: folds 
Uncalled bet ($3) returned to genti8922
genti8922 collected $5.22 from pot
genti8922: shows [Kc 9s] (a pair of Aces)
*** SUMMARY ***
Total pot $5.50 | Rake $0.28 
Board [5s As Ac]
Seat 1: genti8922 (button) collected ($5.22)
Seat 2: vezis3 (small blind) folded before Flop
Seat 3: sutata (big blind) folded before Flop
Seat 4: rrrro folded before Flop (didn't bet)
Seat 5: m0nTTu folded before Flop (didn't bet)
Seat 6: Xenicide folded on the Flop



PokerStars Hand #254461650556:  Hold'em No Limit ($0.50/$1.00 USD) - 2025/01/20 4:38:34 WET [2025/01/19 23:38:34 ET]
Table 'Alrami IV' 6-max Seat #2 is the button
Seat 1: genti8922 ($20.48 in chips) 
Seat 2: vezis3 ($100 in chips) 
Seat 3: sutata ($127.33 in chips) 
Seat 4: rrrro ($126.71 in chips) 
Seat 5: m0nTTu ($12.57 in chips) 
Seat 6: Xenicide ($122.87 in chips) 
sutata: posts small blind $0.50
rrrro: posts big blind $1
*** HOLE CARDS ***
m0nTTu: folds 
Xenicide: folds 
genti8922: calls $1
vezis3: folds 
sutata: calls $0.50
rrrro: checks 
*** FLOP *** [2c Jh Kh]
sutata: checks 
rrrro: checks 
genti8922: bets $1
sutata: folds 
rrrro: folds 
Uncalled bet ($1) returned to genti8922
genti8922 collected $2.85 from pot
*** SUMMARY ***
Total pot $3 | Rake $0.15 
Board [2c Jh Kh]
Seat 1: genti8922 collected ($2.85)
Seat 2: vezis3 (button) folded before Flop (didn't bet)
Seat 3: sutata (small blind) folded on the Flop
Seat 4: rrrro (big blind) folded on the Flop
Seat 5: m0nTTu folded before Flop (didn't bet)
Seat 6: Xenicide folded before Flop (didn't bet)



PokerStars Hand #254461655476:  Hold'em No Limit ($0.50/$1.00 USD) - 2025/01/20 4:39:31 WET [2025/01/19 23:39:31 ET]
Table 'Alrami IV' 6-max Seat #3 is the button
Seat 1: genti8922 ($22.33 in chips) 
Seat 2: vezis3 ($100 in chips) 
Seat 3: sutata ($126.33 in chips) 
Seat 4: rrrro ($125.71 in chips) 
Seat 5: m0nTTu ($12.57 in chips) 
Seat 6: Xenicide ($122.87 in chips) 
rrrro: posts small blind $0.50
m0nTTu: posts big blind $1
*** HOLE CARDS ***
Xenicide: folds 
genti8922: calls $1
vezis3: folds 
sutata: folds 
rrrro: folds 
m0nTTu: checks 
*** FLOP *** [5s 5h Jh]
m0nTTu: checks 
genti8922: bets $1
m0nTTu: folds 
Uncalled bet ($1) returned to genti8922
genti8922 collected $2.38 from pot
*** SUMMARY ***
Total pot $2.50 | Rake $0.12 
Board [5s 5h Jh]
Seat 1: genti8922 collected ($2.38)
Seat 2: vezis3 folded before Flop (didn't bet)
Seat 3: sutata (button) folded before Flop (didn't bet)
Seat 4: rrrro (small blind) folded before Flop
Seat 5: m0nTTu (big blind) folded on the Flop
Seat 6: Xenicide folded before Flop (didn't bet)



PokerStars Hand #254461658426:  Hold'em No Limit ($0.50/$1.00 USD) - 2025/01/20 4:40:05 WET [2025/01/19 23:40:05 ET]
Table 'Alrami IV' 6-max Seat #4 is the button
Seat 1: genti8922 ($23.71 in chips) 
Seat 2: vezis3 ($100 in chips) 
Seat 3: sutata ($126.33 in chips) 
Seat 4: rrrro ($125.21 in chips) 
Seat 5: m0nTTu ($11.57 in chips) 
Seat 6: Xenicide ($122.87 in chips) 
m0nTTu: posts small blind $0.50
Xenicide: posts big blind $1
*** HOLE CARDS ***
genti8922: calls $1
vezis3: folds 
sutata: folds 
rrrro: folds 
m0nTTu: folds 
Xenicide: raises $121.87 to $122.87 and is all-in
genti8922: folds 
Uncalled bet ($121.87) returned to Xenicide
Xenicide collected $2.50 from pot
*** SUMMARY ***
Total pot $2.50 | Rake $0 
Seat 1: genti8922 folded before Flop
Seat 2: vezis3 folded before Flop (didn't bet)
Seat 3: sutata folded before Flop (didn't bet)
Seat 4: rrrro (button) folded before Flop (didn't bet)
Seat 5: m0nTTu (small blind) folded before Flop
Seat 6: Xenicide (big blind) collected ($2.50)



PokerStars Hand #254461660646:  Hold'em No Limit ($0.50/$1.00 USD) - 2025/01/20 4:40:31 WET [2025/01/19 23:40:31 ET]
Table 'Alrami IV' 6-max Seat #5 is the button
Seat 1: genti8922 ($22.71 in chips) 
Seat 2: vezis3 ($100 in chips) 
Seat 3: sutata ($126.33 in chips) 
Seat 4: rrrro ($125.21 in chips) 
Seat 5: m0nTTu ($11.07 in chips) 
Seat 6: Xenicide ($124.37 in chips) 
Xenicide: posts small blind $0.50
genti8922: posts big blind $1
*** HOLE CARDS ***
vezis3: raises $1 to $2
sutata: folds 
rrrro: folds 
m0nTTu: folds 
Xenicide: folds 
genti8922: calls $1
*** FLOP *** [4s 9s 2s]
genti8922: checks 
vezis3: bets $1.41
genti8922: calls $1.41
*** TURN *** [4s 9s 2s] [5c]
genti8922: checks 
vezis3: checks 
*** RIVER *** [4s 9s 2s 5c] [3s]
genti8922: bets $4
vezis3: calls $4
*** SHOW DOWN ***
genti8922: shows [Th 4h] (a pair of Fours)
vezis3: shows [3c 3d] (three of a kind, Threes)
vezis3 collected $14.55 from pot
*** SUMMARY ***
Total pot $15.32 | Rake $0.77 
Board [4s 9s 2s 5c 3s]
Seat 1: genti8922 (big blind) showed [Th 4h] and lost with a pair of Fours
Seat 2: vezis3 showed [3c 3d] and won ($14.55) with three of a kind, Threes
Seat 3: sutata folded before Flop (didn't bet)
Seat 4: rrrro folded before Flop (didn't bet)
Seat 5: m0nTTu (button) folded before Flop (didn't bet)
Seat 6: Xenicide (small blind) folded before Flop



PokerStars Hand #254461664117:  Hold'em No Limit ($0.50/$1.00 USD) - 2025/01/20 4:41:12 WET [2025/01/19 23:41:12 ET]
Table 'Alrami IV' 6-max Seat #6 is the button
Seat 1: genti8922 ($15.30 in chips) 
Seat 2: vezis3 ($107.14 in chips) 
Seat 3: sutata ($126.33 in chips) 
Seat 4: rrrro ($125.21 in chips) 
Seat 5: m0nTTu ($11.07 in chips) 
Seat 6: Xenicide ($123.87 in chips) 
genti8922: posts small blind $0.50
vezis3: posts big blind $1
*** HOLE CARDS ***
sutata: folds 
rrrro: folds 
m0nTTu: raises $10.07 to $11.07 and is all-in
Xenicide: folds 
genti8922: folds 
vezis3: folds 
Uncalled bet ($10.07) returned to m0nTTu
m0nTTu collected $2.50 from pot
m0nTTu: doesn't show hand 
*** SUMMARY ***
Total pot $2.50 | Rake $0 
Seat 1: genti8922 (small blind) folded before Flop
Seat 2: vezis3 (big blind) folded before Flop
Seat 3: sutata folded before Flop (didn't bet)
Seat 4: rrrro folded before Flop (didn't bet)
Seat 5: m0nTTu collected ($2.50)
Seat 6: Xenicide (button) folded before Flop (didn't bet)



PokerStars Hand #254461666077:  Hold'em No Limit ($0.50/$1.00 USD) - 2025/01/20 4:41:35 WET [2025/01/19 23:41:35 ET]
Table 'Alrami IV' 6-max Seat #1 is the button
Seat 1: genti8922 ($14.80 in chips) 
Seat 2: vezis3 ($106.14 in chips) 
Seat 3: sutata ($126.33 in chips) 
Seat 4: rrrro ($125.21 in chips) 
Seat 5: m0nTTu ($12.57 in chips) 
Seat 6: Xenicide ($123.87 in chips) 
vezis3: posts small blind $0.50
sutata: posts big blind $1
*** HOLE CARDS ***
rrrro: folds 
m0nTTu: folds 
Xenicide: folds 
genti8922: raises $1 to $2
vezis3: raises $10 to $12
sutata: folds 
genti8922: folds 
Uncalled bet ($10) returned to vezis3
vezis3 collected $5 from pot
vezis3: doesn't show hand 
*** SUMMARY ***
Total pot $5 | Rake $0 
Seat 1: genti8922 (button) folded before Flop
Seat 2: vezis3 (small blind) collected ($5)
Seat 3: sutata (big blind) folded before Flop
Seat 4: rrrro folded before Flop (didn't bet)
Seat 5: m0nTTu folded before Flop (didn't bet)
Seat 6: Xenicide folded before Flop (didn't bet)



PokerStars Hand #254461668414:  Hold'em No Limit ($0.50/$1.00 USD) - 2025/01/20 4:42:01 WET [2025/01/19 23:42:01 ET]
Table 'Alrami IV' 6-max Seat #2 is the button
Seat 1: genti8922 ($12.80 in chips) 
Seat 2: vezis3 ($109.14 in chips) 
Seat 3: sutata ($125.33 in chips) 
Seat 4: rrrro ($125.21 in chips) 
Seat 5: m0nTTu ($12.57 in chips) 
Seat 6: Xenicide ($123.87 in chips) 
sutata: posts small blind $0.50
rrrro: posts big blind $1
*** HOLE CARDS ***
m0nTTu: folds 
Xenicide: raises $1 to $2
genti8922: calls $2
vezis3: folds 
sutata: folds 
rrrro: folds 
*** FLOP *** [2c 6h 5c]
Xenicide: checks 
genti8922: checks 
*** TURN *** [2c 6h 5c] [Ts]
Xenicide: checks 
genti8922: checks 
*** RIVER *** [2c 6h 5c Ts] [8h]
Xenicide: checks 
genti8922: checks 
*** SHOW DOWN ***
Xenicide: shows [Ad Qc] (high card Ace)
genti8922: shows [5s 9c] (a pair of Fives)
genti8922 collected $5.22 from pot
*** SUMMARY ***
Total pot $5.50 | Rake $0.28 
Board [2c 6h 5c Ts 8h]
Seat 1: genti8922 showed [5s 9c] and won ($5.22) with a pair of Fives
Seat 2: vezis3 (button) folded before Flop (didn't bet)
Seat 3: sutata (small blind) folded before Flop
Seat 4: rrrro (big blind) folded before Flop
Seat 5: m0nTTu folded before Flop (didn't bet)
Seat 6: Xenicide showed [Ad Qc] and lost with high card Ace



PokerStars Hand #254461674058:  Hold'em No Limit ($0.50/$1.00 USD) - 2025/01/20 4:43:08 WET [2025/01/19 23:43:08 ET]
Table 'Alrami IV' 6-max Seat #3 is the button
Seat 1: genti8922 ($16.02 in chips) 
Seat 2: vezis3 ($109.14 in chips) 
Seat 3: sutata ($124.83 in chips) 
Seat 4: rrrro ($124.21 in chips) 
Seat 5: m0nTTu ($12.57 in chips) 
Seat 6: Xenicide ($121.87 in chips) 
rrrro: posts small blind $0.50
m0nTTu: posts big blind $1
*** HOLE CARDS ***
Xenicide: folds 
genti8922: calls $1
vezis3: folds 
sutata: folds 
rrrro: folds 
m0nTTu: raises $11.57 to $12.57 and is all-in
genti8922: calls $11.57
*** FLOP *** [Ts 5h Jh]
*** TURN *** [Ts 5h Jh] [7s]
*** RIVER *** [Ts 5h Jh 7s] [Ks]
*** SHOW DOWN ***
m0nTTu: shows [6s 6c] (a pair of Sixes)
genti8922: shows [9h 9d] (a pair of Nines)
genti8922 collected $24.36 from pot
*** SUMMARY ***
Total pot $25.64 | Rake $1.28 
Board [Ts 5h Jh 7s Ks]
Seat 1: genti8922 showed [9h 9d] and won ($24.36) with a pair of Nines
Seat 2: vezis3 folded before Flop (didn't bet)
Seat 3: sutata (button) folded before Flop (didn't bet)
Seat 4: rrrro (small blind) folded before Flop
Seat 5: m0nTTu (big blind) showed [6s 6c] and lost with a pair of Sixes
Seat 6: Xenicide folded before Flop (didn't bet)



PokerStars Hand #254461297270:  Hold'em No Limit ($0.50/$1.00 USD) - 2025/01/20 3:43:26 WET [2025/01/19 22:43:26 ET]
Table 'Alrami IV' 6-max Seat #4 is the button
Seat 3: sutata ($100 in chips) is sitting out
Seat 1: Gmspades7 ($107.70 in chips) 
Seat 2: stevoooo34 ($31.62 in chips) 
Seat 4: rrrro ($98 in chips) 
Seat 5: franbasualdo10 ($24.30 in chips) 
Seat 6: Xenicide ($103.22 in chips) 
franbasualdo10: posts small blind $0.50
Xenicide: posts big blind $1
sutata: sits out 
*** HOLE CARDS ***
Gmspades7: raises $1.50 to $2.50
stevoooo34: calls $2.50
rrrro: folds 
franbasualdo10: calls $2
Xenicide: folds 
*** FLOP *** [6d 3c 2s]
franbasualdo10: checks 
Gmspades7: checks 
stevoooo34: checks 
*** TURN *** [6d 3c 2s] [4h]
franbasualdo10: checks 
Gmspades7: checks 
stevoooo34: bets $4.04
franbasualdo10: folds 
Gmspades7: folds 
Uncalled bet ($4.04) returned to stevoooo34
stevoooo34 collected $8.08 from pot
*** SUMMARY ***
Total pot $8.50 | Rake $0.42 
Board [6d 3c 2s 4h]
Seat 3: sutata
Seat 1: Gmspades7 folded on the Turn
Seat 2: stevoooo34 collected ($8.08)
Seat 4: rrrro (button) folded before Flop (didn't bet)
Seat 5: franbasualdo10 (small blind) folded on the Turn
Seat 6: Xenicide (big blind) folded before Flop



PokerStars Hand #254461305256:  Hold'em No Limit ($0.50/$1.00 USD) - 2025/01/20 3:44:23 WET [2025/01/19 22:44:23 ET]
Table 'Alrami IV' 6-max Seat #5 is the button
Seat 3: sutata ($100 in chips) is sitting out
Seat 1: Gmspades7 ($105.20 in chips) 
Seat 2: stevoooo34 ($37.20 in chips) 
Seat 4: rrrro ($98 in chips) 
Seat 5: franbasualdo10 ($21.80 in chips) 
Seat 6: Xenicide ($102.22 in chips) 
Xenicide: posts small blind $0.50
Gmspades7: posts big blind $1
sutata: sits out 
*** HOLE CARDS ***
stevoooo34: folds 
rrrro: folds 
franbasualdo10: folds 
Xenicide: folds 
Uncalled bet ($0.50) returned to Gmspades7
Gmspades7 collected $1 from pot
Gmspades7: doesn't show hand 
*** SUMMARY ***
Total pot $1 | Rake $0 
Seat 3: sutata
Seat 1: Gmspades7 (big blind) collected ($1)
Seat 2: stevoooo34 folded before Flop (didn't bet)
Seat 4: rrrro folded before Flop (didn't bet)
Seat 5: franbasualdo10 (button) folded before Flop (didn't bet)
Seat 6: Xenicide (small blind) folded before Flop



PokerStars Hand #254461308964:  Hold'em No Limit ($0.50/$1.00 USD) - 2025/01/20 3:44:51 WET [2025/01/19 22:44:51 ET]
Table 'Alrami IV' 6-max Seat #6 is the button
Seat 3: sutata ($100 in chips) is sitting out
Seat 1: Gmspades7 ($105.70 in chips) 
Seat 2: stevoooo34 ($37.20 in chips) 
Seat 4: rrrro ($98 in chips) 
Seat 5: franbasualdo10 ($21.80 in chips) 
Seat 6: Xenicide ($101.72 in chips) 
Gmspades7: posts small blind $0.50
stevoooo34: posts big blind $1
sutata: sits out 
*** HOLE CARDS ***
rrrro: folds 
franbasualdo10: raises $2 to $3
Xenicide: folds 
Gmspades7: folds 
stevoooo34: calls $2
*** FLOP *** [Jh 8s 5c]
stevoooo34: checks 
franbasualdo10: bets $2
stevoooo34: calls $2
*** TURN *** [Jh 8s 5c] [Ts]
stevoooo34: checks 
franbasualdo10: bets $4
stevoooo34: calls $4
*** RIVER *** [Jh 8s 5c Ts] [Kh]
stevoooo34: bets $3
franbasualdo10: calls $3
*** SHOW DOWN ***
stevoooo34: shows [9s 6s] (high card King)
franbasualdo10: shows [Kc Ks] (three of a kind, Kings)
franbasualdo10 collected $23.28 from pot
*** SUMMARY ***
Total pot $24.50 | Rake $1.22 
Board [Jh 8s 5c Ts Kh]
Seat 3: sutata
Seat 1: Gmspades7 (small blind) folded before Flop
Seat 2: stevoooo34 (big blind) showed [9s 6s] and lost with high card King
Seat 4: rrrro folded before Flop (didn't bet)
Seat 5: franbasualdo10 showed [Kc Ks] and won ($23.28) with three of a kind, Kings
Seat 6: Xenicide (button) folded before Flop (didn't bet)



PokerStars Hand #254461318857:  Hold'em No Limit ($0.50/$1.00 USD) - 2025/01/20 3:46:04 WET [2025/01/19 22:46:04 ET]
Table 'Alrami IV' 6-max Seat #1 is the button
Seat 1: Gmspades7 ($105.20 in chips) 
Seat 2: stevoooo34 ($25.20 in chips) 
Seat 3: sutata ($100 in chips) 
Seat 4: rrrro ($98 in chips) 
Seat 5: franbasualdo10 ($33.08 in chips) 
Seat 6: Xenicide ($101.72 in chips) 
stevoooo34: posts small blind $0.50
sutata: posts big blind $1
*** HOLE CARDS ***
rrrro: folds 
franbasualdo10: folds 
Xenicide: raises $1 to $2
Gmspades7: folds 
stevoooo34: folds 
sutata: calls $1
*** FLOP *** [9d 2h 4c]
sutata: checks 
Xenicide: checks 
*** TURN *** [9d 2h 4c] [2s]
sutata: checks 
Xenicide: bets $6.42
sutata: folds 
Uncalled bet ($6.42) returned to Xenicide
Xenicide collected $4.28 from pot
*** SUMMARY ***
Total pot $4.50 | Rake $0.22 
Board [9d 2h 4c 2s]
Seat 1: Gmspades7 (button) folded before Flop (didn't bet)
Seat 2: stevoooo34 (small blind) folded before Flop
Seat 3: sutata (big blind) folded on the Turn
Seat 4: rrrro folded before Flop (didn't bet)
Seat 5: franbasualdo10 folded before Flop (didn't bet)
Seat 6: Xenicide collected ($4.28)



PokerStars Hand #254461323162:  Hold'em No Limit ($0.50/$1.00 USD) - 2025/01/20 3:46:37 WET [2025/01/19 22:46:37 ET]
Table 'Alrami IV' 6-max Seat #2 is the button
Seat 1: Gmspades7 ($105.20 in chips) 
Seat 2: stevoooo34 ($24.70 in chips) 
Seat 3: sutata ($100 in chips) 
Seat 4: rrrro ($98 in chips) 
Seat 5: franbasualdo10 ($33.08 in chips) 
Seat 6: Xenicide ($104 in chips) 
sutata: posts small blind $0.50
rrrro: posts big blind $1
*** HOLE CARDS ***
franbasualdo10: raises $1 to $2
Xenicide: folds 
Gmspades7: folds 
stevoooo34: calls $2
sutata: folds 
rrrro: calls $1
*** FLOP *** [4h Jd 9d]
rrrro: checks 
franbasualdo10: bets $1
stevoooo34: calls $1
rrrro: calls $1
*** TURN *** [4h Jd 9d] [7d]
rrrro: checks 
franbasualdo10: checks 
stevoooo34: checks 
*** RIVER *** [4h Jd 9d 7d] [3d]
rrrro: checks 
franbasualdo10: checks 
stevoooo34: checks 
*** SHOW DOWN ***
rrrro: shows [Qd 6d] (a flush, Queen high)
franbasualdo10: mucks hand 
stevoooo34: mucks hand 
rrrro collected $9.02 from pot
*** SUMMARY ***
Total pot $9.50 | Rake $0.48 
Board [4h Jd 9d 7d 3d]
Seat 1: Gmspades7 folded before Flop (didn't bet)
Seat 2: stevoooo34 (button) mucked
Seat 3: sutata (small blind) folded before Flop
Seat 4: rrrro (big blind) showed [Qd 6d] and won ($9.02) with a flush, Queen high
Seat 5: franbasualdo10 mucked
Seat 6: Xenicide folded before Flop (didn't bet)



PokerStars Hand #254461333538:  Hold'em No Limit ($0.50/$1.00 USD) - 2025/01/20 3:47:55 WET [2025/01/19 22:47:55 ET]
Table 'Alrami IV' 6-max Seat #3 is the button
Seat 1: Gmspades7 ($105.20 in chips) 
Seat 2: stevoooo34 ($21.70 in chips) 
Seat 3: sutata ($100 in chips) 
Seat 4: rrrro ($104.02 in chips) 
Seat 5: franbasualdo10 ($30.08 in chips) 
Seat 6: Xenicide ($104 in chips) 
rrrro: posts small blind $0.50
franbasualdo10: posts big blind $1
*** HOLE CARDS ***
Xenicide: raises $1 to $2
Gmspades7: folds 
stevoooo34: folds 
sutata: calls $2
rrrro: folds 
franbasualdo10: folds 
*** FLOP *** [Tc 4h 2s]
Xenicide: checks 
sutata: bets $1.74
Xenicide: folds 
Uncalled bet ($1.74) returned to sutata
sutata collected $5.22 from pot
sutata: doesn't show hand 
*** SUMMARY ***
Total pot $5.50 | Rake $0.28 
Board [Tc 4h 2s]
Seat 1: Gmspades7 folded before Flop (didn't bet)
Seat 2: stevoooo34 folded before Flop (didn't bet)
Seat 3: sutata (button) collected ($5.22)
Seat 4: rrrro (small blind) folded before Flop
Seat 5: franbasualdo10 (big blind) folded before Flop
Seat 6: Xenicide folded on the Flop



PokerStars Hand #254461337284:  Hold'em No Limit ($0.50/$1.00 USD) - 2025/01/20 3:48:23 WET [2025/01/19 22:48:23 ET]
Table 'Alrami IV' 6-max Seat #4 is the button
Seat 1: Gmspades7 ($105.20 in chips) 
Seat 2: stevoooo34 ($21.70 in chips) 
Seat 3: sutata ($103.22 in chips) 
Seat 4: rrrro ($103.52 in chips) 
Seat 5: franbasualdo10 ($29.08 in chips) 
Seat 6: Xenicide ($102 in chips) 
franbasualdo10: posts small blind $0.50
Xenicide: posts big blind $1
*** HOLE CARDS ***
Gmspades7: folds 
stevoooo34: folds 
sutata: folds 
rrrro: folds 
franbasualdo10: folds 
Uncalled bet ($0.50) returned to Xenicide
Xenicide collected $1 from pot
*** SUMMARY ***
Total pot $1 | Rake $0 
Seat 1: Gmspades7 folded before Flop (didn't bet)
Seat 2: stevoooo34 folded before Flop (didn't bet)
Seat 3: sutata folded before Flop (didn't bet)
Seat 4: rrrro (button) folded before Flop (didn't bet)
Seat 5: franbasualdo10 (small blind) folded before Flop
Seat 6: Xenicide (big blind) collected ($1)



PokerStars Hand #254461339354:  Hold'em No Limit ($0.50/$1.00 USD) - 2025/01/20 3:48:39 WET [2025/01/19 22:48:39 ET]
Table 'Alrami IV' 6-max Seat #5 is the button
Seat 1: Gmspades7 ($105.20 in chips) 
Seat 2: stevoooo34 ($21.70 in chips) 
Seat 3: sutata ($103.22 in chips) 
Seat 4: rrrro ($103.52 in chips) 
Seat 5: franbasualdo10 ($28.58 in chips) 
Seat 6: Xenicide ($102.50 in chips) 
Xenicide: posts small blind $0.50
Gmspades7: posts big blind $1
*** HOLE CARDS ***
stevoooo34: folds 
sutata: folds 
rrrro: folds 
franbasualdo10: folds 
Xenicide: folds 
Uncalled bet ($0.50) returned to Gmspades7
Gmspades7 collected $1 from pot
Gmspades7: doesn't show hand 
*** SUMMARY ***
Total pot $1 | Rake $0 
Seat 1: Gmspades7 (big blind) collected ($1)
Seat 2: stevoooo34 folded before Flop (didn't bet)
Seat 3: sutata folded before Flop (didn't bet)
Seat 4: rrrro folded before Flop (didn't bet)
Seat 5: franbasualdo10 (button) folded before Flop (didn't bet)
Seat 6: Xenicide (small blind) folded before Flop



PokerStars Hand #254461341258:  Hold'em No Limit ($0.50/$1.00 USD) - 2025/01/20 3:48:54 WET [2025/01/19 22:48:54 ET]
Table 'Alrami IV' 6-max Seat #6 is the button
Seat 1: Gmspades7 ($105.70 in chips) 
Seat 2: stevoooo34 ($21.70 in chips) 
Seat 3: sutata ($103.22 in chips) 
Seat 4: rrrro ($103.52 in chips) 
Seat 5: franbasualdo10 ($28.58 in chips) 
Seat 6: Xenicide ($102 in chips) 
Gmspades7: posts small blind $0.50
stevoooo34: posts big blind $1
*** HOLE CARDS ***
sutata: folds 
rrrro: folds 
franbasualdo10: raises $1 to $2
Xenicide: folds 
Gmspades7: calls $1.50
stevoooo34: calls $1
*** FLOP *** [Qh Js 4c]
Gmspades7: checks 
stevoooo34: checks 
franbasualdo10: bets $1
Gmspades7: calls $1
stevoooo34: folds 
*** TURN *** [Qh Js 4c] [9s]
Gmspades7: checks 
franbasualdo10: bets $2
Gmspades7: calls $2
*** RIVER *** [Qh Js 4c 9s] [8c]
Gmspades7: bets $6.12
franbasualdo10: folds 
Uncalled bet ($6.12) returned to Gmspades7
Gmspades7 collected $11.40 from pot
Gmspades7: doesn't show hand 
*** SUMMARY ***
Total pot $12 | Rake $0.60 
Board [Qh Js 4c 9s 8c]
Seat 1: Gmspades7 (small blind) collected ($11.40)
Seat 2: stevoooo34 (big blind) folded on the Flop
Seat 3: sutata folded before Flop (didn't bet)
Seat 4: rrrro folded before Flop (didn't bet)
Seat 5: franbasualdo10 folded on the River
Seat 6: Xenicide (button) folded before Flop (didn't bet)



PokerStars Hand #254461348012:  Hold'em No Limit ($0.50/$1.00 USD) - 2025/01/20 3:49:46 WET [2025/01/19 22:49:46 ET]
Table 'Alrami IV' 6-max Seat #1 is the button
Seat 1: Gmspades7 ($112.10 in chips) 
Seat 2: stevoooo34 ($19.70 in chips) 
Seat 3: sutata ($103.22 in chips) 
Seat 4: rrrro ($103.52 in chips) 
Seat 5: franbasualdo10 ($23.58 in chips) 
Seat 6: Xenicide ($102 in chips) 
stevoooo34: posts small blind $0.50
sutata: posts big blind $1
*** HOLE CARDS ***
rrrro: folds 
franbasualdo10: calls $1
Xenicide: raises $3 to $4
Gmspades7: folds 
stevoooo34: calls $3.50
sutata: folds 
franbasualdo10: calls $3
*** FLOP *** [Qs 5h Th]
stevoooo34: checks 
franbasualdo10: bets $2
Xenicide: raises $96 to $98 and is all-in
stevoooo34: folds 
franbasualdo10: folds 
Uncalled bet ($96) returned to Xenicide
Xenicide collected $16.15 from pot
Xenicide: shows [7h]
*** SUMMARY ***
Total pot $17 | Rake $0.85 
Board [Qs 5h Th]
Seat 1: Gmspades7 (button) folded before Flop (didn't bet)
Seat 2: stevoooo34 (small blind) folded on the Flop
Seat 3: sutata (big blind) folded before Flop
Seat 4: rrrro folded before Flop (didn't bet)
Seat 5: franbasualdo10 folded on the Flop
Seat 6: Xenicide collected ($16.15)



PokerStars Hand #254461355219:  Hold'em No Limit ($0.50/$1.00 USD) - 2025/01/20 3:50:42 WET [2025/01/19 22:50:42 ET]
Table 'Alrami IV' 6-max Seat #2 is the button
Seat 1: Gmspades7 ($112.10 in chips) 
Seat 2: stevoooo34 ($15.70 in chips) 
Seat 3: sutata ($102.22 in chips) 
Seat 4: rrrro ($103.52 in chips) 
Seat 5: franbasualdo10 ($17.58 in chips) 
Seat 6: Xenicide ($112.15 in chips) 
sutata: posts small blind $0.50
rrrro: posts big blind $1
*** HOLE CARDS ***
franbasualdo10: calls $1
Xenicide: raises $2.50 to $3.50
Gmspades7: folds 
stevoooo34: folds 
sutata: folds 
rrrro: folds 
franbasualdo10: raises $14.08 to $17.58 and is all-in
Xenicide: folds 
Uncalled bet ($14.08) returned to franbasualdo10
franbasualdo10 collected $8.50 from pot
*** SUMMARY ***
Total pot $8.50 | Rake $0 
Seat 1: Gmspades7 folded before Flop (didn't bet)
Seat 2: stevoooo34 (button) folded before Flop (didn't bet)
Seat 3: sutata (small blind) folded before Flop
Seat 4: rrrro (big blind) folded before Flop
Seat 5: franbasualdo10 collected ($8.50)
Seat 6: Xenicide folded before Flop



PokerStars Hand #254461361840:  Hold'em No Limit ($0.50/$1.00 USD) - 2025/01/20 3:51:33 WET [2025/01/19 22:51:33 ET]
Table 'Alrami IV' 6-max Seat #3 is the button
Seat 1: Gmspades7 ($112.10 in chips) 
Seat 2: stevoooo34 ($15.70 in chips) 
Seat 3: sutata ($101.72 in chips) 
Seat 4: rrrro ($102.52 in chips) 
Seat 5: franbasualdo10 ($22.58 in chips) 
Seat 6: Xenicide ($108.65 in chips) 
rrrro: posts small blind $0.50
franbasualdo10: posts big blind $1
*** HOLE CARDS ***
Xenicide: folds 
Gmspades7 has timed out
Gmspades7: folds 
stevoooo34: calls $1
sutata: folds 
rrrro: folds 
franbasualdo10: checks 
*** FLOP *** [7s Td 3s]
franbasualdo10: checks 
stevoooo34: checks 
*** TURN *** [7s Td 3s] [5s]
franbasualdo10: checks 
stevoooo34: bets $1
franbasualdo10: calls $1
*** RIVER *** [7s Td 3s 5s] [Th]
franbasualdo10: checks 
stevoooo34: checks 
*** SHOW DOWN ***
franbasualdo10: shows [Qs 8h] (a pair of Tens)
stevoooo34: shows [Jh Qh] (a pair of Tens - Queen+Jack kicker)
stevoooo34 collected $4.28 from pot
*** SUMMARY ***
Total pot $4.50 | Rake $0.22 
Board [7s Td 3s 5s Th]
Seat 1: Gmspades7 folded before Flop (didn't bet)
Seat 2: stevoooo34 showed [Jh Qh] and won ($4.28) with a pair of Tens
Seat 3: sutata (button) folded before Flop (didn't bet)
Seat 4: rrrro (small blind) folded before Flop
Seat 5: franbasualdo10 (big blind) showed [Qs 8h] and lost with a pair of Tens
Seat 6: Xenicide folded before Flop (didn't bet)



PokerStars Hand #254461366626:  Hold'em No Limit ($0.50/$1.00 USD) - 2025/01/20 3:52:12 WET [2025/01/19 22:52:12 ET]
Table 'Alrami IV' 6-max Seat #4 is the button
Seat 1: Gmspades7 ($112.10 in chips) 
Seat 2: stevoooo34 ($17.98 in chips) 
Seat 3: sutata ($101.72 in chips) 
Seat 4: rrrro ($102.02 in chips) 
Seat 5: franbasualdo10 ($20.58 in chips) 
Seat 6: Xenicide ($108.65 in chips) 
franbasualdo10: posts small blind $0.50
Xenicide: posts big blind $1
*** HOLE CARDS ***
Gmspades7: folds 
stevoooo34: folds 
sutata: folds 
rrrro: raises $1.50 to $2.50
franbasualdo10: raises $6.50 to $9
Xenicide: folds 
rrrro: folds 
Uncalled bet ($6.50) returned to franbasualdo10
franbasualdo10 collected $6 from pot
*** SUMMARY ***
Total pot $6 | Rake $0 
Seat 1: Gmspades7 folded before Flop (didn't bet)
Seat 2: stevoooo34 folded before Flop (didn't bet)
Seat 3: sutata folded before Flop (didn't bet)
Seat 4: rrrro (button) folded before Flop
Seat 5: franbasualdo10 (small blind) collected ($6)
Seat 6: Xenicide (big blind) folded before Flop



PokerStars Hand #254461371413:  Hold'em No Limit ($0.50/$1.00 USD) - 2025/01/20 3:52:50 WET [2025/01/19 22:52:50 ET]
Table 'Alrami IV' 6-max Seat #5 is the button
Seat 1: Gmspades7 ($112.10 in chips) 
Seat 2: stevoooo34 ($17.98 in chips) 
Seat 3: sutata ($101.72 in chips) 
Seat 4: rrrro ($99.52 in chips) 
Seat 5: franbasualdo10 ($24.08 in chips) 
Seat 6: Xenicide ($107.65 in chips) 
Xenicide: posts small blind $0.50
Gmspades7: posts big blind $1
*** HOLE CARDS ***
stevoooo34: folds 
sutata: folds 
rrrro: folds 
franbasualdo10: folds 
Xenicide: folds 
Uncalled bet ($0.50) returned to Gmspades7
Gmspades7 collected $1 from pot
Gmspades7: doesn't show hand 
*** SUMMARY ***
Total pot $1 | Rake $0 
Seat 1: Gmspades7 (big blind) collected ($1)
Seat 2: stevoooo34 folded before Flop (didn't bet)
Seat 3: sutata folded before Flop (didn't bet)
Seat 4: rrrro folded before Flop (didn't bet)
Seat 5: franbasualdo10 (button) folded before Flop (didn't bet)
Seat 6: Xenicide (small blind) folded before Flop



PokerStars Hand #254461375038:  Hold'em No Limit ($0.50/$1.00 USD) - 2025/01/20 3:53:19 WET [2025/01/19 22:53:19 ET]
Table 'Alrami IV' 6-max Seat #6 is the button
Seat 1: Gmspades7 ($112.60 in chips) 
Seat 2: stevoooo34 ($17.98 in chips) 
Seat 3: sutata ($101.72 in chips) 
Seat 4: rrrro ($99.52 in chips) 
Seat 5: franbasualdo10 ($24.08 in chips) 
Seat 6: Xenicide ($107.15 in chips) 
Gmspades7: posts small blind $0.50
stevoooo34: posts big blind $1
*** HOLE CARDS ***
sutata: folds 
rrrro: folds 
franbasualdo10: folds 
Xenicide: folds 
Gmspades7: raises $1.50 to $2.50
stevoooo34: folds 
Uncalled bet ($1.50) returned to Gmspades7
Gmspades7 collected $2 from pot
Gmspades7: doesn't show hand 
*** SUMMARY ***
Total pot $2 | Rake $0 
Seat 1: Gmspades7 (small blind) collected ($2)
Seat 2: stevoooo34 (big blind) folded before Flop
Seat 3: sutata folded before Flop (didn't bet)
Seat 4: rrrro folded before Flop (didn't bet)
Seat 5: franbasualdo10 folded before Flop (didn't bet)
Seat 6: Xenicide (button) folded before Flop (didn't bet)



PokerStars Hand #254461377113:  Hold'em No Limit ($0.50/$1.00 USD) - 2025/01/20 3:53:36 WET [2025/01/19 22:53:36 ET]
Table 'Alrami IV' 6-max Seat #1 is the button
Seat 1: Gmspades7 ($113.60 in chips) 
Seat 2: stevoooo34 ($16.98 in chips) 
Seat 3: sutata ($101.72 in chips) 
Seat 4: rrrro ($99.52 in chips) 
Seat 5: franbasualdo10 ($24.08 in chips) 
Seat 6: Xenicide ($107.15 in chips) 
stevoooo34: posts small blind $0.50
sutata: posts big blind $1
*** HOLE CARDS ***
rrrro: raises $1 to $2
franbasualdo10: folds 
Xenicide: folds 
Gmspades7: folds 
stevoooo34: folds 
sutata: folds 
Uncalled bet ($1) returned to rrrro
rrrro collected $2.50 from pot
rrrro: doesn't show hand 
*** SUMMARY ***
Total pot $2.50 | Rake $0 
Seat 1: Gmspades7 (button) folded before Flop (didn't bet)
Seat 2: stevoooo34 (small blind) folded before Flop
Seat 3: sutata (big blind) folded before Flop
Seat 4: rrrro collected ($2.50)
Seat 5: franbasualdo10 folded before Flop (didn't bet)
Seat 6: Xenicide folded before Flop (didn't bet)



PokerStars Hand #254461380863:  Hold'em No Limit ($0.50/$1.00 USD) - 2025/01/20 3:54:06 WET [2025/01/19 22:54:06 ET]
Table 'Alrami IV' 6-max Seat #2 is the button
Seat 1: Gmspades7 ($113.60 in chips) 
Seat 2: stevoooo34 ($16.48 in chips) 
Seat 3: sutata ($100.72 in chips) 
Seat 4: rrrro ($101.02 in chips) 
Seat 5: franbasualdo10 ($24.08 in chips) 
Seat 6: Xenicide ($107.15 in chips) 
sutata: posts small blind $0.50
rrrro: posts big blind $1
*** HOLE CARDS ***
franbasualdo10: folds 
Xenicide: raises $1 to $2
Gmspades7: folds 
stevoooo34: folds 
sutata: folds 
rrrro: calls $1
*** FLOP *** [Js 6s Qh]
rrrro: checks 
Xenicide: bets $1.33
rrrro: calls $1.33
*** TURN *** [Js 6s Qh] [4d]
rrrro: checks 
Xenicide: bets $10.20
rrrro: folds 
Uncalled bet ($10.20) returned to Xenicide
Xenicide collected $6.80 from pot
*** SUMMARY ***
Total pot $7.16 | Rake $0.36 
Board [Js 6s Qh 4d]
Seat 1: Gmspades7 folded before Flop (didn't bet)
Seat 2: stevoooo34 (button) folded before Flop (didn't bet)
Seat 3: sutata (small blind) folded before Flop
Seat 4: rrrro (big blind) folded on the Turn
Seat 5: franbasualdo10 folded before Flop (didn't bet)
Seat 6: Xenicide collected ($6.80)



PokerStars Hand #254461391914:  Hold'em No Limit ($0.50/$1.00 USD) - 2025/01/20 3:55:42 WET [2025/01/19 22:55:42 ET]
Table 'Alrami IV' 6-max Seat #3 is the button
Seat 1: Gmspades7 ($113.60 in chips) 
Seat 2: stevoooo34 ($16.48 in chips) 
Seat 3: sutata ($100.22 in chips) 
Seat 4: rrrro ($97.69 in chips) 
Seat 5: franbasualdo10 ($24.08 in chips) 
Seat 6: Xenicide ($110.62 in chips) 
rrrro: posts small blind $0.50
franbasualdo10: posts big blind $1
*** HOLE CARDS ***
Xenicide: folds 
Gmspades7: folds 
stevoooo34: calls $1
sutata: folds 
rrrro: calls $0.50
franbasualdo10: checks 
*** FLOP *** [Kd 4s Jc]
rrrro: checks 
franbasualdo10: checks 
stevoooo34: checks 
*** TURN *** [Kd 4s Jc] [8h]
rrrro: checks 
franbasualdo10: checks 
stevoooo34: bets $2.85
rrrro: folds 
franbasualdo10: folds 
Uncalled bet ($2.85) returned to stevoooo34
stevoooo34 collected $2.85 from pot
*** SUMMARY ***
Total pot $3 | Rake $0.15 
Board [Kd 4s Jc 8h]
Seat 1: Gmspades7 folded before Flop (didn't bet)
Seat 2: stevoooo34 collected ($2.85)
Seat 3: sutata (button) folded before Flop (didn't bet)
Seat 4: rrrro (small blind) folded on the Turn
Seat 5: franbasualdo10 (big blind) folded on the Turn
Seat 6: Xenicide folded before Flop (didn't bet)



PokerStars Hand #254461396338:  Hold'em No Limit ($0.50/$1.00 USD) - 2025/01/20 3:56:23 WET [2025/01/19 22:56:23 ET]
Table 'Alrami IV' 6-max Seat #4 is the button
Seat 1: Gmspades7 ($113.60 in chips) 
Seat 2: stevoooo34 ($18.33 in chips) 
Seat 3: sutata ($100.22 in chips) 
Seat 4: rrrro ($96.69 in chips) 
Seat 5: franbasualdo10 ($23.08 in chips) 
Seat 6: Xenicide ($110.62 in chips) 
franbasualdo10: posts small blind $0.50
Xenicide: posts big blind $1
*** HOLE CARDS ***
Gmspades7: raises $1.50 to $2.50
stevoooo34: folds 
sutata: folds 
rrrro: calls $2.50
franbasualdo10: calls $2
Xenicide: calls $1.50
*** FLOP *** [Qh 4c 5d]
franbasualdo10: checks 
Xenicide: checks 
Gmspades7: checks 
rrrro: checks 
*** TURN *** [Qh 4c 5d] [8d]
franbasualdo10: checks 
Xenicide: bets $7.13
Gmspades7: calls $7.13
rrrro: calls $7.13
franbasualdo10: folds 
*** RIVER *** [Qh 4c 5d 8d] [2d]
Xenicide: checks 
Gmspades7: checks 
rrrro: checks 
*** SHOW DOWN ***
Xenicide: shows [Qs 9s] (a pair of Queens)
Gmspades7: shows [Kh Ks] (a pair of Kings)
rrrro: shows [8s 8h] (three of a kind, Eights)
rrrro collected $29.82 from pot
*** SUMMARY ***
Total pot $31.39 | Rake $1.57 
Board [Qh 4c 5d 8d 2d]
Seat 1: Gmspades7 showed [Kh Ks] and lost with a pair of Kings
Seat 2: stevoooo34 folded before Flop (didn't bet)
Seat 3: sutata folded before Flop (didn't bet)
Seat 4: rrrro (button) showed [8s 8h] and won ($29.82) with three of a kind, Eights
Seat 5: franbasualdo10 (small blind) folded on the Turn
Seat 6: Xenicide (big blind) showed [Qs 9s] and lost with a pair of Queens



PokerStars Hand #254461438817:  Hold'em No Limit ($0.50/$1.00 USD) - 2025/01/20 4:02:54 WET [2025/01/19 23:02:54 ET]
Table 'Alrami IV' 6-max Seat #4 is the button
Seat 1: Gmspades7 ($100 in chips) 
Seat 2: stevoooo34 ($23.58 in chips) 
Seat 3: sutata ($100 in chips) 
Seat 4: rrrro ($115.38 in chips) 
Seat 5: franbasualdo10 ($29.17 in chips) 
Seat 6: Xenicide ($106.32 in chips) 
franbasualdo10: posts small blind $0.50
Xenicide: posts big blind $1
*** HOLE CARDS ***
Gmspades7: raises $1.50 to $2.50
stevoooo34: folds 
sutata: folds 
rrrro: folds 
franbasualdo10: folds 
Xenicide: folds 
Uncalled bet ($1.50) returned to Gmspades7
Gmspades7 collected $2.50 from pot
Gmspades7: doesn't show hand 
*** SUMMARY ***
Total pot $2.50 | Rake $0 
Seat 1: Gmspades7 collected ($2.50)
Seat 2: stevoooo34 folded before Flop (didn't bet)
Seat 3: sutata folded before Flop (didn't bet)
Seat 4: rrrro (button) folded before Flop (didn't bet)
Seat 5: franbasualdo10 (small blind) folded before Flop
Seat 6: Xenicide (big blind) folded before Flop



PokerStars Hand #254461442922:  Hold'em No Limit ($0.50/$1.00 USD) - 2025/01/20 4:03:28 WET [2025/01/19 23:03:28 ET]
Table 'Alrami IV' 6-max Seat #5 is the button
Seat 1: Gmspades7 ($101.50 in chips) 
Seat 2: stevoooo34 ($23.58 in chips) 
Seat 3: sutata ($100 in chips) 
Seat 4: rrrro ($115.38 in chips) 
Seat 5: franbasualdo10 ($28.67 in chips) 
Seat 6: Xenicide ($105.32 in chips) 
Xenicide: posts small blind $0.50
Gmspades7: posts big blind $1
*** HOLE CARDS ***
stevoooo34: folds 
sutata: raises $1.50 to $2.50
rrrro: folds 
franbasualdo10: folds 
Xenicide: folds 
Gmspades7: folds 
Uncalled bet ($1.50) returned to sutata
sutata collected $2.50 from pot
sutata: doesn't show hand 
*** SUMMARY ***
Total pot $2.50 | Rake $0 
Seat 1: Gmspades7 (big blind) folded before Flop
Seat 2: stevoooo34 folded before Flop (didn't bet)
Seat 3: sutata collected ($2.50)
Seat 4: rrrro folded before Flop (didn't bet)
Seat 5: franbasualdo10 (button) folded before Flop (didn't bet)
Seat 6: Xenicide (small blind) folded before Flop



