PokerStars Hand #254472706793:  Hold'em No Limit ($0.50/$1.00 USD) - 2025/01/20 20:00:51 WET [2025/01/20 15:00:51 ET]
Table 'Rosalia IV' 6-max Seat #2 is the button
Seat 5: rRocky1282 ($0 in chips) is sitting out
Seat 1: TinTin4994 ($51 in chips) 
Seat 2: franco232315 ($100 in chips) 
Seat 3: Gfoer ($104.01 in chips) 
Seat 6: DL1B ($100 in chips) 
Gfoer: posts small blind $0.50
DL1B: posts big blind $1
*** HOLE CARDS ***
TinTin4994: calls $1
franco232315: folds 
gudrozd joins the table at seat #4 
Gfoer: folds 
DL1B: raises $3.50 to $4.50
TinTin4994: folds 
Uncalled bet ($3.50) returned to DL1B
DL1B collected $2.50 from pot
DL1B: doesn't show hand 
*** SUMMARY ***
Total pot $2.50 | Rake $0 
Seat 5: rRocky1282
Seat 1: TinTin4994 folded before Flop
Seat 2: franco232315 (button) folded before Flop (didn't bet)
Seat 3: Gfoer (small blind) folded before Flop
Seat 6: DL1B (big blind) collected ($2.50)



PokerStars Hand #254472713648:  Hold'em No Limit ($0.50/$1.00 USD) - 2025/01/20 20:01:16 WET [2025/01/20 15:01:16 ET]
Table 'Rosalia IV' 6-max Seat #3 is the button
Seat 4: gudrozd ($100 in chips) is sitting out
Seat 5: rRocky1282 ($0 in chips) is sitting out
Seat 1: TinTin4994 ($50 in chips) 
Seat 2: franco232315 ($100 in chips) 
Seat 3: Gfoer ($103.51 in chips) 
Seat 6: DL1B ($101.50 in chips) 
DL1B: posts small blind $0.50
TinTin4994: posts big blind $1
*** HOLE CARDS ***
franco232315: raises $1.50 to $2.50
Gfoer: folds 
DL1B: folds 
TinTin4994: calls $1.50
*** FLOP *** [3d 9h Ac]
rRocky1282 leaves the table
TinTin4994: checks 
franco232315: bets $1.72
YeeesMan joins the table at seat #5 
TinTin4994: calls $1.72
*** TURN *** [3d 9h Ac] [7h]
TinTin4994: checks 
franco232315: bets $5.60
TinTin4994: calls $5.60
*** RIVER *** [3d 9h Ac 7h] [6c]
TinTin4994: checks 
franco232315: checks 
*** SHOW DOWN ***
TinTin4994: shows [4d 3c] (a pair of Threes)
franco232315: shows [5h 6h] (a pair of Sixes)
franco232315 collected $19.14 from pot
*** SUMMARY ***
Total pot $20.14 | Rake $1 
Board [3d 9h Ac 7h 6c]
Seat 4: gudrozd
Seat 5: rRocky1282
Seat 1: TinTin4994 (big blind) showed [4d 3c] and lost with a pair of Threes
Seat 2: franco232315 showed [5h 6h] and won ($19.14) with a pair of Sixes
Seat 3: Gfoer (button) folded before Flop (didn't bet)
Seat 6: DL1B (small blind) folded before Flop



PokerStars Hand #254472729531:  Hold'em No Limit ($0.50/$1.00 USD) - 2025/01/20 20:02:10 WET [2025/01/20 15:02:10 ET]
Table 'Rosalia IV' 6-max Seat #6 is the button
Seat 4: gudrozd ($100 in chips) is sitting out
Seat 5: YeeesMan ($100 in chips) is sitting out
Seat 1: TinTin4994 ($40.18 in chips) 
Seat 2: franco232315 ($109.32 in chips) 
Seat 3: Gfoer ($103.51 in chips) 
Seat 6: DL1B ($101 in chips) 
TinTin4994: posts small blind $0.50
franco232315: posts big blind $1
gudrozd: sits out 
YeeesMan: sits out 
*** HOLE CARDS ***
Gfoer: folds 
DL1B: folds 
TinTin4994: calls $0.50
franco232315: checks 
*** FLOP *** [5h Kd 5s]
TinTin4994: bets $1.90
franco232315: folds 
Uncalled bet ($1.90) returned to TinTin4994
TinTin4994 collected $1.90 from pot
*** SUMMARY ***
Total pot $2 | Rake $0.10 
Board [5h Kd 5s]
Seat 4: gudrozd
Seat 5: YeeesMan
Seat 1: TinTin4994 (small blind) collected ($1.90)
Seat 2: franco232315 (big blind) folded on the Flop
Seat 3: Gfoer folded before Flop (didn't bet)
Seat 6: DL1B (button) folded before Flop (didn't bet)



PokerStars Hand #254472738710:  Hold'em No Limit ($0.50/$1.00 USD) - 2025/01/20 20:02:38 WET [2025/01/20 15:02:38 ET]
Table 'Rosalia IV' 6-max Seat #1 is the button
Seat 4: gudrozd ($100 in chips) is sitting out
Seat 5: YeeesMan ($100 in chips) is sitting out
Seat 1: TinTin4994 ($41.08 in chips) 
Seat 2: franco232315 ($108.32 in chips) 
Seat 3: Gfoer ($103.51 in chips) 
Seat 6: DL1B ($101 in chips) 
franco232315: posts small blind $0.50
Gfoer: posts big blind $1
gudrozd: sits out 
YeeesMan: sits out 
*** HOLE CARDS ***
DL1B: raises $1.50 to $2.50
TinTin4994: folds 
franco232315: folds 
Gfoer: folds 
Uncalled bet ($1.50) returned to DL1B
DL1B collected $2.50 from pot
DL1B: doesn't show hand 
*** SUMMARY ***
Total pot $2.50 | Rake $0 
Seat 4: gudrozd
Seat 5: YeeesMan
Seat 1: TinTin4994 (button) folded before Flop (didn't bet)
Seat 2: franco232315 (small blind) folded before Flop
Seat 3: Gfoer (big blind) folded before Flop
Seat 6: DL1B collected ($2.50)



PokerStars Hand #254472745015:  Hold'em No Limit ($0.50/$1.00 USD) - 2025/01/20 20:02:58 WET [2025/01/20 15:02:58 ET]
Table 'Rosalia IV' 6-max Seat #2 is the button
Seat 5: YeeesMan ($100 in chips) is sitting out
Seat 1: TinTin4994 ($41.08 in chips) 
Seat 2: franco232315 ($107.82 in chips) 
Seat 3: Gfoer ($102.51 in chips) 
Seat 4: gudrozd ($100 in chips) 
Seat 6: DL1B ($102.50 in chips) 
Gfoer: posts small blind $0.50
gudrozd: posts big blind $1
YeeesMan: sits out 
*** HOLE CARDS ***
DL1B: raises $1 to $2
TinTin4994: folds 
franco232315: folds 
Gfoer: folds 
gudrozd: folds 
Uncalled bet ($1) returned to DL1B
DL1B collected $2.50 from pot
DL1B: doesn't show hand 
*** SUMMARY ***
Total pot $2.50 | Rake $0 
Seat 5: YeeesMan
Seat 1: TinTin4994 folded before Flop (didn't bet)
Seat 2: franco232315 (button) folded before Flop (didn't bet)
Seat 3: Gfoer (small blind) folded before Flop
Seat 4: gudrozd (big blind) folded before Flop
Seat 6: DL1B collected ($2.50)



PokerStars Hand #254472748712:  Hold'em No Limit ($0.50/$1.00 USD) - 2025/01/20 20:03:10 WET [2025/01/20 15:03:10 ET]
Table 'Rosalia IV' 6-max Seat #3 is the button
Seat 1: TinTin4994 ($41.08 in chips) 
Seat 2: franco232315 ($107.82 in chips) 
Seat 3: Gfoer ($102.01 in chips) 
Seat 4: gudrozd ($100 in chips) 
Seat 5: YeeesMan ($100 in chips) 
Seat 6: DL1B ($104 in chips) 
gudrozd: posts small blind $0.50
YeeesMan: posts big blind $1
*** HOLE CARDS ***
DL1B: folds 
TinTin4994: folds 
franco232315: folds 
Gfoer: raises $1 to $2
gudrozd: folds 
YeeesMan: raises $10 to $12
Gfoer: folds 
Uncalled bet ($10) returned to YeeesMan
YeeesMan collected $4.50 from pot
YeeesMan: doesn't show hand 
*** SUMMARY ***
Total pot $4.50 | Rake $0 
Seat 1: TinTin4994 folded before Flop (didn't bet)
Seat 2: franco232315 folded before Flop (didn't bet)
Seat 3: Gfoer (button) folded before Flop
Seat 4: gudrozd (small blind) folded before Flop
Seat 5: YeeesMan (big blind) collected ($4.50)
Seat 6: DL1B folded before Flop (didn't bet)



PokerStars Hand #254472759287:  Hold'em No Limit ($0.50/$1.00 USD) - 2025/01/20 20:03:43 WET [2025/01/20 15:03:43 ET]
Table 'Rosalia IV' 6-max Seat #4 is the button
Seat 1: TinTin4994 ($41.08 in chips) 
Seat 2: franco232315 ($107.82 in chips) 
Seat 3: Gfoer ($100.01 in chips) 
Seat 4: gudrozd ($100 in chips) 
Seat 5: YeeesMan ($102.50 in chips) 
Seat 6: DL1B ($104 in chips) 
YeeesMan: posts small blind $0.50
DL1B: posts big blind $1
*** HOLE CARDS ***
TinTin4994: calls $1
franco232315: folds 
Gfoer: raises $3.50 to $4.50
gudrozd: raises $9.50 to $14
YeeesMan: folds 
DL1B: folds 
TinTin4994: folds 
Gfoer: raises $14 to $28
gudrozd: raises $72 to $100 and is all-in
Gfoer: calls $72
*** FIRST FLOP *** [Ac 6d Qh]
*** FIRST TURN *** [Ac 6d Qh] [7d]
*** FIRST RIVER *** [Ac 6d Qh 7d] [4s]
*** SECOND FLOP *** [9h 5s 9d]
*** SECOND TURN *** [9h 5s 9d] [5h]
*** SECOND RIVER *** [9h 5s 9d 5h] [3h]
*** FIRST SHOW DOWN ***
Gfoer: shows [Ah As] (three of a kind, Aces)
gudrozd: shows [Kc Kh] (a pair of Kings)
Gfoer collected $100 from pot
*** SECOND SHOW DOWN ***
Gfoer: shows [Ah As] (two pair, Aces and Nines)
gudrozd: shows [Kc Kh] (two pair, Kings and Nines)
Gfoer collected $100 from pot
*** SUMMARY ***
Total pot $202.50 | Rake $2.50 
Hand was run twice
FIRST Board [Ac 6d Qh 7d 4s]
SECOND Board [9h 5s 9d 5h 3h]
Seat 1: TinTin4994 folded before Flop
Seat 2: franco232315 folded before Flop (didn't bet)
Seat 3: Gfoer showed [Ah As] and won ($100) with three of a kind, Aces, and won ($100) with two pair, Aces and Nines
Seat 4: gudrozd (button) showed [Kc Kh] and lost with a pair of Kings, and lost with two pair, Kings and Nines
Seat 5: YeeesMan (small blind) folded before Flop
Seat 6: DL1B (big blind) folded before Flop



PokerStars Hand #254472781881:  Hold'em No Limit ($0.50/$1.00 USD) - 2025/01/20 20:04:53 WET [2025/01/20 15:04:53 ET]
Table 'Rosalia IV' 6-max Seat #5 is the button
Seat 1: TinTin4994 ($40.08 in chips) 
Seat 2: franco232315 ($107.82 in chips) 
Seat 3: Gfoer ($200.01 in chips) 
Seat 4: gudrozd ($100 in chips) 
Seat 5: YeeesMan ($102 in chips) 
Seat 6: DL1B ($103 in chips) 
DL1B: posts small blind $0.50
TinTin4994: posts big blind $1
*** HOLE CARDS ***
franco232315: folds 
Gfoer: folds 
gudrozd: folds 
YeeesMan: folds 
DL1B: folds 
Uncalled bet ($0.50) returned to TinTin4994
TinTin4994 collected $1 from pot
*** SUMMARY ***
Total pot $1 | Rake $0 
Seat 1: TinTin4994 (big blind) collected ($1)
Seat 2: franco232315 folded before Flop (didn't bet)
Seat 3: Gfoer folded before Flop (didn't bet)
Seat 4: gudrozd folded before Flop (didn't bet)
Seat 5: YeeesMan (button) folded before Flop (didn't bet)
Seat 6: DL1B (small blind) folded before Flop



PokerStars Hand #254472788078:  Hold'em No Limit ($0.50/$1.00 USD) - 2025/01/20 20:05:11 WET [2025/01/20 15:05:11 ET]
Table 'Rosalia IV' 6-max Seat #6 is the button
Seat 1: TinTin4994 ($40.58 in chips) 
Seat 2: franco232315 ($107.82 in chips) 
Seat 3: Gfoer ($200.01 in chips) 
Seat 4: gudrozd ($100 in chips) 
Seat 5: YeeesMan ($102 in chips) 
Seat 6: DL1B ($102.50 in chips) 
TinTin4994: posts small blind $0.50
franco232315: posts big blind $1
*** HOLE CARDS ***
Gfoer: folds 
gudrozd: raises $1.50 to $2.50
YeeesMan: folds 
DL1B: folds 
TinTin4994: calls $2
franco232315: calls $1.50
*** FLOP *** [6d 9h Ah]
TinTin4994: checks 
franco232315: checks 
gudrozd: checks 
*** TURN *** [6d 9h Ah] [Js]
TinTin4994: checks 
franco232315: bets $5.34
gudrozd: folds 
TinTin4994: folds 
Uncalled bet ($5.34) returned to franco232315
franco232315 collected $7.12 from pot
franco232315: doesn't show hand 
*** SUMMARY ***
Total pot $7.50 | Rake $0.38 
Board [6d 9h Ah Js]
Seat 1: TinTin4994 (small blind) folded on the Turn
Seat 2: franco232315 (big blind) collected ($7.12)
Seat 3: Gfoer folded before Flop (didn't bet)
Seat 4: gudrozd folded on the Turn
Seat 5: YeeesMan folded before Flop (didn't bet)
Seat 6: DL1B (button) folded before Flop (didn't bet)



PokerStars Hand #254472801228:  Hold'em No Limit ($0.50/$1.00 USD) - 2025/01/20 20:05:51 WET [2025/01/20 15:05:51 ET]
Table 'Rosalia IV' 6-max Seat #1 is the button
Seat 1: TinTin4994 ($38.08 in chips) 
Seat 2: franco232315 ($112.44 in chips) 
Seat 3: Gfoer ($200.01 in chips) 
Seat 4: gudrozd ($100 in chips) 
Seat 5: YeeesMan ($102 in chips) 
Seat 6: DL1B ($102.50 in chips) 
franco232315: posts small blind $0.50
Gfoer: posts big blind $1
*** HOLE CARDS ***
gudrozd: folds 
YeeesMan: raises $1.50 to $2.50
DL1B: folds 
TinTin4994: folds 
franco232315: folds 
Gfoer: folds 
Uncalled bet ($1.50) returned to YeeesMan
YeeesMan collected $2.50 from pot
YeeesMan: doesn't show hand 
*** SUMMARY ***
Total pot $2.50 | Rake $0 
Seat 1: TinTin4994 (button) folded before Flop (didn't bet)
Seat 2: franco232315 (small blind) folded before Flop
Seat 3: Gfoer (big blind) folded before Flop
Seat 4: gudrozd folded before Flop (didn't bet)
Seat 5: YeeesMan collected ($2.50)
Seat 6: DL1B folded before Flop (didn't bet)



PokerStars Hand #254472807489:  Hold'em No Limit ($0.50/$1.00 USD) - 2025/01/20 20:06:09 WET [2025/01/20 15:06:09 ET]
Table 'Rosalia IV' 6-max Seat #2 is the button
Seat 1: TinTin4994 ($38.08 in chips) 
Seat 2: franco232315 ($111.94 in chips) 
Seat 3: Gfoer ($199.01 in chips) 
Seat 4: gudrozd ($100 in chips) 
Seat 5: YeeesMan ($103.50 in chips) 
Seat 6: DL1B ($102.50 in chips) 
Gfoer: posts small blind $0.50
gudrozd: posts big blind $1
*** HOLE CARDS ***
YeeesMan: folds 
DL1B: folds 
TinTin4994: folds 
franco232315: folds 
Gfoer: folds 
Uncalled bet ($0.50) returned to gudrozd
gudrozd collected $1 from pot
gudrozd: doesn't show hand 
*** SUMMARY ***
Total pot $1 | Rake $0 
Seat 1: TinTin4994 folded before Flop (didn't bet)
Seat 2: franco232315 (button) folded before Flop (didn't bet)
Seat 3: Gfoer (small blind) folded before Flop
Seat 4: gudrozd (big blind) collected ($1)
Seat 5: YeeesMan folded before Flop (didn't bet)
Seat 6: DL1B folded before Flop (didn't bet)



PokerStars Hand #254472810986:  Hold'em No Limit ($0.50/$1.00 USD) - 2025/01/20 20:06:20 WET [2025/01/20 15:06:20 ET]
Table 'Rosalia IV' 6-max Seat #3 is the button
Seat 1: TinTin4994 ($38.08 in chips) 
Seat 2: franco232315 ($111.94 in chips) 
Seat 3: Gfoer ($198.51 in chips) 
Seat 4: gudrozd ($100.50 in chips) 
Seat 5: YeeesMan ($103.50 in chips) 
Seat 6: DL1B ($102.50 in chips) 
gudrozd: posts small blind $0.50
YeeesMan: posts big blind $1
*** HOLE CARDS ***
DL1B: folds 
TinTin4994: folds 
franco232315: folds 
Gfoer: raises $1 to $2
gudrozd: folds 
YeeesMan: folds 
Uncalled bet ($1) returned to Gfoer
Gfoer collected $2.50 from pot
Gfoer: doesn't show hand 
*** SUMMARY ***
Total pot $2.50 | Rake $0 
Seat 1: TinTin4994 folded before Flop (didn't bet)
Seat 2: franco232315 folded before Flop (didn't bet)
Seat 3: Gfoer (button) collected ($2.50)
Seat 4: gudrozd (small blind) folded before Flop
Seat 5: YeeesMan (big blind) folded before Flop
Seat 6: DL1B folded before Flop (didn't bet)



PokerStars Hand #254472819159:  Hold'em No Limit ($0.50/$1.00 USD) - 2025/01/20 20:06:45 WET [2025/01/20 15:06:45 ET]
Table 'Rosalia IV' 6-max Seat #4 is the button
Seat 1: TinTin4994 ($38.08 in chips) 
Seat 2: franco232315 ($111.94 in chips) 
Seat 3: Gfoer ($200.01 in chips) 
Seat 4: gudrozd ($100 in chips) 
Seat 5: YeeesMan ($102.50 in chips) 
Seat 6: DL1B ($102.50 in chips) 
YeeesMan: posts small blind $0.50
DL1B: posts big blind $1
*** HOLE CARDS ***
TinTin4994: calls $1
franco232315: raises $3 to $4
Gfoer: folds 
gudrozd: folds 
YeeesMan: raises $9 to $13
DL1B: folds 
TinTin4994: folds 
franco232315: folds 
Uncalled bet ($9) returned to YeeesMan
YeeesMan collected $10 from pot
YeeesMan: doesn't show hand 
*** SUMMARY ***
Total pot $10 | Rake $0 
Seat 1: TinTin4994 folded before Flop
Seat 2: franco232315 folded before Flop
Seat 3: Gfoer folded before Flop (didn't bet)
Seat 4: gudrozd (button) folded before Flop (didn't bet)
Seat 5: YeeesMan (small blind) collected ($10)
Seat 6: DL1B (big blind) folded before Flop



PokerStars Hand #254472829000:  Hold'em No Limit ($0.50/$1.00 USD) - 2025/01/20 20:07:14 WET [2025/01/20 15:07:14 ET]
Table 'Rosalia IV' 6-max Seat #5 is the button
Seat 1: TinTin4994 ($37.08 in chips) 
Seat 2: franco232315 ($107.94 in chips) 
Seat 3: Gfoer ($200.01 in chips) 
Seat 4: gudrozd ($100 in chips) 
Seat 5: YeeesMan ($108.50 in chips) 
Seat 6: DL1B ($101.50 in chips) 
DL1B: posts small blind $0.50
TinTin4994: posts big blind $1
*** HOLE CARDS ***
franco232315: folds 
Gfoer: raises $1.20 to $2.20
gudrozd: raises $5.80 to $8
YeeesMan: folds 
DL1B: folds 
TinTin4994: folds 
Gfoer: folds 
Uncalled bet ($5.80) returned to gudrozd
gudrozd collected $5.90 from pot
gudrozd: doesn't show hand 
*** SUMMARY ***
Total pot $5.90 | Rake $0 
Seat 1: TinTin4994 (big blind) folded before Flop
Seat 2: franco232315 folded before Flop (didn't bet)
Seat 3: Gfoer folded before Flop
Seat 4: gudrozd collected ($5.90)
Seat 5: YeeesMan (button) folded before Flop (didn't bet)
Seat 6: DL1B (small blind) folded before Flop



PokerStars Hand #254472838702:  Hold'em No Limit ($0.50/$1.00 USD) - 2025/01/20 20:07:44 WET [2025/01/20 15:07:44 ET]
Table 'Rosalia IV' 6-max Seat #6 is the button
Seat 1: TinTin4994 ($36.08 in chips) 
Seat 2: franco232315 ($107.94 in chips) 
Seat 3: Gfoer ($197.81 in chips) 
Seat 4: gudrozd ($103.70 in chips) 
Seat 5: YeeesMan ($108.50 in chips) 
Seat 6: DL1B ($101 in chips) 
TinTin4994: posts small blind $0.50
franco232315: posts big blind $1
*** HOLE CARDS ***
Gfoer: raises $1.20 to $2.20
gudrozd: folds 
YeeesMan: folds 
DL1B: folds 
TinTin4994: calls $1.70
franco232315: calls $1.20
*** FLOP *** [Qd Ah Qc]
TinTin4994: checks 
franco232315: checks 
Gfoer: checks 
*** TURN *** [Qd Ah Qc] [Jh]
TinTin4994: bets $3.14
franco232315: calls $3.14
Gfoer: folds 
*** RIVER *** [Qd Ah Qc Jh] [2d]
TinTin4994: checks 
franco232315: checks 
*** SHOW DOWN ***
TinTin4994: shows [7s 6h] (a pair of Queens)
franco232315: shows [Kh 8h] (a pair of Queens - Ace+King kicker)
franco232315 collected $12.24 from pot
*** SUMMARY ***
Total pot $12.88 | Rake $0.64 
Board [Qd Ah Qc Jh 2d]
Seat 1: TinTin4994 (small blind) showed [7s 6h] and lost with a pair of Queens
Seat 2: franco232315 (big blind) showed [Kh 8h] and won ($12.24) with a pair of Queens
Seat 3: Gfoer folded on the Turn
Seat 4: gudrozd folded before Flop (didn't bet)
Seat 5: YeeesMan folded before Flop (didn't bet)
Seat 6: DL1B (button) folded before Flop (didn't bet)



PokerStars Hand #254472860110:  Hold'em No Limit ($0.50/$1.00 USD) - 2025/01/20 20:08:49 WET [2025/01/20 15:08:49 ET]
Table 'Rosalia IV' 6-max Seat #1 is the button
Seat 1: TinTin4994 ($30.74 in chips) 
Seat 2: franco232315 ($114.84 in chips) 
Seat 3: Gfoer ($195.61 in chips) 
Seat 4: gudrozd ($103.70 in chips) 
Seat 5: YeeesMan ($108.50 in chips) 
Seat 6: DL1B ($101 in chips) 
franco232315: posts small blind $0.50
Gfoer: posts big blind $1
*** HOLE CARDS ***
gudrozd: folds 
YeeesMan: folds 
DL1B: folds 
TinTin4994: calls $1
franco232315: raises $4 to $5
Gfoer: folds 
TinTin4994: calls $4
*** FLOP *** [8d Qh Qs]
franco232315: bets $3.45
TinTin4994: raises $22.29 to $25.74 and is all-in
franco232315: calls $22.29
*** TURN *** [8d Qh Qs] [4c]
*** RIVER *** [8d Qh Qs 4c] [Ts]
*** SHOW DOWN ***
franco232315: shows [Th 8h] (two pair, Queens and Tens)
TinTin4994: shows [9c Kd] (a pair of Queens)
franco232315 collected $59.98 from pot
*** SUMMARY ***
Total pot $62.48 | Rake $2.50 
Board [8d Qh Qs 4c Ts]
Seat 1: TinTin4994 (button) showed [9c Kd] and lost with a pair of Queens
Seat 2: franco232315 (small blind) showed [Th 8h] and won ($59.98) with two pair, Queens and Tens
Seat 3: Gfoer (big blind) folded before Flop
Seat 4: gudrozd folded before Flop (didn't bet)
Seat 5: YeeesMan folded before Flop (didn't bet)
Seat 6: DL1B folded before Flop (didn't bet)



PokerStars Hand #254472881321:  Hold'em No Limit ($0.50/$1.00 USD) - 2025/01/20 20:09:54 WET [2025/01/20 15:09:54 ET]
Table 'Rosalia IV' 6-max Seat #2 is the button
Seat 1: TinTin4994 ($0 in chips) is sitting out
Seat 2: franco232315 ($144.08 in chips) 
Seat 3: Gfoer ($194.61 in chips) 
Seat 4: gudrozd ($103.70 in chips) 
Seat 5: YeeesMan ($108.50 in chips) 
Seat 6: DL1B ($101 in chips) 
Gfoer: posts small blind $0.50
gudrozd: posts big blind $1
*** HOLE CARDS ***
TinTin4994 leaves the table
YeeesMan: folds 
DL1B: raises $1.50 to $2.50
franco232315: folds 
Gfoer: folds 
gudrozd: folds 
Uncalled bet ($1.50) returned to DL1B
DL1B collected $2.50 from pot
DL1B: doesn't show hand 
*** SUMMARY ***
Total pot $2.50 | Rake $0 
Seat 1: TinTin4994
Seat 2: franco232315 (button) folded before Flop (didn't bet)
Seat 3: Gfoer (small blind) folded before Flop
Seat 4: gudrozd (big blind) folded before Flop
Seat 5: YeeesMan folded before Flop (didn't bet)
Seat 6: DL1B collected ($2.50)



PokerStars Hand #254472892292:  Hold'em No Limit ($0.50/$1.00 USD) - 2025/01/20 20:10:27 WET [2025/01/20 15:10:27 ET]
Table 'Rosalia IV' 6-max Seat #3 is the button
Seat 2: franco232315 ($144.08 in chips) 
Seat 3: Gfoer ($194.11 in chips) 
Seat 4: gudrozd ($102.70 in chips) 
Seat 5: YeeesMan ($108.50 in chips) 
Seat 6: DL1B ($102.50 in chips) 
gudrozd: posts small blind $0.50
YeeesMan: posts big blind $1
*** HOLE CARDS ***
DL1B: folds 
franco232315: folds 
Gfoer: raises $1 to $2
gudrozd: raises $10 to $12
YeeesMan: folds 
Gfoer: folds 
Uncalled bet ($10) returned to gudrozd
gudrozd collected $5 from pot
gudrozd: doesn't show hand 
*** SUMMARY ***
Total pot $5 | Rake $0 
Seat 2: franco232315 folded before Flop (didn't bet)
Seat 3: Gfoer (button) folded before Flop
Seat 4: gudrozd (small blind) collected ($5)
Seat 5: YeeesMan (big blind) folded before Flop
Seat 6: DL1B folded before Flop (didn't bet)



PokerStars Hand #254472531730:  Hold'em No Limit ($0.50/$1.00 USD) - 2025/01/20 19:49:50 WET [2025/01/20 14:49:50 ET]
Table 'Rosalia IV' 6-max Seat #3 is the button
Seat 1: aoish30 ($100 in chips) 
Seat 2: z00mba ($100 in chips) 
Seat 3: JUANS2 ($100 in chips) 
Seat 4: reiyser ($104.50 in chips) 
Seat 5: rRocky1282 ($27.82 in chips) 
Seat 6: Gfoer ($103.51 in chips) 
reiyser: posts small blind $0.50
rRocky1282: posts big blind $1
*** HOLE CARDS ***
Gfoer: folds 
aoish30: folds 
z00mba: raises $1.50 to $2.50
JUANS2: folds 
reiyser: folds 
rRocky1282: calls $1.50
*** FLOP *** [5s 8c 8h]
rRocky1282: checks 
z00mba: bets $3
rRocky1282: folds 
Uncalled bet ($3) returned to z00mba
z00mba collected $5.22 from pot
z00mba: doesn't show hand 
*** SUMMARY ***
Total pot $5.50 | Rake $0.28 
Board [5s 8c 8h]
Seat 1: aoish30 folded before Flop (didn't bet)
Seat 2: z00mba collected ($5.22)
Seat 3: JUANS2 (button) folded before Flop (didn't bet)
Seat 4: reiyser (small blind) folded before Flop
Seat 5: rRocky1282 (big blind) folded on the Flop
Seat 6: Gfoer folded before Flop (didn't bet)



PokerStars Hand #254472538638:  Hold'em No Limit ($0.50/$1.00 USD) - 2025/01/20 19:50:13 WET [2025/01/20 14:50:13 ET]
Table 'Rosalia IV' 6-max Seat #4 is the button
Seat 1: aoish30 ($100 in chips) 
Seat 2: z00mba ($102.72 in chips) 
Seat 3: JUANS2 ($100 in chips) 
Seat 4: reiyser ($104 in chips) 
Seat 5: rRocky1282 ($25.32 in chips) 
Seat 6: Gfoer ($103.51 in chips) 
rRocky1282: posts small blind $0.50
Gfoer: posts big blind $1
*** HOLE CARDS ***
aoish30: folds 
z00mba: raises $1.50 to $2.50
JUANS2: folds 
reiyser: folds 
rRocky1282: calls $2
Gfoer: folds 
*** FLOP *** [2h Kc As]
rRocky1282: checks 
z00mba: checks 
*** TURN *** [2h Kc As] [9h]
rRocky1282: bets $3
z00mba: calls $3
*** RIVER *** [2h Kc As 9h] [3h]
rRocky1282: bets $4
z00mba: raises $16 to $20
rRocky1282: calls $15.82 and is all-in
Uncalled bet ($0.18) returned to z00mba
*** SHOW DOWN ***
z00mba: shows [Kh Qh] (a flush, King high)
rRocky1282: shows [6d Ac] (a pair of Aces)
z00mba collected $49.14 from pot
*** SUMMARY ***
Total pot $51.64 | Rake $2.50 
Board [2h Kc As 9h 3h]
Seat 1: aoish30 folded before Flop (didn't bet)
Seat 2: z00mba showed [Kh Qh] and won ($49.14) with a flush, King high
Seat 3: JUANS2 folded before Flop (didn't bet)
Seat 4: reiyser (button) folded before Flop (didn't bet)
Seat 5: rRocky1282 (small blind) showed [6d Ac] and lost with a pair of Aces
Seat 6: Gfoer (big blind) folded before Flop



PokerStars Hand #254472553270:  Hold'em No Limit ($0.50/$1.00 USD) - 2025/01/20 19:50:59 WET [2025/01/20 14:50:59 ET]
Table 'Rosalia IV' 6-max Seat #6 is the button
Seat 5: rRocky1282 ($0 in chips) is sitting out
Seat 1: aoish30 ($100 in chips) 
Seat 2: z00mba ($126.54 in chips) 
Seat 3: JUANS2 ($100 in chips) 
Seat 4: reiyser ($104 in chips) 
Seat 6: Gfoer ($102.51 in chips) 
aoish30: posts small blind $0.50
z00mba: posts big blind $1
*** HOLE CARDS ***
JUANS2: folds 
reiyser: folds 
Gfoer: folds 
aoish30: folds 
Uncalled bet ($0.50) returned to z00mba
z00mba collected $1 from pot
z00mba: doesn't show hand 
*** SUMMARY ***
Total pot $1 | Rake $0 
Seat 5: rRocky1282
Seat 1: aoish30 (small blind) folded before Flop
Seat 2: z00mba (big blind) collected ($1)
Seat 3: JUANS2 folded before Flop (didn't bet)
Seat 4: reiyser folded before Flop (didn't bet)
Seat 6: Gfoer (button) folded before Flop (didn't bet)



PokerStars Hand #254472556597:  Hold'em No Limit ($0.50/$1.00 USD) - 2025/01/20 19:51:10 WET [2025/01/20 14:51:10 ET]
Table 'Rosalia IV' 6-max Seat #1 is the button
Seat 5: rRocky1282 ($0 in chips) is sitting out
Seat 1: aoish30 ($100 in chips) 
Seat 2: z00mba ($127.04 in chips) 
Seat 3: JUANS2 ($100 in chips) 
Seat 4: reiyser ($104 in chips) 
Seat 6: Gfoer ($102.51 in chips) 
z00mba: posts small blind $0.50
JUANS2: posts big blind $1
*** HOLE CARDS ***
reiyser: folds 
Gfoer: raises $1.20 to $2.20
aoish30: folds 
z00mba: folds 
JUANS2: folds 
Uncalled bet ($1.20) returned to Gfoer
Gfoer collected $2.50 from pot
Gfoer: doesn't show hand 
*** SUMMARY ***
Total pot $2.50 | Rake $0 
Seat 5: rRocky1282
Seat 1: aoish30 (button) folded before Flop (didn't bet)
Seat 2: z00mba (small blind) folded before Flop
Seat 3: JUANS2 (big blind) folded before Flop
Seat 4: reiyser folded before Flop (didn't bet)
Seat 6: Gfoer collected ($2.50)



PokerStars Hand #254472561933:  Hold'em No Limit ($0.50/$1.00 USD) - 2025/01/20 19:51:27 WET [2025/01/20 14:51:27 ET]
Table 'Rosalia IV' 6-max Seat #2 is the button
Seat 5: rRocky1282 ($0 in chips) is sitting out
Seat 1: aoish30 ($100 in chips) 
Seat 2: z00mba ($126.54 in chips) 
Seat 3: JUANS2 ($100 in chips) 
Seat 4: reiyser ($104 in chips) 
Seat 6: Gfoer ($104.01 in chips) 
JUANS2: posts small blind $0.50
reiyser: posts big blind $1
*** HOLE CARDS ***
rRocky1282 is disconnected 
Gfoer: folds 
aoish30: folds 
z00mba: raises $1.50 to $2.50
JUANS2: folds 
reiyser: calls $1.50
*** FLOP *** [Kc 5c 8s]
reiyser: checks 
z00mba: checks 
*** TURN *** [Kc 5c 8s] [8d]
reiyser: checks 
z00mba: bets $3
reiyser: folds 
Uncalled bet ($3) returned to z00mba
z00mba collected $5.22 from pot
z00mba: doesn't show hand 
*** SUMMARY ***
Total pot $5.50 | Rake $0.28 
Board [Kc 5c 8s 8d]
Seat 5: rRocky1282
Seat 1: aoish30 folded before Flop (didn't bet)
Seat 2: z00mba (button) collected ($5.22)
Seat 3: JUANS2 (small blind) folded before Flop
Seat 4: reiyser (big blind) folded on the Turn
Seat 6: Gfoer folded before Flop (didn't bet)



PokerStars Hand #254472576494:  Hold'em No Limit ($0.50/$1.00 USD) - 2025/01/20 19:52:15 WET [2025/01/20 14:52:15 ET]
Table 'Rosalia IV' 6-max Seat #3 is the button
Seat 5: rRocky1282 ($0 in chips) is sitting out
Seat 6: Gfoer ($104.01 in chips) is sitting out
Seat 1: aoish30 ($100 in chips) 
Seat 2: z00mba ($129.26 in chips) 
Seat 3: JUANS2 ($100 in chips) 
Seat 4: reiyser ($101.50 in chips) 
reiyser: posts small blind $0.50
Gfoer: is sitting out 
aoish30: posts big blind $1
*** HOLE CARDS ***
z00mba: folds 
JUANS2: folds 
reiyser: folds 
Uncalled bet ($0.50) returned to aoish30
aoish30 collected $1 from pot
aoish30: doesn't show hand 
*** SUMMARY ***
Total pot $1 | Rake $0 
Seat 5: rRocky1282
Seat 6: Gfoer
Seat 1: aoish30 (big blind) collected ($1)
Seat 2: z00mba folded before Flop (didn't bet)
Seat 3: JUANS2 (button) folded before Flop (didn't bet)
Seat 4: reiyser (small blind) folded before Flop



PokerStars Hand #254472579764:  Hold'em No Limit ($0.50/$1.00 USD) - 2025/01/20 19:52:25 WET [2025/01/20 14:52:25 ET]
Table 'Rosalia IV' 6-max Seat #4 is the button
Seat 2: z00mba ($129.26 in chips) is sitting out
Seat 5: rRocky1282 ($0 in chips) is sitting out
Seat 6: Gfoer ($104.01 in chips) is sitting out
Seat 1: aoish30 ($100.50 in chips) 
Seat 3: JUANS2 ($100 in chips) 
Seat 4: reiyser ($101 in chips) 
aoish30: posts small blind $0.50
z00mba: is sitting out 
JUANS2: posts big blind $1
*** HOLE CARDS ***
reiyser: folds 
Gfoer leaves the table
aoish30: raises $2 to $3
JUANS2: folds 
Uncalled bet ($2) returned to aoish30
aoish30 collected $2 from pot
aoish30: doesn't show hand 
*** SUMMARY ***
Total pot $2 | Rake $0 
Seat 2: z00mba
Seat 5: rRocky1282
Seat 6: Gfoer
Seat 1: aoish30 (small blind) collected ($2)
Seat 3: JUANS2 (big blind) folded before Flop
Seat 4: reiyser (button) folded before Flop (didn't bet)



PokerStars Hand #254472582487:  Hold'em No Limit ($0.50/$1.00 USD) - 2025/01/20 19:52:34 WET [2025/01/20 14:52:34 ET]
Table 'Rosalia IV' 6-max Seat #1 is the button
Seat 2: z00mba ($129.26 in chips) is sitting out
Seat 5: rRocky1282 ($0 in chips) is sitting out
Seat 1: aoish30 ($101.50 in chips) 
Seat 3: JUANS2 ($100 in chips) 
Seat 4: reiyser ($101 in chips) 
JUANS2: posts small blind $0.50
reiyser: posts big blind $1
*** HOLE CARDS ***
aoish30: folds 
JUANS2: folds 
Uncalled bet ($0.50) returned to reiyser
reiyser collected $1 from pot
reiyser: doesn't show hand 
*** SUMMARY ***
Total pot $1 | Rake $0 
Seat 2: z00mba
Seat 5: rRocky1282
Seat 1: aoish30 (button) folded before Flop (didn't bet)
Seat 3: JUANS2 (small blind) folded before Flop
Seat 4: reiyser (big blind) collected ($1)



PokerStars Hand #254472585908:  Hold'em No Limit ($0.50/$1.00 USD) - 2025/01/20 19:52:45 WET [2025/01/20 14:52:45 ET]
Table 'Rosalia IV' 6-max Seat #3 is the button
Seat 2: z00mba ($129.26 in chips) is sitting out
Seat 5: rRocky1282 ($0 in chips) is sitting out
Seat 1: aoish30 ($101.50 in chips) 
Seat 3: JUANS2 ($100 in chips) 
Seat 4: reiyser ($101.50 in chips) 
reiyser: posts small blind $0.50
aoish30: posts big blind $1
*** HOLE CARDS ***
JUANS2: folds 
z00mba leaves the table
reiyser: folds 
Uncalled bet ($0.50) returned to aoish30
aoish30 collected $1 from pot
aoish30: doesn't show hand 
*** SUMMARY ***
Total pot $1 | Rake $0 
Seat 2: z00mba
Seat 5: rRocky1282
Seat 1: aoish30 (big blind) collected ($1)
Seat 3: JUANS2 (button) folded before Flop (didn't bet)
Seat 4: reiyser (small blind) folded before Flop



PokerStars Hand #254472589151:  Hold'em No Limit ($0.50/$1.00 USD) - 2025/01/20 19:52:55 WET [2025/01/20 14:52:55 ET]
Table 'Rosalia IV' 6-max Seat #1 is the button
Seat 3: JUANS2 ($100 in chips) is sitting out
Seat 5: rRocky1282 ($0 in chips) is sitting out
Seat 1: aoish30 ($102 in chips) 
Seat 4: reiyser ($101 in chips) 
aoish30: posts small blind $0.50
JUANS2: is sitting out 
reiyser: posts big blind $1
*** HOLE CARDS ***
JUANS2 leaves the table
aoish30: folds 
Uncalled bet ($0.50) returned to reiyser
reiyser collected $1 from pot
reiyser: doesn't show hand 
*** SUMMARY ***
Total pot $1 | Rake $0 
Seat 3: JUANS2
Seat 5: rRocky1282
Seat 1: aoish30 (button) (small blind) folded before Flop
Seat 4: reiyser (big blind) collected ($1)



PokerStars Hand #254472652908:  Hold'em No Limit ($0.50/$1.00 USD) - 2025/01/20 19:56:54 WET [2025/01/20 14:56:54 ET]
Table 'Rosalia IV' 6-max Seat #3 is the button
Seat 5: rRocky1282 ($0 in chips) is sitting out
Seat 3: ddyyjj ($100 in chips) 
Seat 4: reiyser ($101.50 in chips) 
ddyyjj: posts small blind $0.50
reiyser: posts big blind $1
*** HOLE CARDS ***
ddyyjj: raises $2 to $3
MaikonAll joins the table at seat #1 
reiyser: folds 
Uncalled bet ($2) returned to ddyyjj
ddyyjj collected $2 from pot
ddyyjj: doesn't show hand 
*** SUMMARY ***
Total pot $2 | Rake $0 
Seat 5: rRocky1282
Seat 3: ddyyjj (button) (small blind) collected ($2)
Seat 4: reiyser (big blind) folded before Flop



PokerStars Hand #254472657060:  Hold'em No Limit ($0.50/$1.00 USD) - 2025/01/20 19:57:13 WET [2025/01/20 14:57:13 ET]
Table 'Rosalia IV' 6-max Seat #3 is the button
Seat 5: rRocky1282 ($0 in chips) is sitting out
Seat 1: MaikonAll ($100 in chips) 
Seat 3: ddyyjj ($101 in chips) 
Seat 4: reiyser ($100.50 in chips) 
reiyser: posts small blind $0.50
MaikonAll: posts big blind $1
*** HOLE CARDS ***
ddyyjj: folds 
reiyser: folds 
Uncalled bet ($0.50) returned to MaikonAll
MaikonAll collected $1 from pot
MaikonAll: doesn't show hand 
*** SUMMARY ***
Total pot $1 | Rake $0 
Seat 5: rRocky1282
Seat 1: MaikonAll (big blind) collected ($1)
Seat 3: ddyyjj (button) folded before Flop (didn't bet)
Seat 4: reiyser (small blind) folded before Flop



PokerStars Hand #254472659083:  Hold'em No Limit ($0.50/$1.00 USD) - 2025/01/20 19:57:22 WET [2025/01/20 14:57:22 ET]
Table 'Rosalia IV' 6-max Seat #4 is the button
Seat 5: rRocky1282 ($0 in chips) is sitting out
Seat 1: MaikonAll ($100.50 in chips) 
Seat 3: ddyyjj ($101 in chips) 
Seat 4: reiyser ($100 in chips) 
MaikonAll: posts small blind $0.50
ddyyjj: posts big blind $1
*** HOLE CARDS ***
reiyser: folds 
MaikonAll: folds 
Uncalled bet ($0.50) returned to ddyyjj
ddyyjj collected $1 from pot
ddyyjj: doesn't show hand 
*** SUMMARY ***
Total pot $1 | Rake $0 
Seat 5: rRocky1282
Seat 1: MaikonAll (small blind) folded before Flop
Seat 3: ddyyjj (big blind) collected ($1)
Seat 4: reiyser (button) folded before Flop (didn't bet)



PokerStars Hand #254472661869:  Hold'em No Limit ($0.50/$1.00 USD) - 2025/01/20 19:57:35 WET [2025/01/20 14:57:35 ET]
Table 'Rosalia IV' 6-max Seat #3 is the button
Seat 4: reiyser ($100 in chips) is sitting out
Seat 5: rRocky1282 ($0 in chips) is sitting out
Seat 1: MaikonAll ($100 in chips) 
Seat 3: ddyyjj ($101.50 in chips) 
ddyyjj: posts small blind $0.50
reiyser: is sitting out 
MaikonAll: posts big blind $1
*** HOLE CARDS ***
reiyser leaves the table
ddyyjj: raises $2 to $3
MaikonAll: folds 
Uncalled bet ($2) returned to ddyyjj
ddyyjj collected $2 from pot
ddyyjj: doesn't show hand 
*** SUMMARY ***
Total pot $2 | Rake $0 
Seat 4: reiyser
Seat 5: rRocky1282
Seat 1: MaikonAll (big blind) folded before Flop
Seat 3: ddyyjj (button) (small blind) collected ($2)



PokerStars Hand #254472666994:  Hold'em No Limit ($0.50/$1.00 USD) - 2025/01/20 19:57:58 WET [2025/01/20 14:57:58 ET]
Table 'Rosalia IV' 6-max Seat #1 is the button
Seat 5: rRocky1282 ($0 in chips) is sitting out
Seat 1: MaikonAll ($100 in chips) 
Seat 3: ddyyjj ($102.50 in chips) 
MaikonAll: posts small blind $0.50
ddyyjj: posts big blind $1
*** HOLE CARDS ***
MaikonAll: folds 
Uncalled bet ($0.50) returned to ddyyjj
ddyyjj collected $1 from pot
ddyyjj: doesn't show hand 
*** SUMMARY ***
Total pot $1 | Rake $0 
Seat 5: rRocky1282
Seat 1: MaikonAll (button) (small blind) folded before Flop
Seat 3: ddyyjj (big blind) collected ($1)



PokerStars Hand #254472490119:  Hold'em No Limit ($0.50/$1.00 USD) - 2025/01/20 19:47:34 WET [2025/01/20 14:47:34 ET]
Table 'Rosalia IV' 6-max Seat #5 is the button
Seat 3: JUANS2 ($100 in chips) is sitting out
Seat 1: aoish30 ($101.50 in chips) 
Seat 2: z00mba ($100 in chips) 
Seat 4: reiyser ($100 in chips) 
Seat 5: rRocky1282 ($20.54 in chips) 
Seat 6: Gfoer ($100 in chips) 
Gfoer: posts small blind $0.50
aoish30: posts big blind $1
JUANS2: sits out 
*** HOLE CARDS ***
z00mba: folds 
reiyser: raises $1.23 to $2.23
rRocky1282: folds 
Gfoer: folds 
aoish30: folds 
Uncalled bet ($1.23) returned to reiyser
reiyser collected $2.50 from pot
reiyser: doesn't show hand 
*** SUMMARY ***
Total pot $2.50 | Rake $0 
Seat 3: JUANS2
Seat 1: aoish30 (big blind) folded before Flop
Seat 2: z00mba folded before Flop (didn't bet)
Seat 4: reiyser collected ($2.50)
Seat 5: rRocky1282 (button) folded before Flop (didn't bet)
Seat 6: Gfoer (small blind) folded before Flop



PokerStars Hand #254472494746:  Hold'em No Limit ($0.50/$1.00 USD) - 2025/01/20 19:47:49 WET [2025/01/20 14:47:49 ET]
Table 'Rosalia IV' 6-max Seat #6 is the button
Seat 3: JUANS2 ($100 in chips) is sitting out
Seat 1: aoish30 ($100.50 in chips) 
Seat 2: z00mba ($100 in chips) 
Seat 4: reiyser ($101.50 in chips) 
Seat 5: rRocky1282 ($20.54 in chips) 
Seat 6: Gfoer ($100 in chips) 
aoish30: posts small blind $0.50
z00mba: posts big blind $1
JUANS2: sits out 
*** HOLE CARDS ***
reiyser: folds 
rRocky1282: folds 
Gfoer: raises $1 to $2
aoish30: folds 
z00mba: calls $1
*** FLOP *** [Ac 8h Qs]
z00mba: checks 
Gfoer: checks 
*** TURN *** [Ac 8h Qs] [Qd]
z00mba: bets $1.37
Gfoer: calls $1.37
*** RIVER *** [Ac 8h Qs Qd] [2c]
z00mba: checks 
Gfoer: checks 
*** SHOW DOWN ***
z00mba: shows [Tc Kd] (a pair of Queens)
Gfoer: shows [3d 3c] (two pair, Queens and Threes)
Gfoer collected $6.88 from pot
*** SUMMARY ***
Total pot $7.24 | Rake $0.36 
Board [Ac 8h Qs Qd 2c]
Seat 3: JUANS2
Seat 1: aoish30 (small blind) folded before Flop
Seat 2: z00mba (big blind) showed [Tc Kd] and lost with a pair of Queens
Seat 4: reiyser folded before Flop (didn't bet)
Seat 5: rRocky1282 folded before Flop (didn't bet)
Seat 6: Gfoer (button) showed [3d 3c] and won ($6.88) with two pair, Queens and Threes



PokerStars Hand #254472514770:  Hold'em No Limit ($0.50/$1.00 USD) - 2025/01/20 19:48:55 WET [2025/01/20 14:48:55 ET]
Table 'Rosalia IV' 6-max Seat #1 is the button
Seat 1: aoish30 ($100 in chips) 
Seat 2: z00mba ($100 in chips) 
Seat 3: JUANS2 ($100 in chips) 
Seat 4: reiyser ($101.50 in chips) 
Seat 5: rRocky1282 ($20.54 in chips) 
Seat 6: Gfoer ($103.51 in chips) 
z00mba: posts small blind $0.50
JUANS2: posts big blind $1
*** HOLE CARDS ***
reiyser: folds 
rRocky1282: calls $1
Gfoer: folds 
aoish30: raises $3.50 to $4.50
z00mba: folds 
JUANS2: folds 
rRocky1282: calls $3.50
*** FLOP *** [Ad Td 9h]
rRocky1282: bets $2
aoish30: calls $2
*** TURN *** [Ad Td 9h] [9d]
rRocky1282: bets $14.04 and is all-in
aoish30: folds 
Uncalled bet ($14.04) returned to rRocky1282
rRocky1282 collected $13.78 from pot
*** SUMMARY ***
Total pot $14.50 | Rake $0.72 
Board [Ad Td 9h 9d]
Seat 1: aoish30 (button) folded on the Turn
Seat 2: z00mba (small blind) folded before Flop
Seat 3: JUANS2 (big blind) folded before Flop
Seat 4: reiyser folded before Flop (didn't bet)
Seat 5: rRocky1282 collected ($13.78)
Seat 6: Gfoer folded before Flop (didn't bet)



PokerStars Hand #254472524735:  Hold'em No Limit ($0.50/$1.00 USD) - 2025/01/20 19:49:27 WET [2025/01/20 14:49:27 ET]
Table 'Rosalia IV' 6-max Seat #2 is the button
Seat 1: aoish30 ($100 in chips) 
Seat 2: z00mba ($100 in chips) 
Seat 3: JUANS2 ($100 in chips) 
Seat 4: reiyser ($101.50 in chips) 
Seat 5: rRocky1282 ($27.82 in chips) 
Seat 6: Gfoer ($103.51 in chips) 
JUANS2: posts small blind $0.50
reiyser: posts big blind $1
*** HOLE CARDS ***
rRocky1282: folds 
Gfoer: folds 
aoish30: folds 
z00mba: raises $1.50 to $2.50
JUANS2: folds 
reiyser: raises $9.50 to $12
z00mba: folds 
Uncalled bet ($9.50) returned to reiyser
reiyser collected $5.50 from pot
reiyser: doesn't show hand 
*** SUMMARY ***
Total pot $5.50 | Rake $0 
Seat 1: aoish30 folded before Flop (didn't bet)
Seat 2: z00mba (button) folded before Flop
Seat 3: JUANS2 (small blind) folded before Flop
Seat 4: reiyser (big blind) collected ($5.50)
Seat 5: rRocky1282 folded before Flop (didn't bet)
Seat 6: Gfoer folded before Flop (didn't bet)



PokerStars Hand #254472902900:  Hold'em No Limit ($0.50/$1.00 USD) - 2025/01/20 20:11:00 WET [2025/01/20 15:11:00 ET]
Table 'Rosalia IV' 6-max Seat #4 is the button
Seat 6: DL1B ($102.50 in chips) is sitting out
Seat 2: franco232315 ($144.08 in chips) 
Seat 3: Gfoer ($192.11 in chips) 
Seat 4: gudrozd ($105.70 in chips) 
Seat 5: YeeesMan ($107.50 in chips) 
YeeesMan: posts small blind $0.50
DL1B: is sitting out 
franco232315: posts big blind $1
*** HOLE CARDS ***
Gfoer: folds 
DL1B leaves the table
gudrozd: raises $1.50 to $2.50
YeeesMan: folds 
Gfoer leaves the table
franco232315: raises $8.50 to $11
gudrozd: folds 
Uncalled bet ($8.50) returned to franco232315
franco232315 collected $5.50 from pot
franco232315: doesn't show hand 
*** SUMMARY ***
Total pot $5.50 | Rake $0 
Seat 6: DL1B
Seat 2: franco232315 (big blind) collected ($5.50)
Seat 3: Gfoer folded before Flop (didn't bet)
Seat 4: gudrozd (button) folded before Flop
Seat 5: YeeesMan (small blind) folded before Flop



PokerStars Hand #254472932358:  Hold'em No Limit ($0.50/$1.00 USD) - 2025/01/20 20:12:29 WET [2025/01/20 15:12:29 ET]
Table 'Rosalia IV' 6-max Seat #5 is the button
Seat 1: gudrozd ($103.20 in chips) 
Seat 2: Gfoer ($192.11 in chips) 
Seat 4: D_style1905 ($24.16 in chips) 
Seat 5: YeeesMan ($107 in chips) 
Seat 6: nastja336 ($100 in chips) 
nastja336: posts small blind $0.50
gudrozd: posts big blind $1
*** HOLE CARDS ***
Gfoer: folds 
DL1B joins the table at seat #3 
D_style1905: calls $1
YeeesMan: folds 
nastja336: calls $0.50
gudrozd: checks 
*** FLOP *** [Jh Kh 5s]
nastja336: checks 
gudrozd: checks 
D_style1905: checks 
*** TURN *** [Jh Kh 5s] [6s]
nastja336: checks 
gudrozd: checks 
D_style1905: checks 
*** RIVER *** [Jh Kh 5s 6s] [5d]
nastja336: checks 
gudrozd: checks 
D_style1905: checks 
*** SHOW DOWN ***
nastja336: shows [Jd 9c] (two pair, Jacks and Fives)
gudrozd: mucks hand 
D_style1905: mucks hand 
nastja336 collected $2.85 from pot
*** SUMMARY ***
Total pot $3 | Rake $0.15 
Board [Jh Kh 5s 6s 5d]
Seat 1: gudrozd (big blind) mucked
Seat 2: Gfoer folded before Flop (didn't bet)
Seat 4: D_style1905 mucked
Seat 5: YeeesMan (button) folded before Flop (didn't bet)
Seat 6: nastja336 (small blind) showed [Jd 9c] and won ($2.85) with two pair, Jacks and Fives



PokerStars Hand #254472948893:  Hold'em No Limit ($0.50/$1.00 USD) - 2025/01/20 20:13:19 WET [2025/01/20 15:13:19 ET]
Table 'Rosalia IV' 6-max Seat #6 is the button
Seat 3: DL1B ($102.50 in chips) is sitting out
Seat 1: gudrozd ($102.20 in chips) 
Seat 2: Gfoer ($192.11 in chips) 
Seat 4: D_style1905 ($23.16 in chips) 
Seat 5: YeeesMan ($107 in chips) 
Seat 6: nastja336 ($101.85 in chips) 
gudrozd: posts small blind $0.50
Gfoer: posts big blind $1
DL1B: sits out 
*** HOLE CARDS ***
D_style1905: folds 
YeeesMan: folds 
nastja336: raises $1.50 to $2.50
gudrozd: folds 
Gfoer: raises $10 to $12.50
nastja336: folds 
Uncalled bet ($10) returned to Gfoer
Gfoer collected $5.50 from pot
Gfoer: doesn't show hand 
*** SUMMARY ***
Total pot $5.50 | Rake $0 
Seat 3: DL1B
Seat 1: gudrozd (small blind) folded before Flop
Seat 2: Gfoer (big blind) collected ($5.50)
Seat 4: D_style1905 folded before Flop (didn't bet)
Seat 5: YeeesMan folded before Flop (didn't bet)
Seat 6: nastja336 (button) folded before Flop



PokerStars Hand #254472955411:  Hold'em No Limit ($0.50/$1.00 USD) - 2025/01/20 20:13:39 WET [2025/01/20 15:13:39 ET]
Table 'Rosalia IV' 6-max Seat #1 is the button
Seat 1: gudrozd ($101.70 in chips) 
Seat 2: Gfoer ($195.11 in chips) 
Seat 3: DL1B ($102.50 in chips) 
Seat 4: D_style1905 ($23.16 in chips) 
Seat 5: YeeesMan ($107 in chips) 
Seat 6: nastja336 ($100 in chips) 
Gfoer: posts small blind $0.50
DL1B: posts big blind $1
*** HOLE CARDS ***
D_style1905: raises $16 to $17
YeeesMan: folds 
nastja336: raises $83 to $100 and is all-in
gudrozd: folds 
Gfoer: folds 
DL1B: folds 
D_style1905: calls $6.16 and is all-in
Uncalled bet ($76.84) returned to nastja336
*** FLOP *** [Qs Ah Ac]
*** TURN *** [Qs Ah Ac] [6s]
*** RIVER *** [Qs Ah Ac 6s] [Jd]
*** SHOW DOWN ***
D_style1905: shows [8h 8d] (two pair, Aces and Eights)
nastja336: shows [As Kd] (three of a kind, Aces)
nastja336 collected $45.43 from pot
*** SUMMARY ***
Total pot $47.82 | Rake $2.39 
Board [Qs Ah Ac 6s Jd]
Seat 1: gudrozd (button) folded before Flop (didn't bet)
Seat 2: Gfoer (small blind) folded before Flop
Seat 3: DL1B (big blind) folded before Flop
Seat 4: D_style1905 showed [8h 8d] and lost with two pair, Aces and Eights
Seat 5: YeeesMan folded before Flop (didn't bet)
Seat 6: nastja336 showed [As Kd] and won ($45.43) with three of a kind, Aces



PokerStars Hand #254472964536:  Hold'em No Limit ($0.50/$1.00 USD) - 2025/01/20 20:14:07 WET [2025/01/20 15:14:07 ET]
Table 'Rosalia IV' 6-max Seat #2 is the button
Seat 4: D_style1905 ($0 in chips) is sitting out
Seat 1: gudrozd ($101.70 in chips) 
Seat 2: Gfoer ($194.61 in chips) 
Seat 3: DL1B ($101.50 in chips) 
Seat 5: YeeesMan ($107 in chips) 
Seat 6: nastja336 ($122.27 in chips) 
DL1B: posts small blind $0.50
YeeesMan: posts big blind $1
*** HOLE CARDS ***
nastja336: folds 
gudrozd: raises $1.50 to $2.50
Gfoer: folds 
DL1B: folds 
YeeesMan: raises $9.50 to $12
gudrozd: raises $12 to $24
YeeesMan: folds 
Uncalled bet ($12) returned to gudrozd
gudrozd collected $24.50 from pot
gudrozd: doesn't show hand 
*** SUMMARY ***
Total pot $24.50 | Rake $0 
Seat 4: D_style1905
Seat 1: gudrozd collected ($24.50)
Seat 2: Gfoer (button) folded before Flop (didn't bet)
Seat 3: DL1B (small blind) folded before Flop
Seat 5: YeeesMan (big blind) folded before Flop
Seat 6: nastja336 folded before Flop (didn't bet)



PokerStars Hand #254472979088:  Hold'em No Limit ($0.50/$1.00 USD) - 2025/01/20 20:14:51 WET [2025/01/20 15:14:51 ET]
Table 'Rosalia IV' 6-max Seat #3 is the button
Seat 4: D_style1905 ($0 in chips) is sitting out
Seat 1: gudrozd ($114.20 in chips) 
Seat 2: Gfoer ($194.61 in chips) 
Seat 3: DL1B ($101 in chips) 
Seat 5: YeeesMan ($100 in chips) 
Seat 6: nastja336 ($122.27 in chips) 
YeeesMan: posts small blind $0.50
nastja336: posts big blind $1
*** HOLE CARDS ***
gudrozd: folds 
Gfoer: folds 
DL1B: folds 
YeeesMan: folds 
Uncalled bet ($0.50) returned to nastja336
nastja336 collected $1 from pot
nastja336: doesn't show hand 
*** SUMMARY ***
Total pot $1 | Rake $0 
Seat 4: D_style1905
Seat 1: gudrozd folded before Flop (didn't bet)
Seat 2: Gfoer folded before Flop (didn't bet)
Seat 3: DL1B (button) folded before Flop (didn't bet)
Seat 5: YeeesMan (small blind) folded before Flop
Seat 6: nastja336 (big blind) collected ($1)



PokerStars Hand #254472984791:  Hold'em No Limit ($0.50/$1.00 USD) - 2025/01/20 20:15:08 WET [2025/01/20 15:15:08 ET]
Table 'Rosalia IV' 6-max Seat #5 is the button
Seat 1: gudrozd ($114.20 in chips) is sitting out
Seat 2: Gfoer ($194.61 in chips) is sitting out
Seat 4: D_style1905 ($0 in chips) is sitting out
Seat 3: DL1B ($101 in chips) 
Seat 5: YeeesMan ($100 in chips) 
Seat 6: nastja336 ($122.77 in chips) 
nastja336: posts small blind $0.50
gudrozd: is sitting out 
Gfoer: is sitting out 
DL1B: posts big blind $1
*** HOLE CARDS ***
gudrozd leaves the table
Gfoer leaves the table
YeeesMan: raises $1.50 to $2.50
nastja336: folds 
DL1B: folds 
Uncalled bet ($1.50) returned to YeeesMan
YeeesMan collected $2.50 from pot
YeeesMan: doesn't show hand 
*** SUMMARY ***
Total pot $2.50 | Rake $0 
Seat 1: gudrozd
Seat 2: Gfoer
Seat 4: D_style1905
Seat 3: DL1B (big blind) folded before Flop
Seat 5: YeeesMan (button) collected ($2.50)
Seat 6: nastja336 (small blind) folded before Flop



PokerStars Hand #254472992427:  Hold'em No Limit ($0.50/$1.00 USD) - 2025/01/20 20:15:31 WET [2025/01/20 15:15:31 ET]
Table 'Rosalia IV' 6-max Seat #6 is the button
Seat 3: DL1B ($100 in chips) 
Seat 4: D_style1905 ($52.09 in chips) 
Seat 5: YeeesMan ($101.50 in chips) 
Seat 6: nastja336 ($122.27 in chips) 
DL1B: posts small blind $0.50
D_style1905: posts big blind $1
*** HOLE CARDS ***
JociBalboaa joins the table at seat #2 
gudrozd joins the table at seat #1 
YeeesMan: folds 
nastja336: folds 
DL1B: folds 
Uncalled bet ($0.50) returned to D_style1905
D_style1905 collected $1 from pot
*** SUMMARY ***
Total pot $1 | Rake $0 
Seat 3: DL1B (small blind) folded before Flop
Seat 4: D_style1905 (big blind) collected ($1)
Seat 5: YeeesMan folded before Flop (didn't bet)
Seat 6: nastja336 (button) folded before Flop (didn't bet)



PokerStars Hand #254472996890:  Hold'em No Limit ($0.50/$1.00 USD) - 2025/01/20 20:15:44 WET [2025/01/20 15:15:44 ET]
Table 'Rosalia IV' 6-max Seat #3 is the button
Seat 1: gudrozd ($114.20 in chips) is sitting out
Seat 2: JociBalboaa ($100 in chips) is sitting out
Seat 3: DL1B ($100 in chips) 
Seat 4: D_style1905 ($52.59 in chips) 
Seat 5: YeeesMan ($101.50 in chips) 
Seat 6: nastja336 ($122.27 in chips) 
D_style1905: posts small blind $0.50
YeeesMan: posts big blind $1
gudrozd: sits out 
JociBalboaa: sits out 
*** HOLE CARDS ***
nastja336: raises $1.50 to $2.50
DL1B: folds 
D_style1905: calls $2
YeeesMan: raises $10.50 to $13
nastja336: folds 
D_style1905: folds 
Uncalled bet ($10.50) returned to YeeesMan
YeeesMan collected $7.50 from pot
YeeesMan: doesn't show hand 
*** SUMMARY ***
Total pot $7.50 | Rake $0 
Seat 1: gudrozd
Seat 2: JociBalboaa
Seat 3: DL1B (button) folded before Flop (didn't bet)
Seat 4: D_style1905 (small blind) folded before Flop
Seat 5: YeeesMan (big blind) collected ($7.50)
Seat 6: nastja336 folded before Flop



PokerStars Hand #254473005709:  Hold'em No Limit ($0.50/$1.00 USD) - 2025/01/20 20:16:11 WET [2025/01/20 15:16:11 ET]
Table 'Rosalia IV' 6-max Seat #4 is the button
Seat 1: gudrozd ($114.20 in chips) is sitting out
Seat 2: JociBalboaa ($100 in chips) is sitting out
Seat 3: DL1B ($100 in chips) 
Seat 4: D_style1905 ($50.09 in chips) 
Seat 5: YeeesMan ($106.50 in chips) 
Seat 6: nastja336 ($119.77 in chips) 
YeeesMan: posts small blind $0.50
nastja336: posts big blind $1
gudrozd: sits out 
JociBalboaa: sits out 
*** HOLE CARDS ***
DL1B: folds 
D_style1905: folds 
YeeesMan: raises $2 to $3
nastja336: folds 
Uncalled bet ($2) returned to YeeesMan
YeeesMan collected $2 from pot
YeeesMan: doesn't show hand 
*** SUMMARY ***
Total pot $2 | Rake $0 
Seat 1: gudrozd
Seat 2: JociBalboaa
Seat 3: DL1B folded before Flop (didn't bet)
Seat 4: D_style1905 (button) folded before Flop (didn't bet)
Seat 5: YeeesMan (small blind) collected ($2)
Seat 6: nastja336 (big blind) folded before Flop



PokerStars Hand #254473011757:  Hold'em No Limit ($0.50/$1.00 USD) - 2025/01/20 20:16:29 WET [2025/01/20 15:16:29 ET]
Table 'Rosalia IV' 6-max Seat #5 is the button
Seat 2: JociBalboaa ($100 in chips) is sitting out
Seat 1: gudrozd ($114.20 in chips) 
Seat 3: DL1B ($100 in chips) 
Seat 4: D_style1905 ($50.09 in chips) 
Seat 5: YeeesMan ($107.50 in chips) 
Seat 6: nastja336 ($118.77 in chips) 
nastja336: posts small blind $0.50
gudrozd: posts big blind $1
JociBalboaa: sits out 
*** HOLE CARDS ***
DL1B: folds 
D_style1905: calls $1
YeeesMan: folds 
nastja336: raises $2 to $3
gudrozd: folds 
D_style1905: calls $2
*** FLOP *** [Js Tc 3d]
nastja336: bets $2.19
D_style1905: calls $2.19
*** TURN *** [Js Tc 3d] [Qd]
nastja336: checks 
D_style1905: checks 
*** RIVER *** [Js Tc 3d Qd] [Qs]
nastja336: bets $16.50
D_style1905: calls $16.50
*** SHOW DOWN ***
nastja336: shows [Qh 9s] (three of a kind, Queens)
D_style1905: mucks hand 
nastja336 collected $42.16 from pot
*** SUMMARY ***
Total pot $44.38 | Rake $2.22 
Board [Js Tc 3d Qd Qs]
Seat 2: JociBalboaa
Seat 1: gudrozd (big blind) folded before Flop
Seat 3: DL1B folded before Flop (didn't bet)
Seat 4: D_style1905 mucked
Seat 5: YeeesMan (button) folded before Flop (didn't bet)
Seat 6: nastja336 (small blind) showed [Qh 9s] and won ($42.16) with three of a kind, Queens



PokerStars Hand #254473022618:  Hold'em No Limit ($0.50/$1.00 USD) - 2025/01/20 20:17:02 WET [2025/01/20 15:17:02 ET]
Table 'Rosalia IV' 6-max Seat #6 is the button
Seat 1: gudrozd ($113.20 in chips) 
Seat 2: JociBalboaa ($100 in chips) 
Seat 3: DL1B ($100 in chips) 
Seat 4: D_style1905 ($28.40 in chips) 
Seat 5: YeeesMan ($107.50 in chips) 
Seat 6: nastja336 ($139.24 in chips) 
gudrozd: posts small blind $0.50
JociBalboaa: posts big blind $1
*** HOLE CARDS ***
DL1B: folds 
D_style1905: calls $1
YeeesMan: folds 
nastja336: folds 
gudrozd: folds 
JociBalboaa: checks 
*** FLOP *** [3s 9s 4h]
JociBalboaa: checks 
D_style1905: checks 
*** TURN *** [3s 9s 4h] [Ad]
JociBalboaa: checks 
D_style1905: checks 
*** RIVER *** [3s 9s 4h Ad] [Jh]
JociBalboaa: checks 
D_style1905: checks 
*** SHOW DOWN ***
JociBalboaa: shows [7c Ks] (high card Ace)
D_style1905: mucks hand 
JociBalboaa collected $2.38 from pot
*** SUMMARY ***
Total pot $2.50 | Rake $0.12 
Board [3s 9s 4h Ad Jh]
Seat 1: gudrozd (small blind) folded before Flop
Seat 2: JociBalboaa (big blind) showed [7c Ks] and won ($2.38) with high card Ace
Seat 3: DL1B folded before Flop (didn't bet)
Seat 4: D_style1905 mucked
Seat 5: YeeesMan folded before Flop (didn't bet)
Seat 6: nastja336 (button) folded before Flop (didn't bet)



PokerStars Hand #254473032855:  Hold'em No Limit ($0.50/$1.00 USD) - 2025/01/20 20:17:33 WET [2025/01/20 15:17:33 ET]
Table 'Rosalia IV' 6-max Seat #1 is the button
Seat 1: gudrozd ($112.70 in chips) 
Seat 2: JociBalboaa ($101.38 in chips) 
Seat 3: DL1B ($100 in chips) 
Seat 4: D_style1905 ($27.40 in chips) 
Seat 5: YeeesMan ($107.50 in chips) 
Seat 6: nastja336 ($139.24 in chips) 
JociBalboaa: posts small blind $0.50
DL1B: posts big blind $1
*** HOLE CARDS ***
D_style1905: folds 
YeeesMan: folds 
nastja336: raises $1.50 to $2.50
gudrozd: raises $5.50 to $8
JociBalboaa: folds 
DL1B: folds 
nastja336: raises $12.50 to $20.50
gudrozd: folds 
Uncalled bet ($12.50) returned to nastja336
nastja336 collected $17.50 from pot
nastja336: doesn't show hand 
*** SUMMARY ***
Total pot $17.50 | Rake $0 
Seat 1: gudrozd (button) folded before Flop
Seat 2: JociBalboaa (small blind) folded before Flop
Seat 3: DL1B (big blind) folded before Flop
Seat 4: D_style1905 folded before Flop (didn't bet)
Seat 5: YeeesMan folded before Flop (didn't bet)
Seat 6: nastja336 collected ($17.50)



PokerStars Hand #254473046158:  Hold'em No Limit ($0.50/$1.00 USD) - 2025/01/20 20:18:13 WET [2025/01/20 15:18:13 ET]
Table 'Rosalia IV' 6-max Seat #2 is the button
Seat 1: gudrozd ($104.70 in chips) 
Seat 2: JociBalboaa ($100.88 in chips) 
Seat 3: DL1B ($100 in chips) 
Seat 4: D_style1905 ($27.40 in chips) 
Seat 5: YeeesMan ($107.50 in chips) 
Seat 6: nastja336 ($148.74 in chips) 
DL1B: posts small blind $0.50
D_style1905: posts big blind $1
*** HOLE CARDS ***
YeeesMan: folds 
nastja336: folds 
gudrozd: folds 
JociBalboaa: folds 
DL1B: folds 
Uncalled bet ($0.50) returned to D_style1905
D_style1905 collected $1 from pot
*** SUMMARY ***
Total pot $1 | Rake $0 
Seat 1: gudrozd folded before Flop (didn't bet)
Seat 2: JociBalboaa (button) folded before Flop (didn't bet)
Seat 3: DL1B (small blind) folded before Flop
Seat 4: D_style1905 (big blind) collected ($1)
Seat 5: YeeesMan folded before Flop (didn't bet)
Seat 6: nastja336 folded before Flop (didn't bet)



PokerStars Hand #254473049093:  Hold'em No Limit ($0.50/$1.00 USD) - 2025/01/20 20:18:22 WET [2025/01/20 15:18:22 ET]
Table 'Rosalia IV' 6-max Seat #3 is the button
Seat 1: gudrozd ($104.70 in chips) 
Seat 2: JociBalboaa ($100.88 in chips) 
Seat 3: DL1B ($100 in chips) 
Seat 4: D_style1905 ($27.90 in chips) 
Seat 5: YeeesMan ($107.50 in chips) 
Seat 6: nastja336 ($148.74 in chips) 
D_style1905: posts small blind $0.50
YeeesMan: posts big blind $1
*** HOLE CARDS ***
nastja336: folds 
gudrozd: folds 
JociBalboaa: folds 
DL1B: raises $1.50 to $2.50
D_style1905: calls $2
YeeesMan: folds 
*** FLOP *** [3h 4c 6d]
D_style1905: checks 
DL1B: bets $4.33
D_style1905: raises $4.33 to $8.66
DL1B: raises $88.84 to $97.50 and is all-in
D_style1905: calls $16.74 and is all-in
Uncalled bet ($72.10) returned to DL1B
*** TURN *** [3h 4c 6d] [8d]
*** RIVER *** [3h 4c 6d 8d] [7h]
*** SHOW DOWN ***
D_style1905: shows [7s Kc] (a pair of Sevens)
DL1B: shows [Qs Qh] (a pair of Queens)
DL1B collected $54.30 from pot
*** SUMMARY ***
Total pot $56.80 | Rake $2.50 
Board [3h 4c 6d 8d 7h]
Seat 1: gudrozd folded before Flop (didn't bet)
Seat 2: JociBalboaa folded before Flop (didn't bet)
Seat 3: DL1B (button) showed [Qs Qh] and won ($54.30) with a pair of Queens
Seat 4: D_style1905 (small blind) showed [7s Kc] and lost with a pair of Sevens
Seat 5: YeeesMan (big blind) folded before Flop
Seat 6: nastja336 folded before Flop (didn't bet)



PokerStars Hand #254473063966:  Hold'em No Limit ($0.50/$1.00 USD) - 2025/01/20 20:19:07 WET [2025/01/20 15:19:07 ET]
Table 'Rosalia IV' 6-max Seat #5 is the button
Seat 4: D_style1905 ($0 in chips) is sitting out
Seat 1: gudrozd ($104.70 in chips) 
Seat 2: JociBalboaa ($100.88 in chips) 
Seat 3: DL1B ($126.40 in chips) 
Seat 5: YeeesMan ($106.50 in chips) 
Seat 6: nastja336 ($148.74 in chips) 
nastja336: posts small blind $0.50
gudrozd: posts big blind $1
*** HOLE CARDS ***
JociBalboaa: folds 
DL1B: folds 
D_style1905 is disconnected 
YeeesMan: raises $1.50 to $2.50
nastja336: folds 
gudrozd: folds 
Uncalled bet ($1.50) returned to YeeesMan
YeeesMan collected $2.50 from pot
YeeesMan: doesn't show hand 
*** SUMMARY ***
Total pot $2.50 | Rake $0 
Seat 4: D_style1905
Seat 1: gudrozd (big blind) folded before Flop
Seat 2: JociBalboaa folded before Flop (didn't bet)
Seat 3: DL1B folded before Flop (didn't bet)
Seat 5: YeeesMan (button) collected ($2.50)
Seat 6: nastja336 (small blind) folded before Flop



PokerStars Hand #254473069204:  Hold'em No Limit ($0.50/$1.00 USD) - 2025/01/20 20:19:23 WET [2025/01/20 15:19:23 ET]
Table 'Rosalia IV' 6-max Seat #1 is the button
Seat 4: D_style1905 ($0 in chips) is sitting out
Seat 6: nastja336 ($148.24 in chips) is sitting out
Seat 1: gudrozd ($103.70 in chips) 
Seat 2: JociBalboaa ($100.88 in chips) 
Seat 3: DL1B ($126.40 in chips) 
Seat 5: YeeesMan ($108 in chips) 
JociBalboaa: posts small blind $0.50
DL1B: posts big blind $1
*** HOLE CARDS ***
nastja336 leaves the table
YeeesMan: folds 
gudrozd: raises $1.50 to $2.50
JociBalboaa: folds 
DL1B: folds 
Uncalled bet ($1.50) returned to gudrozd
gudrozd collected $2.50 from pot
gudrozd: doesn't show hand 
*** SUMMARY ***
Total pot $2.50 | Rake $0 
Seat 4: D_style1905
Seat 6: nastja336
Seat 1: gudrozd (button) collected ($2.50)
Seat 2: JociBalboaa (small blind) folded before Flop
Seat 3: DL1B (big blind) folded before Flop
Seat 5: YeeesMan folded before Flop (didn't bet)



PokerStars Hand #254473077921:  Hold'em No Limit ($0.50/$1.00 USD) - 2025/01/20 20:19:49 WET [2025/01/20 15:19:49 ET]
Table 'Rosalia IV' 6-max Seat #2 is the button
Seat 4: D_style1905 ($0 in chips) is sitting out
Seat 5: YeeesMan ($108 in chips) is sitting out
Seat 1: gudrozd ($105.20 in chips) 
Seat 2: JociBalboaa ($100.38 in chips) 
Seat 3: DL1B ($125.40 in chips) 
DL1B: posts small blind $0.50
YeeesMan: is sitting out 
gudrozd: posts big blind $1
*** HOLE CARDS ***
JociBalboaa: folds 
YeeesMan leaves the table
DL1B: raises $2 to $3
gudrozd: folds 
Uncalled bet ($2) returned to DL1B
DL1B collected $2 from pot
DL1B: doesn't show hand 
*** SUMMARY ***
Total pot $2 | Rake $0 
Seat 4: D_style1905
Seat 5: YeeesMan
Seat 1: gudrozd (big blind) folded before Flop
Seat 2: JociBalboaa (button) folded before Flop (didn't bet)
Seat 3: DL1B (small blind) collected ($2)



PokerStars Hand #254473083135:  Hold'em No Limit ($0.50/$1.00 USD) - 2025/01/20 20:20:05 WET [2025/01/20 15:20:05 ET]
Table 'Rosalia IV' 6-max Seat #1 is the button
Seat 2: JociBalboaa ($100.38 in chips) is sitting out
Seat 4: D_style1905 ($0 in chips) is sitting out
Seat 1: gudrozd ($104.20 in chips) 
Seat 3: DL1B ($126.40 in chips) 
gudrozd: posts small blind $0.50
JociBalboaa: is sitting out 
DL1B: posts big blind $1
*** HOLE CARDS ***
JociBalboaa leaves the table
gudrozd: raises $2 to $3
DL1B: folds 
Uncalled bet ($2) returned to gudrozd
gudrozd collected $2 from pot
gudrozd: doesn't show hand 
*** SUMMARY ***
Total pot $2 | Rake $0 
Seat 2: JociBalboaa
Seat 4: D_style1905
Seat 1: gudrozd (button) (small blind) collected ($2)
Seat 3: DL1B (big blind) folded before Flop



PokerStars Hand #254473087414:  Hold'em No Limit ($0.50/$1.00 USD) - 2025/01/20 20:20:18 WET [2025/01/20 15:20:18 ET]
Table 'Rosalia IV' 6-max Seat #3 is the button
Seat 4: D_style1905 ($0 in chips) is sitting out
Seat 1: gudrozd ($105.20 in chips) 
Seat 3: DL1B ($125.40 in chips) 
DL1B: posts small blind $0.50
gudrozd: posts big blind $1
*** HOLE CARDS ***
DL1B: raises $1.50 to $2.50
gudrozd: calls $1.50
*** FLOP *** [6d 7s Ac]
gudrozd: checks 
DL1B: bets $1.57
gudrozd: folds 
Uncalled bet ($1.57) returned to DL1B
DL1B collected $4.75 from pot
DL1B: doesn't show hand 
*** SUMMARY ***
Total pot $5 | Rake $0.25 
Board [6d 7s Ac]
Seat 4: D_style1905
Seat 1: gudrozd (big blind) folded on the Flop
Seat 3: DL1B (button) (small blind) collected ($4.75)



