PokerStars Hand #254472053810:  Hold'em No Limit ($0.50/$1.00 USD) - 2025/01/20 19:23:09 WET [2025/01/20 14:23:09 ET]
Table 'Euboea IV' 6-max Seat #1 is the button
Seat 1: robercarlos3 ($100 in chips) 
Seat 3: MAO_DZEDYN_S ($100 in chips) 
Seat 5: Supermegopro ($100 in chips) 
MAO_DZEDYN_S: posts small blind $0.50
Supermegopro: posts big blind $1
*** HOLE CARDS ***
robercarlos3: folds 
MAO_DZEDYN_S: folds 
Uncalled bet ($0.50) returned to Supermegopro
Supermegopro collected $1 from pot
Supermegopro: doesn't show hand 
*** SUMMARY ***
Total pot $1 | Rake $0 
Seat 1: robercarlos3 (button) folded before Flop (didn't bet)
Seat 3: MAO_DZEDYN_S (small blind) folded before Flop
Seat 5: Supermegopro (big blind) collected ($1)



PokerStars Hand #254472056843:  Hold'em No Limit ($0.50/$1.00 USD) - 2025/01/20 19:23:19 WET [2025/01/20 14:23:19 ET]
Table 'Euboea IV' 6-max Seat #3 is the button
Seat 1: robercarlos3 ($100 in chips) 
Seat 3: MAO_DZEDYN_S ($100 in chips) 
Seat 5: Supermegopro ($100.50 in chips) 
Supermegopro: posts small blind $0.50
robercarlos3: posts big blind $1
*** HOLE CARDS ***
MAO_DZEDYN_S: raises $1.50 to $2.50
Supermegopro: folds 
robercarlos3: calls $1.50
*** FLOP *** [6d 7d 4h]
robercarlos3: checks 
MAO_DZEDYN_S: checks 
*** TURN *** [6d 7d 4h] [Tc]
robercarlos3: bets $1.67
MAO_DZEDYN_S: folds 
Uncalled bet ($1.67) returned to robercarlos3
robercarlos3 collected $5.22 from pot
robercarlos3: doesn't show hand 
*** SUMMARY ***
Total pot $5.50 | Rake $0.28 
Board [6d 7d 4h Tc]
Seat 1: robercarlos3 (big blind) collected ($5.22)
Seat 3: MAO_DZEDYN_S (button) folded on the Turn
Seat 5: Supermegopro (small blind) folded before Flop



PokerStars Hand #254472071755:  Hold'em No Limit ($0.50/$1.00 USD) - 2025/01/20 19:24:10 WET [2025/01/20 14:24:10 ET]
Table 'Euboea IV' 6-max Seat #5 is the button
Seat 1: robercarlos3 ($102.72 in chips) 
Seat 3: MAO_DZEDYN_S ($100 in chips) 
Seat 5: Supermegopro ($100 in chips) 
robercarlos3: posts small blind $0.50
MAO_DZEDYN_S: posts big blind $1
*** HOLE CARDS ***
Supermegopro: folds 
robercarlos3: raises $1.50 to $2.50
MAO_DZEDYN_S: raises $6 to $8.50
robercarlos3: folds 
Uncalled bet ($6) returned to MAO_DZEDYN_S
MAO_DZEDYN_S collected $5 from pot
MAO_DZEDYN_S: doesn't show hand 
*** SUMMARY ***
Total pot $5 | Rake $0 
Seat 1: robercarlos3 (small blind) folded before Flop
Seat 3: MAO_DZEDYN_S (big blind) collected ($5)
Seat 5: Supermegopro (button) folded before Flop (didn't bet)



PokerStars Hand #254472077935:  Hold'em No Limit ($0.50/$1.00 USD) - 2025/01/20 19:24:32 WET [2025/01/20 14:24:32 ET]
Table 'Euboea IV' 6-max Seat #1 is the button
Seat 1: robercarlos3 ($100.22 in chips) 
Seat 3: MAO_DZEDYN_S ($102.50 in chips) 
Seat 5: Supermegopro ($100 in chips) 
MAO_DZEDYN_S: posts small blind $0.50
Supermegopro: posts big blind $1
*** HOLE CARDS ***
robercarlos3: folds 
MAO_DZEDYN_S: raises $2 to $3
Supermegopro: folds 
Uncalled bet ($2) returned to MAO_DZEDYN_S
MAO_DZEDYN_S collected $2 from pot
MAO_DZEDYN_S: doesn't show hand 
*** SUMMARY ***
Total pot $2 | Rake $0 
Seat 1: robercarlos3 (button) folded before Flop (didn't bet)
Seat 3: MAO_DZEDYN_S (small blind) collected ($2)
Seat 5: Supermegopro (big blind) folded before Flop



PokerStars Hand #254472080804:  Hold'em No Limit ($0.50/$1.00 USD) - 2025/01/20 19:24:41 WET [2025/01/20 14:24:41 ET]
Table 'Euboea IV' 6-max Seat #3 is the button
Seat 1: robercarlos3 ($100.22 in chips) 
Seat 3: MAO_DZEDYN_S ($103.50 in chips) 
Seat 5: Supermegopro ($100 in chips) 
Supermegopro: posts small blind $0.50
robercarlos3: posts big blind $1
*** HOLE CARDS ***
MAO_DZEDYN_S: folds 
Supermegopro: raises $2 to $3
robercarlos3: calls $2
*** FLOP *** [6d Td Jc]
Supermegopro: bets $3.80
robercarlos3: folds 
Uncalled bet ($3.80) returned to Supermegopro
Supermegopro collected $5.70 from pot
Supermegopro: doesn't show hand 
*** SUMMARY ***
Total pot $6 | Rake $0.30 
Board [6d Td Jc]
Seat 1: robercarlos3 (big blind) folded on the Flop
Seat 3: MAO_DZEDYN_S (button) folded before Flop (didn't bet)
Seat 5: Supermegopro (small blind) collected ($5.70)



PokerStars Hand #254472086382:  Hold'em No Limit ($0.50/$1.00 USD) - 2025/01/20 19:25:01 WET [2025/01/20 14:25:01 ET]
Table 'Euboea IV' 6-max Seat #5 is the button
Seat 1: robercarlos3 ($100 in chips) 
Seat 3: MAO_DZEDYN_S ($103.50 in chips) 
Seat 5: Supermegopro ($102.70 in chips) 
robercarlos3: posts small blind $0.50
MAO_DZEDYN_S: posts big blind $1
*** HOLE CARDS ***
Supermegopro: folds 
robercarlos3: folds 
Uncalled bet ($0.50) returned to MAO_DZEDYN_S
MAO_DZEDYN_S collected $1 from pot
MAO_DZEDYN_S: doesn't show hand 
*** SUMMARY ***
Total pot $1 | Rake $0 
Seat 1: robercarlos3 (small blind) folded before Flop
Seat 3: MAO_DZEDYN_S (big blind) collected ($1)
Seat 5: Supermegopro (button) folded before Flop (didn't bet)



PokerStars Hand #254472088816:  Hold'em No Limit ($0.50/$1.00 USD) - 2025/01/20 19:25:09 WET [2025/01/20 14:25:09 ET]
Table 'Euboea IV' 6-max Seat #1 is the button
Seat 1: robercarlos3 ($100 in chips) 
Seat 3: MAO_DZEDYN_S ($104 in chips) 
Seat 5: Supermegopro ($102.70 in chips) 
MAO_DZEDYN_S: posts small blind $0.50
Supermegopro: posts big blind $1
*** HOLE CARDS ***
robercarlos3: folds 
MAO_DZEDYN_S: folds 
Uncalled bet ($0.50) returned to Supermegopro
Supermegopro collected $1 from pot
Supermegopro: doesn't show hand 
*** SUMMARY ***
Total pot $1 | Rake $0 
Seat 1: robercarlos3 (button) folded before Flop (didn't bet)
Seat 3: MAO_DZEDYN_S (small blind) folded before Flop
Seat 5: Supermegopro (big blind) collected ($1)



PokerStars Hand #254472091002:  Hold'em No Limit ($0.50/$1.00 USD) - 2025/01/20 19:25:16 WET [2025/01/20 14:25:16 ET]
Table 'Euboea IV' 6-max Seat #3 is the button
Seat 1: robercarlos3 ($100 in chips) 
Seat 3: MAO_DZEDYN_S ($103.50 in chips) 
Seat 5: Supermegopro ($103.20 in chips) 
Supermegopro: posts small blind $0.50
robercarlos3: posts big blind $1
*** HOLE CARDS ***
MAO_DZEDYN_S: folds 
Supermegopro: raises $1.50 to $2.50
robercarlos3: raises $6.50 to $9
Supermegopro: raises $16 to $25
robercarlos3: folds 
Uncalled bet ($16) returned to Supermegopro
Supermegopro collected $18 from pot
Supermegopro: doesn't show hand 
3aekTpeBoMaH joins the table at seat #2 
*** SUMMARY ***
Total pot $18 | Rake $0 
Seat 1: robercarlos3 (big blind) folded before Flop
Seat 3: MAO_DZEDYN_S (button) folded before Flop (didn't bet)
Seat 5: Supermegopro (small blind) collected ($18)



PokerStars Hand #254472099585:  Hold'em No Limit ($0.50/$1.00 USD) - 2025/01/20 19:25:45 WET [2025/01/20 14:25:45 ET]
Table 'Euboea IV' 6-max Seat #5 is the button
Seat 1: robercarlos3 ($100 in chips) 
Seat 2: 3aekTpeBoMaH ($49.25 in chips) 
Seat 3: MAO_DZEDYN_S ($103.50 in chips) 
Seat 5: Supermegopro ($112.20 in chips) 
Espada Fish joins the table at seat #4 
robercarlos3: posts small blind $0.50
3aekTpeBoMaH: posts big blind $1
*** HOLE CARDS ***
worker0k joins the table at seat #6 
MAO_DZEDYN_S: folds 
Supermegopro: raises $1.50 to $2.50
robercarlos3: folds 
3aekTpeBoMaH: folds 
Uncalled bet ($1.50) returned to Supermegopro
Supermegopro collected $2.50 from pot
Supermegopro: doesn't show hand 
*** SUMMARY ***
Total pot $2.50 | Rake $0 
Seat 1: robercarlos3 (small blind) folded before Flop
Seat 2: 3aekTpeBoMaH (big blind) folded before Flop
Seat 3: MAO_DZEDYN_S folded before Flop (didn't bet)
Seat 5: Supermegopro (button) collected ($2.50)



PokerStars Hand #254472105985:  Hold'em No Limit ($0.50/$1.00 USD) - 2025/01/20 19:26:07 WET [2025/01/20 14:26:07 ET]
Table 'Euboea IV' 6-max Seat #1 is the button
Seat 4: Espada Fish ($100 in chips) is sitting out
Seat 6: worker0k ($100 in chips) is sitting out
Seat 1: robercarlos3 ($100 in chips) 
Seat 2: 3aekTpeBoMaH ($48.25 in chips) 
Seat 3: MAO_DZEDYN_S ($103.50 in chips) 
Seat 5: Supermegopro ($113.70 in chips) 
3aekTpeBoMaH: posts small blind $0.50
MAO_DZEDYN_S: posts big blind $1
Espada Fish: sits out 
worker0k: sits out 
*** HOLE CARDS ***
Supermegopro: folds 
robercarlos3: raises $1.50 to $2.50
3aekTpeBoMaH: folds 
MAO_DZEDYN_S: folds 
Uncalled bet ($1.50) returned to robercarlos3
robercarlos3 collected $2.50 from pot
robercarlos3: doesn't show hand 
*** SUMMARY ***
Total pot $2.50 | Rake $0 
Seat 4: Espada Fish
Seat 6: worker0k
Seat 1: robercarlos3 (button) collected ($2.50)
Seat 2: 3aekTpeBoMaH (small blind) folded before Flop
Seat 3: MAO_DZEDYN_S (big blind) folded before Flop
Seat 5: Supermegopro folded before Flop (didn't bet)



PokerStars Hand #254472111866:  Hold'em No Limit ($0.50/$1.00 USD) - 2025/01/20 19:26:27 WET [2025/01/20 14:26:27 ET]
Table 'Euboea IV' 6-max Seat #2 is the button
Seat 6: worker0k ($100 in chips) is sitting out
Seat 1: robercarlos3 ($101.50 in chips) 
Seat 2: 3aekTpeBoMaH ($47.75 in chips) 
Seat 3: MAO_DZEDYN_S ($102.50 in chips) 
Seat 4: Espada Fish ($100 in chips) 
Seat 5: Supermegopro ($113.70 in chips) 
MAO_DZEDYN_S: posts small blind $0.50
Espada Fish: posts big blind $1
worker0k: sits out 
*** HOLE CARDS ***
Supermegopro: raises $1.50 to $2.50
robercarlos3: folds 
3aekTpeBoMaH: folds 
MAO_DZEDYN_S: folds 
Espada Fish: folds 
Uncalled bet ($1.50) returned to Supermegopro
Supermegopro collected $2.50 from pot
Supermegopro: doesn't show hand 
*** SUMMARY ***
Total pot $2.50 | Rake $0 
Seat 6: worker0k
Seat 1: robercarlos3 folded before Flop (didn't bet)
Seat 2: 3aekTpeBoMaH (button) folded before Flop (didn't bet)
Seat 3: MAO_DZEDYN_S (small blind) folded before Flop
Seat 4: Espada Fish (big blind) folded before Flop
Seat 5: Supermegopro collected ($2.50)



PokerStars Hand #254472116453:  Hold'em No Limit ($0.50/$1.00 USD) - 2025/01/20 19:26:43 WET [2025/01/20 14:26:43 ET]
Table 'Euboea IV' 6-max Seat #3 is the button
Seat 6: worker0k ($100 in chips) is sitting out
Seat 1: robercarlos3 ($101.50 in chips) 
Seat 2: 3aekTpeBoMaH ($47.75 in chips) 
Seat 3: MAO_DZEDYN_S ($102 in chips) 
Seat 4: Espada Fish ($100 in chips) 
Seat 5: Supermegopro ($115.20 in chips) 
Espada Fish: posts small blind $0.50
Supermegopro: posts big blind $1
worker0k: sits out 
*** HOLE CARDS ***
robercarlos3: folds 
3aekTpeBoMaH: folds 
MAO_DZEDYN_S: raises $1.50 to $2.50
Espada Fish: folds 
Supermegopro: folds 
Uncalled bet ($1.50) returned to MAO_DZEDYN_S
MAO_DZEDYN_S collected $2.50 from pot
MAO_DZEDYN_S: doesn't show hand 
*** SUMMARY ***
Total pot $2.50 | Rake $0 
Seat 6: worker0k
Seat 1: robercarlos3 folded before Flop (didn't bet)
Seat 2: 3aekTpeBoMaH folded before Flop (didn't bet)
Seat 3: MAO_DZEDYN_S (button) collected ($2.50)
Seat 4: Espada Fish (small blind) folded before Flop
Seat 5: Supermegopro (big blind) folded before Flop



PokerStars Hand #254472122376:  Hold'em No Limit ($0.50/$1.00 USD) - 2025/01/20 19:27:03 WET [2025/01/20 14:27:03 ET]
Table 'Euboea IV' 6-max Seat #4 is the button
Seat 1: robercarlos3 ($101.50 in chips) 
Seat 2: 3aekTpeBoMaH ($47.75 in chips) 
Seat 3: MAO_DZEDYN_S ($103.50 in chips) 
Seat 4: Espada Fish ($100 in chips) 
Seat 5: Supermegopro ($114.20 in chips) 
Seat 6: worker0k ($100 in chips) 
Supermegopro: posts small blind $0.50
worker0k: posts big blind $1
*** HOLE CARDS ***
robercarlos3: folds 
3aekTpeBoMaH: folds 
MAO_DZEDYN_S: raises $1.25 to $2.25
Espada Fish: folds 
Supermegopro: folds 
worker0k: folds 
Uncalled bet ($1.25) returned to MAO_DZEDYN_S
MAO_DZEDYN_S collected $2.50 from pot
MAO_DZEDYN_S: doesn't show hand 
*** SUMMARY ***
Total pot $2.50 | Rake $0 
Seat 1: robercarlos3 folded before Flop (didn't bet)
Seat 2: 3aekTpeBoMaH folded before Flop (didn't bet)
Seat 3: MAO_DZEDYN_S collected ($2.50)
Seat 4: Espada Fish (button) folded before Flop (didn't bet)
Seat 5: Supermegopro (small blind) folded before Flop
Seat 6: worker0k (big blind) folded before Flop



PokerStars Hand #254472126423:  Hold'em No Limit ($0.50/$1.00 USD) - 2025/01/20 19:27:17 WET [2025/01/20 14:27:17 ET]
Table 'Euboea IV' 6-max Seat #5 is the button
Seat 1: robercarlos3 ($101.50 in chips) 
Seat 2: 3aekTpeBoMaH ($47.75 in chips) 
Seat 3: MAO_DZEDYN_S ($105 in chips) 
Seat 4: Espada Fish ($100 in chips) 
Seat 5: Supermegopro ($113.70 in chips) 
Seat 6: worker0k ($100 in chips) 
worker0k: posts small blind $0.50
robercarlos3: posts big blind $1
*** HOLE CARDS ***
3aekTpeBoMaH: raises $2 to $3
MAO_DZEDYN_S: folds 
Espada Fish: folds 
Supermegopro: folds 
worker0k: calls $2.50
robercarlos3: folds 
*** FLOP *** [8c As 3h]
worker0k: checks 
3aekTpeBoMaH: bets $4.33
worker0k: folds 
Uncalled bet ($4.33) returned to 3aekTpeBoMaH
3aekTpeBoMaH collected $6.65 from pot
3aekTpeBoMaH: doesn't show hand 
*** SUMMARY ***
Total pot $7 | Rake $0.35 
Board [8c As 3h]
Seat 1: robercarlos3 (big blind) folded before Flop
Seat 2: 3aekTpeBoMaH collected ($6.65)
Seat 3: MAO_DZEDYN_S folded before Flop (didn't bet)
Seat 4: Espada Fish folded before Flop (didn't bet)
Seat 5: Supermegopro (button) folded before Flop (didn't bet)
Seat 6: worker0k (small blind) folded on the Flop



PokerStars Hand #254472135657:  Hold'em No Limit ($0.50/$1.00 USD) - 2025/01/20 19:27:49 WET [2025/01/20 14:27:49 ET]
Table 'Euboea IV' 6-max Seat #6 is the button
Seat 1: robercarlos3 ($100.50 in chips) 
Seat 2: 3aekTpeBoMaH ($51.40 in chips) 
Seat 3: MAO_DZEDYN_S ($105 in chips) 
Seat 4: Espada Fish ($100 in chips) 
Seat 5: Supermegopro ($113.70 in chips) 
Seat 6: worker0k ($100 in chips) 
robercarlos3: posts small blind $0.50
3aekTpeBoMaH: posts big blind $1
*** HOLE CARDS ***
MAO_DZEDYN_S: folds 
Espada Fish: folds 
Supermegopro: folds 
worker0k: folds 
robercarlos3: raises $1.50 to $2.50
3aekTpeBoMaH: calls $1.50
*** FLOP *** [8c Qd Ts]
robercarlos3: bets $1.52
3aekTpeBoMaH: calls $1.52
*** TURN *** [8c Qd Ts] [2s]
robercarlos3: bets $5.88
3aekTpeBoMaH: folds 
Uncalled bet ($5.88) returned to robercarlos3
robercarlos3 collected $7.64 from pot
robercarlos3: doesn't show hand 
*** SUMMARY ***
Total pot $8.04 | Rake $0.40 
Board [8c Qd Ts 2s]
Seat 1: robercarlos3 (small blind) collected ($7.64)
Seat 2: 3aekTpeBoMaH (big blind) folded on the Turn
Seat 3: MAO_DZEDYN_S folded before Flop (didn't bet)
Seat 4: Espada Fish folded before Flop (didn't bet)
Seat 5: Supermegopro folded before Flop (didn't bet)
Seat 6: worker0k (button) folded before Flop (didn't bet)



PokerStars Hand #254472145746:  Hold'em No Limit ($0.50/$1.00 USD) - 2025/01/20 19:28:24 WET [2025/01/20 14:28:24 ET]
Table 'Euboea IV' 6-max Seat #1 is the button
Seat 1: robercarlos3 ($104.12 in chips) 
Seat 2: 3aekTpeBoMaH ($47.38 in chips) 
Seat 3: MAO_DZEDYN_S ($105 in chips) 
Seat 4: Espada Fish ($100 in chips) 
Seat 5: Supermegopro ($113.70 in chips) 
Seat 6: worker0k ($100 in chips) 
3aekTpeBoMaH: posts small blind $0.50
MAO_DZEDYN_S: posts big blind $1
*** HOLE CARDS ***
Espada Fish: folds 
Supermegopro: folds 
worker0k: raises $1.30 to $2.30
robercarlos3: folds 
3aekTpeBoMaH: folds 
MAO_DZEDYN_S: calls $1.30
*** FLOP *** [4c 3s Kd]
Espada Fish leaves the table
MAO_DZEDYN_S: checks 
worker0k: bets $1.60
Rdalonso joins the table at seat #4 
MAO_DZEDYN_S: folds 
Uncalled bet ($1.60) returned to worker0k
worker0k collected $4.84 from pot
*** SUMMARY ***
Total pot $5.10 | Rake $0.26 
Board [4c 3s Kd]
Seat 1: robercarlos3 (button) folded before Flop (didn't bet)
Seat 2: 3aekTpeBoMaH (small blind) folded before Flop
Seat 3: MAO_DZEDYN_S (big blind) folded on the Flop
Seat 4: Espada Fish folded before Flop (didn't bet)
Seat 5: Supermegopro folded before Flop (didn't bet)
Seat 6: worker0k collected ($4.84)



PokerStars Hand #254472168597:  Hold'em No Limit ($0.50/$1.00 USD) - 2025/01/20 19:29:42 WET [2025/01/20 14:29:42 ET]
Table 'Euboea IV' 6-max Seat #2 is the button
Seat 1: robercarlos3 ($104.12 in chips) 
Seat 2: 3aekTpeBoMaH ($46.88 in chips) 
Seat 3: MAO_DZEDYN_S ($102.70 in chips) 
Seat 4: Rdalonso ($100 in chips) 
Seat 5: Supermegopro ($113.70 in chips) 
Seat 6: worker0k ($102.54 in chips) 
MAO_DZEDYN_S: posts small blind $0.50
Rdalonso: posts big blind $1
*** HOLE CARDS ***
Supermegopro: folds 
worker0k: raises $1.30 to $2.30
robercarlos3: folds 
3aekTpeBoMaH: folds 
MAO_DZEDYN_S: folds 
Rdalonso: folds 
Uncalled bet ($1.30) returned to worker0k
worker0k collected $2.50 from pot
*** SUMMARY ***
Total pot $2.50 | Rake $0 
Seat 1: robercarlos3 folded before Flop (didn't bet)
Seat 2: 3aekTpeBoMaH (button) folded before Flop (didn't bet)
Seat 3: MAO_DZEDYN_S (small blind) folded before Flop
Seat 4: Rdalonso (big blind) folded before Flop
Seat 5: Supermegopro folded before Flop (didn't bet)
Seat 6: worker0k collected ($2.50)



PokerStars Hand #254472175352:  Hold'em No Limit ($0.50/$1.00 USD) - 2025/01/20 19:30:05 WET [2025/01/20 14:30:05 ET]
Table 'Euboea IV' 6-max Seat #3 is the button
Seat 5: Supermegopro ($113.70 in chips) is sitting out
Seat 6: worker0k ($104.04 in chips) is sitting out
Seat 1: robercarlos3 ($104.12 in chips) 
Seat 2: 3aekTpeBoMaH ($46.88 in chips) 
Seat 3: MAO_DZEDYN_S ($102.20 in chips) 
Seat 4: Rdalonso ($100 in chips) 
Rdalonso: posts small blind $0.50
Supermegopro: is sitting out 
worker0k: is sitting out 
robercarlos3: posts big blind $1
*** HOLE CARDS ***
worker0k leaves the table
Supermegopro leaves the table
3aekTpeBoMaH: raises $2 to $3
MAO_DZEDYN_S: folds 
Rdalonso: folds 
Nicedaymybro joins the table at seat #5 
robercarlos3: folds 
Uncalled bet ($2) returned to 3aekTpeBoMaH
3aekTpeBoMaH collected $2.50 from pot
3aekTpeBoMaH: doesn't show hand 
DL1B joins the table at seat #6 
*** SUMMARY ***
Total pot $2.50 | Rake $0 
Seat 5: Supermegopro
Seat 6: worker0k
Seat 1: robercarlos3 (big blind) folded before Flop
Seat 2: 3aekTpeBoMaH collected ($2.50)
Seat 3: MAO_DZEDYN_S (button) folded before Flop (didn't bet)
Seat 4: Rdalonso (small blind) folded before Flop



PokerStars Hand #254472181621:  Hold'em No Limit ($0.50/$1.00 USD) - 2025/01/20 19:30:26 WET [2025/01/20 14:30:26 ET]
Table 'Euboea IV' 6-max Seat #4 is the button
Seat 5: Nicedaymybro ($100 in chips) is sitting out
Seat 6: DL1B ($100 in chips) is sitting out
Seat 1: robercarlos3 ($103.12 in chips) 
Seat 2: 3aekTpeBoMaH ($48.38 in chips) 
Seat 3: MAO_DZEDYN_S ($102.20 in chips) 
Seat 4: Rdalonso ($100 in chips) 
robercarlos3: posts small blind $0.50
3aekTpeBoMaH: posts big blind $1
*** HOLE CARDS ***
MAO_DZEDYN_S: folds 
Rdalonso: raises $1.50 to $2.50
MAO_DZEDYN_S leaves the table
robercarlos3: raises $8.50 to $11
3aekTpeBoMaH: folds 
Rdalonso: folds 
Uncalled bet ($8.50) returned to robercarlos3
robercarlos3 collected $6 from pot
robercarlos3: doesn't show hand 
*** SUMMARY ***
Total pot $6 | Rake $0 
Seat 5: Nicedaymybro
Seat 6: DL1B
Seat 1: robercarlos3 (small blind) collected ($6)
Seat 2: 3aekTpeBoMaH (big blind) folded before Flop
Seat 3: MAO_DZEDYN_S folded before Flop (didn't bet)
Seat 4: Rdalonso (button) folded before Flop



PokerStars Hand #254472189735:  Hold'em No Limit ($0.50/$1.00 USD) - 2025/01/20 19:30:53 WET [2025/01/20 14:30:53 ET]
Table 'Euboea IV' 6-max Seat #1 is the button
Seat 5: Nicedaymybro ($100 in chips) is sitting out
Seat 6: DL1B ($100 in chips) is sitting out
Seat 1: robercarlos3 ($106.62 in chips) 
Seat 2: 3aekTpeBoMaH ($47.38 in chips) 
Seat 4: Rdalonso ($100 in chips) 
3aekTpeBoMaH: posts small blind $0.50
Rdalonso: posts big blind $1
Nicedaymybro: sits out 
DL1B: sits out 
*** HOLE CARDS ***
robercarlos3: raises $1.50 to $2.50
3aekTpeBoMaH: folds 
Lucastitos joins the table at seat #3 
Rdalonso: folds 
Uncalled bet ($1.50) returned to robercarlos3
robercarlos3 collected $2.50 from pot
robercarlos3: doesn't show hand 
*** SUMMARY ***
Total pot $2.50 | Rake $0 
Seat 5: Nicedaymybro
Seat 6: DL1B
Seat 1: robercarlos3 (button) collected ($2.50)
Seat 2: 3aekTpeBoMaH (small blind) folded before Flop
Seat 4: Rdalonso (big blind) folded before Flop



PokerStars Hand #254472193307:  Hold'em No Limit ($0.50/$1.00 USD) - 2025/01/20 19:31:06 WET [2025/01/20 14:31:06 ET]
Table 'Euboea IV' 6-max Seat #2 is the button
Seat 3: Lucastitos ($100 in chips) is sitting out
Seat 6: DL1B ($100 in chips) is sitting out
Seat 1: robercarlos3 ($108.12 in chips) 
Seat 2: 3aekTpeBoMaH ($46.88 in chips) 
Seat 4: Rdalonso ($100 in chips) 
Seat 5: Nicedaymybro ($100 in chips) 
Rdalonso: posts small blind $0.50
Nicedaymybro: posts big blind $1
DL1B: sits out 
*** HOLE CARDS ***
robercarlos3: raises $1.30 to $2.30
3aekTpeBoMaH: calls $2.30
Rdalonso: folds 
Nicedaymybro: folds 
*** FLOP *** [Js Kh 2c]
robercarlos3: bets $1.86
3aekTpeBoMaH: calls $1.86
*** TURN *** [Js Kh 2c] [2d]
robercarlos3: bets $2.99
3aekTpeBoMaH: calls $2.99
*** RIVER *** [Js Kh 2c 2d] [5h]
robercarlos3: checks 
3aekTpeBoMaH: bets $11.01
robercarlos3: calls $11.01
*** SHOW DOWN ***
3aekTpeBoMaH: shows [Kc 6c] (two pair, Kings and Deuces)
robercarlos3: shows [Kd 8d] (two pair, Kings and Deuces)
robercarlos3 collected $18.41 from pot
3aekTpeBoMaH collected $18.41 from pot
*** SUMMARY ***
Total pot $37.82 | Rake $1 
Board [Js Kh 2c 2d 5h]
Seat 3: Lucastitos
Seat 6: DL1B
Seat 1: robercarlos3 showed [Kd 8d] and won ($18.41) with two pair, Kings and Deuces
Seat 2: 3aekTpeBoMaH (button) showed [Kc 6c] and won ($18.41) with two pair, Kings and Deuces
Seat 4: Rdalonso (small blind) folded before Flop
Seat 5: Nicedaymybro (big blind) folded before Flop



PokerStars Hand #254472210742:  Hold'em No Limit ($0.50/$1.00 USD) - 2025/01/20 19:32:05 WET [2025/01/20 14:32:05 ET]
Table 'Euboea IV' 6-max Seat #4 is the button
Seat 3: Lucastitos ($100 in chips) is sitting out
Seat 1: robercarlos3 ($108.37 in chips) 
Seat 2: 3aekTpeBoMaH ($47.13 in chips) 
Seat 4: Rdalonso ($100 in chips) 
Seat 5: Nicedaymybro ($100 in chips) 
Seat 6: DL1B ($100 in chips) 
Nicedaymybro: posts small blind $0.50
DL1B: posts big blind $1
Lucastitos: sits out 
*** HOLE CARDS ***
robercarlos3: raises $1.30 to $2.30
3aekTpeBoMaH: folds 
Rdalonso: folds 
Nicedaymybro: folds 
DL1B: folds 
Uncalled bet ($1.30) returned to robercarlos3
robercarlos3 collected $2.50 from pot
robercarlos3: doesn't show hand 
*** SUMMARY ***
Total pot $2.50 | Rake $0 
Seat 3: Lucastitos
Seat 1: robercarlos3 collected ($2.50)
Seat 2: 3aekTpeBoMaH folded before Flop (didn't bet)
Seat 4: Rdalonso (button) folded before Flop (didn't bet)
Seat 5: Nicedaymybro (small blind) folded before Flop
Seat 6: DL1B (big blind) folded before Flop



PokerStars Hand #254472214253:  Hold'em No Limit ($0.50/$1.00 USD) - 2025/01/20 19:32:16 WET [2025/01/20 14:32:16 ET]
Table 'Euboea IV' 6-max Seat #5 is the button
Seat 3: Lucastitos ($100 in chips) is sitting out
Seat 1: robercarlos3 ($109.87 in chips) 
Seat 2: 3aekTpeBoMaH ($47.13 in chips) 
Seat 4: Rdalonso ($100 in chips) 
Seat 5: Nicedaymybro ($100 in chips) 
Seat 6: DL1B ($100 in chips) 
DL1B: posts small blind $0.50
robercarlos3: posts big blind $1
Lucastitos: sits out 
*** HOLE CARDS ***
3aekTpeBoMaH: folds 
Rdalonso: folds 
Nicedaymybro: folds 
DL1B: folds 
Uncalled bet ($0.50) returned to robercarlos3
robercarlos3 collected $1 from pot
robercarlos3: doesn't show hand 
*** SUMMARY ***
Total pot $1 | Rake $0 
Seat 3: Lucastitos
Seat 1: robercarlos3 (big blind) collected ($1)
Seat 2: 3aekTpeBoMaH folded before Flop (didn't bet)
Seat 4: Rdalonso folded before Flop (didn't bet)
Seat 5: Nicedaymybro (button) folded before Flop (didn't bet)
Seat 6: DL1B (small blind) folded before Flop



PokerStars Hand #254472218212:  Hold'em No Limit ($0.50/$1.00 USD) - 2025/01/20 19:32:30 WET [2025/01/20 14:32:30 ET]
Table 'Euboea IV' 6-max Seat #6 is the button
Seat 3: Lucastitos ($100 in chips) is sitting out
Seat 1: robercarlos3 ($110.37 in chips) 
Seat 2: 3aekTpeBoMaH ($47.13 in chips) 
Seat 4: Rdalonso ($100 in chips) 
Seat 5: Nicedaymybro ($100 in chips) 
Seat 6: DL1B ($100 in chips) 
robercarlos3: posts small blind $0.50
3aekTpeBoMaH: posts big blind $1
Lucastitos: sits out 
*** HOLE CARDS ***
Rdalonso: folds 
Nicedaymybro: raises $1.50 to $2.50
DL1B: folds 
robercarlos3: folds 
3aekTpeBoMaH: folds 
Uncalled bet ($1.50) returned to Nicedaymybro
Nicedaymybro collected $2.50 from pot
Nicedaymybro: doesn't show hand 
*** SUMMARY ***
Total pot $2.50 | Rake $0 
Seat 3: Lucastitos
Seat 1: robercarlos3 (small blind) folded before Flop
Seat 2: 3aekTpeBoMaH (big blind) folded before Flop
Seat 4: Rdalonso folded before Flop (didn't bet)
Seat 5: Nicedaymybro collected ($2.50)
Seat 6: DL1B (button) folded before Flop (didn't bet)



PokerStars Hand #254472222980:  Hold'em No Limit ($0.50/$1.00 USD) - 2025/01/20 19:32:46 WET [2025/01/20 14:32:46 ET]
Table 'Euboea IV' 6-max Seat #1 is the button
Seat 1: robercarlos3 ($109.87 in chips) 
Seat 2: 3aekTpeBoMaH ($46.13 in chips) 
Seat 3: Lucastitos ($100 in chips) 
Seat 4: Rdalonso ($100 in chips) 
Seat 5: Nicedaymybro ($101.50 in chips) 
Seat 6: DL1B ($100 in chips) 
3aekTpeBoMaH: posts small blind $0.50
Lucastitos: posts big blind $1
*** HOLE CARDS ***
Rdalonso: folds 
Nicedaymybro: folds 
DL1B: folds 
robercarlos3: folds 
3aekTpeBoMaH: raises $1 to $2
Lucastitos: calls $1
*** FLOP *** [2h Kc 9s]
3aekTpeBoMaH: bets $1
Lucastitos: folds 
Uncalled bet ($1) returned to 3aekTpeBoMaH
3aekTpeBoMaH collected $3.80 from pot
3aekTpeBoMaH: doesn't show hand 
*** SUMMARY ***
Total pot $4 | Rake $0.20 
Board [2h Kc 9s]
Seat 1: robercarlos3 (button) folded before Flop (didn't bet)
Seat 2: 3aekTpeBoMaH (small blind) collected ($3.80)
Seat 3: Lucastitos (big blind) folded on the Flop
Seat 4: Rdalonso folded before Flop (didn't bet)
Seat 5: Nicedaymybro folded before Flop (didn't bet)
Seat 6: DL1B folded before Flop (didn't bet)



PokerStars Hand #254472232545:  Hold'em No Limit ($0.50/$1.00 USD) - 2025/01/20 19:33:18 WET [2025/01/20 14:33:18 ET]
Table 'Euboea IV' 6-max Seat #2 is the button
Seat 1: robercarlos3 ($109.87 in chips) 
Seat 2: 3aekTpeBoMaH ($47.93 in chips) 
Seat 3: Lucastitos ($100 in chips) 
Seat 4: Rdalonso ($100 in chips) 
Seat 5: Nicedaymybro ($101.50 in chips) 
Seat 6: DL1B ($100 in chips) 
Lucastitos: posts small blind $0.50
Rdalonso: posts big blind $1
*** HOLE CARDS ***
Nicedaymybro: folds 
DL1B: raises $2 to $3
robercarlos3: folds 
3aekTpeBoMaH: folds 
Lucastitos: raises $8 to $11
Rdalonso: folds 
DL1B: folds 
Uncalled bet ($8) returned to Lucastitos
Lucastitos collected $7 from pot
Lucastitos: doesn't show hand 
*** SUMMARY ***
Total pot $7 | Rake $0 
Seat 1: robercarlos3 folded before Flop (didn't bet)
Seat 2: 3aekTpeBoMaH (button) folded before Flop (didn't bet)
Seat 3: Lucastitos (small blind) collected ($7)
Seat 4: Rdalonso (big blind) folded before Flop
Seat 5: Nicedaymybro folded before Flop (didn't bet)
Seat 6: DL1B folded before Flop



PokerStars Hand #254472238923:  Hold'em No Limit ($0.50/$1.00 USD) - 2025/01/20 19:33:39 WET [2025/01/20 14:33:39 ET]
Table 'Euboea IV' 6-max Seat #3 is the button
Seat 1: robercarlos3 ($109.87 in chips) 
Seat 2: 3aekTpeBoMaH ($47.93 in chips) 
Seat 3: Lucastitos ($104 in chips) 
Seat 4: Rdalonso ($100 in chips) 
Seat 5: Nicedaymybro ($101.50 in chips) 
Seat 6: DL1B ($100 in chips) 
Rdalonso: posts small blind $0.50
Nicedaymybro: posts big blind $1
*** HOLE CARDS ***
DL1B: folds 
robercarlos3: folds 
3aekTpeBoMaH: folds 
Lucastitos: raises $1.40 to $2.40
Rdalonso: folds 
Nicedaymybro: folds 
Uncalled bet ($1.40) returned to Lucastitos
Lucastitos collected $2.50 from pot
Lucastitos: doesn't show hand 
*** SUMMARY ***
Total pot $2.50 | Rake $0 
Seat 1: robercarlos3 folded before Flop (didn't bet)
Seat 2: 3aekTpeBoMaH folded before Flop (didn't bet)
Seat 3: Lucastitos (button) collected ($2.50)
Seat 4: Rdalonso (small blind) folded before Flop
Seat 5: Nicedaymybro (big blind) folded before Flop
Seat 6: DL1B folded before Flop (didn't bet)



PokerStars Hand #254472246492:  Hold'em No Limit ($0.50/$1.00 USD) - 2025/01/20 19:34:05 WET [2025/01/20 14:34:05 ET]
Table 'Euboea IV' 6-max Seat #4 is the button
Seat 1: robercarlos3 ($109.87 in chips) 
Seat 2: 3aekTpeBoMaH ($47.93 in chips) 
Seat 3: Lucastitos ($105.50 in chips) 
Seat 4: Rdalonso ($100 in chips) 
Seat 5: Nicedaymybro ($100.50 in chips) 
Seat 6: DL1B ($100 in chips) 
Nicedaymybro: posts small blind $0.50
DL1B: posts big blind $1
*** HOLE CARDS ***
robercarlos3: folds 
3aekTpeBoMaH: raises $2 to $3
Lucastitos: raises $4 to $7
Rdalonso: folds 
Nicedaymybro: folds 
DL1B: folds 
3aekTpeBoMaH: calls $4
*** FLOP *** [9d 7d 3h]
3aekTpeBoMaH: checks 
Lucastitos: bets $3.97
3aekTpeBoMaH: calls $3.97
*** TURN *** [9d 7d 3h] [Qh]
3aekTpeBoMaH: checks 
Lucastitos: bets $11.14
3aekTpeBoMaH: raises $25.82 to $36.96 and is all-in
Lucastitos: folds 
Uncalled bet ($25.82) returned to 3aekTpeBoMaH
3aekTpeBoMaH collected $43.43 from pot
3aekTpeBoMaH: doesn't show hand 
*** SUMMARY ***
Total pot $45.72 | Rake $2.29 
Board [9d 7d 3h Qh]
Seat 1: robercarlos3 folded before Flop (didn't bet)
Seat 2: 3aekTpeBoMaH collected ($43.43)
Seat 3: Lucastitos folded on the Turn
Seat 4: Rdalonso (button) folded before Flop (didn't bet)
Seat 5: Nicedaymybro (small blind) folded before Flop
Seat 6: DL1B (big blind) folded before Flop



PokerStars Hand #254472268946:  Hold'em No Limit ($0.50/$1.00 USD) - 2025/01/20 19:35:20 WET [2025/01/20 14:35:20 ET]
Table 'Euboea IV' 6-max Seat #5 is the button
Seat 1: robercarlos3 ($109.87 in chips) 
Seat 2: 3aekTpeBoMaH ($69.25 in chips) 
Seat 3: Lucastitos ($100 in chips) 
Seat 4: Rdalonso ($100 in chips) 
Seat 5: Nicedaymybro ($100 in chips) 
Seat 6: DL1B ($100 in chips) 
DL1B: posts small blind $0.50
robercarlos3: posts big blind $1
*** HOLE CARDS ***
3aekTpeBoMaH: folds 
Lucastitos: folds 
Rdalonso: folds 
Nicedaymybro: folds 
DL1B: folds 
Uncalled bet ($0.50) returned to robercarlos3
robercarlos3 collected $1 from pot
robercarlos3: doesn't show hand 
*** SUMMARY ***
Total pot $1 | Rake $0 
Seat 1: robercarlos3 (big blind) collected ($1)
Seat 2: 3aekTpeBoMaH folded before Flop (didn't bet)
Seat 3: Lucastitos folded before Flop (didn't bet)
Seat 4: Rdalonso folded before Flop (didn't bet)
Seat 5: Nicedaymybro (button) folded before Flop (didn't bet)
Seat 6: DL1B (small blind) folded before Flop



PokerStars Hand #254472272902:  Hold'em No Limit ($0.50/$1.00 USD) - 2025/01/20 19:35:33 WET [2025/01/20 14:35:33 ET]
Table 'Euboea IV' 6-max Seat #6 is the button
Seat 1: robercarlos3 ($110.37 in chips) 
Seat 2: 3aekTpeBoMaH ($69.25 in chips) 
Seat 3: Lucastitos ($100 in chips) 
Seat 4: Rdalonso ($100 in chips) 
Seat 5: Nicedaymybro ($100 in chips) 
Seat 6: DL1B ($100 in chips) 
robercarlos3: posts small blind $0.50
3aekTpeBoMaH: posts big blind $1
*** HOLE CARDS ***
Lucastitos: folds 
Rdalonso: folds 
Nicedaymybro: raises $1.50 to $2.50
DL1B: folds 
robercarlos3: folds 
3aekTpeBoMaH: calls $1.50
*** FLOP *** [9h 9c 9s]
3aekTpeBoMaH: checks 
Nicedaymybro: bets $2.09
3aekTpeBoMaH: folds 
Uncalled bet ($2.09) returned to Nicedaymybro
Nicedaymybro collected $5.22 from pot
Nicedaymybro: doesn't show hand 
*** SUMMARY ***
Total pot $5.50 | Rake $0.28 
Board [9h 9c 9s]
Seat 1: robercarlos3 (small blind) folded before Flop
Seat 2: 3aekTpeBoMaH (big blind) folded on the Flop
Seat 3: Lucastitos folded before Flop (didn't bet)
Seat 4: Rdalonso folded before Flop (didn't bet)
Seat 5: Nicedaymybro collected ($5.22)
Seat 6: DL1B (button) folded before Flop (didn't bet)



PokerStars Hand #254472283250:  Hold'em No Limit ($0.50/$1.00 USD) - 2025/01/20 19:36:08 WET [2025/01/20 14:36:08 ET]
Table 'Euboea IV' 6-max Seat #1 is the button
Seat 1: robercarlos3 ($109.87 in chips) 
Seat 2: 3aekTpeBoMaH ($66.75 in chips) 
Seat 3: Lucastitos ($100 in chips) 
Seat 4: Rdalonso ($100 in chips) 
Seat 5: Nicedaymybro ($102.72 in chips) 
Seat 6: DL1B ($100 in chips) 
3aekTpeBoMaH: posts small blind $0.50
Lucastitos: posts big blind $1
*** HOLE CARDS ***
Rdalonso: folds 
Nicedaymybro: raises $1.50 to $2.50
DL1B: folds 
robercarlos3: folds 
3aekTpeBoMaH: folds 
Lucastitos: folds 
Uncalled bet ($1.50) returned to Nicedaymybro
Nicedaymybro collected $2.50 from pot
Nicedaymybro: doesn't show hand 
*** SUMMARY ***
Total pot $2.50 | Rake $0 
Seat 1: robercarlos3 (button) folded before Flop (didn't bet)
Seat 2: 3aekTpeBoMaH (small blind) folded before Flop
Seat 3: Lucastitos (big blind) folded before Flop
Seat 4: Rdalonso folded before Flop (didn't bet)
Seat 5: Nicedaymybro collected ($2.50)
Seat 6: DL1B folded before Flop (didn't bet)



PokerStars Hand #254472288399:  Hold'em No Limit ($0.50/$1.00 USD) - 2025/01/20 19:36:25 WET [2025/01/20 14:36:25 ET]
Table 'Euboea IV' 6-max Seat #2 is the button
Seat 1: robercarlos3 ($109.87 in chips) 
Seat 2: 3aekTpeBoMaH ($66.25 in chips) 
Seat 3: Lucastitos ($100 in chips) 
Seat 4: Rdalonso ($100 in chips) 
Seat 5: Nicedaymybro ($104.22 in chips) 
Seat 6: DL1B ($100 in chips) 
Lucastitos: posts small blind $0.50
Rdalonso: posts big blind $1
*** HOLE CARDS ***
Nicedaymybro: raises $1.50 to $2.50
DL1B: folds 
robercarlos3: raises $5.25 to $7.75
3aekTpeBoMaH: folds 
Lucastitos: folds 
Rdalonso: folds 
Nicedaymybro: calls $5.25
*** FLOP *** [4d 7h Qc]
Nicedaymybro: checks 
robercarlos3: bets $5.17
Nicedaymybro: calls $5.17
*** TURN *** [4d 7h Qc] [6s]
Nicedaymybro: checks 
robercarlos3: checks 
*** RIVER *** [4d 7h Qc 6s] [Js]
Nicedaymybro: checks 
robercarlos3: checks 
*** SHOW DOWN ***
Nicedaymybro: shows [Th Tc] (a pair of Tens)
robercarlos3: mucks hand 
Nicedaymybro collected $25.97 from pot
*** SUMMARY ***
Total pot $27.34 | Rake $1.37 
Board [4d 7h Qc 6s Js]
Seat 1: robercarlos3 mucked
Seat 2: 3aekTpeBoMaH (button) folded before Flop (didn't bet)
Seat 3: Lucastitos (small blind) folded before Flop
Seat 4: Rdalonso (big blind) folded before Flop
Seat 5: Nicedaymybro showed [Th Tc] and won ($25.97) with a pair of Tens
Seat 6: DL1B folded before Flop (didn't bet)



PokerStars Hand #254472305140:  Hold'em No Limit ($0.50/$1.00 USD) - 2025/01/20 19:37:21 WET [2025/01/20 14:37:21 ET]
Table 'Euboea IV' 6-max Seat #3 is the button
Seat 1: robercarlos3 ($100 in chips) 
Seat 2: 3aekTpeBoMaH ($66.25 in chips) 
Seat 3: Lucastitos ($100 in chips) 
Seat 4: Rdalonso ($100 in chips) 
Seat 5: Nicedaymybro ($117.27 in chips) 
Seat 6: DL1B ($100 in chips) 
Rdalonso: posts small blind $0.50
Nicedaymybro: posts big blind $1
*** HOLE CARDS ***
DL1B: folds 
robercarlos3: folds 
3aekTpeBoMaH: raises $1 to $2
Lucastitos: folds 
Rdalonso: folds 
Nicedaymybro: folds 
Uncalled bet ($1) returned to 3aekTpeBoMaH
3aekTpeBoMaH collected $2.50 from pot
3aekTpeBoMaH: doesn't show hand 
*** SUMMARY ***
Total pot $2.50 | Rake $0 
Seat 1: robercarlos3 folded before Flop (didn't bet)
Seat 2: 3aekTpeBoMaH collected ($2.50)
Seat 3: Lucastitos (button) folded before Flop (didn't bet)
Seat 4: Rdalonso (small blind) folded before Flop
Seat 5: Nicedaymybro (big blind) folded before Flop
Seat 6: DL1B folded before Flop (didn't bet)



PokerStars Hand #254472310889:  Hold'em No Limit ($0.50/$1.00 USD) - 2025/01/20 19:37:41 WET [2025/01/20 14:37:41 ET]
Table 'Euboea IV' 6-max Seat #4 is the button
Seat 1: robercarlos3 ($100 in chips) 
Seat 2: 3aekTpeBoMaH ($67.75 in chips) 
Seat 3: Lucastitos ($100 in chips) 
Seat 4: Rdalonso ($100 in chips) 
Seat 5: Nicedaymybro ($116.27 in chips) 
Seat 6: DL1B ($100 in chips) 
Nicedaymybro: posts small blind $0.50
DL1B: posts big blind $1
*** HOLE CARDS ***
robercarlos3: folds 
3aekTpeBoMaH: folds 
Lucastitos: folds 
Rdalonso: folds 
Nicedaymybro: raises $2 to $3
DL1B: folds 
Uncalled bet ($2) returned to Nicedaymybro
Nicedaymybro collected $2 from pot
Nicedaymybro: doesn't show hand 
*** SUMMARY ***
Total pot $2 | Rake $0 
Seat 1: robercarlos3 folded before Flop (didn't bet)
Seat 2: 3aekTpeBoMaH folded before Flop (didn't bet)
Seat 3: Lucastitos folded before Flop (didn't bet)
Seat 4: Rdalonso (button) folded before Flop (didn't bet)
Seat 5: Nicedaymybro (small blind) collected ($2)
Seat 6: DL1B (big blind) folded before Flop



PokerStars Hand #254472317129:  Hold'em No Limit ($0.50/$1.00 USD) - 2025/01/20 19:38:01 WET [2025/01/20 14:38:01 ET]
Table 'Euboea IV' 6-max Seat #5 is the button
Seat 1: robercarlos3 ($100 in chips) 
Seat 2: 3aekTpeBoMaH ($67.75 in chips) 
Seat 3: Lucastitos ($100 in chips) 
Seat 4: Rdalonso ($100 in chips) 
Seat 5: Nicedaymybro ($117.27 in chips) 
Seat 6: DL1B ($100 in chips) 
DL1B: posts small blind $0.50
robercarlos3: posts big blind $1
*** HOLE CARDS ***
3aekTpeBoMaH: folds 
Lucastitos: folds 
Rdalonso: folds 
Nicedaymybro: raises $1.50 to $2.50
DL1B: folds 
robercarlos3: folds 
Uncalled bet ($1.50) returned to Nicedaymybro
Nicedaymybro collected $2.50 from pot
Nicedaymybro: doesn't show hand 
*** SUMMARY ***
Total pot $2.50 | Rake $0 
Seat 1: robercarlos3 (big blind) folded before Flop
Seat 2: 3aekTpeBoMaH folded before Flop (didn't bet)
Seat 3: Lucastitos folded before Flop (didn't bet)
Seat 4: Rdalonso folded before Flop (didn't bet)
Seat 5: Nicedaymybro (button) collected ($2.50)
Seat 6: DL1B (small blind) folded before Flop



PokerStars Hand #254472322275:  Hold'em No Limit ($0.50/$1.00 USD) - 2025/01/20 19:38:19 WET [2025/01/20 14:38:19 ET]
Table 'Euboea IV' 6-max Seat #6 is the button
Seat 1: robercarlos3 ($100 in chips) 
Seat 2: 3aekTpeBoMaH ($67.75 in chips) 
Seat 3: Lucastitos ($100 in chips) 
Seat 4: Rdalonso ($100 in chips) 
Seat 5: Nicedaymybro ($118.77 in chips) 
Seat 6: DL1B ($100 in chips) 
robercarlos3: posts small blind $0.50
3aekTpeBoMaH: posts big blind $1
*** HOLE CARDS ***
Lucastitos: raises $1 to $2
Rdalonso: folds 
Nicedaymybro: raises $5 to $7
DL1B: folds 
robercarlos3: folds 
3aekTpeBoMaH: folds 
Lucastitos: folds 
Uncalled bet ($5) returned to Nicedaymybro
Nicedaymybro collected $5.50 from pot
Nicedaymybro: doesn't show hand 
*** SUMMARY ***
Total pot $5.50 | Rake $0 
Seat 1: robercarlos3 (small blind) folded before Flop
Seat 2: 3aekTpeBoMaH (big blind) folded before Flop
Seat 3: Lucastitos folded before Flop
Seat 4: Rdalonso folded before Flop (didn't bet)
Seat 5: Nicedaymybro collected ($5.50)
Seat 6: DL1B (button) folded before Flop (didn't bet)



PokerStars Hand #254472329321:  Hold'em No Limit ($0.50/$1.00 USD) - 2025/01/20 19:38:42 WET [2025/01/20 14:38:42 ET]
Table 'Euboea IV' 6-max Seat #1 is the button
Seat 1: robercarlos3 ($100 in chips) 
Seat 2: 3aekTpeBoMaH ($66.75 in chips) 
Seat 3: Lucastitos ($100 in chips) 
Seat 4: Rdalonso ($100 in chips) 
Seat 5: Nicedaymybro ($122.27 in chips) 
Seat 6: DL1B ($100 in chips) 
3aekTpeBoMaH: posts small blind $0.50
Lucastitos: posts big blind $1
*** HOLE CARDS ***
Rdalonso: folds 
Nicedaymybro: folds 
DL1B: folds 
robercarlos3: raises $1.50 to $2.50
3aekTpeBoMaH: folds 
Lucastitos: folds 
Uncalled bet ($1.50) returned to robercarlos3
robercarlos3 collected $2.50 from pot
robercarlos3: doesn't show hand 
*** SUMMARY ***
Total pot $2.50 | Rake $0 
Seat 1: robercarlos3 (button) collected ($2.50)
Seat 2: 3aekTpeBoMaH (small blind) folded before Flop
Seat 3: Lucastitos (big blind) folded before Flop
Seat 4: Rdalonso folded before Flop (didn't bet)
Seat 5: Nicedaymybro folded before Flop (didn't bet)
Seat 6: DL1B folded before Flop (didn't bet)



PokerStars Hand #254472332861:  Hold'em No Limit ($0.50/$1.00 USD) - 2025/01/20 19:38:53 WET [2025/01/20 14:38:53 ET]
Table 'Euboea IV' 6-max Seat #2 is the button
Seat 1: robercarlos3 ($101.50 in chips) 
Seat 2: 3aekTpeBoMaH ($66.25 in chips) 
Seat 3: Lucastitos ($100 in chips) 
Seat 4: Rdalonso ($100 in chips) 
Seat 5: Nicedaymybro ($122.27 in chips) 
Seat 6: DL1B ($100 in chips) 
Lucastitos: posts small blind $0.50
Rdalonso: posts big blind $1
*** HOLE CARDS ***
Nicedaymybro: folds 
DL1B: folds 
robercarlos3: folds 
3aekTpeBoMaH: folds 
Lucastitos: raises $1.90 to $2.90
Rdalonso: calls $1.90
*** FLOP *** [Ac Qh 3h]
Lucastitos: bets $1.49
Rdalonso: folds 
Uncalled bet ($1.49) returned to Lucastitos
Lucastitos collected $5.51 from pot
Lucastitos: doesn't show hand 
*** SUMMARY ***
Total pot $5.80 | Rake $0.29 
Board [Ac Qh 3h]
Seat 1: robercarlos3 folded before Flop (didn't bet)
Seat 2: 3aekTpeBoMaH (button) folded before Flop (didn't bet)
Seat 3: Lucastitos (small blind) collected ($5.51)
Seat 4: Rdalonso (big blind) folded on the Flop
Seat 5: Nicedaymybro folded before Flop (didn't bet)
Seat 6: DL1B folded before Flop (didn't bet)



PokerStars Hand #254472344897:  Hold'em No Limit ($0.50/$1.00 USD) - 2025/01/20 19:39:33 WET [2025/01/20 14:39:33 ET]
Table 'Euboea IV' 6-max Seat #3 is the button
Seat 1: robercarlos3 ($101.50 in chips) 
Seat 2: 3aekTpeBoMaH ($66.25 in chips) 
Seat 3: Lucastitos ($102.61 in chips) 
Seat 4: Rdalonso ($100 in chips) 
Seat 5: Nicedaymybro ($122.27 in chips) 
Seat 6: DL1B ($100 in chips) 
Rdalonso: posts small blind $0.50
Nicedaymybro: posts big blind $1
*** HOLE CARDS ***
DL1B: folds 
robercarlos3: folds 
3aekTpeBoMaH: folds 
Lucastitos: folds 
Rdalonso: folds 
Uncalled bet ($0.50) returned to Nicedaymybro
Nicedaymybro collected $1 from pot
Nicedaymybro: doesn't show hand 
*** SUMMARY ***
Total pot $1 | Rake $0 
Seat 1: robercarlos3 folded before Flop (didn't bet)
Seat 2: 3aekTpeBoMaH folded before Flop (didn't bet)
Seat 3: Lucastitos (button) folded before Flop (didn't bet)
Seat 4: Rdalonso (small blind) folded before Flop
Seat 5: Nicedaymybro (big blind) collected ($1)
Seat 6: DL1B folded before Flop (didn't bet)



PokerStars Hand #254472349764:  Hold'em No Limit ($0.50/$1.00 USD) - 2025/01/20 19:39:49 WET [2025/01/20 14:39:49 ET]
Table 'Euboea IV' 6-max Seat #4 is the button
Seat 1: robercarlos3 ($101.50 in chips) 
Seat 2: 3aekTpeBoMaH ($66.25 in chips) 
Seat 3: Lucastitos ($102.61 in chips) 
Seat 4: Rdalonso ($100 in chips) 
Seat 5: Nicedaymybro ($122.77 in chips) 
Seat 6: DL1B ($100 in chips) 
Nicedaymybro: posts small blind $0.50
DL1B: posts big blind $1
*** HOLE CARDS ***
robercarlos3: folds 
3aekTpeBoMaH: folds 
Lucastitos: folds 
Rdalonso: folds 
Nicedaymybro: folds 
Uncalled bet ($0.50) returned to DL1B
DL1B collected $1 from pot
DL1B: doesn't show hand 
*** SUMMARY ***
Total pot $1 | Rake $0 
Seat 1: robercarlos3 folded before Flop (didn't bet)
Seat 2: 3aekTpeBoMaH folded before Flop (didn't bet)
Seat 3: Lucastitos folded before Flop (didn't bet)
Seat 4: Rdalonso (button) folded before Flop (didn't bet)
Seat 5: Nicedaymybro (small blind) folded before Flop
Seat 6: DL1B (big blind) collected ($1)



PokerStars Hand #254472353461:  Hold'em No Limit ($0.50/$1.00 USD) - 2025/01/20 19:40:02 WET [2025/01/20 14:40:02 ET]
Table 'Euboea IV' 6-max Seat #5 is the button
Seat 1: robercarlos3 ($101.50 in chips) 
Seat 2: 3aekTpeBoMaH ($66.25 in chips) 
Seat 3: Lucastitos ($102.61 in chips) 
Seat 4: Rdalonso ($100 in chips) 
Seat 5: Nicedaymybro ($122.27 in chips) 
Seat 6: DL1B ($100.50 in chips) 
DL1B: posts small blind $0.50
robercarlos3: posts big blind $1
*** HOLE CARDS ***
3aekTpeBoMaH: folds 
Lucastitos: raises $1.10 to $2.10
Rdalonso: folds 
Rdalonso leaves the table
Nicedaymybro: folds 
DL1B: folds 
robercarlos3: folds 
Uncalled bet ($1.10) returned to Lucastitos
Lucastitos collected $2.50 from pot
Lucastitos: doesn't show hand 
BoyLoc0 joins the table at seat #4 
*** SUMMARY ***
Total pot $2.50 | Rake $0 
Seat 1: robercarlos3 (big blind) folded before Flop
Seat 2: 3aekTpeBoMaH folded before Flop (didn't bet)
Seat 3: Lucastitos collected ($2.50)
Seat 4: Rdalonso folded before Flop (didn't bet)
Seat 5: Nicedaymybro (button) folded before Flop (didn't bet)
Seat 6: DL1B (small blind) folded before Flop



PokerStars Hand #254472358298:  Hold'em No Limit ($0.50/$1.00 USD) - 2025/01/20 19:40:18 WET [2025/01/20 14:40:18 ET]
Table 'Euboea IV' 6-max Seat #6 is the button
Seat 4: BoyLoc0 ($100 in chips) is sitting out
Seat 1: robercarlos3 ($100.50 in chips) 
Seat 2: 3aekTpeBoMaH ($66.25 in chips) 
Seat 3: Lucastitos ($104.11 in chips) 
Seat 5: Nicedaymybro ($122.27 in chips) 
Seat 6: DL1B ($100 in chips) 
robercarlos3: posts small blind $0.50
3aekTpeBoMaH: posts big blind $1
BoyLoc0: sits out 
*** HOLE CARDS ***
Lucastitos: folds 
Nicedaymybro: folds 
DL1B: raises $1.50 to $2.50
robercarlos3: folds 
3aekTpeBoMaH: folds 
Uncalled bet ($1.50) returned to DL1B
DL1B collected $2.50 from pot
DL1B: doesn't show hand 
*** SUMMARY ***
Total pot $2.50 | Rake $0 
Seat 4: BoyLoc0
Seat 1: robercarlos3 (small blind) folded before Flop
Seat 2: 3aekTpeBoMaH (big blind) folded before Flop
Seat 3: Lucastitos folded before Flop (didn't bet)
Seat 5: Nicedaymybro folded before Flop (didn't bet)
Seat 6: DL1B (button) collected ($2.50)



PokerStars Hand #254472362201:  Hold'em No Limit ($0.50/$1.00 USD) - 2025/01/20 19:40:31 WET [2025/01/20 14:40:31 ET]
Table 'Euboea IV' 6-max Seat #1 is the button
Seat 4: BoyLoc0 ($100 in chips) is sitting out
Seat 1: robercarlos3 ($100 in chips) 
Seat 2: 3aekTpeBoMaH ($65.25 in chips) 
Seat 3: Lucastitos ($104.11 in chips) 
Seat 5: Nicedaymybro ($122.27 in chips) 
Seat 6: DL1B ($101.50 in chips) 
3aekTpeBoMaH: posts small blind $0.50
Lucastitos: posts big blind $1
BoyLoc0: sits out 
*** HOLE CARDS ***
Nicedaymybro: folds 
DL1B: folds 
robercarlos3: folds 
3aekTpeBoMaH: raises $1 to $2
Lucastitos: folds 
Uncalled bet ($1) returned to 3aekTpeBoMaH
3aekTpeBoMaH collected $2 from pot
3aekTpeBoMaH: doesn't show hand 
*** SUMMARY ***
Total pot $2 | Rake $0 
Seat 4: BoyLoc0
Seat 1: robercarlos3 (button) folded before Flop (didn't bet)
Seat 2: 3aekTpeBoMaH (small blind) collected ($2)
Seat 3: Lucastitos (big blind) folded before Flop
Seat 5: Nicedaymybro folded before Flop (didn't bet)
Seat 6: DL1B folded before Flop (didn't bet)



PokerStars Hand #254472366570:  Hold'em No Limit ($0.50/$1.00 USD) - 2025/01/20 19:40:45 WET [2025/01/20 14:40:45 ET]
Table 'Euboea IV' 6-max Seat #2 is the button
Seat 1: robercarlos3 ($100 in chips) 
Seat 2: 3aekTpeBoMaH ($66.25 in chips) 
Seat 3: Lucastitos ($103.11 in chips) 
Seat 4: BoyLoc0 ($100 in chips) 
Seat 5: Nicedaymybro ($122.27 in chips) 
Seat 6: DL1B ($101.50 in chips) 
Lucastitos: posts small blind $0.50
BoyLoc0: posts big blind $1
*** HOLE CARDS ***
Nicedaymybro: raises $1.50 to $2.50
DL1B: folds 
robercarlos3: folds 
3aekTpeBoMaH: folds 
Lucastitos: folds 
BoyLoc0: folds 
Uncalled bet ($1.50) returned to Nicedaymybro
Nicedaymybro collected $2.50 from pot
Nicedaymybro: doesn't show hand 
*** SUMMARY ***
Total pot $2.50 | Rake $0 
Seat 1: robercarlos3 folded before Flop (didn't bet)
Seat 2: 3aekTpeBoMaH (button) folded before Flop (didn't bet)
Seat 3: Lucastitos (small blind) folded before Flop
Seat 4: BoyLoc0 (big blind) folded before Flop
Seat 5: Nicedaymybro collected ($2.50)
Seat 6: DL1B folded before Flop (didn't bet)



PokerStars Hand #254472370296:  Hold'em No Limit ($0.50/$1.00 USD) - 2025/01/20 19:40:58 WET [2025/01/20 14:40:58 ET]
Table 'Euboea IV' 6-max Seat #3 is the button
Seat 1: robercarlos3 ($100 in chips) 
Seat 2: 3aekTpeBoMaH ($66.25 in chips) 
Seat 3: Lucastitos ($102.61 in chips) 
Seat 4: BoyLoc0 ($100 in chips) 
Seat 5: Nicedaymybro ($123.77 in chips) 
Seat 6: DL1B ($101.50 in chips) 
BoyLoc0: posts small blind $0.50
Nicedaymybro: posts big blind $1
*** HOLE CARDS ***
DL1B: folds 
robercarlos3: folds 
3aekTpeBoMaH: folds 
Lucastitos: folds 
BoyLoc0: folds 
Uncalled bet ($0.50) returned to Nicedaymybro
Nicedaymybro collected $1 from pot
Nicedaymybro: doesn't show hand 
*** SUMMARY ***
Total pot $1 | Rake $0 
Seat 1: robercarlos3 folded before Flop (didn't bet)
Seat 2: 3aekTpeBoMaH folded before Flop (didn't bet)
Seat 3: Lucastitos (button) folded before Flop (didn't bet)
Seat 4: BoyLoc0 (small blind) folded before Flop
Seat 5: Nicedaymybro (big blind) collected ($1)
Seat 6: DL1B folded before Flop (didn't bet)



PokerStars Hand #254472375824:  Hold'em No Limit ($0.50/$1.00 USD) - 2025/01/20 19:41:17 WET [2025/01/20 14:41:17 ET]
Table 'Euboea IV' 6-max Seat #4 is the button
Seat 1: robercarlos3 ($100 in chips) 
Seat 2: 3aekTpeBoMaH ($66.25 in chips) 
Seat 3: Lucastitos ($102.61 in chips) 
Seat 4: BoyLoc0 ($100 in chips) 
Seat 5: Nicedaymybro ($124.27 in chips) 
Seat 6: DL1B ($101.50 in chips) 
Nicedaymybro: posts small blind $0.50
DL1B: posts big blind $1
*** HOLE CARDS ***
robercarlos3: folds 
3aekTpeBoMaH: raises $2 to $3
Lucastitos: folds 
BoyLoc0: folds 
Nicedaymybro: folds 
DL1B: calls $2
*** FLOP *** [Kc 7d 7c]
DL1B: checks 
3aekTpeBoMaH: bets $3
DL1B: calls $3
*** TURN *** [Kc 7d 7c] [3c]
DL1B: checks 
3aekTpeBoMaH: bets $9.88
DL1B: calls $9.88
*** RIVER *** [Kc 7d 7c 3c] [Ah]
DL1B: checks 
3aekTpeBoMaH: checks 
*** SHOW DOWN ***
DL1B: shows [Kd Jh] (two pair, Kings and Sevens)
3aekTpeBoMaH: shows [6d Ad] (two pair, Aces and Sevens)
3aekTpeBoMaH collected $30.65 from pot
*** SUMMARY ***
Total pot $32.26 | Rake $1.61 
Board [Kc 7d 7c 3c Ah]
Seat 1: robercarlos3 folded before Flop (didn't bet)
Seat 2: 3aekTpeBoMaH showed [6d Ad] and won ($30.65) with two pair, Aces and Sevens
Seat 3: Lucastitos folded before Flop (didn't bet)
Seat 4: BoyLoc0 (button) folded before Flop (didn't bet)
Seat 5: Nicedaymybro (small blind) folded before Flop
Seat 6: DL1B (big blind) showed [Kd Jh] and lost with two pair, Kings and Sevens



PokerStars Hand #254472389267:  Hold'em No Limit ($0.50/$1.00 USD) - 2025/01/20 19:42:01 WET [2025/01/20 14:42:01 ET]
Table 'Euboea IV' 6-max Seat #5 is the button
Seat 1: robercarlos3 ($100 in chips) 
Seat 2: 3aekTpeBoMaH ($81.02 in chips) 
Seat 3: Lucastitos ($102.61 in chips) 
Seat 4: BoyLoc0 ($100 in chips) 
Seat 5: Nicedaymybro ($123.77 in chips) 
Seat 6: DL1B ($100 in chips) 
DL1B: posts small blind $0.50
robercarlos3: posts big blind $1
*** HOLE CARDS ***
3aekTpeBoMaH: folds 
Lucastitos: raises $1.10 to $2.10
BoyLoc0: folds 
Nicedaymybro: folds 
DL1B: folds 
robercarlos3: calls $1.10
*** FLOP *** [3c 2c 8s]
robercarlos3: checks 
Lucastitos: checks 
*** TURN *** [3c 2c 8s] [Ac]
robercarlos3: checks 
Lucastitos: bets $1.47
robercarlos3: folds 
Uncalled bet ($1.47) returned to Lucastitos
Lucastitos collected $4.46 from pot
Lucastitos: doesn't show hand 
*** SUMMARY ***
Total pot $4.70 | Rake $0.24 
Board [3c 2c 8s Ac]
Seat 1: robercarlos3 (big blind) folded on the Turn
Seat 2: 3aekTpeBoMaH folded before Flop (didn't bet)
Seat 3: Lucastitos collected ($4.46)
Seat 4: BoyLoc0 folded before Flop (didn't bet)
Seat 5: Nicedaymybro (button) folded before Flop (didn't bet)
Seat 6: DL1B (small blind) folded before Flop



PokerStars Hand #254472402589:  Hold'em No Limit ($0.50/$1.00 USD) - 2025/01/20 19:42:45 WET [2025/01/20 14:42:45 ET]
Table 'Euboea IV' 6-max Seat #6 is the button
Seat 1: robercarlos3 ($100 in chips) 
Seat 2: 3aekTpeBoMaH ($81.02 in chips) 
Seat 3: Lucastitos ($104.97 in chips) 
Seat 4: BoyLoc0 ($100 in chips) 
Seat 5: Nicedaymybro ($123.77 in chips) 
Seat 6: DL1B ($100 in chips) 
robercarlos3: posts small blind $0.50
3aekTpeBoMaH: posts big blind $1
*** HOLE CARDS ***
Lucastitos: folds 
BoyLoc0: folds 
Nicedaymybro: raises $1.50 to $2.50
DL1B: calls $2.50
robercarlos3: folds 
3aekTpeBoMaH: calls $1.50
*** FLOP *** [7d Ad Jc]
3aekTpeBoMaH: checks 
Nicedaymybro: checks 
DL1B: checks 
*** TURN *** [7d Ad Jc] [Qs]
3aekTpeBoMaH: checks 
Nicedaymybro: bets $3.80
DL1B: calls $3.80
3aekTpeBoMaH: folds 
*** RIVER *** [7d Ad Jc Qs] [5h]
Nicedaymybro: bets $9.77
DL1B: folds 
Uncalled bet ($9.77) returned to Nicedaymybro
Nicedaymybro collected $14.82 from pot
Nicedaymybro: doesn't show hand 
*** SUMMARY ***
Total pot $15.60 | Rake $0.78 
Board [7d Ad Jc Qs 5h]
Seat 1: robercarlos3 (small blind) folded before Flop
Seat 2: 3aekTpeBoMaH (big blind) folded on the Turn
Seat 3: Lucastitos folded before Flop (didn't bet)
Seat 4: BoyLoc0 folded before Flop (didn't bet)
Seat 5: Nicedaymybro collected ($14.82)
Seat 6: DL1B (button) folded on the River



PokerStars Hand #254472420190:  Hold'em No Limit ($0.50/$1.00 USD) - 2025/01/20 19:43:44 WET [2025/01/20 14:43:44 ET]
Table 'Euboea IV' 6-max Seat #1 is the button
Seat 1: robercarlos3 ($100 in chips) 
Seat 2: 3aekTpeBoMaH ($78.52 in chips) 
Seat 3: Lucastitos ($104.97 in chips) 
Seat 4: BoyLoc0 ($100 in chips) 
Seat 5: Nicedaymybro ($132.29 in chips) 
Seat 6: DL1B ($100 in chips) 
3aekTpeBoMaH: posts small blind $0.50
Lucastitos: posts big blind $1
*** HOLE CARDS ***
BoyLoc0: folds 
Nicedaymybro: raises $1.50 to $2.50
DL1B: folds 
robercarlos3: folds 
3aekTpeBoMaH: folds 
Lucastitos: folds 
Uncalled bet ($1.50) returned to Nicedaymybro
Nicedaymybro collected $2.50 from pot
Nicedaymybro: doesn't show hand 
*** SUMMARY ***
Total pot $2.50 | Rake $0 
Seat 1: robercarlos3 (button) folded before Flop (didn't bet)
Seat 2: 3aekTpeBoMaH (small blind) folded before Flop
Seat 3: Lucastitos (big blind) folded before Flop
Seat 4: BoyLoc0 folded before Flop (didn't bet)
Seat 5: Nicedaymybro collected ($2.50)
Seat 6: DL1B folded before Flop (didn't bet)



PokerStars Hand #254472426595:  Hold'em No Limit ($0.50/$1.00 USD) - 2025/01/20 19:44:06 WET [2025/01/20 14:44:06 ET]
Table 'Euboea IV' 6-max Seat #2 is the button
Seat 1: robercarlos3 ($100 in chips) 
Seat 2: 3aekTpeBoMaH ($78.02 in chips) 
Seat 3: Lucastitos ($103.97 in chips) 
Seat 4: BoyLoc0 ($100 in chips) 
Seat 5: Nicedaymybro ($133.79 in chips) 
Seat 6: DL1B ($100 in chips) 
Lucastitos: posts small blind $0.50
BoyLoc0: posts big blind $1
*** HOLE CARDS ***
Nicedaymybro: folds 
DL1B: folds 
robercarlos3: folds 
3aekTpeBoMaH: folds 
Lucastitos: folds 
Uncalled bet ($0.50) returned to BoyLoc0
BoyLoc0 collected $1 from pot
BoyLoc0: doesn't show hand 
*** SUMMARY ***
Total pot $1 | Rake $0 
Seat 1: robercarlos3 folded before Flop (didn't bet)
Seat 2: 3aekTpeBoMaH (button) folded before Flop (didn't bet)
Seat 3: Lucastitos (small blind) folded before Flop
Seat 4: BoyLoc0 (big blind) collected ($1)
Seat 5: Nicedaymybro folded before Flop (didn't bet)
Seat 6: DL1B folded before Flop (didn't bet)



PokerStars Hand #254472431201:  Hold'em No Limit ($0.50/$1.00 USD) - 2025/01/20 19:44:21 WET [2025/01/20 14:44:21 ET]
Table 'Euboea IV' 6-max Seat #3 is the button
Seat 5: Nicedaymybro ($133.79 in chips) is sitting out
Seat 1: robercarlos3 ($100 in chips) 
Seat 2: 3aekTpeBoMaH ($78.02 in chips) 
Seat 3: Lucastitos ($103.47 in chips) 
Seat 4: BoyLoc0 ($100.50 in chips) 
Seat 6: DL1B ($100 in chips) 
BoyLoc0: posts small blind $0.50
Nicedaymybro: is sitting out 
DL1B: posts big blind $1
*** HOLE CARDS ***
Nicedaymybro leaves the table
robercarlos3: folds 
3aekTpeBoMaH: folds 
Lucastitos: folds 
BoyLoc0: raises $2 to $3
mariofcd joins the table at seat #5 
DL1B: raises $7 to $10
BoyLoc0: folds 
Uncalled bet ($7) returned to DL1B
DL1B collected $6 from pot
DL1B: doesn't show hand 
*** SUMMARY ***
Total pot $6 | Rake $0 
Seat 5: Nicedaymybro
Seat 1: robercarlos3 folded before Flop (didn't bet)
Seat 2: 3aekTpeBoMaH folded before Flop (didn't bet)
Seat 3: Lucastitos (button) folded before Flop (didn't bet)
Seat 4: BoyLoc0 (small blind) folded before Flop
Seat 6: DL1B (big blind) collected ($6)



PokerStars Hand #254472440251:  Hold'em No Limit ($0.50/$1.00 USD) - 2025/01/20 19:44:50 WET [2025/01/20 14:44:50 ET]
Table 'Euboea IV' 6-max Seat #4 is the button
Seat 5: mariofcd ($100 in chips) is sitting out
Seat 1: robercarlos3 ($100 in chips) 
Seat 2: 3aekTpeBoMaH ($78.02 in chips) 
Seat 3: Lucastitos ($103.47 in chips) 
Seat 4: BoyLoc0 ($100 in chips) 
Seat 6: DL1B ($103 in chips) 
DL1B: posts small blind $0.50
robercarlos3: posts big blind $1
*** HOLE CARDS ***
3aekTpeBoMaH: raises $1 to $2
Lucastitos: folds 
BoyLoc0: folds 
DL1B: folds 
robercarlos3: calls $1
*** FLOP *** [7s Ad 5c]
robercarlos3: checks 
3aekTpeBoMaH: checks 
*** TURN *** [7s Ad 5c] [Th]
robercarlos3: bets $1.37
3aekTpeBoMaH: calls $1.37
*** RIVER *** [7s Ad 5c Th] [Ac]
robercarlos3: bets $5.30
3aekTpeBoMaH: folds 
Uncalled bet ($5.30) returned to robercarlos3
robercarlos3 collected $6.88 from pot
robercarlos3: doesn't show hand 
*** SUMMARY ***
Total pot $7.24 | Rake $0.36 
Board [7s Ad 5c Th Ac]
Seat 5: mariofcd
Seat 1: robercarlos3 (big blind) collected ($6.88)
Seat 2: 3aekTpeBoMaH folded on the River
Seat 3: Lucastitos folded before Flop (didn't bet)
Seat 4: BoyLoc0 (button) folded before Flop (didn't bet)
Seat 6: DL1B (small blind) folded before Flop



PokerStars Hand #254472458571:  Hold'em No Limit ($0.50/$1.00 USD) - 2025/01/20 19:45:51 WET [2025/01/20 14:45:51 ET]
Table 'Euboea IV' 6-max Seat #6 is the button
Seat 5: mariofcd ($100 in chips) is sitting out
Seat 1: robercarlos3 ($103.51 in chips) 
Seat 2: 3aekTpeBoMaH ($74.65 in chips) 
Seat 3: Lucastitos ($103.47 in chips) 
Seat 4: BoyLoc0 ($100 in chips) 
Seat 6: DL1B ($102.50 in chips) 
robercarlos3: posts small blind $0.50
3aekTpeBoMaH: posts big blind $1
mariofcd: sits out 
*** HOLE CARDS ***
Lucastitos: folds 
BoyLoc0: folds 
DL1B: raises $1.50 to $2.50
robercarlos3: folds 
3aekTpeBoMaH: folds 
Uncalled bet ($1.50) returned to DL1B
DL1B collected $2.50 from pot
DL1B: doesn't show hand 
*** SUMMARY ***
Total pot $2.50 | Rake $0 
Seat 5: mariofcd
Seat 1: robercarlos3 (small blind) folded before Flop
Seat 2: 3aekTpeBoMaH (big blind) folded before Flop
Seat 3: Lucastitos folded before Flop (didn't bet)
Seat 4: BoyLoc0 folded before Flop (didn't bet)
Seat 6: DL1B (button) collected ($2.50)



PokerStars Hand #254472465254:  Hold'em No Limit ($0.50/$1.00 USD) - 2025/01/20 19:46:12 WET [2025/01/20 14:46:12 ET]
Table 'Euboea IV' 6-max Seat #1 is the button
Seat 5: mariofcd ($100 in chips) is sitting out
Seat 1: robercarlos3 ($103.01 in chips) 
Seat 2: 3aekTpeBoMaH ($73.65 in chips) 
Seat 3: Lucastitos ($103.47 in chips) 
Seat 4: BoyLoc0 ($100 in chips) 
Seat 6: DL1B ($104 in chips) 
3aekTpeBoMaH: posts small blind $0.50
Lucastitos: posts big blind $1
mariofcd: sits out 
*** HOLE CARDS ***
BoyLoc0: folds 
DL1B: folds 
robercarlos3: raises $1.30 to $2.30
3aekTpeBoMaH: raises $3.30 to $5.60
Lucastitos: folds 
robercarlos3: calls $3.30
*** FLOP *** [9d 9h Jc]
3aekTpeBoMaH: bets $5
robercarlos3: calls $5
*** TURN *** [9d 9h Jc] [Jd]
3aekTpeBoMaH: bets $16.09
robercarlos3: calls $16.09
*** RIVER *** [9d 9h Jc Jd] [8s]
3aekTpeBoMaH: bets $46.96 and is all-in
robercarlos3: calls $46.96
*** SHOW DOWN ***
3aekTpeBoMaH: shows [Ac Kd] (two pair, Jacks and Nines)
robercarlos3: shows [Js Ad] (a full house, Jacks full of Nines)
robercarlos3 collected $145.80 from pot
*** SUMMARY ***
Total pot $148.30 | Rake $2.50 
Board [9d 9h Jc Jd 8s]
Seat 5: mariofcd
Seat 1: robercarlos3 (button) showed [Js Ad] and won ($145.80) with a full house, Jacks full of Nines
Seat 2: 3aekTpeBoMaH (small blind) showed [Ac Kd] and lost with two pair, Jacks and Nines
Seat 3: Lucastitos (big blind) folded before Flop
Seat 4: BoyLoc0 folded before Flop (didn't bet)
Seat 6: DL1B folded before Flop (didn't bet)



PokerStars Hand #254472481444:  Hold'em No Limit ($0.50/$1.00 USD) - 2025/01/20 19:47:06 WET [2025/01/20 14:47:06 ET]
Table 'Euboea IV' 6-max Seat #3 is the button
Seat 2: 3aekTpeBoMaH ($0 in chips) is sitting out
Seat 1: robercarlos3 ($175.16 in chips) 
Seat 3: Lucastitos ($102.47 in chips) 
Seat 4: BoyLoc0 ($100 in chips) 
Seat 5: mariofcd ($100 in chips) 
Seat 6: DL1B ($104 in chips) 
BoyLoc0: posts small blind $0.50
mariofcd: posts big blind $1
*** HOLE CARDS ***
3aekTpeBoMaH leaves the table
DL1B: folds 
robercarlos3: raises $1.30 to $2.30
Lucastitos: folds 
BoyLoc0: folds 
mariofcd: calls $1.30
*** FLOP *** [3s 9h 2c]
mariofcd: checks 
robercarlos3: bets $2.20
mariofcd: calls $2.20
*** TURN *** [3s 9h 2c] [Js]
mariofcd: checks 
ddyyjj joins the table at seat #2 
robercarlos3: bets $14
mariofcd: folds 
Uncalled bet ($14) returned to robercarlos3
robercarlos3 collected $9.02 from pot
robercarlos3: doesn't show hand 
*** SUMMARY ***
Total pot $9.50 | Rake $0.48 
Board [3s 9h 2c Js]
Seat 2: 3aekTpeBoMaH
Seat 1: robercarlos3 collected ($9.02)
Seat 3: Lucastitos (button) folded before Flop (didn't bet)
Seat 4: BoyLoc0 (small blind) folded before Flop
Seat 5: mariofcd (big blind) folded on the Turn
Seat 6: DL1B folded before Flop (didn't bet)



PokerStars Hand #254472494296:  Hold'em No Limit ($0.50/$1.00 USD) - 2025/01/20 19:47:48 WET [2025/01/20 14:47:48 ET]
Table 'Euboea IV' 6-max Seat #4 is the button
Seat 2: ddyyjj ($100 in chips) is sitting out
Seat 6: DL1B ($104 in chips) is sitting out
Seat 1: robercarlos3 ($179.68 in chips) 
Seat 3: Lucastitos ($102.47 in chips) 
Seat 4: BoyLoc0 ($100 in chips) 
Seat 5: mariofcd ($100 in chips) 
mariofcd: posts small blind $0.50
DL1B: is sitting out 
robercarlos3: posts big blind $1
ddyyjj: sits out 
*** HOLE CARDS ***
DL1B leaves the table
Lucastitos: folds 
BoyLoc0: folds 
mariofcd: raises $2 to $3
robercarlos3: raises $6 to $9
mariofcd: calls $6
*** FLOP *** [4d 9d 2d]
mariofcd: checks 
robercarlos3: bets $5.47
mariofcd: calls $5.47
*** TURN *** [4d 9d 2d] [8h]
mariofcd: checks 
robercarlos3: bets $21.51
mariofcd: calls $21.51
*** RIVER *** [4d 9d 2d 8h] [3h]
mariofcd: checks 
robercarlos3: bets $143.70 and is all-in
mariofcd: calls $64.02 and is all-in
Uncalled bet ($79.68) returned to robercarlos3
*** SHOW DOWN ***
robercarlos3: shows [7d 6d] (a flush, Nine high)
mariofcd: shows [9s As] (a pair of Nines)
robercarlos3 collected $199 from pot
*** SUMMARY ***
Total pot $200 | Rake $1 
Board [4d 9d 2d 8h 3h]
Seat 2: ddyyjj
Seat 6: DL1B
Seat 1: robercarlos3 (big blind) showed [7d 6d] and won ($199) with a flush, Nine high
Seat 3: Lucastitos folded before Flop (didn't bet)
Seat 4: BoyLoc0 (button) folded before Flop (didn't bet)
Seat 5: mariofcd (small blind) showed [9s As] and lost with a pair of Nines



PokerStars Hand #254472514931:  Hold'em No Limit ($0.50/$1.00 USD) - 2025/01/20 19:48:55 WET [2025/01/20 14:48:55 ET]
Table 'Euboea IV' 6-max Seat #5 is the button
Seat 1: robercarlos3 ($278.68 in chips) 
Seat 2: ddyyjj ($100 in chips) 
Seat 3: Lucastitos ($102.47 in chips) 
Seat 4: BoyLoc0 ($100 in chips) 
Seat 5: mariofcd ($100 in chips) 
robercarlos3: posts small blind $0.50
ddyyjj: posts big blind $1
*** HOLE CARDS ***
Lucastitos: folds 
BoyLoc0: folds 
mariofcd: folds 
robercarlos3: raises $1.50 to $2.50
ddyyjj: folds 
Uncalled bet ($1.50) returned to robercarlos3
robercarlos3 collected $2 from pot
robercarlos3: doesn't show hand 
*** SUMMARY ***
Total pot $2 | Rake $0 
Seat 1: robercarlos3 (small blind) collected ($2)
Seat 2: ddyyjj (big blind) folded before Flop
Seat 3: Lucastitos folded before Flop (didn't bet)
Seat 4: BoyLoc0 folded before Flop (didn't bet)
Seat 5: mariofcd (button) folded before Flop (didn't bet)



PokerStars Hand #254472521644:  Hold'em No Limit ($0.50/$1.00 USD) - 2025/01/20 19:49:17 WET [2025/01/20 14:49:17 ET]
Table 'Euboea IV' 6-max Seat #1 is the button
Seat 1: robercarlos3 ($279.68 in chips) 
Seat 2: ddyyjj ($99 in chips) 
Seat 3: Lucastitos ($102.47 in chips) 
Seat 4: BoyLoc0 ($100 in chips) 
Seat 5: mariofcd ($100 in chips) 
ddyyjj: posts small blind $0.50
Lucastitos: posts big blind $1
*** HOLE CARDS ***
BoyLoc0: raises $1.50 to $2.50
mariofcd: folds 
robercarlos3: folds 
ddyyjj: folds 
Lucastitos: folds 
Uncalled bet ($1.50) returned to BoyLoc0
BoyLoc0 collected $2.50 from pot
BoyLoc0: doesn't show hand 
*** SUMMARY ***
Total pot $2.50 | Rake $0 
Seat 1: robercarlos3 (button) folded before Flop (didn't bet)
Seat 2: ddyyjj (small blind) folded before Flop
Seat 3: Lucastitos (big blind) folded before Flop
Seat 4: BoyLoc0 collected ($2.50)
Seat 5: mariofcd folded before Flop (didn't bet)



PokerStars Hand #254472527791:  Hold'em No Limit ($0.50/$1.00 USD) - 2025/01/20 19:49:37 WET [2025/01/20 14:49:37 ET]
Table 'Euboea IV' 6-max Seat #2 is the button
Seat 4: BoyLoc0 ($101.50 in chips) is sitting out
Seat 5: mariofcd ($100 in chips) is sitting out
Seat 1: robercarlos3 ($279.68 in chips) 
Seat 2: ddyyjj ($98.50 in chips) 
Seat 3: Lucastitos ($101.47 in chips) 
Lucastitos: posts small blind $0.50
BoyLoc0: is sitting out 
mariofcd: is sitting out 
BoyLoc0 leaves the table
robercarlos3: posts big blind $1
*** HOLE CARDS ***
ddyyjj: folds 
mariofcd leaves the table
Lucastitos: raises $1.90 to $2.90
michasia joins the table at seat #5 
robercarlos3: folds 
Uncalled bet ($1.90) returned to Lucastitos
Lucastitos collected $2 from pot
Lucastitos: doesn't show hand 
*** SUMMARY ***
Total pot $2 | Rake $0 
Seat 4: BoyLoc0
Seat 5: mariofcd
Seat 1: robercarlos3 (big blind) folded before Flop
Seat 2: ddyyjj (button) folded before Flop (didn't bet)
Seat 3: Lucastitos (small blind) collected ($2)



PokerStars Hand #254472531923:  Hold'em No Limit ($0.50/$1.00 USD) - 2025/01/20 19:49:50 WET [2025/01/20 14:49:50 ET]
Table 'Euboea IV' 6-max Seat #3 is the button
Seat 5: michasia ($100 in chips) is sitting out
Seat 1: robercarlos3 ($278.68 in chips) 
Seat 2: ddyyjj ($98.50 in chips) 
Seat 3: Lucastitos ($102.47 in chips) 
robercarlos3: posts small blind $0.50
ddyyjj: posts big blind $1
*** HOLE CARDS ***
Lucastitos: folds 
robercarlos3: folds 
Uncalled bet ($0.50) returned to ddyyjj
ddyyjj collected $1 from pot
ddyyjj: doesn't show hand 
*** SUMMARY ***
Total pot $1 | Rake $0 
Seat 5: michasia
Seat 1: robercarlos3 (small blind) folded before Flop
Seat 2: ddyyjj (big blind) collected ($1)
Seat 3: Lucastitos (button) folded before Flop (didn't bet)



PokerStars Hand #254472536157:  Hold'em No Limit ($0.50/$1.00 USD) - 2025/01/20 19:50:05 WET [2025/01/20 14:50:05 ET]
Table 'Euboea IV' 6-max Seat #1 is the button
Seat 3: Lucastitos ($102.47 in chips) is sitting out
Seat 1: robercarlos3 ($278.18 in chips) 
Seat 2: ddyyjj ($99 in chips) 
Seat 5: michasia ($100 in chips) 
ddyyjj: posts small blind $0.50
Lucastitos: is sitting out 
michasia: posts big blind $1
*** HOLE CARDS ***
robercarlos3: raises $1.50 to $2.50
ddyyjj: folds 
michasia: raises $9.50 to $12
robercarlos3: calls $9.50
*** FLOP *** [8d 6s 8c]
michasia: bets $7.76
Lucastitos leaves the table
ddyyjj leaves the table
robercarlos3: calls $7.76
*** TURN *** [8d 6s 8c] [5h]
michasia: bets $26.01
robercarlos3: folds 
Uncalled bet ($26.01) returned to michasia
michasia collected $39.02 from pot
michasia: doesn't show hand 
*** SUMMARY ***
Total pot $40.02 | Rake $1 
Board [8d 6s 8c 5h]
Seat 3: Lucastitos
Seat 1: robercarlos3 (button) folded on the Turn
Seat 2: ddyyjj (small blind) folded before Flop
Seat 5: michasia (big blind) collected ($39.02)



PokerStars Hand #254472549217:  Hold'em No Limit ($0.50/$1.00 USD) - 2025/01/20 19:50:46 WET [2025/01/20 14:50:46 ET]
Table 'Euboea IV' 6-max Seat #5 is the button
Seat 1: robercarlos3 ($258.42 in chips) 
Seat 5: michasia ($119.26 in chips) 
michasia: posts small blind $0.50
robercarlos3: posts big blind $1
*** HOLE CARDS ***
michasia: raises $1.80 to $2.80
robercarlos3: calls $1.80
*** FLOP *** [Qc 7s Js]
robercarlos3: checks 
michasia: bets $3.55
robercarlos3: raises $252.07 to $255.62 and is all-in
michasia: folds 
Uncalled bet ($252.07) returned to robercarlos3
robercarlos3 collected $12.06 from pot
robercarlos3: doesn't show hand 
*** SUMMARY ***
Total pot $12.70 | Rake $0.64 
Board [Qc 7s Js]
Seat 1: robercarlos3 (big blind) collected ($12.06)
Seat 5: michasia (button) (small blind) folded on the Flop



PokerStars Hand #254472560302:  Hold'em No Limit ($0.50/$1.00 USD) - 2025/01/20 19:51:22 WET [2025/01/20 14:51:22 ET]
Table 'Euboea IV' 6-max Seat #1 is the button
Seat 1: robercarlos3 ($264.13 in chips) 
Seat 5: michasia ($112.91 in chips) 
robercarlos3: posts small blind $0.50
michasia: posts big blind $1
*** HOLE CARDS ***
robercarlos3: folds 
Uncalled bet ($0.50) returned to michasia
michasia collected $1 from pot
michasia: doesn't show hand 
*** SUMMARY ***
Total pot $1 | Rake $0 
Seat 1: robercarlos3 (button) (small blind) folded before Flop
Seat 5: michasia (big blind) collected ($1)



