PokerStars Hand #254477995674:  Hold'em No Limit ($0.50/$1.00 USD) - 2025/01/20 0:54:58 WET [2025/01/20 19:54:58 ET]
Table 'Lydina III' 6-max Seat #3 is the button
Seat 6: Manifestorr ($100 in chips) is sitting out
Seat 3: CEPTT ($100 in chips) 
Seat 4: Christianzt1 ($100 in chips) 
CEPTT: posts small blind $0.50
Christianzt1: posts big blind $1
*** HOLE CARDS ***
CEPTT: folds 
Uncalled bet ($0.50) returned to Christianzt1
Christianzt1 collected $1 from pot
*** SUMMARY ***
Total pot $1 | Rake $0 
Seat 6: Manifestorr
Seat 3: CEPTT (button) (small blind) folded before Flop
Seat 4: Christianzt1 (big blind) collected ($1)



PokerStars Hand #254477997313:  Hold'em No Limit ($0.50/$1.00 USD) - 2025/01/20 0:55:08 WET [2025/01/20 19:55:08 ET]
Table 'Lydina III' 6-max Seat #4 is the button
Seat 6: Manifestorr ($100 in chips) is sitting out
Seat 3: CEPTT ($100 in chips) 
Seat 4: Christianzt1 ($100.50 in chips) 
Christianzt1: posts small blind $0.50
CEPTT: posts big blind $1
*** HOLE CARDS ***
Christianzt1: raises $2 to $3
CEPTT: raises $7 to $10
GuigaMan joins the table at seat #5 
Christianzt1: folds 
Uncalled bet ($7) returned to CEPTT
CEPTT collected $6 from pot
CEPTT: doesn't show hand 
*** SUMMARY ***
Total pot $6 | Rake $0 
Seat 6: Manifestorr
Seat 3: CEPTT (big blind) collected ($6)
Seat 4: Christianzt1 (button) (small blind) folded before Flop



PokerStars Hand #254477999991:  Hold'em No Limit ($0.50/$1.00 USD) - 2025/01/20 0:55:27 WET [2025/01/20 19:55:27 ET]
Table 'Lydina III' 6-max Seat #3 is the button
Seat 6: Manifestorr ($100 in chips) is sitting out
Seat 3: CEPTT ($103 in chips) 
Seat 4: Christianzt1 ($100 in chips) 
Seat 5: GuigaMan ($100 in chips) 
Christianzt1: posts small blind $0.50
GuigaMan: posts big blind $1
Manifestorr: sits out 
*** HOLE CARDS ***
CEPTT: raises $1.85 to $2.85
Christianzt1: folds 
GuigaMan: folds 
Uncalled bet ($1.85) returned to CEPTT
CEPTT collected $2.50 from pot
CEPTT: doesn't show hand 
*** SUMMARY ***
Total pot $2.50 | Rake $0 
Seat 6: Manifestorr
Seat 3: CEPTT (button) collected ($2.50)
Seat 4: Christianzt1 (small blind) folded before Flop
Seat 5: GuigaMan (big blind) folded before Flop



PokerStars Hand #254478001425:  Hold'em No Limit ($0.50/$1.00 USD) - 2025/01/20 0:55:37 WET [2025/01/20 19:55:37 ET]
Table 'Lydina III' 6-max Seat #4 is the button
Seat 3: CEPTT ($104.50 in chips) 
Seat 4: Christianzt1 ($100 in chips) 
Seat 5: GuigaMan ($100 in chips) 
Seat 6: Manifestorr ($100 in chips) 
GuigaMan: posts small blind $0.50
Manifestorr: posts big blind $1
*** HOLE CARDS ***
CEPTT: folds 
Christianzt1: raises $1.40 to $2.40
GuigaMan: folds 
Manifestorr: folds 
Uncalled bet ($1.40) returned to Christianzt1
Christianzt1 collected $2.50 from pot
*** SUMMARY ***
Total pot $2.50 | Rake $0 
Seat 3: CEPTT folded before Flop (didn't bet)
Seat 4: Christianzt1 (button) collected ($2.50)
Seat 5: GuigaMan (small blind) folded before Flop
Seat 6: Manifestorr (big blind) folded before Flop



PokerStars Hand #254478002902:  Hold'em No Limit ($0.50/$1.00 USD) - 2025/01/20 0:55:48 WET [2025/01/20 19:55:48 ET]
Table 'Lydina III' 6-max Seat #5 is the button
Seat 3: CEPTT ($104.50 in chips) 
Seat 4: Christianzt1 ($101.50 in chips) 
Seat 5: GuigaMan ($100 in chips) 
Seat 6: Manifestorr ($100 in chips) 
Manifestorr: posts small blind $0.50
CEPTT: posts big blind $1
*** HOLE CARDS ***
ddyyjj joins the table at seat #1 
Christianzt1: folds 
GuigaMan: raises $1.10 to $2.10
Manifestorr: folds 
CEPTT: folds 
Uncalled bet ($1.10) returned to GuigaMan
ddyyjj leaves the table
GuigaMan collected $2.50 from pot
*** SUMMARY ***
Total pot $2.50 | Rake $0 
Seat 3: CEPTT (big blind) folded before Flop
Seat 4: Christianzt1 folded before Flop (didn't bet)
Seat 5: GuigaMan (button) collected ($2.50)
Seat 6: Manifestorr (small blind) folded before Flop



PokerStars Hand #254478004809:  Hold'em No Limit ($0.50/$1.00 USD) - 2025/01/20 0:56:01 WET [2025/01/20 19:56:01 ET]
Table 'Lydina III' 6-max Seat #6 is the button
Seat 3: CEPTT ($103.50 in chips) 
Seat 4: Christianzt1 ($101.50 in chips) 
Seat 5: GuigaMan ($101.50 in chips) 
Seat 6: Manifestorr ($100 in chips) 
CEPTT: posts small blind $0.50
Christianzt1: posts big blind $1
*** HOLE CARDS ***
GuigaMan: raises $1.10 to $2.10
Manifestorr: folds 
CEPTT: folds 
Christianzt1: raises $8.90 to $11
GuigaMan: calls $8.90
*** FLOP *** [Qh 7c 5s]
Christianzt1: bets $8.60
GuigaMan: calls $8.60
*** TURN *** [Qh 7c 5s] [Kd]
Christianzt1: checks 
GuigaMan: checks 
*** RIVER *** [Qh 7c 5s Kd] [Js]
Christianzt1: bets $3.87
GuigaMan: calls $3.87
*** SHOW DOWN ***
Christianzt1: shows [Qd Td] (a pair of Queens)
GuigaMan: shows [Jc Kc] (two pair, Kings and Jacks)
GuigaMan collected $46.44 from pot
*** SUMMARY ***
Total pot $47.44 | Rake $1 
Board [Qh 7c 5s Kd Js]
Seat 3: CEPTT (small blind) folded before Flop
Seat 4: Christianzt1 (big blind) showed [Qd Td] and lost with a pair of Queens
Seat 5: GuigaMan showed [Jc Kc] and won ($46.44) with two pair, Kings and Jacks
Seat 6: Manifestorr (button) folded before Flop (didn't bet)



PokerStars Hand #254478015833:  Hold'em No Limit ($0.50/$1.00 USD) - 2025/01/20 0:57:17 WET [2025/01/20 19:57:17 ET]
Table 'Lydina III' 6-max Seat #3 is the button
Seat 3: CEPTT ($103 in chips) 
Seat 4: Christianzt1 ($100 in chips) 
Seat 5: GuigaMan ($124.47 in chips) 
Seat 6: Manifestorr ($100 in chips) 
Christianzt1: posts small blind $0.50
GuigaMan: posts big blind $1
*** HOLE CARDS ***
Manifestorr: raises $1.20 to $2.20
CEPTT: folds 
Christianzt1: folds 
GuigaMan: folds 
Uncalled bet ($1.20) returned to Manifestorr
Manifestorr collected $2.50 from pot
Rysiff joins the table at seat #2 
*** SUMMARY ***
Total pot $2.50 | Rake $0 
Seat 3: CEPTT (button) folded before Flop (didn't bet)
Seat 4: Christianzt1 (small blind) folded before Flop
Seat 5: GuigaMan (big blind) folded before Flop
Seat 6: Manifestorr collected ($2.50)



PokerStars Hand #254478019517:  Hold'em No Limit ($0.50/$1.00 USD) - 2025/01/20 0:57:43 WET [2025/01/20 19:57:43 ET]
Table 'Lydina III' 6-max Seat #4 is the button
Seat 2: Rysiff ($100 in chips) is sitting out
Seat 3: CEPTT ($103 in chips) 
Seat 4: Christianzt1 ($100 in chips) 
Seat 5: GuigaMan ($123.47 in chips) 
Seat 6: Manifestorr ($101.50 in chips) 
GuigaMan: posts small blind $0.50
Manifestorr: posts big blind $1
Rysiff: sits out 
*** HOLE CARDS ***
CEPTT: folds 
Christianzt1: folds 
GuigaMan: folds 
Uncalled bet ($0.50) returned to Manifestorr
Manifestorr collected $1 from pot
*** SUMMARY ***
Total pot $1 | Rake $0 
Seat 2: Rysiff
Seat 3: CEPTT folded before Flop (didn't bet)
Seat 4: Christianzt1 (button) folded before Flop (didn't bet)
Seat 5: GuigaMan (small blind) folded before Flop
Seat 6: Manifestorr (big blind) collected ($1)



PokerStars Hand #254478020924:  Hold'em No Limit ($0.50/$1.00 USD) - 2025/01/20 0:57:52 WET [2025/01/20 19:57:52 ET]
Table 'Lydina III' 6-max Seat #5 is the button
Seat 2: Rysiff ($100 in chips) 
Seat 3: CEPTT ($103 in chips) 
Seat 4: Christianzt1 ($100 in chips) 
Seat 5: GuigaMan ($122.97 in chips) 
Seat 6: Manifestorr ($102 in chips) 
Manifestorr: posts small blind $0.50
Rysiff: posts big blind $1
*** HOLE CARDS ***
CEPTT: folds 
Christianzt1: folds 
GuigaMan: raises $1.10 to $2.10
Manifestorr: folds 
Rysiff: folds 
Uncalled bet ($1.10) returned to GuigaMan
GuigaMan collected $2.50 from pot
*** SUMMARY ***
Total pot $2.50 | Rake $0 
Seat 2: Rysiff (big blind) folded before Flop
Seat 3: CEPTT folded before Flop (didn't bet)
Seat 4: Christianzt1 folded before Flop (didn't bet)
Seat 5: GuigaMan (button) collected ($2.50)
Seat 6: Manifestorr (small blind) folded before Flop



PokerStars Hand #254478023053:  Hold'em No Limit ($0.50/$1.00 USD) - 2025/01/20 0:58:07 WET [2025/01/20 19:58:07 ET]
Table 'Lydina III' 6-max Seat #6 is the button
Seat 3: CEPTT ($103 in chips) is sitting out
Seat 4: Christianzt1 ($100 in chips) is sitting out
Seat 2: Rysiff ($100 in chips) 
Seat 5: GuigaMan ($124.47 in chips) 
Seat 6: Manifestorr ($101.50 in chips) 
Rysiff: posts small blind $0.50
CEPTT: is sitting out 
Christianzt1: is sitting out 
GuigaMan: posts big blind $1
*** HOLE CARDS ***
Christianzt1 leaves the table
Manifestorr: raises $1.20 to $2.20
Rysiff: folds 
GuigaMan: calls $1.20
*** FLOP *** [3s 7h Ah]
GuigaMan: checks 
Manifestorr: checks 
*** TURN *** [3s 7h Ah] [Jc]
GuigaMan: checks 
CEPTT leaves the table
Manifestorr: checks 
*** RIVER *** [3s 7h Ah Jc] [Ac]
GuigaMan: checks 
Manifestorr: bets $1.54
GuigaMan: folds 
Uncalled bet ($1.54) returned to Manifestorr
Manifestorr collected $4.66 from pot
*** SUMMARY ***
Total pot $4.90 | Rake $0.24 
Board [3s 7h Ah Jc Ac]
Seat 3: CEPTT
Seat 4: Christianzt1
Seat 2: Rysiff (small blind) folded before Flop
Seat 5: GuigaMan (big blind) folded on the River
Seat 6: Manifestorr (button) collected ($4.66)



PokerStars Hand #254478061843:  Hold'em No Limit ($0.50/$1.00 USD) - 2025/01/20 1:02:17 WET [2025/01/20 20:02:17 ET]
Table 'Lydina III' 6-max Seat #1 is the button
Seat 1: SorinS28 ($100 in chips) 
Seat 2: Rysiff ($100 in chips) 
Seat 3: Manifestorr ($103.96 in chips) 
Seat 4: MakoEv ($100 in chips) 
Seat 5: Chryst777 ($40 in chips) 
Seat 6: An1an1 ($100 in chips) 
Rysiff: posts small blind $0.50
Manifestorr: posts big blind $1
*** HOLE CARDS ***
MakoEv: folds 
Chryst777: calls $1
An1an1: raises $3 to $4
SorinS28: folds 
Rysiff: folds 
Manifestorr: folds 
Chryst777: calls $3
*** FLOP *** [Ac 7d Th]
Chryst777: checks 
An1an1: bets $9.02
Chryst777: folds 
Uncalled bet ($9.02) returned to An1an1
An1an1 collected $9.02 from pot
An1an1: doesn't show hand 
*** SUMMARY ***
Total pot $9.50 | Rake $0.48 
Board [Ac 7d Th]
Seat 1: SorinS28 (button) folded before Flop (didn't bet)
Seat 2: Rysiff (small blind) folded before Flop
Seat 3: Manifestorr (big blind) folded before Flop
Seat 4: MakoEv folded before Flop (didn't bet)
Seat 5: Chryst777 folded on the Flop
Seat 6: An1an1 collected ($9.02)



PokerStars Hand #254478066821:  Hold'em No Limit ($0.50/$1.00 USD) - 2025/01/20 1:02:45 WET [2025/01/20 20:02:45 ET]
Table 'Lydina III' 6-max Seat #2 is the button
Seat 1: SorinS28 ($100 in chips) 
Seat 2: Rysiff ($100 in chips) 
Seat 3: Manifestorr ($102.96 in chips) 
Seat 4: MakoEv ($100 in chips) 
Seat 5: Chryst777 ($36 in chips) 
Seat 6: An1an1 ($105.02 in chips) 
Manifestorr: posts small blind $0.50
MakoEv: posts big blind $1
*** HOLE CARDS ***
Chryst777: calls $1
An1an1: folds 
SorinS28: folds 
Rysiff: folds 
Manifestorr: raises $4 to $5
MakoEv: folds 
Chryst777: folds 
Uncalled bet ($4) returned to Manifestorr
Manifestorr collected $3 from pot
*** SUMMARY ***
Total pot $3 | Rake $0 
Seat 1: SorinS28 folded before Flop (didn't bet)
Seat 2: Rysiff (button) folded before Flop (didn't bet)
Seat 3: Manifestorr (small blind) collected ($3)
Seat 4: MakoEv (big blind) folded before Flop
Seat 5: Chryst777 folded before Flop
Seat 6: An1an1 folded before Flop (didn't bet)



PokerStars Hand #254478070088:  Hold'em No Limit ($0.50/$1.00 USD) - 2025/01/20 1:03:04 WET [2025/01/20 20:03:04 ET]
Table 'Lydina III' 6-max Seat #3 is the button
Seat 1: SorinS28 ($100 in chips) 
Seat 2: Rysiff ($100 in chips) 
Seat 3: Manifestorr ($104.96 in chips) 
Seat 4: MakoEv ($100 in chips) 
Seat 5: Chryst777 ($35 in chips) 
Seat 6: An1an1 ($105.02 in chips) 
MakoEv: posts small blind $0.50
Chryst777: posts big blind $1
*** HOLE CARDS ***
An1an1: folds 
SorinS28: folds 
Rysiff: folds 
Manifestorr: folds 
MakoEv: raises $2 to $3
Chryst777: calls $2
*** FLOP *** [Qd Jh 3d]
MakoEv: bets $1.71
Chryst777: raises $1.71 to $3.42
MakoEv: calls $1.71
*** TURN *** [Qd Jh 3d] [9d]
MakoEv: checks 
Chryst777: bets $8
MakoEv: calls $8
*** RIVER *** [Qd Jh 3d 9d] [Ac]
MakoEv: bets $26.03
Chryst777: folds 
Uncalled bet ($26.03) returned to MakoEv
MakoEv collected $27.40 from pot
MakoEv: doesn't show hand 
*** SUMMARY ***
Total pot $28.84 | Rake $1.44 
Board [Qd Jh 3d 9d Ac]
Seat 1: SorinS28 folded before Flop (didn't bet)
Seat 2: Rysiff folded before Flop (didn't bet)
Seat 3: Manifestorr (button) folded before Flop (didn't bet)
Seat 4: MakoEv (small blind) collected ($27.40)
Seat 5: Chryst777 (big blind) folded on the River
Seat 6: An1an1 folded before Flop (didn't bet)



PokerStars Hand #254478079196:  Hold'em No Limit ($0.50/$1.00 USD) - 2025/01/20 1:03:56 WET [2025/01/20 20:03:56 ET]
Table 'Lydina III' 6-max Seat #4 is the button
Seat 1: SorinS28 ($100 in chips) 
Seat 2: Rysiff ($100 in chips) 
Seat 3: Manifestorr ($104.96 in chips) 
Seat 4: MakoEv ($112.98 in chips) 
Seat 5: Chryst777 ($20.58 in chips) 
Seat 6: An1an1 ($105.02 in chips) 
Chryst777: posts small blind $0.50
An1an1: posts big blind $1
*** HOLE CARDS ***
SorinS28: folds 
Rysiff: folds 
Manifestorr: folds 
MakoEv: raises $1.50 to $2.50
Chryst777: folds 
An1an1: folds 
Uncalled bet ($1.50) returned to MakoEv
Chryst777 leaves the table
MakoEv collected $2.50 from pot
MakoEv: doesn't show hand 
*** SUMMARY ***
Total pot $2.50 | Rake $0 
Seat 1: SorinS28 folded before Flop (didn't bet)
Seat 2: Rysiff folded before Flop (didn't bet)
Seat 3: Manifestorr folded before Flop (didn't bet)
Seat 4: MakoEv (button) collected ($2.50)
Seat 5: Chryst777 (small blind) folded before Flop
Seat 6: An1an1 (big blind) folded before Flop



PokerStars Hand #254478082876:  Hold'em No Limit ($0.50/$1.00 USD) - 2025/01/20 1:04:17 WET [2025/01/20 20:04:17 ET]
Table 'Lydina III' 6-max Seat #6 is the button
Seat 1: SorinS28 ($100 in chips) 
Seat 2: Rysiff ($100 in chips) 
Seat 3: Manifestorr ($104.96 in chips) 
Seat 4: MakoEv ($114.48 in chips) 
Seat 6: An1an1 ($104.02 in chips) 
SorinS28: posts small blind $0.50
Rysiff: posts big blind $1
*** HOLE CARDS ***
Manifestorr: raises $1.20 to $2.20
MakoEv: folds 
An1an1: folds 
SorinS28: folds 
Rysiff: folds 
Uncalled bet ($1.20) returned to Manifestorr
Manifestorr collected $2.50 from pot
*** SUMMARY ***
Total pot $2.50 | Rake $0 
Seat 1: SorinS28 (small blind) folded before Flop
Seat 2: Rysiff (big blind) folded before Flop
Seat 3: Manifestorr collected ($2.50)
Seat 4: MakoEv folded before Flop (didn't bet)
Seat 6: An1an1 (button) folded before Flop (didn't bet)



PokerStars Hand #254478085393:  Hold'em No Limit ($0.50/$1.00 USD) - 2025/01/20 1:04:31 WET [2025/01/20 20:04:31 ET]
Table 'Lydina III' 6-max Seat #2 is the button
Seat 3: Manifestorr ($106.46 in chips) is sitting out
Seat 4: MakoEv ($114.48 in chips) is sitting out
Seat 6: An1an1 ($104.02 in chips) is sitting out
Seat 1: SorinS28 ($100 in chips) 
Seat 2: Rysiff ($100 in chips) 
Rysiff: posts small blind $0.50
Manifestorr: is sitting out 
MakoEv: is sitting out 
An1an1: is sitting out 
SorinS28: posts big blind $1
*** HOLE CARDS ***
Rysiff: folds 
Uncalled bet ($0.50) returned to SorinS28
MakoEv leaves the table
SorinS28 collected $1 from pot
SorinS28: doesn't show hand 
An1an1 leaves the table
*** SUMMARY ***
Total pot $1 | Rake $0 
Seat 3: Manifestorr
Seat 4: MakoEv
Seat 6: An1an1
Seat 1: SorinS28 (big blind) collected ($1)
Seat 2: Rysiff (button) (small blind) folded before Flop



