PokerStars Hand #254479349067:  Hold'em No Limit ($0.50/$1.00 USD) - 2025/01/20 2:23:09 WET [2025/01/20 21:23:09 ET]
Table 'Tyumenia III' 6-max Seat #4 is the button
Seat 1: Manifestorr ($100.50 in chips) is sitting out
Seat 3: MrVern9177 ($92.72 in chips) 
Seat 4: easy_sarcasm ($103.50 in chips) 
Seat 5: SorinS28 ($102.98 in chips) 
Seat 6: Rysiff ($101.50 in chips) 
SorinS28: posts small blind $0.50
Rysiff: posts big blind $1
Manifestorr: sits out 
*** HOLE CARDS ***
MrVern9177: folds 
easy_sarcasm: raises $1.20 to $2.20
KoKi2024 joins the table at seat #2 
SorinS28: folds 
Rysiff: folds 
Uncalled bet ($1.20) returned to easy_sarcasm
easy_sarcasm collected $2.50 from pot
*** SUMMARY ***
Total pot $2.50 | Rake $0 
Seat 1: Manifestorr
Seat 3: MrVern9177 folded before Flop (didn't bet)
Seat 4: easy_sarcasm (button) collected ($2.50)
Seat 5: SorinS28 (small blind) folded before Flop
Seat 6: Rysiff (big blind) folded before Flop



PokerStars Hand #254479352231:  Hold'em No Limit ($0.50/$1.00 USD) - 2025/01/20 2:23:30 WET [2025/01/20 21:23:30 ET]
Table 'Tyumenia III' 6-max Seat #5 is the button
Seat 1: Manifestorr ($100.50 in chips) 
Seat 2: KoKi2024 ($49 in chips) 
Seat 3: MrVern9177 ($92.72 in chips) 
Seat 4: easy_sarcasm ($105 in chips) 
Seat 5: SorinS28 ($102.48 in chips) 
Seat 6: Rysiff ($100.50 in chips) 
Rysiff: posts small blind $0.50
Manifestorr: posts big blind $1
KoKi2024: posts big blind $1
*** HOLE CARDS ***
KoKi2024: checks 
MrVern9177: folds 
easy_sarcasm: raises $3.50 to $4.50
SorinS28: calls $4.50
Rysiff: folds 
Manifestorr: folds 
KoKi2024: raises $44.50 to $49 and is all-in
easy_sarcasm: folds 
SorinS28: calls $44.50
*** FLOP *** [5s 7s Qh]
*** TURN *** [5s 7s Qh] [5c]
*** RIVER *** [5s 7s Qh 5c] [5h]
*** SHOW DOWN ***
KoKi2024: shows [Kh Kd] (a full house, Fives full of Kings)
SorinS28: shows [8h 8d] (a full house, Fives full of Eights)
KoKi2024 collected $101.50 from pot
*** SUMMARY ***
Total pot $104 | Rake $2.50 
Board [5s 7s Qh 5c 5h]
Seat 1: Manifestorr (big blind) folded before Flop
Seat 2: KoKi2024 showed [Kh Kd] and won ($101.50) with a full house, Fives full of Kings
Seat 3: MrVern9177 folded before Flop (didn't bet)
Seat 4: easy_sarcasm folded before Flop
Seat 5: SorinS28 (button) showed [8h 8d] and lost with a full house, Fives full of Eights
Seat 6: Rysiff (small blind) folded before Flop



PokerStars Hand #254479358502:  Hold'em No Limit ($0.50/$1.00 USD) - 2025/01/20 2:24:12 WET [2025/01/20 21:24:12 ET]
Table 'Tyumenia III' 6-max Seat #6 is the button
Seat 1: Manifestorr ($100 in chips) 
Seat 2: KoKi2024 ($101.50 in chips) 
Seat 3: MrVern9177 ($92.72 in chips) 
Seat 4: easy_sarcasm ($100.50 in chips) 
Seat 5: SorinS28 ($100 in chips) 
Seat 6: Rysiff ($100 in chips) 
Manifestorr: posts small blind $0.50
KoKi2024: posts big blind $1
*** HOLE CARDS ***
MrVern9177: folds 
easy_sarcasm: folds 
SorinS28: folds 
Rysiff: folds 
Manifestorr: folds 
Uncalled bet ($0.50) returned to KoKi2024
KoKi2024 collected $1 from pot
KoKi2024: doesn't show hand 
*** SUMMARY ***
Total pot $1 | Rake $0 
Seat 1: Manifestorr (small blind) folded before Flop
Seat 2: KoKi2024 (big blind) collected ($1)
Seat 3: MrVern9177 folded before Flop (didn't bet)
Seat 4: easy_sarcasm folded before Flop (didn't bet)
Seat 5: SorinS28 folded before Flop (didn't bet)
Seat 6: Rysiff (button) folded before Flop (didn't bet)



PokerStars Hand #254479361023:  Hold'em No Limit ($0.50/$1.00 USD) - 2025/01/20 2:24:29 WET [2025/01/20 21:24:29 ET]
Table 'Tyumenia III' 6-max Seat #1 is the button
Seat 1: Manifestorr ($100 in chips) 
Seat 2: KoKi2024 ($102 in chips) 
Seat 3: MrVern9177 ($92.72 in chips) 
Seat 4: easy_sarcasm ($100.50 in chips) 
Seat 5: SorinS28 ($100 in chips) 
Seat 6: Rysiff ($100 in chips) 
KoKi2024: posts small blind $0.50
MrVern9177: posts big blind $1
*** HOLE CARDS ***
easy_sarcasm: folds 
SorinS28: folds 
Rysiff: folds 
Manifestorr: folds 
KoKi2024: calls $0.50
MrVern9177: checks 
*** FLOP *** [Th 6c 9d]
KoKi2024: checks 
MrVern9177: checks 
*** TURN *** [Th 6c 9d] [2s]
KoKi2024: bets $1.90
MrVern9177: raises $1.90 to $3.80
KoKi2024: calls $1.90
*** RIVER *** [Th 6c 9d 2s] [9c]
KoKi2024: checks 
MrVern9177: checks 
*** SHOW DOWN ***
KoKi2024: shows [Ks Ac] (a pair of Nines)
MrVern9177: shows [2d Jd] (two pair, Nines and Deuces)
MrVern9177 collected $9.12 from pot
*** SUMMARY ***
Total pot $9.60 | Rake $0.48 
Board [Th 6c 9d 2s 9c]
Seat 1: Manifestorr (button) folded before Flop (didn't bet)
Seat 2: KoKi2024 (small blind) showed [Ks Ac] and lost with a pair of Nines
Seat 3: MrVern9177 (big blind) showed [2d Jd] and won ($9.12) with two pair, Nines and Deuces
Seat 4: easy_sarcasm folded before Flop (didn't bet)
Seat 5: SorinS28 folded before Flop (didn't bet)
Seat 6: Rysiff folded before Flop (didn't bet)



PokerStars Hand #254479367100:  Hold'em No Limit ($0.50/$1.00 USD) - 2025/01/20 2:25:10 WET [2025/01/20 21:25:10 ET]
Table 'Tyumenia III' 6-max Seat #2 is the button
Seat 1: Manifestorr ($100 in chips) 
Seat 2: KoKi2024 ($97.20 in chips) 
Seat 3: MrVern9177 ($97.04 in chips) 
Seat 4: easy_sarcasm ($100.50 in chips) 
Seat 5: SorinS28 ($100 in chips) 
Seat 6: Rysiff ($100 in chips) 
MrVern9177: posts small blind $0.50
easy_sarcasm: posts big blind $1
*** HOLE CARDS ***
SorinS28: folds 
Rysiff: folds 
Manifestorr: folds 
KoKi2024: folds 
MrVern9177: calls $0.50
easy_sarcasm: checks 
*** FLOP *** [Qh 6s 4s]
MrVern9177: checks 
easy_sarcasm: bets $1
MrVern9177: raises $1 to $2
easy_sarcasm: calls $1
*** TURN *** [Qh 6s 4s] [5d]
MrVern9177: checks 
easy_sarcasm: checks 
*** RIVER *** [Qh 6s 4s 5d] [Jc]
MrVern9177: bets $3
easy_sarcasm: folds 
Uncalled bet ($3) returned to MrVern9177
MrVern9177 collected $5.70 from pot
*** SUMMARY ***
Total pot $6 | Rake $0.30 
Board [Qh 6s 4s 5d Jc]
Seat 1: Manifestorr folded before Flop (didn't bet)
Seat 2: KoKi2024 (button) folded before Flop (didn't bet)
Seat 3: MrVern9177 (small blind) collected ($5.70)
Seat 4: easy_sarcasm (big blind) folded on the River
Seat 5: SorinS28 folded before Flop (didn't bet)
Seat 6: Rysiff folded before Flop (didn't bet)



PokerStars Hand #254479373561:  Hold'em No Limit ($0.50/$1.00 USD) - 2025/01/20 2:25:54 WET [2025/01/20 21:25:54 ET]
Table 'Tyumenia III' 6-max Seat #3 is the button
Seat 1: Manifestorr ($100 in chips) 
Seat 2: KoKi2024 ($97.20 in chips) 
Seat 3: MrVern9177 ($99.74 in chips) 
Seat 4: easy_sarcasm ($100 in chips) 
Seat 5: SorinS28 ($100 in chips) 
Seat 6: Rysiff ($100 in chips) 
easy_sarcasm: posts small blind $0.50
SorinS28: posts big blind $1
*** HOLE CARDS ***
Rysiff: folds 
Manifestorr: folds 
KoKi2024: raises $2.50 to $3.50
MrVern9177: folds 
easy_sarcasm: calls $3
SorinS28: folds 
*** FLOP *** [Ts Qc 6d]
easy_sarcasm: checks 
KoKi2024: checks 
*** TURN *** [Ts Qc 6d] [Ks]
easy_sarcasm: checks 
KoKi2024: bets $7.60
easy_sarcasm: folds 
Uncalled bet ($7.60) returned to KoKi2024
KoKi2024 collected $7.60 from pot
KoKi2024: doesn't show hand 
*** SUMMARY ***
Total pot $8 | Rake $0.40 
Board [Ts Qc 6d Ks]
Seat 1: Manifestorr folded before Flop (didn't bet)
Seat 2: KoKi2024 collected ($7.60)
Seat 3: MrVern9177 (button) folded before Flop (didn't bet)
Seat 4: easy_sarcasm (small blind) folded on the Turn
Seat 5: SorinS28 (big blind) folded before Flop
Seat 6: Rysiff folded before Flop (didn't bet)



PokerStars Hand #254479380828:  Hold'em No Limit ($0.50/$1.00 USD) - 2025/01/20 2:26:44 WET [2025/01/20 21:26:44 ET]
Table 'Tyumenia III' 6-max Seat #4 is the button
Seat 1: Manifestorr ($100 in chips) 
Seat 2: KoKi2024 ($101.30 in chips) 
Seat 3: MrVern9177 ($99.74 in chips) 
Seat 4: easy_sarcasm ($100 in chips) 
Seat 5: SorinS28 ($100 in chips) 
Seat 6: Rysiff ($100 in chips) 
SorinS28: posts small blind $0.50
Rysiff: posts big blind $1
*** HOLE CARDS ***
Manifestorr: folds 
KoKi2024: calls $1
MrVern9177: folds 
easy_sarcasm: folds 
SorinS28: raises $4 to $5
Rysiff: folds 
KoKi2024: calls $4
*** FLOP *** [Jd 2c Jh]
SorinS28: bets $3.45
KoKi2024: raises $17.35 to $20.80
SorinS28: folds 
Uncalled bet ($17.35) returned to KoKi2024
KoKi2024 collected $17 from pot
KoKi2024: doesn't show hand 
*** SUMMARY ***
Total pot $17.90 | Rake $0.90 
Board [Jd 2c Jh]
Seat 1: Manifestorr folded before Flop (didn't bet)
Seat 2: KoKi2024 collected ($17)
Seat 3: MrVern9177 folded before Flop (didn't bet)
Seat 4: easy_sarcasm (button) folded before Flop (didn't bet)
Seat 5: SorinS28 (small blind) folded on the Flop
Seat 6: Rysiff (big blind) folded before Flop



PokerStars Hand #254479388930:  Hold'em No Limit ($0.50/$1.00 USD) - 2025/01/20 2:27:39 WET [2025/01/20 21:27:39 ET]
Table 'Tyumenia III' 6-max Seat #5 is the button
Seat 1: Manifestorr ($100 in chips) 
Seat 2: KoKi2024 ($109.85 in chips) 
Seat 3: MrVern9177 ($99.74 in chips) 
Seat 4: easy_sarcasm ($100 in chips) 
Seat 5: SorinS28 ($100 in chips) 
Seat 6: Rysiff ($100 in chips) 
Rysiff: posts small blind $0.50
Manifestorr: posts big blind $1
*** HOLE CARDS ***
KoKi2024: folds 
MrVern9177: calls $1
easy_sarcasm: folds 
SorinS28: raises $4 to $5
Rysiff: folds 
Manifestorr: folds 
MrVern9177: raises $7 to $12
SorinS28: calls $7
*** FLOP *** [9h 5h Jh]
MrVern9177: bets $10
SorinS28: folds 
Uncalled bet ($10) returned to MrVern9177
MrVern9177 collected $24.22 from pot
*** SUMMARY ***
Total pot $25.50 | Rake $1.28 
Board [9h 5h Jh]
Seat 1: Manifestorr (big blind) folded before Flop
Seat 2: KoKi2024 folded before Flop (didn't bet)
Seat 3: MrVern9177 collected ($24.22)
Seat 4: easy_sarcasm folded before Flop (didn't bet)
Seat 5: SorinS28 (button) folded on the Flop
Seat 6: Rysiff (small blind) folded before Flop



PokerStars Hand #254479421132:  Hold'em No Limit ($0.50/$1.00 USD) - 2025/01/20 2:31:17 WET [2025/01/20 21:31:17 ET]
Table 'Tyumenia III' 6-max Seat #3 is the button
Seat 1: Manifestorr ($100 in chips) 
Seat 2: KoKi2024 ($106.33 in chips) 
Seat 3: MrVern9177 ($110.46 in chips) 
Seat 4: easy_sarcasm ($100 in chips) 
Seat 5: SorinS28 ($100 in chips) 
Seat 6: Rysiff ($110.12 in chips) 
easy_sarcasm: posts small blind $0.50
SorinS28: posts big blind $1
*** HOLE CARDS ***
Rysiff: raises $1.50 to $2.50
Manifestorr: folds 
KoKi2024: raises $6.50 to $9
MrVern9177: folds 
easy_sarcasm: folds 
SorinS28: folds 
Rysiff: calls $6.50
*** FLOP *** [7c Js 5c]
Rysiff: checks 
KoKi2024: bets $18.52
Rysiff: folds 
Uncalled bet ($18.52) returned to KoKi2024
KoKi2024 collected $18.52 from pot
KoKi2024: doesn't show hand 
*** SUMMARY ***
Total pot $19.50 | Rake $0.98 
Board [7c Js 5c]
Seat 1: Manifestorr folded before Flop (didn't bet)
Seat 2: KoKi2024 collected ($18.52)
Seat 3: MrVern9177 (button) folded before Flop (didn't bet)
Seat 4: easy_sarcasm (small blind) folded before Flop
Seat 5: SorinS28 (big blind) folded before Flop
Seat 6: Rysiff folded on the Flop



PokerStars Hand #254479425018:  Hold'em No Limit ($0.50/$1.00 USD) - 2025/01/20 2:31:43 WET [2025/01/20 21:31:43 ET]
Table 'Tyumenia III' 6-max Seat #4 is the button
Seat 1: Manifestorr ($100 in chips) 
Seat 2: KoKi2024 ($115.85 in chips) 
Seat 3: MrVern9177 ($110.46 in chips) 
Seat 4: easy_sarcasm ($100 in chips) 
Seat 5: SorinS28 ($100 in chips) 
Seat 6: Rysiff ($101.12 in chips) 
SorinS28: posts small blind $0.50
Rysiff: posts big blind $1
*** HOLE CARDS ***
Manifestorr: folds 
KoKi2024: calls $1
MrVern9177: calls $1
easy_sarcasm: raises $4.50 to $5.50
SorinS28: raises $10.50 to $16
Rysiff: folds 
KoKi2024: folds 
MrVern9177: folds 
easy_sarcasm: calls $10.50
*** FLOP *** [3c 2h Ad]
SorinS28: bets $6.98
easy_sarcasm: folds 
Uncalled bet ($6.98) returned to SorinS28
SorinS28 collected $33.25 from pot
SorinS28: doesn't show hand 
*** SUMMARY ***
Total pot $35 | Rake $1.75 
Board [3c 2h Ad]
Seat 1: Manifestorr folded before Flop (didn't bet)
Seat 2: KoKi2024 folded before Flop
Seat 3: MrVern9177 folded before Flop
Seat 4: easy_sarcasm (button) folded on the Flop
Seat 5: SorinS28 (small blind) collected ($33.25)
Seat 6: Rysiff (big blind) folded before Flop



PokerStars Hand #254479433532:  Hold'em No Limit ($0.50/$1.00 USD) - 2025/01/20 2:32:41 WET [2025/01/20 21:32:41 ET]
Table 'Tyumenia III' 6-max Seat #5 is the button
Seat 1: Manifestorr ($100 in chips) 
Seat 2: KoKi2024 ($114.85 in chips) 
Seat 3: MrVern9177 ($109.46 in chips) 
Seat 4: easy_sarcasm ($100 in chips) 
Seat 5: SorinS28 ($117.25 in chips) 
Seat 6: Rysiff ($100.12 in chips) 
Rysiff: posts small blind $0.50
Manifestorr: posts big blind $1
*** HOLE CARDS ***
KoKi2024: folds 
MrVern9177: calls $1
easy_sarcasm: raises $3.50 to $4.50
SorinS28: folds 
Rysiff: folds 
Manifestorr: folds 
MrVern9177: calls $3.50
*** FLOP *** [7h Ad 9s]
MrVern9177: checks 
easy_sarcasm: bets $4.50
MrVern9177: folds 
Uncalled bet ($4.50) returned to easy_sarcasm
easy_sarcasm collected $9.98 from pot
*** SUMMARY ***
Total pot $10.50 | Rake $0.52 
Board [7h Ad 9s]
Seat 1: Manifestorr (big blind) folded before Flop
Seat 2: KoKi2024 folded before Flop (didn't bet)
Seat 3: MrVern9177 folded on the Flop
Seat 4: easy_sarcasm collected ($9.98)
Seat 5: SorinS28 (button) folded before Flop (didn't bet)
Seat 6: Rysiff (small blind) folded before Flop



PokerStars Hand #254479440058:  Hold'em No Limit ($0.50/$1.00 USD) - 2025/01/20 2:33:25 WET [2025/01/20 21:33:25 ET]
Table 'Tyumenia III' 6-max Seat #6 is the button
Seat 1: Manifestorr ($100 in chips) 
Seat 2: KoKi2024 ($114.85 in chips) 
Seat 3: MrVern9177 ($104.96 in chips) 
Seat 4: easy_sarcasm ($105.48 in chips) 
Seat 5: SorinS28 ($117.25 in chips) 
Seat 6: Rysiff ($100 in chips) 
Manifestorr: posts small blind $0.50
KoKi2024: posts big blind $1
*** HOLE CARDS ***
MrVern9177: calls $1
easy_sarcasm: folds 
SorinS28: folds 
Rysiff: folds 
Manifestorr: folds 
KoKi2024: checks 
*** FLOP *** [2h Ts 4h]
KoKi2024: checks 
MrVern9177: bets $5
KoKi2024: folds 
Uncalled bet ($5) returned to MrVern9177
MrVern9177 collected $2.38 from pot
*** SUMMARY ***
Total pot $2.50 | Rake $0.12 
Board [2h Ts 4h]
Seat 1: Manifestorr (small blind) folded before Flop
Seat 2: KoKi2024 (big blind) folded on the Flop
Seat 3: MrVern9177 collected ($2.38)
Seat 4: easy_sarcasm folded before Flop (didn't bet)
Seat 5: SorinS28 folded before Flop (didn't bet)
Seat 6: Rysiff (button) folded before Flop (didn't bet)



PokerStars Hand #254479443949:  Hold'em No Limit ($0.50/$1.00 USD) - 2025/01/20 2:33:52 WET [2025/01/20 21:33:52 ET]
Table 'Tyumenia III' 6-max Seat #1 is the button
Seat 1: Manifestorr ($100 in chips) 
Seat 2: KoKi2024 ($113.85 in chips) 
Seat 3: MrVern9177 ($106.34 in chips) 
Seat 4: easy_sarcasm ($105.48 in chips) 
Seat 5: SorinS28 ($117.25 in chips) 
Seat 6: Rysiff ($100 in chips) 
KoKi2024: posts small blind $0.50
MrVern9177: posts big blind $1
*** HOLE CARDS ***
easy_sarcasm: folds 
SorinS28: folds 
Rysiff: folds 
Manifestorr: folds 
KoKi2024: calls $0.50
MrVern9177: checks 
*** FLOP *** [Ad Ts Ah]
KoKi2024: checks 
MrVern9177: checks 
*** TURN *** [Ad Ts Ah] [3d]
KoKi2024: checks 
MrVern9177: bets $2
KoKi2024: calls $2
*** RIVER *** [Ad Ts Ah 3d] [4h]
KoKi2024: checks 
MrVern9177: bets $5
KoKi2024: raises $15.70 to $20.70
MrVern9177: calls $15.70
*** SHOW DOWN ***
KoKi2024: shows [Ac Ks] (three of a kind, Aces)
MrVern9177: mucks hand 
KoKi2024 collected $45.03 from pot
*** SUMMARY ***
Total pot $47.40 | Rake $2.37 
Board [Ad Ts Ah 3d 4h]
Seat 1: Manifestorr (button) folded before Flop (didn't bet)
Seat 2: KoKi2024 (small blind) showed [Ac Ks] and won ($45.03) with three of a kind, Aces
Seat 3: MrVern9177 (big blind) mucked
Seat 4: easy_sarcasm folded before Flop (didn't bet)
Seat 5: SorinS28 folded before Flop (didn't bet)
Seat 6: Rysiff folded before Flop (didn't bet)



PokerStars Hand #254479450961:  Hold'em No Limit ($0.50/$1.00 USD) - 2025/01/20 2:34:41 WET [2025/01/20 21:34:41 ET]
Table 'Tyumenia III' 6-max Seat #2 is the button
Seat 1: Manifestorr ($100 in chips) 
Seat 2: KoKi2024 ($135.18 in chips) 
Seat 3: MrVern9177 ($82.64 in chips) 
Seat 4: easy_sarcasm ($105.48 in chips) 
Seat 5: SorinS28 ($117.25 in chips) 
Seat 6: Rysiff ($100 in chips) 
MrVern9177: posts small blind $0.50
easy_sarcasm: posts big blind $1
*** HOLE CARDS ***
SorinS28: folds 
Rysiff: folds 
Manifestorr: folds 
KoKi2024: folds 
MrVern9177: folds 
Uncalled bet ($0.50) returned to easy_sarcasm
MrVern9177 leaves the table
easy_sarcasm collected $1 from pot
*** SUMMARY ***
Total pot $1 | Rake $0 
Seat 1: Manifestorr folded before Flop (didn't bet)
Seat 2: KoKi2024 (button) folded before Flop (didn't bet)
Seat 3: MrVern9177 (small blind) folded before Flop
Seat 4: easy_sarcasm (big blind) collected ($1)
Seat 5: SorinS28 folded before Flop (didn't bet)
Seat 6: Rysiff folded before Flop (didn't bet)



PokerStars Hand #254479452442:  Hold'em No Limit ($0.50/$1.00 USD) - 2025/01/20 2:34:51 WET [2025/01/20 21:34:51 ET]
Table 'Tyumenia III' 6-max Seat #4 is the button
Seat 1: Manifestorr ($100 in chips) 
Seat 2: KoKi2024 ($135.18 in chips) 
Seat 4: easy_sarcasm ($105.98 in chips) 
Seat 5: SorinS28 ($117.25 in chips) 
Seat 6: Rysiff ($100 in chips) 
SorinS28: posts small blind $0.50
Rysiff: posts big blind $1
*** HOLE CARDS ***
Manifestorr: raises $1.20 to $2.20
KoKi2024: folds 
easy_sarcasm: folds 
SorinS28: folds 
Rysiff: folds 
Uncalled bet ($1.20) returned to Manifestorr
Manifestorr collected $2.50 from pot
BumHuntKing joins the table at seat #3 
*** SUMMARY ***
Total pot $2.50 | Rake $0 
Seat 1: Manifestorr collected ($2.50)
Seat 2: KoKi2024 folded before Flop (didn't bet)
Seat 4: easy_sarcasm (button) folded before Flop (didn't bet)
Seat 5: SorinS28 (small blind) folded before Flop
Seat 6: Rysiff (big blind) folded before Flop



PokerStars Hand #254479455493:  Hold'em No Limit ($0.50/$1.00 USD) - 2025/01/20 2:35:12 WET [2025/01/20 21:35:12 ET]
Table 'Tyumenia III' 6-max Seat #5 is the button
Seat 3: BumHuntKing ($100 in chips) is sitting out
Seat 1: Manifestorr ($101.50 in chips) 
Seat 2: KoKi2024 ($135.18 in chips) 
Seat 4: easy_sarcasm ($105.98 in chips) 
Seat 5: SorinS28 ($116.75 in chips) 
Seat 6: Rysiff ($100 in chips) 
Rysiff: posts small blind $0.50
Manifestorr: posts big blind $1
BumHuntKing: sits out 
*** HOLE CARDS ***
KoKi2024: raises $1 to $2
easy_sarcasm: folds 
SorinS28: folds 
Rysiff: folds 
Manifestorr: folds 
Uncalled bet ($1) returned to KoKi2024
KoKi2024 collected $2.50 from pot
KoKi2024: doesn't show hand 
*** SUMMARY ***
Total pot $2.50 | Rake $0 
Seat 3: BumHuntKing
Seat 1: Manifestorr (big blind) folded before Flop
Seat 2: KoKi2024 collected ($2.50)
Seat 4: easy_sarcasm folded before Flop (didn't bet)
Seat 5: SorinS28 (button) folded before Flop (didn't bet)
Seat 6: Rysiff (small blind) folded before Flop



PokerStars Hand #254479457439:  Hold'em No Limit ($0.50/$1.00 USD) - 2025/01/20 2:35:25 WET [2025/01/20 21:35:25 ET]
Table 'Tyumenia III' 6-max Seat #6 is the button
Seat 3: BumHuntKing ($100 in chips) is sitting out
Seat 1: Manifestorr ($100.50 in chips) 
Seat 2: KoKi2024 ($136.68 in chips) 
Seat 4: easy_sarcasm ($105.98 in chips) 
Seat 5: SorinS28 ($116.75 in chips) 
Seat 6: Rysiff ($100 in chips) 
Manifestorr: posts small blind $0.50
KoKi2024: posts big blind $1
BumHuntKing: sits out 
*** HOLE CARDS ***
easy_sarcasm: raises $2 to $3
SorinS28: folds 
Rysiff: folds 
Manifestorr: folds 
KoKi2024: folds 
Uncalled bet ($2) returned to easy_sarcasm
easy_sarcasm collected $2.50 from pot
*** SUMMARY ***
Total pot $2.50 | Rake $0 
Seat 3: BumHuntKing
Seat 1: Manifestorr (small blind) folded before Flop
Seat 2: KoKi2024 (big blind) folded before Flop
Seat 4: easy_sarcasm collected ($2.50)
Seat 5: SorinS28 folded before Flop (didn't bet)
Seat 6: Rysiff (button) folded before Flop (didn't bet)



PokerStars Hand #254479460286:  Hold'em No Limit ($0.50/$1.00 USD) - 2025/01/20 2:35:45 WET [2025/01/20 21:35:45 ET]
Table 'Tyumenia III' 6-max Seat #1 is the button
Seat 1: Manifestorr ($100 in chips) 
Seat 2: KoKi2024 ($135.68 in chips) 
Seat 3: BumHuntKing ($100 in chips) 
Seat 4: easy_sarcasm ($107.48 in chips) 
Seat 5: SorinS28 ($116.75 in chips) 
Seat 6: Rysiff ($100 in chips) 
KoKi2024: posts small blind $0.50
BumHuntKing: posts big blind $1
*** HOLE CARDS ***
easy_sarcasm: folds 
SorinS28: folds 
Rysiff: folds 
Manifestorr: folds 
KoKi2024: folds 
Uncalled bet ($0.50) returned to BumHuntKing
Rysiff leaves the table
BumHuntKing collected $1 from pot
BumHuntKing: doesn't show hand 
*** SUMMARY ***
Total pot $1 | Rake $0 
Seat 1: Manifestorr (button) folded before Flop (didn't bet)
Seat 2: KoKi2024 (small blind) folded before Flop
Seat 3: BumHuntKing (big blind) collected ($1)
Seat 4: easy_sarcasm folded before Flop (didn't bet)
Seat 5: SorinS28 folded before Flop (didn't bet)
Seat 6: Rysiff folded before Flop (didn't bet)



PokerStars Hand #254479461794:  Hold'em No Limit ($0.50/$1.00 USD) - 2025/01/20 2:35:55 WET [2025/01/20 21:35:55 ET]
Table 'Tyumenia III' 6-max Seat #2 is the button
Seat 1: Manifestorr ($100 in chips) 
Seat 2: KoKi2024 ($135.18 in chips) 
Seat 3: BumHuntKing ($100.50 in chips) 
Seat 4: easy_sarcasm ($107.48 in chips) 
Seat 5: SorinS28 ($116.75 in chips) 
BumHuntKing: posts small blind $0.50
easy_sarcasm: posts big blind $1
*** HOLE CARDS ***
SorinS28: folds 
Manifestorr: folds 
KoKi2024: folds 
BumHuntKing: folds 
Uncalled bet ($0.50) returned to easy_sarcasm
easy_sarcasm collected $1 from pot
*** SUMMARY ***
Total pot $1 | Rake $0 
Seat 1: Manifestorr folded before Flop (didn't bet)
Seat 2: KoKi2024 (button) folded before Flop (didn't bet)
Seat 3: BumHuntKing (small blind) folded before Flop
Seat 4: easy_sarcasm (big blind) collected ($1)
Seat 5: SorinS28 folded before Flop (didn't bet)



PokerStars Hand #254479463796:  Hold'em No Limit ($0.50/$1.00 USD) - 2025/01/20 2:36:09 WET [2025/01/20 21:36:09 ET]
Table 'Tyumenia III' 6-max Seat #3 is the button
Seat 5: SorinS28 ($116.75 in chips) is sitting out
Seat 1: Manifestorr ($100 in chips) 
Seat 2: KoKi2024 ($135.18 in chips) 
Seat 3: BumHuntKing ($100 in chips) 
Seat 4: easy_sarcasm ($107.98 in chips) 
easy_sarcasm: posts small blind $0.50
SorinS28: is sitting out 
Manifestorr: posts big blind $1
*** HOLE CARDS ***
SorinS28 leaves the table
reeqar joins the table at seat #6 
KoKi2024: folds 
BumHuntKing: folds 
easy_sarcasm: folds 
Uncalled bet ($0.50) returned to Manifestorr
Manifestorr collected $1 from pot
*** SUMMARY ***
Total pot $1 | Rake $0 
Seat 5: SorinS28
Seat 1: Manifestorr (big blind) collected ($1)
Seat 2: KoKi2024 folded before Flop (didn't bet)
Seat 3: BumHuntKing (button) folded before Flop (didn't bet)
Seat 4: easy_sarcasm (small blind) folded before Flop



PokerStars Hand #254479465238:  Hold'em No Limit ($0.50/$1.00 USD) - 2025/01/20 2:36:19 WET [2025/01/20 21:36:19 ET]
Table 'Tyumenia III' 6-max Seat #4 is the button
Seat 6: reeqar ($100 in chips) is sitting out
Seat 1: Manifestorr ($100.50 in chips) 
Seat 2: KoKi2024 ($135.18 in chips) 
Seat 3: BumHuntKing ($100 in chips) 
Seat 4: easy_sarcasm ($107.48 in chips) 
Manifestorr: posts small blind $0.50
KoKi2024: posts big blind $1
*** HOLE CARDS ***
BumHuntKing: folds 
easy_sarcasm: raises $1.20 to $2.20
Manifestorr: raises $8.80 to $11
KoKi2024: folds 
easy_sarcasm: calls $8.80
*** FLOP *** [9s 3s Th]
Manifestorr: checks 
easy_sarcasm: bets $11.50
Manifestorr: calls $11.50
*** TURN *** [9s 3s Th] [4d]
Manifestorr: checks 
easy_sarcasm: bets $22.50
Manifestorr: folds 
Uncalled bet ($22.50) returned to easy_sarcasm
easy_sarcasm collected $45 from pot
*** SUMMARY ***
Total pot $46 | Rake $1 
Board [9s 3s Th 4d]
Seat 6: reeqar
Seat 1: Manifestorr (small blind) folded on the Turn
Seat 2: KoKi2024 (big blind) folded before Flop
Seat 3: BumHuntKing folded before Flop (didn't bet)
Seat 4: easy_sarcasm (button) collected ($45)



PokerStars Hand #254479471564:  Hold'em No Limit ($0.50/$1.00 USD) - 2025/01/20 2:37:02 WET [2025/01/20 21:37:02 ET]
Table 'Tyumenia III' 6-max Seat #1 is the button
Seat 6: reeqar ($100 in chips) is sitting out
Seat 1: Manifestorr ($100 in chips) 
Seat 2: KoKi2024 ($134.18 in chips) 
Seat 3: BumHuntKing ($100 in chips) 
Seat 4: easy_sarcasm ($129.98 in chips) 
KoKi2024: posts small blind $0.50
BumHuntKing: posts big blind $1
reeqar: sits out 
*** HOLE CARDS ***
easy_sarcasm: folds 
BoyLoc0 joins the table at seat #5 
Manifestorr: raises $1.20 to $2.20
KoKi2024: raises $5.40 to $7.60
BumHuntKing: folds 
Manifestorr: raises $16.40 to $24
KoKi2024: calls $16.40
*** FLOP *** [3h 8h 2s]
KoKi2024: checks 
Manifestorr: bets $24
KoKi2024: folds 
Uncalled bet ($24) returned to Manifestorr
Manifestorr collected $48 from pot
*** SUMMARY ***
Total pot $49 | Rake $1 
Board [3h 8h 2s]
Seat 6: reeqar
Seat 1: Manifestorr (button) collected ($48)
Seat 2: KoKi2024 (small blind) folded on the Flop
Seat 3: BumHuntKing (big blind) folded before Flop
Seat 4: easy_sarcasm folded before Flop (didn't bet)



PokerStars Hand #254479477663:  Hold'em No Limit ($0.50/$1.00 USD) - 2025/01/20 2:37:44 WET [2025/01/20 21:37:44 ET]
Table 'Tyumenia III' 6-max Seat #2 is the button
Seat 5: BoyLoc0 ($100 in chips) is sitting out
Seat 6: reeqar ($100 in chips) is sitting out
Seat 1: Manifestorr ($124 in chips) 
Seat 2: KoKi2024 ($110.18 in chips) 
Seat 3: BumHuntKing ($100 in chips) 
Seat 4: easy_sarcasm ($129.98 in chips) 
BumHuntKing: posts small blind $0.50
easy_sarcasm: posts big blind $1
BoyLoc0 has timed out
BoyLoc0: is sitting out 
reeqar: sits out 
*** HOLE CARDS ***
Manifestorr: folds 
KoKi2024: raises $2.50 to $3.50
BumHuntKing: folds 
easy_sarcasm: folds 
Uncalled bet ($2.50) returned to KoKi2024
KoKi2024 collected $2.50 from pot
KoKi2024: doesn't show hand 
*** SUMMARY ***
Total pot $2.50 | Rake $0 
Seat 5: BoyLoc0
Seat 6: reeqar
Seat 1: Manifestorr folded before Flop (didn't bet)
Seat 2: KoKi2024 (button) collected ($2.50)
Seat 3: BumHuntKing (small blind) folded before Flop
Seat 4: easy_sarcasm (big blind) folded before Flop



PokerStars Hand #254479481933:  Hold'em No Limit ($0.50/$1.00 USD) - 2025/01/20 2:38:14 WET [2025/01/20 21:38:14 ET]
Table 'Tyumenia III' 6-max Seat #3 is the button
Seat 6: reeqar ($100 in chips) is sitting out
Seat 1: Manifestorr ($124 in chips) 
Seat 2: KoKi2024 ($111.68 in chips) 
Seat 3: BumHuntKing ($100 in chips) 
Seat 4: easy_sarcasm ($128.98 in chips) 
Seat 5: BoyLoc0 ($100 in chips) 
easy_sarcasm: posts small blind $0.50
BoyLoc0: posts big blind $1
reeqar: sits out 
*** HOLE CARDS ***
Manifestorr: folds 
KoKi2024: folds 
BumHuntKing: folds 
easy_sarcasm: raises $2 to $3
BoyLoc0: folds 
Uncalled bet ($2) returned to easy_sarcasm
easy_sarcasm collected $2 from pot
*** SUMMARY ***
Total pot $2 | Rake $0 
Seat 6: reeqar
Seat 1: Manifestorr folded before Flop (didn't bet)
Seat 2: KoKi2024 folded before Flop (didn't bet)
Seat 3: BumHuntKing (button) folded before Flop (didn't bet)
Seat 4: easy_sarcasm (small blind) collected ($2)
Seat 5: BoyLoc0 (big blind) folded before Flop



PokerStars Hand #254479485327:  Hold'em No Limit ($0.50/$1.00 USD) - 2025/01/20 2:38:38 WET [2025/01/20 21:38:38 ET]
Table 'Tyumenia III' 6-max Seat #4 is the button
Seat 1: Manifestorr ($124 in chips) 
Seat 2: KoKi2024 ($111.68 in chips) 
Seat 3: BumHuntKing ($100 in chips) 
Seat 4: easy_sarcasm ($129.98 in chips) 
Seat 5: BoyLoc0 ($100 in chips) 
Seat 6: reeqar ($100 in chips) 
BoyLoc0: posts small blind $0.50
reeqar: posts big blind $1
*** HOLE CARDS ***
Manifestorr: folds 
KoKi2024: folds 
BumHuntKing: folds 
easy_sarcasm: folds 
BoyLoc0: raises $2 to $3
reeqar: folds 
Uncalled bet ($2) returned to BoyLoc0
BoyLoc0 collected $2 from pot
BoyLoc0: doesn't show hand 
*** SUMMARY ***
Total pot $2 | Rake $0 
Seat 1: Manifestorr folded before Flop (didn't bet)
Seat 2: KoKi2024 folded before Flop (didn't bet)
Seat 3: BumHuntKing folded before Flop (didn't bet)
Seat 4: easy_sarcasm (button) folded before Flop (didn't bet)
Seat 5: BoyLoc0 (small blind) collected ($2)
Seat 6: reeqar (big blind) folded before Flop



PokerStars Hand #254479487340:  Hold'em No Limit ($0.50/$1.00 USD) - 2025/01/20 2:38:53 WET [2025/01/20 21:38:53 ET]
Table 'Tyumenia III' 6-max Seat #5 is the button
Seat 1: Manifestorr ($124 in chips) 
Seat 2: KoKi2024 ($111.68 in chips) 
Seat 3: BumHuntKing ($100 in chips) 
Seat 4: easy_sarcasm ($129.98 in chips) 
Seat 5: BoyLoc0 ($101 in chips) 
Seat 6: reeqar ($100 in chips) 
reeqar: posts small blind $0.50
Manifestorr: posts big blind $1
*** HOLE CARDS ***
KoKi2024: folds 
BumHuntKing: raises $1.20 to $2.20
easy_sarcasm: folds 
BoyLoc0: raises $5.30 to $7.50
reeqar: folds 
Manifestorr: folds 
BumHuntKing: calls $5.30
*** FLOP *** [Qh Jd 2c]
BumHuntKing: checks 
BoyLoc0: bets $5.17
BumHuntKing: folds 
Uncalled bet ($5.17) returned to BoyLoc0
BoyLoc0 collected $15.68 from pot
BoyLoc0: doesn't show hand 
*** SUMMARY ***
Total pot $16.50 | Rake $0.82 
Board [Qh Jd 2c]
Seat 1: Manifestorr (big blind) folded before Flop
Seat 2: KoKi2024 folded before Flop (didn't bet)
Seat 3: BumHuntKing folded on the Flop
Seat 4: easy_sarcasm folded before Flop (didn't bet)
Seat 5: BoyLoc0 (button) collected ($15.68)
Seat 6: reeqar (small blind) folded before Flop



PokerStars Hand #254479495086:  Hold'em No Limit ($0.50/$1.00 USD) - 2025/01/20 2:39:46 WET [2025/01/20 21:39:46 ET]
Table 'Tyumenia III' 6-max Seat #6 is the button
Seat 1: Manifestorr ($123 in chips) 
Seat 2: KoKi2024 ($111.68 in chips) 
Seat 3: BumHuntKing ($100 in chips) 
Seat 4: easy_sarcasm ($129.98 in chips) 
Seat 5: BoyLoc0 ($109.18 in chips) 
Seat 6: reeqar ($100 in chips) 
Manifestorr: posts small blind $0.50
KoKi2024: posts big blind $1
*** HOLE CARDS ***
BumHuntKing: folds 
easy_sarcasm: folds 
BoyLoc0: folds 
reeqar: raises $1.50 to $2.50
Manifestorr: folds 
KoKi2024: calls $1.50
*** FLOP *** [8s Kd Jc]
KoKi2024: checks 
reeqar: bets $2.61
KoKi2024: folds 
Uncalled bet ($2.61) returned to reeqar
reeqar collected $5.22 from pot
reeqar: doesn't show hand 
*** SUMMARY ***
Total pot $5.50 | Rake $0.28 
Board [8s Kd Jc]
Seat 1: Manifestorr (small blind) folded before Flop
Seat 2: KoKi2024 (big blind) folded on the Flop
Seat 3: BumHuntKing folded before Flop (didn't bet)
Seat 4: easy_sarcasm folded before Flop (didn't bet)
Seat 5: BoyLoc0 folded before Flop (didn't bet)
Seat 6: reeqar (button) collected ($5.22)



PokerStars Hand #254479499543:  Hold'em No Limit ($0.50/$1.00 USD) - 2025/01/20 2:40:17 WET [2025/01/20 21:40:17 ET]
Table 'Tyumenia III' 6-max Seat #1 is the button
Seat 1: Manifestorr ($122.50 in chips) 
Seat 2: KoKi2024 ($109.18 in chips) 
Seat 3: BumHuntKing ($100 in chips) 
Seat 4: easy_sarcasm ($129.98 in chips) 
Seat 5: BoyLoc0 ($109.18 in chips) 
Seat 6: reeqar ($102.72 in chips) 
KoKi2024: posts small blind $0.50
BumHuntKing: posts big blind $1
*** HOLE CARDS ***
easy_sarcasm: folds 
BoyLoc0: folds 
reeqar: raises $1.50 to $2.50
Manifestorr: folds 
KoKi2024: raises $6 to $8.50
BumHuntKing: folds 
reeqar: calls $6
*** FLOP *** [Kh 3s 5c]
KoKi2024: bets $17.10
reeqar: calls $17.10
*** TURN *** [Kh 3s 5c] [Js]
KoKi2024: checks 
reeqar: checks 
*** RIVER *** [Kh 3s 5c Js] [2s]
KoKi2024: bets $83.58 and is all-in
reeqar: calls $77.12 and is all-in
Uncalled bet ($6.46) returned to KoKi2024
*** SHOW DOWN ***
KoKi2024: shows [2h 2d] (three of a kind, Deuces)
reeqar: shows [Kc 9c] (a pair of Kings)
KoKi2024 collected $203.94 from pot
*** SUMMARY ***
Total pot $206.44 | Rake $2.50 
Board [Kh 3s 5c Js 2s]
Seat 1: Manifestorr (button) folded before Flop (didn't bet)
Seat 2: KoKi2024 (small blind) showed [2h 2d] and won ($203.94) with three of a kind, Deuces
Seat 3: BumHuntKing (big blind) folded before Flop
Seat 4: easy_sarcasm folded before Flop (didn't bet)
Seat 5: BoyLoc0 folded before Flop (didn't bet)
Seat 6: reeqar showed [Kc 9c] and lost with a pair of Kings



PokerStars Hand #254479513212:  Hold'em No Limit ($0.50/$1.00 USD) - 2025/01/20 2:41:53 WET [2025/01/20 21:41:53 ET]
Table 'Tyumenia III' 6-max Seat #2 is the button
Seat 1: Manifestorr ($122.50 in chips) 
Seat 2: KoKi2024 ($210.40 in chips) 
Seat 3: BumHuntKing ($100 in chips) 
Seat 4: easy_sarcasm ($129.98 in chips) 
Seat 5: BoyLoc0 ($109.18 in chips) 
Seat 6: reeqar ($100 in chips) 
BumHuntKing: posts small blind $0.50
easy_sarcasm: posts big blind $1
*** HOLE CARDS ***
BoyLoc0: folds 
reeqar: raises $1.50 to $2.50
Manifestorr: folds 
KoKi2024: calls $2.50
BumHuntKing: raises $11 to $13.50
easy_sarcasm: folds 
reeqar: calls $11
KoKi2024: folds 
*** FLOP *** [5c Th 7d]
BumHuntKing: bets $14.49
reeqar: calls $14.49
*** TURN *** [5c Th 7d] [5d]
BumHuntKing: bets $28.49
reeqar: folds 
Uncalled bet ($28.49) returned to BumHuntKing
BumHuntKing collected $56.98 from pot
BumHuntKing: doesn't show hand 
*** SUMMARY ***
Total pot $59.48 | Rake $2.50 
Board [5c Th 7d 5d]
Seat 1: Manifestorr folded before Flop (didn't bet)
Seat 2: KoKi2024 (button) folded before Flop
Seat 3: BumHuntKing (small blind) collected ($56.98)
Seat 4: easy_sarcasm (big blind) folded before Flop
Seat 5: BoyLoc0 folded before Flop (didn't bet)
Seat 6: reeqar folded on the Turn



PokerStars Hand #254479526071:  Hold'em No Limit ($0.50/$1.00 USD) - 2025/01/20 2:43:24 WET [2025/01/20 21:43:24 ET]
Table 'Tyumenia III' 6-max Seat #3 is the button
Seat 1: Manifestorr ($122.50 in chips) 
Seat 2: KoKi2024 ($207.90 in chips) 
Seat 3: BumHuntKing ($128.99 in chips) 
Seat 4: easy_sarcasm ($128.98 in chips) 
Seat 5: BoyLoc0 ($109.18 in chips) 
Seat 6: reeqar ($100 in chips) 
easy_sarcasm: posts small blind $0.50
BoyLoc0: posts big blind $1
*** HOLE CARDS ***
reeqar: folds 
Manifestorr: folds 
KoKi2024: folds 
BumHuntKing: folds 
easy_sarcasm: raises $2 to $3
BoyLoc0: folds 
Uncalled bet ($2) returned to easy_sarcasm
easy_sarcasm collected $2 from pot
*** SUMMARY ***
Total pot $2 | Rake $0 
Seat 1: Manifestorr folded before Flop (didn't bet)
Seat 2: KoKi2024 folded before Flop (didn't bet)
Seat 3: BumHuntKing (button) folded before Flop (didn't bet)
Seat 4: easy_sarcasm (small blind) collected ($2)
Seat 5: BoyLoc0 (big blind) folded before Flop
Seat 6: reeqar folded before Flop (didn't bet)



PokerStars Hand #254479528282:  Hold'em No Limit ($0.50/$1.00 USD) - 2025/01/20 2:43:40 WET [2025/01/20 21:43:40 ET]
Table 'Tyumenia III' 6-max Seat #4 is the button
Seat 1: Manifestorr ($122.50 in chips) 
Seat 2: KoKi2024 ($207.90 in chips) 
Seat 3: BumHuntKing ($128.99 in chips) 
Seat 4: easy_sarcasm ($129.98 in chips) 
Seat 5: BoyLoc0 ($108.18 in chips) 
Seat 6: reeqar ($100 in chips) 
BoyLoc0: posts small blind $0.50
reeqar: posts big blind $1
*** HOLE CARDS ***
Manifestorr: raises $1.20 to $2.20
KoKi2024: folds 
BumHuntKing: folds 
easy_sarcasm: folds 
BoyLoc0: folds 
reeqar: folds 
Uncalled bet ($1.20) returned to Manifestorr
Manifestorr collected $2.50 from pot
*** SUMMARY ***
Total pot $2.50 | Rake $0 
Seat 1: Manifestorr collected ($2.50)
Seat 2: KoKi2024 folded before Flop (didn't bet)
Seat 3: BumHuntKing folded before Flop (didn't bet)
Seat 4: easy_sarcasm (button) folded before Flop (didn't bet)
Seat 5: BoyLoc0 (small blind) folded before Flop
Seat 6: reeqar (big blind) folded before Flop



PokerStars Hand #254479530038:  Hold'em No Limit ($0.50/$1.00 USD) - 2025/01/20 2:43:52 WET [2025/01/20 21:43:52 ET]
Table 'Tyumenia III' 6-max Seat #5 is the button
Seat 1: Manifestorr ($124 in chips) 
Seat 2: KoKi2024 ($207.90 in chips) 
Seat 3: BumHuntKing ($128.99 in chips) 
Seat 4: easy_sarcasm ($129.98 in chips) 
Seat 5: BoyLoc0 ($107.68 in chips) 
Seat 6: reeqar ($100 in chips) 
reeqar: posts small blind $0.50
Manifestorr: posts big blind $1
*** HOLE CARDS ***
KoKi2024: calls $1
BumHuntKing: folds 
easy_sarcasm: folds 
BoyLoc0: folds 
reeqar: calls $0.50
Manifestorr: checks 
*** FLOP *** [9s Jd Kd]
reeqar: checks 
Manifestorr: checks 
KoKi2024: checks 
*** TURN *** [9s Jd Kd] [8h]
reeqar: checks 
Manifestorr: checks 
KoKi2024: bets $2.85
reeqar: folds 
Manifestorr: folds 
Uncalled bet ($2.85) returned to KoKi2024
KoKi2024 collected $2.85 from pot
KoKi2024: doesn't show hand 
*** SUMMARY ***
Total pot $3 | Rake $0.15 
Board [9s Jd Kd 8h]
Seat 1: Manifestorr (big blind) folded on the Turn
Seat 2: KoKi2024 collected ($2.85)
Seat 3: BumHuntKing folded before Flop (didn't bet)
Seat 4: easy_sarcasm folded before Flop (didn't bet)
Seat 5: BoyLoc0 (button) folded before Flop (didn't bet)
Seat 6: reeqar (small blind) folded on the Turn



PokerStars Hand #254479538380:  Hold'em No Limit ($0.50/$1.00 USD) - 2025/01/20 2:44:50 WET [2025/01/20 21:44:50 ET]
Table 'Tyumenia III' 6-max Seat #6 is the button
Seat 1: Manifestorr ($123 in chips) 
Seat 2: KoKi2024 ($209.75 in chips) 
Seat 3: BumHuntKing ($128.99 in chips) 
Seat 4: easy_sarcasm ($129.98 in chips) 
Seat 5: BoyLoc0 ($107.68 in chips) 
Seat 6: reeqar ($100 in chips) 
Manifestorr: posts small blind $0.50
KoKi2024: posts big blind $1
*** HOLE CARDS ***
BumHuntKing: folds 
easy_sarcasm: folds 
BoyLoc0: raises $1.50 to $2.50
reeqar: raises $5.50 to $8
Manifestorr: folds 
KoKi2024: folds 
BoyLoc0: folds 
Uncalled bet ($5.50) returned to reeqar
reeqar collected $6.50 from pot
reeqar: doesn't show hand 
*** SUMMARY ***
Total pot $6.50 | Rake $0 
Seat 1: Manifestorr (small blind) folded before Flop
Seat 2: KoKi2024 (big blind) folded before Flop
Seat 3: BumHuntKing folded before Flop (didn't bet)
Seat 4: easy_sarcasm folded before Flop (didn't bet)
Seat 5: BoyLoc0 folded before Flop
Seat 6: reeqar (button) collected ($6.50)



PokerStars Hand #254479542275:  Hold'em No Limit ($0.50/$1.00 USD) - 2025/01/20 2:45:18 WET [2025/01/20 21:45:18 ET]
Table 'Tyumenia III' 6-max Seat #1 is the button
Seat 1: Manifestorr ($122.50 in chips) 
Seat 2: KoKi2024 ($208.75 in chips) 
Seat 3: BumHuntKing ($128.99 in chips) 
Seat 4: easy_sarcasm ($129.98 in chips) 
Seat 5: BoyLoc0 ($105.18 in chips) 
Seat 6: reeqar ($104 in chips) 
KoKi2024: posts small blind $0.50
BumHuntKing: posts big blind $1
*** HOLE CARDS ***
easy_sarcasm: folds 
BoyLoc0: folds 
reeqar: folds 
Manifestorr: raises $1.20 to $2.20
KoKi2024: folds 
BumHuntKing: folds 
Uncalled bet ($1.20) returned to Manifestorr
Manifestorr collected $2.50 from pot
*** SUMMARY ***
Total pot $2.50 | Rake $0 
Seat 1: Manifestorr (button) collected ($2.50)
Seat 2: KoKi2024 (small blind) folded before Flop
Seat 3: BumHuntKing (big blind) folded before Flop
Seat 4: easy_sarcasm folded before Flop (didn't bet)
Seat 5: BoyLoc0 folded before Flop (didn't bet)
Seat 6: reeqar folded before Flop (didn't bet)



PokerStars Hand #254479544337:  Hold'em No Limit ($0.50/$1.00 USD) - 2025/01/20 2:45:33 WET [2025/01/20 21:45:33 ET]
Table 'Tyumenia III' 6-max Seat #2 is the button
Seat 1: Manifestorr ($124 in chips) 
Seat 2: KoKi2024 ($208.25 in chips) 
Seat 3: BumHuntKing ($127.99 in chips) 
Seat 4: easy_sarcasm ($129.98 in chips) 
Seat 5: BoyLoc0 ($105.18 in chips) 
Seat 6: reeqar ($104 in chips) 
BumHuntKing: posts small blind $0.50
easy_sarcasm: posts big blind $1
*** HOLE CARDS ***
BoyLoc0: folds 
reeqar: folds 
Manifestorr: folds 
KoKi2024: folds 
BumHuntKing: folds 
Uncalled bet ($0.50) returned to easy_sarcasm
easy_sarcasm collected $1 from pot
*** SUMMARY ***
Total pot $1 | Rake $0 
Seat 1: Manifestorr folded before Flop (didn't bet)
Seat 2: KoKi2024 (button) folded before Flop (didn't bet)
Seat 3: BumHuntKing (small blind) folded before Flop
Seat 4: easy_sarcasm (big blind) collected ($1)
Seat 5: BoyLoc0 folded before Flop (didn't bet)
Seat 6: reeqar folded before Flop (didn't bet)



PokerStars Hand #254479546235:  Hold'em No Limit ($0.50/$1.00 USD) - 2025/01/20 2:45:47 WET [2025/01/20 21:45:47 ET]
Table 'Tyumenia III' 6-max Seat #3 is the button
Seat 1: Manifestorr ($124 in chips) 
Seat 2: KoKi2024 ($208.25 in chips) 
Seat 3: BumHuntKing ($127.49 in chips) 
Seat 4: easy_sarcasm ($130.48 in chips) 
Seat 5: BoyLoc0 ($105.18 in chips) 
Seat 6: reeqar ($104 in chips) 
easy_sarcasm: posts small blind $0.50
BoyLoc0: posts big blind $1
*** HOLE CARDS ***
reeqar: folds 
Manifestorr: folds 
KoKi2024: raises $1 to $2
BumHuntKing: folds 
easy_sarcasm: folds 
BoyLoc0: calls $1
*** FLOP *** [Tc 5c 2h]
BoyLoc0: checks 
KoKi2024: bets $4.28
BoyLoc0: folds 
Uncalled bet ($4.28) returned to KoKi2024
KoKi2024 collected $4.28 from pot
KoKi2024: doesn't show hand 
*** SUMMARY ***
Total pot $4.50 | Rake $0.22 
Board [Tc 5c 2h]
Seat 1: Manifestorr folded before Flop (didn't bet)
Seat 2: KoKi2024 collected ($4.28)
Seat 3: BumHuntKing (button) folded before Flop (didn't bet)
Seat 4: easy_sarcasm (small blind) folded before Flop
Seat 5: BoyLoc0 (big blind) folded on the Flop
Seat 6: reeqar folded before Flop (didn't bet)



PokerStars Hand #254479549073:  Hold'em No Limit ($0.50/$1.00 USD) - 2025/01/20 2:46:08 WET [2025/01/20 21:46:08 ET]
Table 'Tyumenia III' 6-max Seat #4 is the button
Seat 1: Manifestorr ($124 in chips) 
Seat 2: KoKi2024 ($210.53 in chips) 
Seat 3: BumHuntKing ($127.49 in chips) 
Seat 4: easy_sarcasm ($129.98 in chips) 
Seat 5: BoyLoc0 ($103.18 in chips) 
Seat 6: reeqar ($104 in chips) 
BoyLoc0: posts small blind $0.50
reeqar: posts big blind $1
*** HOLE CARDS ***
Manifestorr: folds 
KoKi2024: folds 
BumHuntKing: folds 
easy_sarcasm: raises $1.20 to $2.20
BoyLoc0: folds 
reeqar: folds 
Uncalled bet ($1.20) returned to easy_sarcasm
easy_sarcasm collected $2.50 from pot
*** SUMMARY ***
Total pot $2.50 | Rake $0 
Seat 1: Manifestorr folded before Flop (didn't bet)
Seat 2: KoKi2024 folded before Flop (didn't bet)
Seat 3: BumHuntKing folded before Flop (didn't bet)
Seat 4: easy_sarcasm (button) collected ($2.50)
Seat 5: BoyLoc0 (small blind) folded before Flop
Seat 6: reeqar (big blind) folded before Flop



PokerStars Hand #254479551585:  Hold'em No Limit ($0.50/$1.00 USD) - 2025/01/20 2:46:25 WET [2025/01/20 21:46:25 ET]
Table 'Tyumenia III' 6-max Seat #5 is the button
Seat 1: Manifestorr ($124 in chips) 
Seat 2: KoKi2024 ($210.53 in chips) 
Seat 3: BumHuntKing ($127.49 in chips) 
Seat 4: easy_sarcasm ($131.48 in chips) 
Seat 5: BoyLoc0 ($102.68 in chips) 
Seat 6: reeqar ($103 in chips) 
reeqar: posts small blind $0.50
Manifestorr: posts big blind $1
*** HOLE CARDS ***
KoKi2024: calls $1
BumHuntKing: folds 
easy_sarcasm: raises $3.50 to $4.50
BoyLoc0: calls $4.50
reeqar: folds 
Manifestorr: folds 
KoKi2024: calls $3.50
*** FLOP *** [5d 3d Ah]
KoKi2024: checks 
easy_sarcasm: checks 
BoyLoc0: checks 
*** TURN *** [5d 3d Ah] [3h]
KoKi2024: checks 
easy_sarcasm: bets $7.13
BoyLoc0: calls $7.13
KoKi2024: calls $7.13
*** RIVER *** [5d 3d Ah 3h] [Js]
KoKi2024: checks 
easy_sarcasm: checks 
BoyLoc0: bets $17.29
KoKi2024: raises $69.15 to $86.44
easy_sarcasm: folds 
BoyLoc0: folds 
Uncalled bet ($69.15) returned to KoKi2024
KoKi2024 collected $68.47 from pot
KoKi2024: doesn't show hand 
*** SUMMARY ***
Total pot $70.97 | Rake $2.50 
Board [5d 3d Ah 3h Js]
Seat 1: Manifestorr (big blind) folded before Flop
Seat 2: KoKi2024 collected ($68.47)
Seat 3: BumHuntKing folded before Flop (didn't bet)
Seat 4: easy_sarcasm folded on the River
Seat 5: BoyLoc0 (button) folded on the River
Seat 6: reeqar (small blind) folded before Flop



PokerStars Hand #254479561641:  Hold'em No Limit ($0.50/$1.00 USD) - 2025/01/20 2:47:36 WET [2025/01/20 21:47:36 ET]
Table 'Tyumenia III' 6-max Seat #6 is the button
Seat 1: Manifestorr ($123 in chips) 
Seat 2: KoKi2024 ($250.08 in chips) 
Seat 3: BumHuntKing ($127.49 in chips) 
Seat 4: easy_sarcasm ($119.85 in chips) 
Seat 5: BoyLoc0 ($100 in chips) 
Seat 6: reeqar ($102.50 in chips) 
Manifestorr: posts small blind $0.50
KoKi2024: posts big blind $1
*** HOLE CARDS ***
BumHuntKing: folds 
easy_sarcasm: folds 
BoyLoc0: raises $1.50 to $2.50
reeqar: folds 
Manifestorr: folds 
KoKi2024: folds 
Uncalled bet ($1.50) returned to BoyLoc0
BoyLoc0 collected $2.50 from pot
BoyLoc0: doesn't show hand 
*** SUMMARY ***
Total pot $2.50 | Rake $0 
Seat 1: Manifestorr (small blind) folded before Flop
Seat 2: KoKi2024 (big blind) folded before Flop
Seat 3: BumHuntKing folded before Flop (didn't bet)
Seat 4: easy_sarcasm folded before Flop (didn't bet)
Seat 5: BoyLoc0 collected ($2.50)
Seat 6: reeqar (button) folded before Flop (didn't bet)



PokerStars Hand #254479564022:  Hold'em No Limit ($0.50/$1.00 USD) - 2025/01/20 2:47:54 WET [2025/01/20 21:47:54 ET]
Table 'Tyumenia III' 6-max Seat #1 is the button
Seat 1: Manifestorr ($122.50 in chips) 
Seat 2: KoKi2024 ($249.08 in chips) 
Seat 3: BumHuntKing ($127.49 in chips) 
Seat 4: easy_sarcasm ($119.85 in chips) 
Seat 5: BoyLoc0 ($101.50 in chips) 
Seat 6: reeqar ($102.50 in chips) 
KoKi2024: posts small blind $0.50
BumHuntKing: posts big blind $1
*** HOLE CARDS ***
easy_sarcasm: folds 
BoyLoc0: raises $1.50 to $2.50
reeqar: raises $5.50 to $8
Manifestorr: folds 
KoKi2024: folds 
BumHuntKing: folds 
BoyLoc0: folds 
Uncalled bet ($5.50) returned to reeqar
reeqar collected $6.50 from pot
reeqar: doesn't show hand 
*** SUMMARY ***
Total pot $6.50 | Rake $0 
Seat 1: Manifestorr (button) folded before Flop (didn't bet)
Seat 2: KoKi2024 (small blind) folded before Flop
Seat 3: BumHuntKing (big blind) folded before Flop
Seat 4: easy_sarcasm folded before Flop (didn't bet)
Seat 5: BoyLoc0 folded before Flop
Seat 6: reeqar collected ($6.50)



PokerStars Hand #254479568342:  Hold'em No Limit ($0.50/$1.00 USD) - 2025/01/20 2:48:24 WET [2025/01/20 21:48:24 ET]
Table 'Tyumenia III' 6-max Seat #2 is the button
Seat 1: Manifestorr ($122.50 in chips) 
Seat 2: KoKi2024 ($248.58 in chips) 
Seat 3: BumHuntKing ($126.49 in chips) 
Seat 4: easy_sarcasm ($119.85 in chips) 
Seat 5: BoyLoc0 ($100 in chips) 
Seat 6: reeqar ($106.50 in chips) 
BumHuntKing: posts small blind $0.50
easy_sarcasm: posts big blind $1
*** HOLE CARDS ***
BoyLoc0: folds 
reeqar: raises $1.50 to $2.50
Manifestorr: folds 
KoKi2024: folds 
BumHuntKing: folds 
easy_sarcasm: calls $1.50
*** FLOP *** [9d 6s 2c]
easy_sarcasm: checks 
reeqar: bets $1.30
easy_sarcasm: folds 
Uncalled bet ($1.30) returned to reeqar
reeqar collected $5.22 from pot
reeqar: doesn't show hand 
*** SUMMARY ***
Total pot $5.50 | Rake $0.28 
Board [9d 6s 2c]
Seat 1: Manifestorr folded before Flop (didn't bet)
Seat 2: KoKi2024 (button) folded before Flop (didn't bet)
Seat 3: BumHuntKing (small blind) folded before Flop
Seat 4: easy_sarcasm (big blind) folded on the Flop
Seat 5: BoyLoc0 folded before Flop (didn't bet)
Seat 6: reeqar collected ($5.22)



PokerStars Hand #254479572197:  Hold'em No Limit ($0.50/$1.00 USD) - 2025/01/20 2:48:52 WET [2025/01/20 21:48:52 ET]
Table 'Tyumenia III' 6-max Seat #3 is the button
Seat 1: Manifestorr ($122.50 in chips) 
Seat 2: KoKi2024 ($248.58 in chips) 
Seat 3: BumHuntKing ($125.99 in chips) 
Seat 4: easy_sarcasm ($117.35 in chips) 
Seat 5: BoyLoc0 ($100 in chips) 
Seat 6: reeqar ($109.22 in chips) 
easy_sarcasm: posts small blind $0.50
BoyLoc0: posts big blind $1
*** HOLE CARDS ***
reeqar: folds 
Manifestorr: folds 
KoKi2024: folds 
BumHuntKing: folds 
easy_sarcasm: raises $2 to $3
BoyLoc0: calls $2
*** FLOP *** [2h 8h Js]
easy_sarcasm: bets $2.85
BoyLoc0: folds 
Uncalled bet ($2.85) returned to easy_sarcasm
easy_sarcasm collected $5.70 from pot
*** SUMMARY ***
Total pot $6 | Rake $0.30 
Board [2h 8h Js]
Seat 1: Manifestorr folded before Flop (didn't bet)
Seat 2: KoKi2024 folded before Flop (didn't bet)
Seat 3: BumHuntKing (button) folded before Flop (didn't bet)
Seat 4: easy_sarcasm (small blind) collected ($5.70)
Seat 5: BoyLoc0 (big blind) folded on the Flop
Seat 6: reeqar folded before Flop (didn't bet)



PokerStars Hand #254479575673:  Hold'em No Limit ($0.50/$1.00 USD) - 2025/01/20 2:49:17 WET [2025/01/20 21:49:17 ET]
Table 'Tyumenia III' 6-max Seat #4 is the button
Seat 1: Manifestorr ($122.50 in chips) 
Seat 2: KoKi2024 ($248.58 in chips) 
Seat 3: BumHuntKing ($125.99 in chips) 
Seat 4: easy_sarcasm ($120.05 in chips) 
Seat 5: BoyLoc0 ($100 in chips) 
Seat 6: reeqar ($109.22 in chips) 
BoyLoc0: posts small blind $0.50
reeqar: posts big blind $1
*** HOLE CARDS ***
Manifestorr: folds 
KoKi2024: folds 
BumHuntKing: folds 
easy_sarcasm: folds 
BoyLoc0: raises $2 to $3
reeqar: raises $6 to $9
BoyLoc0: folds 
Uncalled bet ($6) returned to reeqar
reeqar collected $6 from pot
reeqar: doesn't show hand 
*** SUMMARY ***
Total pot $6 | Rake $0 
Seat 1: Manifestorr folded before Flop (didn't bet)
Seat 2: KoKi2024 folded before Flop (didn't bet)
Seat 3: BumHuntKing folded before Flop (didn't bet)
Seat 4: easy_sarcasm (button) folded before Flop (didn't bet)
Seat 5: BoyLoc0 (small blind) folded before Flop
Seat 6: reeqar (big blind) collected ($6)



PokerStars Hand #254479579454:  Hold'em No Limit ($0.50/$1.00 USD) - 2025/01/20 2:49:44 WET [2025/01/20 21:49:44 ET]
Table 'Tyumenia III' 6-max Seat #5 is the button
Seat 1: Manifestorr ($122.50 in chips) 
Seat 2: KoKi2024 ($248.58 in chips) 
Seat 3: BumHuntKing ($125.99 in chips) 
Seat 4: easy_sarcasm ($120.05 in chips) 
Seat 5: BoyLoc0 ($100 in chips) 
Seat 6: reeqar ($112.22 in chips) 
reeqar: posts small blind $0.50
Manifestorr: posts big blind $1
*** HOLE CARDS ***
KoKi2024: calls $1
BumHuntKing: folds 
easy_sarcasm: raises $3.50 to $4.50
BoyLoc0: folds 
reeqar: folds 
Manifestorr: folds 
KoKi2024: folds 
Uncalled bet ($3.50) returned to easy_sarcasm
easy_sarcasm collected $3.50 from pot
*** SUMMARY ***
Total pot $3.50 | Rake $0 
Seat 1: Manifestorr (big blind) folded before Flop
Seat 2: KoKi2024 folded before Flop
Seat 3: BumHuntKing folded before Flop (didn't bet)
Seat 4: easy_sarcasm collected ($3.50)
Seat 5: BoyLoc0 (button) folded before Flop (didn't bet)
Seat 6: reeqar (small blind) folded before Flop



PokerStars Hand #254479582488:  Hold'em No Limit ($0.50/$1.00 USD) - 2025/01/20 2:50:06 WET [2025/01/20 21:50:06 ET]
Table 'Tyumenia III' 6-max Seat #6 is the button
Seat 1: Manifestorr ($121.50 in chips) 
Seat 2: KoKi2024 ($247.58 in chips) 
Seat 3: BumHuntKing ($125.99 in chips) 
Seat 4: easy_sarcasm ($122.55 in chips) 
Seat 5: BoyLoc0 ($100 in chips) 
Seat 6: reeqar ($111.72 in chips) 
Manifestorr: posts small blind $0.50
KoKi2024: posts big blind $1
*** HOLE CARDS ***
BumHuntKing: folds 
easy_sarcasm: folds 
BoyLoc0: folds 
reeqar: raises $1.50 to $2.50
Manifestorr: folds 
KoKi2024: folds 
Uncalled bet ($1.50) returned to reeqar
reeqar collected $2.50 from pot
reeqar: doesn't show hand 
*** SUMMARY ***
Total pot $2.50 | Rake $0 
Seat 1: Manifestorr (small blind) folded before Flop
Seat 2: KoKi2024 (big blind) folded before Flop
Seat 3: BumHuntKing folded before Flop (didn't bet)
Seat 4: easy_sarcasm folded before Flop (didn't bet)
Seat 5: BoyLoc0 folded before Flop (didn't bet)
Seat 6: reeqar (button) collected ($2.50)



PokerStars Hand #254479584717:  Hold'em No Limit ($0.50/$1.00 USD) - 2025/01/20 2:50:22 WET [2025/01/20 21:50:22 ET]
Table 'Tyumenia III' 6-max Seat #1 is the button
Seat 1: Manifestorr ($121 in chips) 
Seat 2: KoKi2024 ($246.58 in chips) 
Seat 3: BumHuntKing ($125.99 in chips) 
Seat 4: easy_sarcasm ($122.55 in chips) 
Seat 5: BoyLoc0 ($100 in chips) 
Seat 6: reeqar ($113.22 in chips) 
KoKi2024: posts small blind $0.50
BumHuntKing: posts big blind $1
*** HOLE CARDS ***
easy_sarcasm: folds 
BoyLoc0: raises $1.50 to $2.50
reeqar: folds 
Manifestorr: calls $2.50
KoKi2024: folds 
BumHuntKing: folds 
*** FLOP *** [Kd 6s 5d]
BoyLoc0: bets $2.04
Manifestorr: folds 
Uncalled bet ($2.04) returned to BoyLoc0
BoyLoc0 collected $6.18 from pot
BoyLoc0: doesn't show hand 
*** SUMMARY ***
Total pot $6.50 | Rake $0.32 
Board [Kd 6s 5d]
Seat 1: Manifestorr (button) folded on the Flop
Seat 2: KoKi2024 (small blind) folded before Flop
Seat 3: BumHuntKing (big blind) folded before Flop
Seat 4: easy_sarcasm folded before Flop (didn't bet)
Seat 5: BoyLoc0 collected ($6.18)
Seat 6: reeqar folded before Flop (didn't bet)



PokerStars Hand #254479588525:  Hold'em No Limit ($0.50/$1.00 USD) - 2025/01/20 2:50:50 WET [2025/01/20 21:50:50 ET]
Table 'Tyumenia III' 6-max Seat #2 is the button
Seat 1: Manifestorr ($118.50 in chips) 
Seat 2: KoKi2024 ($246.08 in chips) 
Seat 3: BumHuntKing ($124.99 in chips) 
Seat 4: easy_sarcasm ($122.55 in chips) 
Seat 5: BoyLoc0 ($103.68 in chips) 
Seat 6: reeqar ($113.22 in chips) 
BumHuntKing: posts small blind $0.50
easy_sarcasm: posts big blind $1
*** HOLE CARDS ***
BoyLoc0: raises $1.50 to $2.50
reeqar: folds 
Manifestorr: folds 
KoKi2024: folds 
BumHuntKing: folds 
easy_sarcasm: folds 
Uncalled bet ($1.50) returned to BoyLoc0
BoyLoc0 collected $2.50 from pot
BoyLoc0: doesn't show hand 
*** SUMMARY ***
Total pot $2.50 | Rake $0 
Seat 1: Manifestorr folded before Flop (didn't bet)
Seat 2: KoKi2024 (button) folded before Flop (didn't bet)
Seat 3: BumHuntKing (small blind) folded before Flop
Seat 4: easy_sarcasm (big blind) folded before Flop
Seat 5: BoyLoc0 collected ($2.50)
Seat 6: reeqar folded before Flop (didn't bet)



PokerStars Hand #254479592167:  Hold'em No Limit ($0.50/$1.00 USD) - 2025/01/20 2:51:16 WET [2025/01/20 21:51:16 ET]
Table 'Tyumenia III' 6-max Seat #3 is the button
Seat 1: Manifestorr ($118.50 in chips) 
Seat 2: KoKi2024 ($246.08 in chips) 
Seat 3: BumHuntKing ($124.49 in chips) 
Seat 4: easy_sarcasm ($121.55 in chips) 
Seat 5: BoyLoc0 ($105.18 in chips) 
Seat 6: reeqar ($113.22 in chips) 
easy_sarcasm: posts small blind $0.50
BoyLoc0: posts big blind $1
*** HOLE CARDS ***
reeqar: folds 
Manifestorr: folds 
KoKi2024: raises $1 to $2
BumHuntKing: folds 
easy_sarcasm: folds 
BoyLoc0: folds 
Uncalled bet ($1) returned to KoKi2024
KoKi2024 collected $2.50 from pot
KoKi2024: doesn't show hand 
*** SUMMARY ***
Total pot $2.50 | Rake $0 
Seat 1: Manifestorr folded before Flop (didn't bet)
Seat 2: KoKi2024 collected ($2.50)
Seat 3: BumHuntKing (button) folded before Flop (didn't bet)
Seat 4: easy_sarcasm (small blind) folded before Flop
Seat 5: BoyLoc0 (big blind) folded before Flop
Seat 6: reeqar folded before Flop (didn't bet)



PokerStars Hand #254479594302:  Hold'em No Limit ($0.50/$1.00 USD) - 2025/01/20 2:51:31 WET [2025/01/20 21:51:31 ET]
Table 'Tyumenia III' 6-max Seat #4 is the button
Seat 1: Manifestorr ($118.50 in chips) 
Seat 2: KoKi2024 ($247.58 in chips) 
Seat 3: BumHuntKing ($124.49 in chips) 
Seat 4: easy_sarcasm ($121.05 in chips) 
Seat 5: BoyLoc0 ($104.18 in chips) 
Seat 6: reeqar ($113.22 in chips) 
BoyLoc0: posts small blind $0.50
reeqar: posts big blind $1
*** HOLE CARDS ***
Manifestorr: folds 
KoKi2024: folds 
BumHuntKing: folds 
easy_sarcasm: raises $1.20 to $2.20
BoyLoc0: folds 
reeqar: calls $1.20
*** FLOP *** [5c Ad 2s]
reeqar: checks 
easy_sarcasm: bets $1.50
reeqar: folds 
Uncalled bet ($1.50) returned to easy_sarcasm
easy_sarcasm collected $4.66 from pot
*** SUMMARY ***
Total pot $4.90 | Rake $0.24 
Board [5c Ad 2s]
Seat 1: Manifestorr folded before Flop (didn't bet)
Seat 2: KoKi2024 folded before Flop (didn't bet)
Seat 3: BumHuntKing folded before Flop (didn't bet)
Seat 4: easy_sarcasm (button) collected ($4.66)
Seat 5: BoyLoc0 (small blind) folded before Flop
Seat 6: reeqar (big blind) folded on the Flop



PokerStars Hand #254479599510:  Hold'em No Limit ($0.50/$1.00 USD) - 2025/01/20 2:52:09 WET [2025/01/20 21:52:09 ET]
Table 'Tyumenia III' 6-max Seat #5 is the button
Seat 1: Manifestorr ($118.50 in chips) 
Seat 2: KoKi2024 ($247.58 in chips) 
Seat 3: BumHuntKing ($124.49 in chips) 
Seat 4: easy_sarcasm ($123.51 in chips) 
Seat 5: BoyLoc0 ($103.68 in chips) 
Seat 6: reeqar ($111.02 in chips) 
reeqar: posts small blind $0.50
Manifestorr: posts big blind $1
*** HOLE CARDS ***
KoKi2024: folds 
BumHuntKing: folds 
easy_sarcasm: folds 
BoyLoc0: raises $1.50 to $2.50
reeqar: folds 
Manifestorr: folds 
Uncalled bet ($1.50) returned to BoyLoc0
BoyLoc0 collected $2.50 from pot
BoyLoc0: doesn't show hand 
*** SUMMARY ***
Total pot $2.50 | Rake $0 
Seat 1: Manifestorr (big blind) folded before Flop
Seat 2: KoKi2024 folded before Flop (didn't bet)
Seat 3: BumHuntKing folded before Flop (didn't bet)
Seat 4: easy_sarcasm folded before Flop (didn't bet)
Seat 5: BoyLoc0 (button) collected ($2.50)
Seat 6: reeqar (small blind) folded before Flop



PokerStars Hand #254479602677:  Hold'em No Limit ($0.50/$1.00 USD) - 2025/01/20 2:52:32 WET [2025/01/20 21:52:32 ET]
Table 'Tyumenia III' 6-max Seat #6 is the button
Seat 1: Manifestorr ($117.50 in chips) 
Seat 2: KoKi2024 ($247.58 in chips) 
Seat 3: BumHuntKing ($124.49 in chips) 
Seat 4: easy_sarcasm ($123.51 in chips) 
Seat 5: BoyLoc0 ($105.18 in chips) 
Seat 6: reeqar ($110.52 in chips) 
Manifestorr: posts small blind $0.50
KoKi2024: posts big blind $1
*** HOLE CARDS ***
BumHuntKing: folds 
easy_sarcasm: raises $2 to $3
BoyLoc0: raises $6 to $9
reeqar: folds 
Manifestorr: folds 
KoKi2024: folds 
easy_sarcasm: folds 
Uncalled bet ($6) returned to BoyLoc0
BoyLoc0 collected $7.50 from pot
BoyLoc0: doesn't show hand 
*** SUMMARY ***
Total pot $7.50 | Rake $0 
Seat 1: Manifestorr (small blind) folded before Flop
Seat 2: KoKi2024 (big blind) folded before Flop
Seat 3: BumHuntKing folded before Flop (didn't bet)
Seat 4: easy_sarcasm folded before Flop
Seat 5: BoyLoc0 collected ($7.50)
Seat 6: reeqar (button) folded before Flop (didn't bet)



PokerStars Hand #254479607788:  Hold'em No Limit ($0.50/$1.00 USD) - 2025/01/20 2:53:10 WET [2025/01/20 21:53:10 ET]
Table 'Tyumenia III' 6-max Seat #1 is the button
Seat 1: Manifestorr ($117 in chips) 
Seat 2: KoKi2024 ($246.58 in chips) 
Seat 3: BumHuntKing ($124.49 in chips) 
Seat 4: easy_sarcasm ($120.51 in chips) 
Seat 5: BoyLoc0 ($109.68 in chips) 
Seat 6: reeqar ($110.52 in chips) 
KoKi2024: posts small blind $0.50
BumHuntKing: posts big blind $1
*** HOLE CARDS ***
easy_sarcasm: folds 
BoyLoc0: folds 
reeqar: folds 
Manifestorr: folds 
KoKi2024: raises $2 to $3
BumHuntKing: folds 
Uncalled bet ($2) returned to KoKi2024
KoKi2024 collected $2 from pot
KoKi2024: doesn't show hand 
*** SUMMARY ***
Total pot $2 | Rake $0 
Seat 1: Manifestorr (button) folded before Flop (didn't bet)
Seat 2: KoKi2024 (small blind) collected ($2)
Seat 3: BumHuntKing (big blind) folded before Flop
Seat 4: easy_sarcasm folded before Flop (didn't bet)
Seat 5: BoyLoc0 folded before Flop (didn't bet)
Seat 6: reeqar folded before Flop (didn't bet)



PokerStars Hand #254479610160:  Hold'em No Limit ($0.50/$1.00 USD) - 2025/01/20 2:53:27 WET [2025/01/20 21:53:27 ET]
Table 'Tyumenia III' 6-max Seat #2 is the button
Seat 1: Manifestorr ($117 in chips) 
Seat 2: KoKi2024 ($247.58 in chips) 
Seat 3: BumHuntKing ($123.49 in chips) 
Seat 4: easy_sarcasm ($120.51 in chips) 
Seat 5: BoyLoc0 ($109.68 in chips) 
Seat 6: reeqar ($110.52 in chips) 
BumHuntKing: posts small blind $0.50
easy_sarcasm: posts big blind $1
*** HOLE CARDS ***
BoyLoc0: folds 
reeqar: folds 
Manifestorr: raises $1.20 to $2.20
KoKi2024: folds 
BumHuntKing: folds 
easy_sarcasm: calls $1.20
*** FLOP *** [4h Jd 9h]
easy_sarcasm: checks 
Manifestorr: checks 
*** TURN *** [4h Jd 9h] [Qd]
easy_sarcasm: checks 
Manifestorr: checks 
*** RIVER *** [4h Jd 9h Qd] [Tc]
easy_sarcasm: checks 
Manifestorr: bets $3.50
easy_sarcasm: folds 
Uncalled bet ($3.50) returned to Manifestorr
Manifestorr collected $4.66 from pot
*** SUMMARY ***
Total pot $4.90 | Rake $0.24 
Board [4h Jd 9h Qd Tc]
Seat 1: Manifestorr collected ($4.66)
Seat 2: KoKi2024 (button) folded before Flop (didn't bet)
Seat 3: BumHuntKing (small blind) folded before Flop
Seat 4: easy_sarcasm (big blind) folded on the River
Seat 5: BoyLoc0 folded before Flop (didn't bet)
Seat 6: reeqar folded before Flop (didn't bet)



PokerStars Hand #254479615356:  Hold'em No Limit ($0.50/$1.00 USD) - 2025/01/20 2:54:06 WET [2025/01/20 21:54:06 ET]
Table 'Tyumenia III' 6-max Seat #3 is the button
Seat 1: Manifestorr ($119.46 in chips) 
Seat 2: KoKi2024 ($247.58 in chips) 
Seat 3: BumHuntKing ($122.99 in chips) 
Seat 4: easy_sarcasm ($118.31 in chips) 
Seat 5: BoyLoc0 ($109.68 in chips) 
Seat 6: reeqar ($110.52 in chips) 
easy_sarcasm: posts small blind $0.50
BoyLoc0: posts big blind $1
*** HOLE CARDS ***
reeqar: folds 
Manifestorr: raises $1.20 to $2.20
KoKi2024: folds 
BumHuntKing: calls $2.20
easy_sarcasm: folds 
BoyLoc0: calls $1.20
*** FLOP *** [3h 8d 5h]
BoyLoc0: checks 
Manifestorr: checks 
BumHuntKing: checks 
*** TURN *** [3h 8d 5h] [Qc]
BoyLoc0: bets $2.22
Manifestorr: calls $2.22
BumHuntKing: folds 
*** RIVER *** [3h 8d 5h Qc] [9s]
BoyLoc0: checks 
Manifestorr: checks 
*** SHOW DOWN ***
BoyLoc0: shows [9d Jh] (a pair of Nines)
Manifestorr: mucks hand 
BoyLoc0 collected $10.96 from pot
*** SUMMARY ***
Total pot $11.54 | Rake $0.58 
Board [3h 8d 5h Qc 9s]
Seat 1: Manifestorr mucked
Seat 2: KoKi2024 folded before Flop (didn't bet)
Seat 3: BumHuntKing (button) folded on the Turn
Seat 4: easy_sarcasm (small blind) folded before Flop
Seat 5: BoyLoc0 (big blind) showed [9d Jh] and won ($10.96) with a pair of Nines
Seat 6: reeqar folded before Flop (didn't bet)



PokerStars Hand #254479622767:  Hold'em No Limit ($0.50/$1.00 USD) - 2025/01/20 2:55:01 WET [2025/01/20 21:55:01 ET]
Table 'Tyumenia III' 6-max Seat #4 is the button
Seat 1: Manifestorr ($115.04 in chips) 
Seat 2: KoKi2024 ($247.58 in chips) 
Seat 3: BumHuntKing ($120.79 in chips) 
Seat 4: easy_sarcasm ($117.81 in chips) 
Seat 5: BoyLoc0 ($116.22 in chips) 
Seat 6: reeqar ($110.52 in chips) 
BoyLoc0: posts small blind $0.50
reeqar: posts big blind $1
*** HOLE CARDS ***
Manifestorr: raises $1.20 to $2.20
KoKi2024: folds 
BumHuntKing: folds 
easy_sarcasm: folds 
BoyLoc0: folds 
reeqar: folds 
Uncalled bet ($1.20) returned to Manifestorr
Manifestorr collected $2.50 from pot
*** SUMMARY ***
Total pot $2.50 | Rake $0 
Seat 1: Manifestorr collected ($2.50)
Seat 2: KoKi2024 folded before Flop (didn't bet)
Seat 3: BumHuntKing folded before Flop (didn't bet)
Seat 4: easy_sarcasm (button) folded before Flop (didn't bet)
Seat 5: BoyLoc0 (small blind) folded before Flop
Seat 6: reeqar (big blind) folded before Flop



PokerStars Hand #254479624271:  Hold'em No Limit ($0.50/$1.00 USD) - 2025/01/20 2:55:14 WET [2025/01/20 21:55:14 ET]
Table 'Tyumenia III' 6-max Seat #5 is the button
Seat 1: Manifestorr ($116.54 in chips) 
Seat 2: KoKi2024 ($247.58 in chips) 
Seat 3: BumHuntKing ($120.79 in chips) 
Seat 4: easy_sarcasm ($117.81 in chips) 
Seat 5: BoyLoc0 ($115.72 in chips) 
Seat 6: reeqar ($109.52 in chips) 
reeqar: posts small blind $0.50
Manifestorr: posts big blind $1
*** HOLE CARDS ***
KoKi2024: folds 
BumHuntKing: raises $1.20 to $2.20
easy_sarcasm: folds 
BoyLoc0: folds 
reeqar: folds 
Manifestorr: folds 
Uncalled bet ($1.20) returned to BumHuntKing
BumHuntKing collected $2.50 from pot
BumHuntKing: doesn't show hand 
*** SUMMARY ***
Total pot $2.50 | Rake $0 
Seat 1: Manifestorr (big blind) folded before Flop
Seat 2: KoKi2024 folded before Flop (didn't bet)
Seat 3: BumHuntKing collected ($2.50)
Seat 4: easy_sarcasm folded before Flop (didn't bet)
Seat 5: BoyLoc0 (button) folded before Flop (didn't bet)
Seat 6: reeqar (small blind) folded before Flop



PokerStars Hand #254479626119:  Hold'em No Limit ($0.50/$1.00 USD) - 2025/01/20 2:55:31 WET [2025/01/20 21:55:31 ET]
Table 'Tyumenia III' 6-max Seat #6 is the button
Seat 1: Manifestorr ($115.54 in chips) 
Seat 2: KoKi2024 ($247.58 in chips) 
Seat 3: BumHuntKing ($122.29 in chips) 
Seat 4: easy_sarcasm ($117.81 in chips) 
Seat 5: BoyLoc0 ($115.72 in chips) 
Seat 6: reeqar ($109.02 in chips) 
Manifestorr: posts small blind $0.50
KoKi2024: posts big blind $1
*** HOLE CARDS ***
BumHuntKing: raises $1.20 to $2.20
easy_sarcasm: raises $5.80 to $8
BoyLoc0: folds 
reeqar: folds 
Manifestorr: folds 
KoKi2024: folds 
BumHuntKing: raises $114.29 to $122.29 and is all-in
easy_sarcasm: folds 
Uncalled bet ($114.29) returned to BumHuntKing
BumHuntKing collected $17.50 from pot
BumHuntKing: doesn't show hand 
*** SUMMARY ***
Total pot $17.50 | Rake $0 
Seat 1: Manifestorr (small blind) folded before Flop
Seat 2: KoKi2024 (big blind) folded before Flop
Seat 3: BumHuntKing collected ($17.50)
Seat 4: easy_sarcasm folded before Flop
Seat 5: BoyLoc0 folded before Flop (didn't bet)
Seat 6: reeqar (button) folded before Flop (didn't bet)



PokerStars Hand #254479629748:  Hold'em No Limit ($0.50/$1.00 USD) - 2025/01/20 2:56:07 WET [2025/01/20 21:56:07 ET]
Table 'Tyumenia III' 6-max Seat #1 is the button
Seat 1: Manifestorr ($115.04 in chips) 
Seat 2: KoKi2024 ($246.58 in chips) 
Seat 3: BumHuntKing ($131.79 in chips) 
Seat 4: easy_sarcasm ($109.81 in chips) 
Seat 5: BoyLoc0 ($115.72 in chips) 
Seat 6: reeqar ($109.02 in chips) 
KoKi2024: posts small blind $0.50
BumHuntKing: posts big blind $1
*** HOLE CARDS ***
easy_sarcasm: folds 
BoyLoc0: folds 
reeqar: folds 
Manifestorr: raises $1.20 to $2.20
KoKi2024: folds 
BumHuntKing: calls $1.20
*** FLOP *** [Jc 7h Ac]
BumHuntKing: checks 
Manifestorr: bets $6.29
BumHuntKing: folds 
Uncalled bet ($6.29) returned to Manifestorr
Manifestorr collected $4.66 from pot
*** SUMMARY ***
Total pot $4.90 | Rake $0.24 
Board [Jc 7h Ac]
Seat 1: Manifestorr (button) collected ($4.66)
Seat 2: KoKi2024 (small blind) folded before Flop
Seat 3: BumHuntKing (big blind) folded on the Flop
Seat 4: easy_sarcasm folded before Flop (didn't bet)
Seat 5: BoyLoc0 folded before Flop (didn't bet)
Seat 6: reeqar folded before Flop (didn't bet)



PokerStars Hand #254479634461:  Hold'em No Limit ($0.50/$1.00 USD) - 2025/01/20 2:56:51 WET [2025/01/20 21:56:51 ET]
Table 'Tyumenia III' 6-max Seat #2 is the button
Seat 1: Manifestorr ($117.50 in chips) 
Seat 2: KoKi2024 ($246.08 in chips) 
Seat 3: BumHuntKing ($129.59 in chips) 
Seat 4: easy_sarcasm ($109.81 in chips) 
Seat 5: BoyLoc0 ($115.72 in chips) 
Seat 6: reeqar ($109.02 in chips) 
BumHuntKing: posts small blind $0.50
easy_sarcasm: posts big blind $1
*** HOLE CARDS ***
BoyLoc0: folds 
reeqar: folds 
Manifestorr: raises $1.20 to $2.20
KoKi2024: folds 
BumHuntKing: folds 
easy_sarcasm: folds 
Uncalled bet ($1.20) returned to Manifestorr
Manifestorr collected $2.50 from pot
*** SUMMARY ***
Total pot $2.50 | Rake $0 
Seat 1: Manifestorr collected ($2.50)
Seat 2: KoKi2024 (button) folded before Flop (didn't bet)
Seat 3: BumHuntKing (small blind) folded before Flop
Seat 4: easy_sarcasm (big blind) folded before Flop
Seat 5: BoyLoc0 folded before Flop (didn't bet)
Seat 6: reeqar folded before Flop (didn't bet)



PokerStars Hand #254479636914:  Hold'em No Limit ($0.50/$1.00 USD) - 2025/01/20 2:57:14 WET [2025/01/20 21:57:14 ET]
Table 'Tyumenia III' 6-max Seat #3 is the button
Seat 1: Manifestorr ($119 in chips) 
Seat 2: KoKi2024 ($246.08 in chips) 
Seat 3: BumHuntKing ($129.09 in chips) 
Seat 4: easy_sarcasm ($108.81 in chips) 
Seat 5: BoyLoc0 ($115.72 in chips) 
Seat 6: reeqar ($109.02 in chips) 
easy_sarcasm: posts small blind $0.50
BoyLoc0: posts big blind $1
*** HOLE CARDS ***
reeqar: folds 
Manifestorr: folds 
KoKi2024: raises $1 to $2
BumHuntKing: raises $5.50 to $7.50
easy_sarcasm: folds 
BoyLoc0: folds 
KoKi2024: folds 
Uncalled bet ($5.50) returned to BumHuntKing
BumHuntKing collected $5.50 from pot
BumHuntKing: doesn't show hand 
*** SUMMARY ***
Total pot $5.50 | Rake $0 
Seat 1: Manifestorr folded before Flop (didn't bet)
Seat 2: KoKi2024 folded before Flop
Seat 3: BumHuntKing (button) collected ($5.50)
Seat 4: easy_sarcasm (small blind) folded before Flop
Seat 5: BoyLoc0 (big blind) folded before Flop
Seat 6: reeqar folded before Flop (didn't bet)



PokerStars Hand #254479639505:  Hold'em No Limit ($0.50/$1.00 USD) - 2025/01/20 2:57:40 WET [2025/01/20 21:57:40 ET]
Table 'Tyumenia III' 6-max Seat #4 is the button
Seat 1: Manifestorr ($119 in chips) 
Seat 2: KoKi2024 ($244.08 in chips) 
Seat 3: BumHuntKing ($132.59 in chips) 
Seat 4: easy_sarcasm ($108.31 in chips) 
Seat 5: BoyLoc0 ($114.72 in chips) 
Seat 6: reeqar ($109.02 in chips) 
BoyLoc0: posts small blind $0.50
reeqar: posts big blind $1
*** HOLE CARDS ***
Manifestorr: raises $1.20 to $2.20
KoKi2024: calls $2.20
BumHuntKing: calls $2.20
easy_sarcasm: folds 
BoyLoc0: folds 
reeqar: raises $12.80 to $15
Manifestorr: folds 
KoKi2024: folds 
BumHuntKing: folds 
Uncalled bet ($12.80) returned to reeqar
reeqar collected $9.30 from pot
reeqar: doesn't show hand 
*** SUMMARY ***
Total pot $9.30 | Rake $0 
Seat 1: Manifestorr folded before Flop
Seat 2: KoKi2024 folded before Flop
Seat 3: BumHuntKing folded before Flop
Seat 4: easy_sarcasm (button) folded before Flop (didn't bet)
Seat 5: BoyLoc0 (small blind) folded before Flop
Seat 6: reeqar (big blind) collected ($9.30)



PokerStars Hand #254479643020:  Hold'em No Limit ($0.50/$1.00 USD) - 2025/01/20 2:58:14 WET [2025/01/20 21:58:14 ET]
Table 'Tyumenia III' 6-max Seat #5 is the button
Seat 1: Manifestorr ($116.80 in chips) 
Seat 2: KoKi2024 ($241.88 in chips) 
Seat 3: BumHuntKing ($130.39 in chips) 
Seat 4: easy_sarcasm ($108.31 in chips) 
Seat 5: BoyLoc0 ($114.22 in chips) 
Seat 6: reeqar ($116.12 in chips) 
reeqar: posts small blind $0.50
Manifestorr: posts big blind $1
*** HOLE CARDS ***
KoKi2024: calls $1
BumHuntKing: raises $2.50 to $3.50
easy_sarcasm: folds 
BoyLoc0: folds 
reeqar: folds 
Manifestorr: folds 
KoKi2024: calls $2.50
*** FLOP *** [4d 3d 7s]
KoKi2024: checks 
BumHuntKing: bets $2.67
KoKi2024: raises $13.42 to $16.09
BumHuntKing: folds 
Uncalled bet ($13.42) returned to KoKi2024
KoKi2024 collected $13.15 from pot
KoKi2024: doesn't show hand 
*** SUMMARY ***
Total pot $13.84 | Rake $0.69 
Board [4d 3d 7s]
Seat 1: Manifestorr (big blind) folded before Flop
Seat 2: KoKi2024 collected ($13.15)
Seat 3: BumHuntKing folded on the Flop
Seat 4: easy_sarcasm folded before Flop (didn't bet)
Seat 5: BoyLoc0 (button) folded before Flop (didn't bet)
Seat 6: reeqar (small blind) folded before Flop



PokerStars Hand #254479646514:  Hold'em No Limit ($0.50/$1.00 USD) - 2025/01/20 2:58:47 WET [2025/01/20 21:58:47 ET]
Table 'Tyumenia III' 6-max Seat #6 is the button
Seat 1: Manifestorr ($115.80 in chips) 
Seat 2: KoKi2024 ($248.86 in chips) 
Seat 3: BumHuntKing ($124.22 in chips) 
Seat 4: easy_sarcasm ($108.31 in chips) 
Seat 5: BoyLoc0 ($114.22 in chips) 
Seat 6: reeqar ($115.62 in chips) 
Manifestorr: posts small blind $0.50
KoKi2024: posts big blind $1
*** HOLE CARDS ***
BumHuntKing: raises $1.20 to $2.20
easy_sarcasm: folds 
BoyLoc0: folds 
reeqar: folds 
Manifestorr: folds 
KoKi2024: folds 
Uncalled bet ($1.20) returned to BumHuntKing
BumHuntKing collected $2.50 from pot
BumHuntKing: doesn't show hand 
*** SUMMARY ***
Total pot $2.50 | Rake $0 
Seat 1: Manifestorr (small blind) folded before Flop
Seat 2: KoKi2024 (big blind) folded before Flop
Seat 3: BumHuntKing collected ($2.50)
Seat 4: easy_sarcasm folded before Flop (didn't bet)
Seat 5: BoyLoc0 folded before Flop (didn't bet)
Seat 6: reeqar (button) folded before Flop (didn't bet)



PokerStars Hand #254479648726:  Hold'em No Limit ($0.50/$1.00 USD) - 2025/01/20 2:59:09 WET [2025/01/20 21:59:09 ET]
Table 'Tyumenia III' 6-max Seat #1 is the button
Seat 1: Manifestorr ($115.30 in chips) 
Seat 2: KoKi2024 ($247.86 in chips) 
Seat 3: BumHuntKing ($125.72 in chips) 
Seat 4: easy_sarcasm ($108.31 in chips) 
Seat 5: BoyLoc0 ($114.22 in chips) 
Seat 6: reeqar ($115.62 in chips) 
KoKi2024: posts small blind $0.50
BumHuntKing: posts big blind $1
*** HOLE CARDS ***
easy_sarcasm: folds 
BoyLoc0: folds 
reeqar: folds 
Manifestorr: folds 
KoKi2024: calls $0.50
BumHuntKing: raises $2.50 to $3.50
KoKi2024: calls $2.50
*** FLOP *** [3s 4h Js]
KoKi2024: checks 
BumHuntKing: bets $1.66
KoKi2024: calls $1.66
*** TURN *** [3s 4h Js] [9s]
KoKi2024: bets $9.80
BumHuntKing: folds 
Uncalled bet ($9.80) returned to KoKi2024
KoKi2024 collected $9.80 from pot
KoKi2024: doesn't show hand 
*** SUMMARY ***
Total pot $10.32 | Rake $0.52 
Board [3s 4h Js 9s]
Seat 1: Manifestorr (button) folded before Flop (didn't bet)
Seat 2: KoKi2024 (small blind) collected ($9.80)
Seat 3: BumHuntKing (big blind) folded on the Turn
Seat 4: easy_sarcasm folded before Flop (didn't bet)
Seat 5: BoyLoc0 folded before Flop (didn't bet)
Seat 6: reeqar folded before Flop (didn't bet)



PokerStars Hand #254479652685:  Hold'em No Limit ($0.50/$1.00 USD) - 2025/01/20 2:59:47 WET [2025/01/20 21:59:47 ET]
Table 'Tyumenia III' 6-max Seat #2 is the button
Seat 4: easy_sarcasm ($108.31 in chips) is sitting out
Seat 1: Manifestorr ($115.30 in chips) 
Seat 2: KoKi2024 ($252.50 in chips) 
Seat 3: BumHuntKing ($120.56 in chips) 
Seat 5: BoyLoc0 ($114.22 in chips) 
Seat 6: reeqar ($115.62 in chips) 
BumHuntKing: posts small blind $0.50
easy_sarcasm: is sitting out 
BoyLoc0: posts big blind $1
*** HOLE CARDS ***
easy_sarcasm leaves the table
GuigaMan joins the table at seat #4 
reeqar: folds 
Manifestorr: folds 
KoKi2024: folds 
BumHuntKing: folds 
Uncalled bet ($0.50) returned to BoyLoc0
BoyLoc0 collected $1 from pot
BoyLoc0: doesn't show hand 
*** SUMMARY ***
Total pot $1 | Rake $0 
Seat 4: easy_sarcasm
Seat 1: Manifestorr folded before Flop (didn't bet)
Seat 2: KoKi2024 (button) folded before Flop (didn't bet)
Seat 3: BumHuntKing (small blind) folded before Flop
Seat 5: BoyLoc0 (big blind) collected ($1)
Seat 6: reeqar folded before Flop (didn't bet)



PokerStars Hand #254479654415:  Hold'em No Limit ($0.50/$1.00 USD) - 2025/01/20 3:00:03 WET [2025/01/20 22:00:03 ET]
Table 'Tyumenia III' 6-max Seat #3 is the button
Seat 4: GuigaMan ($100 in chips) is sitting out
Seat 1: Manifestorr ($115.30 in chips) 
Seat 2: KoKi2024 ($252.50 in chips) 
Seat 3: BumHuntKing ($120.06 in chips) 
Seat 5: BoyLoc0 ($114.72 in chips) 
Seat 6: reeqar ($115.62 in chips) 
BoyLoc0: posts small blind $0.50
reeqar: posts big blind $1
*** HOLE CARDS ***
Manifestorr: folds 
KoKi2024: folds 
BumHuntKing: folds 
BoyLoc0: folds 
Uncalled bet ($0.50) returned to reeqar
reeqar collected $1 from pot
reeqar: doesn't show hand 
*** SUMMARY ***
Total pot $1 | Rake $0 
Seat 4: GuigaMan
Seat 1: Manifestorr folded before Flop (didn't bet)
Seat 2: KoKi2024 folded before Flop (didn't bet)
Seat 3: BumHuntKing (button) folded before Flop (didn't bet)
Seat 5: BoyLoc0 (small blind) folded before Flop
Seat 6: reeqar (big blind) collected ($1)



PokerStars Hand #254479655705:  Hold'em No Limit ($0.50/$1.00 USD) - 2025/01/20 3:00:14 WET [2025/01/20 22:00:14 ET]
Table 'Tyumenia III' 6-max Seat #5 is the button
Seat 4: GuigaMan ($100 in chips) is sitting out
Seat 1: Manifestorr ($115.30 in chips) 
Seat 2: KoKi2024 ($252.50 in chips) 
Seat 3: BumHuntKing ($120.06 in chips) 
Seat 5: BoyLoc0 ($114.22 in chips) 
Seat 6: reeqar ($116.12 in chips) 
reeqar: posts small blind $0.50
Manifestorr: posts big blind $1
GuigaMan: sits out 
*** HOLE CARDS ***
KoKi2024: calls $1
BumHuntKing: raises $2.50 to $3.50
BoyLoc0: folds 
reeqar: folds 
Manifestorr: folds 
KoKi2024: calls $2.50
*** FLOP *** [Ts Td 7h]
KoKi2024: checks 
BumHuntKing: bets $2.67
KoKi2024: calls $2.67
*** TURN *** [Ts Td 7h] [2c]
KoKi2024: checks 
BumHuntKing: checks 
*** RIVER *** [Ts Td 7h 2c] [As]
KoKi2024: checks 
BumHuntKing: bets $20
KoKi2024: folds 
Uncalled bet ($20) returned to BumHuntKing
BumHuntKing collected $13.15 from pot
BumHuntKing: doesn't show hand 
*** SUMMARY ***
Total pot $13.84 | Rake $0.69 
Board [Ts Td 7h 2c As]
Seat 4: GuigaMan
Seat 1: Manifestorr (big blind) folded before Flop
Seat 2: KoKi2024 folded on the River
Seat 3: BumHuntKing collected ($13.15)
Seat 5: BoyLoc0 (button) folded before Flop (didn't bet)
Seat 6: reeqar (small blind) folded before Flop



PokerStars Hand #254479661875:  Hold'em No Limit ($0.50/$1.00 USD) - 2025/01/20 3:01:04 WET [2025/01/20 22:01:04 ET]
Table 'Tyumenia III' 6-max Seat #6 is the button
Seat 4: GuigaMan ($100 in chips) is sitting out
Seat 1: Manifestorr ($114.30 in chips) 
Seat 2: KoKi2024 ($246.33 in chips) 
Seat 3: BumHuntKing ($127.04 in chips) 
Seat 5: BoyLoc0 ($114.22 in chips) 
Seat 6: reeqar ($115.62 in chips) 
Manifestorr: posts small blind $0.50
KoKi2024: posts big blind $1
GuigaMan: sits out 
*** HOLE CARDS ***
BumHuntKing: folds 
BoyLoc0: folds 
reeqar: folds 
Manifestorr: raises $2 to $3
KoKi2024: folds 
Uncalled bet ($2) returned to Manifestorr
Manifestorr collected $2 from pot
*** SUMMARY ***
Total pot $2 | Rake $0 
Seat 4: GuigaMan
Seat 1: Manifestorr (small blind) collected ($2)
Seat 2: KoKi2024 (big blind) folded before Flop
Seat 3: BumHuntKing folded before Flop (didn't bet)
Seat 5: BoyLoc0 folded before Flop (didn't bet)
Seat 6: reeqar (button) folded before Flop (didn't bet)



PokerStars Hand #254479663580:  Hold'em No Limit ($0.50/$1.00 USD) - 2025/01/20 3:01:17 WET [2025/01/20 22:01:17 ET]
Table 'Tyumenia III' 6-max Seat #1 is the button
Seat 4: GuigaMan ($100 in chips) is sitting out
Seat 1: Manifestorr ($115.30 in chips) 
Seat 2: KoKi2024 ($245.33 in chips) 
Seat 3: BumHuntKing ($127.04 in chips) 
Seat 5: BoyLoc0 ($114.22 in chips) 
Seat 6: reeqar ($115.62 in chips) 
KoKi2024: posts small blind $0.50
BumHuntKing: posts big blind $1
GuigaMan: sits out 
*** HOLE CARDS ***
BoyLoc0: folds 
reeqar: raises $1.50 to $2.50
Manifestorr: folds 
KoKi2024: calls $2
BumHuntKing: calls $1.50
*** FLOP *** [4h 6h Ts]
KoKi2024: checks 
BumHuntKing: checks 
reeqar: bets $2.35
KoKi2024: calls $2.35
BumHuntKing: calls $2.35
*** TURN *** [4h 6h Ts] [8s]
KoKi2024: checks 
BumHuntKing: checks 
reeqar: checks 
*** RIVER *** [4h 6h Ts 8s] [8h]
KoKi2024: checks 
BumHuntKing: bets $4.56
reeqar: calls $4.56
KoKi2024: folds 
*** SHOW DOWN ***
BumHuntKing: shows [9c 9h] (two pair, Nines and Eights)
reeqar: shows [Qd Th] (two pair, Tens and Eights)
reeqar collected $22.49 from pot
*** SUMMARY ***
Total pot $23.67 | Rake $1.18 
Board [4h 6h Ts 8s 8h]
Seat 4: GuigaMan
Seat 1: Manifestorr (button) folded before Flop (didn't bet)
Seat 2: KoKi2024 (small blind) folded on the River
Seat 3: BumHuntKing (big blind) showed [9c 9h] and lost with two pair, Nines and Eights
Seat 5: BoyLoc0 folded before Flop (didn't bet)
Seat 6: reeqar showed [Qd Th] and won ($22.49) with two pair, Tens and Eights



PokerStars Hand #254479676469:  Hold'em No Limit ($0.50/$1.00 USD) - 2025/01/20 3:02:55 WET [2025/01/20 22:02:55 ET]
Table 'Tyumenia III' 6-max Seat #2 is the button
Seat 1: Manifestorr ($115.30 in chips) 
Seat 2: KoKi2024 ($240.48 in chips) 
Seat 3: BumHuntKing ($117.63 in chips) 
Seat 4: GuigaMan ($100 in chips) 
Seat 5: BoyLoc0 ($114.22 in chips) 
Seat 6: reeqar ($128.70 in chips) 
BumHuntKing: posts small blind $0.50
GuigaMan: posts big blind $1
*** HOLE CARDS ***
BoyLoc0: folds 
reeqar: folds 
Manifestorr: raises $1.20 to $2.20
KoKi2024: calls $2.20
BumHuntKing: folds 
GuigaMan: folds 
*** FLOP *** [8d Jh 4c]
Manifestorr: checks 
KoKi2024: checks 
*** TURN *** [8d Jh 4c] [8h]
Manifestorr: checks 
KoKi2024: bets $7
Manifestorr: folds 
Uncalled bet ($7) returned to KoKi2024
KoKi2024 collected $5.60 from pot
KoKi2024: doesn't show hand 
*** SUMMARY ***
Total pot $5.90 | Rake $0.30 
Board [8d Jh 4c 8h]
Seat 1: Manifestorr folded on the Turn
Seat 2: KoKi2024 (button) collected ($5.60)
Seat 3: BumHuntKing (small blind) folded before Flop
Seat 4: GuigaMan (big blind) folded before Flop
Seat 5: BoyLoc0 folded before Flop (didn't bet)
Seat 6: reeqar folded before Flop (didn't bet)



PokerStars Hand #254479682756:  Hold'em No Limit ($0.50/$1.00 USD) - 2025/01/20 3:03:42 WET [2025/01/20 22:03:42 ET]
Table 'Tyumenia III' 6-max Seat #3 is the button
Seat 1: Manifestorr ($113.10 in chips) 
Seat 2: KoKi2024 ($243.88 in chips) 
Seat 3: BumHuntKing ($117.13 in chips) 
Seat 4: GuigaMan ($100 in chips) 
Seat 5: BoyLoc0 ($114.22 in chips) 
Seat 6: reeqar ($128.70 in chips) 
GuigaMan: posts small blind $0.50
BoyLoc0: posts big blind $1
*** HOLE CARDS ***
reeqar: folds 
Manifestorr: folds 
KoKi2024: folds 
BumHuntKing: raises $1.50 to $2.50
GuigaMan: raises $8.50 to $11
BoyLoc0: folds 
BumHuntKing: calls $8.50
*** FLOP *** [9c 2d 7d]
GuigaMan: bets $11.80
BumHuntKing: calls $11.80
*** TURN *** [9c 2d 7d] [Js]
GuigaMan: bets $77.20 and is all-in
BumHuntKing: folds 
Uncalled bet ($77.20) returned to GuigaMan
GuigaMan collected $44.27 from pot
*** SUMMARY ***
Total pot $46.60 | Rake $2.33 
Board [9c 2d 7d Js]
Seat 1: Manifestorr folded before Flop (didn't bet)
Seat 2: KoKi2024 folded before Flop (didn't bet)
Seat 3: BumHuntKing (button) folded on the Turn
Seat 4: GuigaMan (small blind) collected ($44.27)
Seat 5: BoyLoc0 (big blind) folded before Flop
Seat 6: reeqar folded before Flop (didn't bet)



PokerStars Hand #254479691352:  Hold'em No Limit ($0.50/$1.00 USD) - 2025/01/20 3:04:47 WET [2025/01/20 22:04:47 ET]
Table 'Tyumenia III' 6-max Seat #4 is the button
Seat 1: Manifestorr ($113.10 in chips) 
Seat 2: KoKi2024 ($243.88 in chips) 
Seat 3: BumHuntKing ($100 in chips) 
Seat 4: GuigaMan ($121.47 in chips) 
Seat 5: BoyLoc0 ($113.22 in chips) 
Seat 6: reeqar ($128.70 in chips) 
BoyLoc0: posts small blind $0.50
reeqar: posts big blind $1
*** HOLE CARDS ***
Manifestorr: folds 
KoKi2024: folds 
BumHuntKing: folds 
GuigaMan: raises $1.10 to $2.10
BoyLoc0: folds 
reeqar: calls $1.10
*** FLOP *** [2c 3h Ks]
reeqar: checks 
GuigaMan: bets $1.34
reeqar: raises $3.02 to $4.36
GuigaMan: folds 
Uncalled bet ($3.02) returned to reeqar
reeqar collected $7.01 from pot
reeqar: doesn't show hand 
*** SUMMARY ***
Total pot $7.38 | Rake $0.37 
Board [2c 3h Ks]
Seat 1: Manifestorr folded before Flop (didn't bet)
Seat 2: KoKi2024 folded before Flop (didn't bet)
Seat 3: BumHuntKing folded before Flop (didn't bet)
Seat 4: GuigaMan (button) folded on the Flop
Seat 5: BoyLoc0 (small blind) folded before Flop
Seat 6: reeqar (big blind) collected ($7.01)



PokerStars Hand #254479696777:  Hold'em No Limit ($0.50/$1.00 USD) - 2025/01/20 3:05:27 WET [2025/01/20 22:05:27 ET]
Table 'Tyumenia III' 6-max Seat #5 is the button
Seat 1: Manifestorr ($113.10 in chips) 
Seat 2: KoKi2024 ($243.88 in chips) 
Seat 3: BumHuntKing ($100 in chips) 
Seat 4: GuigaMan ($118.03 in chips) 
Seat 5: BoyLoc0 ($112.72 in chips) 
Seat 6: reeqar ($132.27 in chips) 
reeqar: posts small blind $0.50
Manifestorr: posts big blind $1
*** HOLE CARDS ***
KoKi2024: folds 
BumHuntKing: raises $1.20 to $2.20
GuigaMan: folds 
BoyLoc0: folds 
reeqar: folds 
Manifestorr: calls $1.20
*** FLOP *** [6d Ah 3c]
Manifestorr: checks 
BumHuntKing: checks 
*** TURN *** [6d Ah 3c] [Th]
Manifestorr: checks 
BumHuntKing: bets $6.99
Manifestorr: folds 
Uncalled bet ($6.99) returned to BumHuntKing
BumHuntKing collected $4.66 from pot
BumHuntKing: doesn't show hand 
*** SUMMARY ***
Total pot $4.90 | Rake $0.24 
Board [6d Ah 3c Th]
Seat 1: Manifestorr (big blind) folded on the Turn
Seat 2: KoKi2024 folded before Flop (didn't bet)
Seat 3: BumHuntKing collected ($4.66)
Seat 4: GuigaMan folded before Flop (didn't bet)
Seat 5: BoyLoc0 (button) folded before Flop (didn't bet)
Seat 6: reeqar (small blind) folded before Flop



PokerStars Hand #254479703107:  Hold'em No Limit ($0.50/$1.00 USD) - 2025/01/20 3:06:16 WET [2025/01/20 22:06:16 ET]
Table 'Tyumenia III' 6-max Seat #6 is the button
Seat 1: Manifestorr ($110.90 in chips) 
Seat 2: KoKi2024 ($243.88 in chips) 
Seat 3: BumHuntKing ($102.46 in chips) 
Seat 4: GuigaMan ($118.03 in chips) 
Seat 5: BoyLoc0 ($112.72 in chips) 
Seat 6: reeqar ($131.77 in chips) 
Manifestorr: posts small blind $0.50
KoKi2024: posts big blind $1
*** HOLE CARDS ***
BumHuntKing: folds 
GuigaMan: folds 
BoyLoc0: folds 
reeqar: raises $1.50 to $2.50
Manifestorr: folds 
KoKi2024: calls $1.50
*** FLOP *** [Qc 9c 9d]
KoKi2024: checks 
reeqar: bets $2.61
KoKi2024: folds 
Uncalled bet ($2.61) returned to reeqar
reeqar collected $5.22 from pot
reeqar: doesn't show hand 
*** SUMMARY ***
Total pot $5.50 | Rake $0.28 
Board [Qc 9c 9d]
Seat 1: Manifestorr (small blind) folded before Flop
Seat 2: KoKi2024 (big blind) folded on the Flop
Seat 3: BumHuntKing folded before Flop (didn't bet)
Seat 4: GuigaMan folded before Flop (didn't bet)
Seat 5: BoyLoc0 folded before Flop (didn't bet)
Seat 6: reeqar (button) collected ($5.22)



PokerStars Hand #254479707092:  Hold'em No Limit ($0.50/$1.00 USD) - 2025/01/20 3:06:46 WET [2025/01/20 22:06:46 ET]
Table 'Tyumenia III' 6-max Seat #1 is the button
Seat 1: Manifestorr ($110.40 in chips) 
Seat 2: KoKi2024 ($241.38 in chips) 
Seat 3: BumHuntKing ($102.46 in chips) 
Seat 4: GuigaMan ($118.03 in chips) 
Seat 5: BoyLoc0 ($112.72 in chips) 
Seat 6: reeqar ($134.49 in chips) 
KoKi2024: posts small blind $0.50
BumHuntKing: posts big blind $1
*** HOLE CARDS ***
GuigaMan: folds 
BoyLoc0: folds 
reeqar: folds 
Manifestorr: folds 
KoKi2024: folds 
Uncalled bet ($0.50) returned to BumHuntKing
BumHuntKing collected $1 from pot
BumHuntKing: doesn't show hand 
*** SUMMARY ***
Total pot $1 | Rake $0 
Seat 1: Manifestorr (button) folded before Flop (didn't bet)
Seat 2: KoKi2024 (small blind) folded before Flop
Seat 3: BumHuntKing (big blind) collected ($1)
Seat 4: GuigaMan folded before Flop (didn't bet)
Seat 5: BoyLoc0 folded before Flop (didn't bet)
Seat 6: reeqar folded before Flop (didn't bet)



PokerStars Hand #254479708910:  Hold'em No Limit ($0.50/$1.00 USD) - 2025/01/20 3:07:00 WET [2025/01/20 22:07:00 ET]
Table 'Tyumenia III' 6-max Seat #2 is the button
Seat 1: Manifestorr ($110.40 in chips) 
Seat 2: KoKi2024 ($240.88 in chips) 
Seat 3: BumHuntKing ($102.96 in chips) 
Seat 4: GuigaMan ($118.03 in chips) 
Seat 5: BoyLoc0 ($112.72 in chips) 
Seat 6: reeqar ($134.49 in chips) 
BumHuntKing: posts small blind $0.50
GuigaMan: posts big blind $1
*** HOLE CARDS ***
BoyLoc0: folds 
reeqar: raises $1.50 to $2.50
Manifestorr: folds 
KoKi2024: calls $2.50
BumHuntKing: folds 
GuigaMan: folds 
*** FLOP *** [9h Ks Td]
reeqar: bets $1.54
KoKi2024: calls $1.54
*** TURN *** [9h Ks Td] [8d]
reeqar: bets $2.27
KoKi2024: calls $2.27
*** RIVER *** [9h Ks Td 8d] [Js]
reeqar: bets $21.32
KoKi2024: folds 
Uncalled bet ($21.32) returned to reeqar
reeqar collected $13.41 from pot
reeqar: doesn't show hand 
*** SUMMARY ***
Total pot $14.12 | Rake $0.71 
Board [9h Ks Td 8d Js]
Seat 1: Manifestorr folded before Flop (didn't bet)
Seat 2: KoKi2024 (button) folded on the River
Seat 3: BumHuntKing (small blind) folded before Flop
Seat 4: GuigaMan (big blind) folded before Flop
Seat 5: BoyLoc0 folded before Flop (didn't bet)
Seat 6: reeqar collected ($13.41)



PokerStars Hand #254479718383:  Hold'em No Limit ($0.50/$1.00 USD) - 2025/01/20 3:08:13 WET [2025/01/20 22:08:13 ET]
Table 'Tyumenia III' 6-max Seat #3 is the button
Seat 1: Manifestorr ($110.40 in chips) 
Seat 2: KoKi2024 ($234.57 in chips) 
Seat 3: BumHuntKing ($102.46 in chips) 
Seat 4: GuigaMan ($117.03 in chips) 
Seat 5: BoyLoc0 ($112.72 in chips) 
Seat 6: reeqar ($141.59 in chips) 
GuigaMan: posts small blind $0.50
BoyLoc0: posts big blind $1
*** HOLE CARDS ***
reeqar: folds 
Manifestorr: raises $1.20 to $2.20
KoKi2024: folds 
BumHuntKing: folds 
GuigaMan: raises $8.80 to $11
BoyLoc0: folds 
Manifestorr: folds 
Uncalled bet ($8.80) returned to GuigaMan
GuigaMan collected $5.40 from pot
*** SUMMARY ***
Total pot $5.40 | Rake $0 
Seat 1: Manifestorr folded before Flop
Seat 2: KoKi2024 folded before Flop (didn't bet)
Seat 3: BumHuntKing (button) folded before Flop (didn't bet)
Seat 4: GuigaMan (small blind) collected ($5.40)
Seat 5: BoyLoc0 (big blind) folded before Flop
Seat 6: reeqar folded before Flop (didn't bet)



PokerStars Hand #254479721120:  Hold'em No Limit ($0.50/$1.00 USD) - 2025/01/20 3:08:35 WET [2025/01/20 22:08:35 ET]
Table 'Tyumenia III' 6-max Seat #4 is the button
Seat 1: Manifestorr ($108.20 in chips) 
Seat 2: KoKi2024 ($234.57 in chips) 
Seat 3: BumHuntKing ($102.46 in chips) 
Seat 4: GuigaMan ($120.23 in chips) 
Seat 5: BoyLoc0 ($111.72 in chips) 
Seat 6: reeqar ($141.59 in chips) 
BoyLoc0: posts small blind $0.50
reeqar: posts big blind $1
*** HOLE CARDS ***
Manifestorr: folds 
KoKi2024: folds 
BumHuntKing: folds 
GuigaMan: folds 
BoyLoc0: folds 
Uncalled bet ($0.50) returned to reeqar
reeqar collected $1 from pot
reeqar: doesn't show hand 
*** SUMMARY ***
Total pot $1 | Rake $0 
Seat 1: Manifestorr folded before Flop (didn't bet)
Seat 2: KoKi2024 folded before Flop (didn't bet)
Seat 3: BumHuntKing folded before Flop (didn't bet)
Seat 4: GuigaMan (button) folded before Flop (didn't bet)
Seat 5: BoyLoc0 (small blind) folded before Flop
Seat 6: reeqar (big blind) collected ($1)



PokerStars Hand #254479722878:  Hold'em No Limit ($0.50/$1.00 USD) - 2025/01/20 3:08:48 WET [2025/01/20 22:08:48 ET]
Table 'Tyumenia III' 6-max Seat #5 is the button
Seat 1: Manifestorr ($108.20 in chips) 
Seat 2: KoKi2024 ($234.57 in chips) 
Seat 3: BumHuntKing ($102.46 in chips) 
Seat 4: GuigaMan ($120.23 in chips) 
Seat 5: BoyLoc0 ($111.22 in chips) 
Seat 6: reeqar ($142.09 in chips) 
reeqar: posts small blind $0.50
Manifestorr: posts big blind $1
*** HOLE CARDS ***
KoKi2024: raises $1 to $2
BumHuntKing: folds 
GuigaMan: folds 
BoyLoc0: folds 
reeqar: calls $1.50
Manifestorr: calls $1
*** FLOP *** [2s 9s Ts]
reeqar: checks 
Manifestorr: checks 
KoKi2024: bets $5.70
reeqar: calls $5.70
Manifestorr: folds 
*** TURN *** [2s 9s Ts] [7c]
reeqar: checks 
KoKi2024: bets $16.53
reeqar: calls $16.53
*** RIVER *** [2s 9s Ts 7c] [Jd]
reeqar: checks 
KoKi2024: bets $47.96
reeqar: calls $47.96
*** SHOW DOWN ***
KoKi2024: shows [7s 4s] (a flush, Ten high)
reeqar: mucks hand 
KoKi2024 collected $143.88 from pot
*** SUMMARY ***
Total pot $146.38 | Rake $2.50 
Board [2s 9s Ts 7c Jd]
Seat 1: Manifestorr (big blind) folded on the Flop
Seat 2: KoKi2024 showed [7s 4s] and won ($143.88) with a flush, Ten high
Seat 3: BumHuntKing folded before Flop (didn't bet)
Seat 4: GuigaMan folded before Flop (didn't bet)
Seat 5: BoyLoc0 (button) folded before Flop (didn't bet)
Seat 6: reeqar (small blind) mucked



PokerStars Hand #254479736275:  Hold'em No Limit ($0.50/$1.00 USD) - 2025/01/20 3:10:32 WET [2025/01/20 22:10:32 ET]
Table 'Tyumenia III' 6-max Seat #6 is the button
Seat 1: Manifestorr ($106.20 in chips) 
Seat 2: KoKi2024 ($306.26 in chips) 
Seat 3: BumHuntKing ($102.46 in chips) 
Seat 4: GuigaMan ($120.23 in chips) 
Seat 5: BoyLoc0 ($111.22 in chips) 
Seat 6: reeqar ($100 in chips) 
Manifestorr: posts small blind $0.50
KoKi2024: posts big blind $1
*** HOLE CARDS ***
BumHuntKing: folds 
GuigaMan: folds 
BoyLoc0: folds 
reeqar: raises $1.50 to $2.50
Manifestorr: folds 
KoKi2024: calls $1.50
*** FLOP *** [8s 4s Jd]
KoKi2024: checks 
reeqar: bets $1.72
KoKi2024: calls $1.72
*** TURN *** [8s 4s Jd] [Kc]
KoKi2024: checks 
reeqar: checks 
*** RIVER *** [8s 4s Jd Kc] [6h]
KoKi2024: bets $4.25
reeqar: raises $16.99 to $21.24
KoKi2024: folds 
Uncalled bet ($16.99) returned to reeqar
reeqar collected $16.57 from pot
reeqar: doesn't show hand 
*** SUMMARY ***
Total pot $17.44 | Rake $0.87 
Board [8s 4s Jd Kc 6h]
Seat 1: Manifestorr (small blind) folded before Flop
Seat 2: KoKi2024 (big blind) folded on the River
Seat 3: BumHuntKing folded before Flop (didn't bet)
Seat 4: GuigaMan folded before Flop (didn't bet)
Seat 5: BoyLoc0 folded before Flop (didn't bet)
Seat 6: reeqar (button) collected ($16.57)



PokerStars Hand #254479743332:  Hold'em No Limit ($0.50/$1.00 USD) - 2025/01/20 3:11:29 WET [2025/01/20 22:11:29 ET]
Table 'Tyumenia III' 6-max Seat #1 is the button
Seat 1: Manifestorr ($105.70 in chips) 
Seat 2: KoKi2024 ($297.79 in chips) 
Seat 3: BumHuntKing ($102.46 in chips) 
Seat 4: GuigaMan ($120.23 in chips) 
Seat 5: BoyLoc0 ($111.22 in chips) 
Seat 6: reeqar ($108.10 in chips) 
KoKi2024: posts small blind $0.50
BumHuntKing: posts big blind $1
*** HOLE CARDS ***
GuigaMan: folds 
BoyLoc0: folds 
reeqar: folds 
Manifestorr: folds 
KoKi2024: folds 
Uncalled bet ($0.50) returned to BumHuntKing
BumHuntKing collected $1 from pot
BumHuntKing: doesn't show hand 
*** SUMMARY ***
Total pot $1 | Rake $0 
Seat 1: Manifestorr (button) folded before Flop (didn't bet)
Seat 2: KoKi2024 (small blind) folded before Flop
Seat 3: BumHuntKing (big blind) collected ($1)
Seat 4: GuigaMan folded before Flop (didn't bet)
Seat 5: BoyLoc0 folded before Flop (didn't bet)
Seat 6: reeqar folded before Flop (didn't bet)



PokerStars Hand #254479744811:  Hold'em No Limit ($0.50/$1.00 USD) - 2025/01/20 3:11:40 WET [2025/01/20 22:11:40 ET]
Table 'Tyumenia III' 6-max Seat #2 is the button
Seat 1: Manifestorr ($105.70 in chips) 
Seat 2: KoKi2024 ($297.29 in chips) 
Seat 3: BumHuntKing ($102.96 in chips) 
Seat 4: GuigaMan ($120.23 in chips) 
Seat 5: BoyLoc0 ($111.22 in chips) 
Seat 6: reeqar ($108.10 in chips) 
BumHuntKing: posts small blind $0.50
GuigaMan: posts big blind $1
*** HOLE CARDS ***
BoyLoc0: raises $1.50 to $2.50
reeqar: folds 
Manifestorr: folds 
KoKi2024: calls $2.50
BumHuntKing: folds 
GuigaMan: calls $1.50
*** FLOP *** [Th 4s 2d]
GuigaMan: checks 
BoyLoc0: checks 
KoKi2024: checks 
*** TURN *** [Th 4s 2d] [Jd]
GuigaMan: checks 
BoyLoc0: checks 
KoKi2024: bets $7.60
GuigaMan: calls $7.60
BoyLoc0: folds 
*** RIVER *** [Th 4s 2d Jd] [Qd]
GuigaMan: checks 
KoKi2024: checks 
*** SHOW DOWN ***
GuigaMan: shows [Tc Kc] (a pair of Tens)
KoKi2024: shows [Jc 7c] (a pair of Jacks)
KoKi2024 collected $22.04 from pot
*** SUMMARY ***
Total pot $23.20 | Rake $1.16 
Board [Th 4s 2d Jd Qd]
Seat 1: Manifestorr folded before Flop (didn't bet)
Seat 2: KoKi2024 (button) showed [Jc 7c] and won ($22.04) with a pair of Jacks
Seat 3: BumHuntKing (small blind) folded before Flop
Seat 4: GuigaMan (big blind) showed [Tc Kc] and lost with a pair of Tens
Seat 5: BoyLoc0 folded on the Turn
Seat 6: reeqar folded before Flop (didn't bet)



PokerStars Hand #254479751482:  Hold'em No Limit ($0.50/$1.00 USD) - 2025/01/20 3:12:34 WET [2025/01/20 22:12:34 ET]
Table 'Tyumenia III' 6-max Seat #3 is the button
Seat 1: Manifestorr ($105.70 in chips) 
Seat 2: KoKi2024 ($309.23 in chips) 
Seat 3: BumHuntKing ($102.46 in chips) 
Seat 4: GuigaMan ($110.13 in chips) 
Seat 5: BoyLoc0 ($108.72 in chips) 
Seat 6: reeqar ($108.10 in chips) 
GuigaMan: posts small blind $0.50
BoyLoc0: posts big blind $1
*** HOLE CARDS ***
reeqar: folds 
reeqar leaves the table
Manifestorr: folds 
KoKi2024: folds 
7bekon7 joins the table at seat #6 
BumHuntKing: folds 
GuigaMan: raises $2 to $3
BoyLoc0: raises $7 to $10
GuigaMan: folds 
Uncalled bet ($7) returned to BoyLoc0
BoyLoc0 collected $6 from pot
BoyLoc0: doesn't show hand 
*** SUMMARY ***
Total pot $6 | Rake $0 
Seat 1: Manifestorr folded before Flop (didn't bet)
Seat 2: KoKi2024 folded before Flop (didn't bet)
Seat 3: BumHuntKing (button) folded before Flop (didn't bet)
Seat 4: GuigaMan (small blind) folded before Flop
Seat 5: BoyLoc0 (big blind) collected ($6)
Seat 6: reeqar folded before Flop (didn't bet)



PokerStars Hand #254479754483:  Hold'em No Limit ($0.50/$1.00 USD) - 2025/01/20 3:12:58 WET [2025/01/20 22:12:58 ET]
Table 'Tyumenia III' 6-max Seat #4 is the button
Seat 1: Manifestorr ($105.70 in chips) 
Seat 2: KoKi2024 ($309.23 in chips) 
Seat 3: BumHuntKing ($102.46 in chips) 
Seat 4: GuigaMan ($107.13 in chips) 
Seat 5: BoyLoc0 ($111.72 in chips) 
Seat 6: 7bekon7 ($100 in chips) 
BoyLoc0: posts small blind $0.50
7bekon7: posts big blind $1
*** HOLE CARDS ***
Manifestorr: folds 
KoKi2024: raises $1 to $2
BumHuntKing: folds 
GuigaMan: raises $4 to $6
BoyLoc0: raises $13 to $19
7bekon7: folds 
KoKi2024: folds 
GuigaMan: folds 
Uncalled bet ($13) returned to BoyLoc0
BoyLoc0 collected $15 from pot
BoyLoc0: doesn't show hand 
*** SUMMARY ***
Total pot $15 | Rake $0 
Seat 1: Manifestorr folded before Flop (didn't bet)
Seat 2: KoKi2024 folded before Flop
Seat 3: BumHuntKing folded before Flop (didn't bet)
Seat 4: GuigaMan (button) folded before Flop
Seat 5: BoyLoc0 (small blind) collected ($15)
Seat 6: 7bekon7 (big blind) folded before Flop



PokerStars Hand #254479758221:  Hold'em No Limit ($0.50/$1.00 USD) - 2025/01/20 3:13:28 WET [2025/01/20 22:13:28 ET]
Table 'Tyumenia III' 6-max Seat #5 is the button
Seat 1: Manifestorr ($105.70 in chips) 
Seat 2: KoKi2024 ($307.23 in chips) 
Seat 3: BumHuntKing ($102.46 in chips) 
Seat 4: GuigaMan ($101.13 in chips) 
Seat 5: BoyLoc0 ($120.72 in chips) 
Seat 6: 7bekon7 ($100 in chips) 
7bekon7: posts small blind $0.50
Manifestorr: posts big blind $1
*** HOLE CARDS ***
KoKi2024: folds 
BumHuntKing: folds 
GuigaMan: folds 
BoyLoc0: folds 
7bekon7: folds 
Uncalled bet ($0.50) returned to Manifestorr
Manifestorr collected $1 from pot
*** SUMMARY ***
Total pot $1 | Rake $0 
Seat 1: Manifestorr (big blind) collected ($1)
Seat 2: KoKi2024 folded before Flop (didn't bet)
Seat 3: BumHuntKing folded before Flop (didn't bet)
Seat 4: GuigaMan folded before Flop (didn't bet)
Seat 5: BoyLoc0 (button) folded before Flop (didn't bet)
Seat 6: 7bekon7 (small blind) folded before Flop



PokerStars Hand #254479760297:  Hold'em No Limit ($0.50/$1.00 USD) - 2025/01/20 3:13:44 WET [2025/01/20 22:13:44 ET]
Table 'Tyumenia III' 6-max Seat #6 is the button
Seat 1: Manifestorr ($106.20 in chips) 
Seat 2: KoKi2024 ($307.23 in chips) 
Seat 3: BumHuntKing ($102.46 in chips) 
Seat 4: GuigaMan ($101.13 in chips) 
Seat 5: BoyLoc0 ($120.72 in chips) 
Seat 6: 7bekon7 ($100 in chips) 
Manifestorr: posts small blind $0.50
KoKi2024: posts big blind $1
*** HOLE CARDS ***
BumHuntKing: folds 
GuigaMan: raises $1 to $2
BoyLoc0: folds 
7bekon7: folds 
Manifestorr: folds 
KoKi2024: folds 
Uncalled bet ($1) returned to GuigaMan
GuigaMan collected $2.50 from pot
*** SUMMARY ***
Total pot $2.50 | Rake $0 
Seat 1: Manifestorr (small blind) folded before Flop
Seat 2: KoKi2024 (big blind) folded before Flop
Seat 3: BumHuntKing folded before Flop (didn't bet)
Seat 4: GuigaMan collected ($2.50)
Seat 5: BoyLoc0 folded before Flop (didn't bet)
Seat 6: 7bekon7 (button) folded before Flop (didn't bet)



PokerStars Hand #254479762484:  Hold'em No Limit ($0.50/$1.00 USD) - 2025/01/20 3:14:02 WET [2025/01/20 22:14:02 ET]
Table 'Tyumenia III' 6-max Seat #1 is the button
Seat 1: Manifestorr ($105.70 in chips) 
Seat 2: KoKi2024 ($306.23 in chips) 
Seat 3: BumHuntKing ($102.46 in chips) 
Seat 4: GuigaMan ($102.63 in chips) 
Seat 5: BoyLoc0 ($120.72 in chips) 
Seat 6: 7bekon7 ($100 in chips) 
KoKi2024: posts small blind $0.50
BumHuntKing: posts big blind $1
*** HOLE CARDS ***
GuigaMan: folds 
BoyLoc0: folds 
7bekon7: folds 
Manifestorr: raises $1.20 to $2.20
KoKi2024: folds 
BumHuntKing: calls $1.20
*** FLOP *** [Ks 8s 6c]
BumHuntKing: checks 
Manifestorr: checks 
*** TURN *** [Ks 8s 6c] [Jd]
BumHuntKing: checks 
Manifestorr: bets $1.54
BumHuntKing: folds 
Uncalled bet ($1.54) returned to Manifestorr
Manifestorr collected $4.66 from pot
*** SUMMARY ***
Total pot $4.90 | Rake $0.24 
Board [Ks 8s 6c Jd]
Seat 1: Manifestorr (button) collected ($4.66)
Seat 2: KoKi2024 (small blind) folded before Flop
Seat 3: BumHuntKing (big blind) folded on the Turn
Seat 4: GuigaMan folded before Flop (didn't bet)
Seat 5: BoyLoc0 folded before Flop (didn't bet)
Seat 6: 7bekon7 folded before Flop (didn't bet)



PokerStars Hand #254479767142:  Hold'em No Limit ($0.50/$1.00 USD) - 2025/01/20 3:14:39 WET [2025/01/20 22:14:39 ET]
Table 'Tyumenia III' 6-max Seat #2 is the button
Seat 1: Manifestorr ($108.16 in chips) 
Seat 2: KoKi2024 ($305.73 in chips) 
Seat 3: BumHuntKing ($100.26 in chips) 
Seat 4: GuigaMan ($102.63 in chips) 
Seat 5: BoyLoc0 ($120.72 in chips) 
Seat 6: 7bekon7 ($100 in chips) 
BumHuntKing: posts small blind $0.50
GuigaMan: posts big blind $1
*** HOLE CARDS ***
BoyLoc0: folds 
7bekon7: folds 
Manifestorr: raises $1.20 to $2.20
KoKi2024: folds 
BumHuntKing: folds 
GuigaMan: folds 
Uncalled bet ($1.20) returned to Manifestorr
Manifestorr collected $2.50 from pot
*** SUMMARY ***
Total pot $2.50 | Rake $0 
Seat 1: Manifestorr collected ($2.50)
Seat 2: KoKi2024 (button) folded before Flop (didn't bet)
Seat 3: BumHuntKing (small blind) folded before Flop
Seat 4: GuigaMan (big blind) folded before Flop
Seat 5: BoyLoc0 folded before Flop (didn't bet)
Seat 6: 7bekon7 folded before Flop (didn't bet)



PokerStars Hand #254479769199:  Hold'em No Limit ($0.50/$1.00 USD) - 2025/01/20 3:14:56 WET [2025/01/20 22:14:56 ET]
Table 'Tyumenia III' 6-max Seat #3 is the button
Seat 1: Manifestorr ($109.66 in chips) 
Seat 2: KoKi2024 ($305.73 in chips) 
Seat 3: BumHuntKing ($100 in chips) 
Seat 4: GuigaMan ($101.63 in chips) 
Seat 5: BoyLoc0 ($120.72 in chips) 
Seat 6: 7bekon7 ($100 in chips) 
GuigaMan: posts small blind $0.50
BoyLoc0: posts big blind $1
*** HOLE CARDS ***
7bekon7: folds 
Manifestorr: folds 
KoKi2024: folds 
BumHuntKing: folds 
GuigaMan: folds 
Uncalled bet ($0.50) returned to BoyLoc0
BoyLoc0 collected $1 from pot
BoyLoc0: doesn't show hand 
*** SUMMARY ***
Total pot $1 | Rake $0 
Seat 1: Manifestorr folded before Flop (didn't bet)
Seat 2: KoKi2024 folded before Flop (didn't bet)
Seat 3: BumHuntKing (button) folded before Flop (didn't bet)
Seat 4: GuigaMan (small blind) folded before Flop
Seat 5: BoyLoc0 (big blind) collected ($1)
Seat 6: 7bekon7 folded before Flop (didn't bet)



PokerStars Hand #254479770745:  Hold'em No Limit ($0.50/$1.00 USD) - 2025/01/20 3:15:08 WET [2025/01/20 22:15:08 ET]
Table 'Tyumenia III' 6-max Seat #4 is the button
Seat 6: 7bekon7 ($100 in chips) is sitting out
Seat 1: Manifestorr ($109.66 in chips) 
Seat 2: KoKi2024 ($305.73 in chips) 
Seat 3: BumHuntKing ($100 in chips) 
Seat 4: GuigaMan ($101.13 in chips) 
Seat 5: BoyLoc0 ($121.22 in chips) 
BoyLoc0: posts small blind $0.50
7bekon7: is sitting out 
Manifestorr: posts big blind $1
*** HOLE CARDS ***
7bekon7 leaves the table
KoKi2024: raises $1 to $2
BumHuntKing: folds 
GuigaMan: folds 
AlexEliseev7 joins the table at seat #6 
BoyLoc0: calls $1.50
Manifestorr: folds 
*** FLOP *** [4c 2h 7c]
BoyLoc0: checks 
KoKi2024: bets $6
BoyLoc0: raises $12.56 to $18.56
KoKi2024: folds 
Uncalled bet ($12.56) returned to BoyLoc0
BoyLoc0 collected $16.15 from pot
BoyLoc0: doesn't show hand 
*** SUMMARY ***
Total pot $17 | Rake $0.85 
Board [4c 2h 7c]
Seat 6: 7bekon7
Seat 1: Manifestorr (big blind) folded before Flop
Seat 2: KoKi2024 folded on the Flop
Seat 3: BumHuntKing folded before Flop (didn't bet)
Seat 4: GuigaMan (button) folded before Flop (didn't bet)
Seat 5: BoyLoc0 (small blind) collected ($16.15)



PokerStars Hand #254479775735:  Hold'em No Limit ($0.50/$1.00 USD) - 2025/01/20 3:15:48 WET [2025/01/20 22:15:48 ET]
Table 'Tyumenia III' 6-max Seat #5 is the button
Seat 6: AlexEliseev7 ($100 in chips) is sitting out
Seat 1: Manifestorr ($108.66 in chips) 
Seat 2: KoKi2024 ($297.73 in chips) 
Seat 3: BumHuntKing ($100 in chips) 
Seat 4: GuigaMan ($101.13 in chips) 
Seat 5: BoyLoc0 ($129.37 in chips) 
Manifestorr: posts small blind $0.50
KoKi2024: posts big blind $1
*** HOLE CARDS ***
BumHuntKing: folds 
GuigaMan: folds 
BoyLoc0: folds 
Manifestorr: folds 
Uncalled bet ($0.50) returned to KoKi2024
KoKi2024 collected $1 from pot
KoKi2024: doesn't show hand 
*** SUMMARY ***
Total pot $1 | Rake $0 
Seat 6: AlexEliseev7
Seat 1: Manifestorr (small blind) folded before Flop
Seat 2: KoKi2024 (big blind) collected ($1)
Seat 3: BumHuntKing folded before Flop (didn't bet)
Seat 4: GuigaMan folded before Flop (didn't bet)
Seat 5: BoyLoc0 (button) folded before Flop (didn't bet)



PokerStars Hand #254479777122:  Hold'em No Limit ($0.50/$1.00 USD) - 2025/01/20 3:15:58 WET [2025/01/20 22:15:58 ET]
Table 'Tyumenia III' 6-max Seat #1 is the button
Seat 6: AlexEliseev7 ($100 in chips) is sitting out
Seat 1: Manifestorr ($108.16 in chips) 
Seat 2: KoKi2024 ($298.23 in chips) 
Seat 3: BumHuntKing ($100 in chips) 
Seat 4: GuigaMan ($101.13 in chips) 
Seat 5: BoyLoc0 ($129.37 in chips) 
KoKi2024: posts small blind $0.50
BumHuntKing: posts big blind $1
AlexEliseev7: sits out 
*** HOLE CARDS ***
GuigaMan: folds 
BoyLoc0: raises $1.50 to $2.50
Manifestorr: folds 
KoKi2024: folds 
BumHuntKing: folds 
Uncalled bet ($1.50) returned to BoyLoc0
BoyLoc0 collected $2.50 from pot
BoyLoc0: doesn't show hand 
*** SUMMARY ***
Total pot $2.50 | Rake $0 
Seat 6: AlexEliseev7
Seat 1: Manifestorr (button) folded before Flop (didn't bet)
Seat 2: KoKi2024 (small blind) folded before Flop
Seat 3: BumHuntKing (big blind) folded before Flop
Seat 4: GuigaMan folded before Flop (didn't bet)
Seat 5: BoyLoc0 collected ($2.50)



PokerStars Hand #254479779101:  Hold'em No Limit ($0.50/$1.00 USD) - 2025/01/20 3:16:14 WET [2025/01/20 22:16:14 ET]
Table 'Tyumenia III' 6-max Seat #2 is the button
Seat 6: AlexEliseev7 ($100 in chips) is sitting out
Seat 1: Manifestorr ($108.16 in chips) 
Seat 2: KoKi2024 ($297.73 in chips) 
Seat 3: BumHuntKing ($100 in chips) 
Seat 4: GuigaMan ($101.13 in chips) 
Seat 5: BoyLoc0 ($130.87 in chips) 
BumHuntKing: posts small blind $0.50
GuigaMan: posts big blind $1
AlexEliseev7: sits out 
*** HOLE CARDS ***
BoyLoc0: folds 
Manifestorr: folds 
KoKi2024: folds 
BumHuntKing: raises $2 to $3
GuigaMan: raises $6 to $9
BumHuntKing: raises $91 to $100 and is all-in
GuigaMan: folds 
Uncalled bet ($91) returned to BumHuntKing
BumHuntKing collected $18 from pot
BumHuntKing: doesn't show hand 
*** SUMMARY ***
Total pot $18 | Rake $0 
Seat 6: AlexEliseev7
Seat 1: Manifestorr folded before Flop (didn't bet)
Seat 2: KoKi2024 (button) folded before Flop (didn't bet)
Seat 3: BumHuntKing (small blind) collected ($18)
Seat 4: GuigaMan (big blind) folded before Flop
Seat 5: BoyLoc0 folded before Flop (didn't bet)



PokerStars Hand #254479783064:  Hold'em No Limit ($0.50/$1.00 USD) - 2025/01/20 3:16:46 WET [2025/01/20 22:16:46 ET]
Table 'Tyumenia III' 6-max Seat #3 is the button
Seat 6: AlexEliseev7 ($100 in chips) is sitting out
Seat 1: Manifestorr ($108.16 in chips) 
Seat 2: KoKi2024 ($297.73 in chips) 
Seat 3: BumHuntKing ($109 in chips) 
Seat 4: GuigaMan ($100 in chips) 
Seat 5: BoyLoc0 ($130.87 in chips) 
GuigaMan: posts small blind $0.50
BoyLoc0: posts big blind $1
AlexEliseev7: sits out 
*** HOLE CARDS ***
Manifestorr: raises $1.20 to $2.20
KoKi2024: folds 
BumHuntKing: folds 
GuigaMan: folds 
BoyLoc0: calls $1.20
*** FLOP *** [9h 5d 2d]
BoyLoc0: checks 
Manifestorr: bets $2.33
BoyLoc0: calls $2.33
*** TURN *** [9h 5d 2d] [Td]
BoyLoc0: checks 
Manifestorr: checks 
*** RIVER *** [9h 5d 2d Td] [2s]
BoyLoc0: checks 
Manifestorr: checks 
*** SHOW DOWN ***
BoyLoc0: shows [4h 4c] (two pair, Fours and Deuces)
Manifestorr: mucks hand 
BoyLoc0 collected $9.08 from pot
*** SUMMARY ***
Total pot $9.56 | Rake $0.48 
Board [9h 5d 2d Td 2s]
Seat 6: AlexEliseev7
Seat 1: Manifestorr mucked
Seat 2: KoKi2024 folded before Flop (didn't bet)
Seat 3: BumHuntKing (button) folded before Flop (didn't bet)
Seat 4: GuigaMan (small blind) folded before Flop
Seat 5: BoyLoc0 (big blind) showed [4h 4c] and won ($9.08) with two pair, Fours and Deuces



PokerStars Hand #254479788621:  Hold'em No Limit ($0.50/$1.00 USD) - 2025/01/20 3:17:31 WET [2025/01/20 22:17:31 ET]
Table 'Tyumenia III' 6-max Seat #4 is the button
Seat 1: Manifestorr ($103.63 in chips) 
Seat 2: KoKi2024 ($297.73 in chips) 
Seat 3: BumHuntKing ($109 in chips) 
Seat 4: GuigaMan ($100 in chips) 
Seat 5: BoyLoc0 ($135.42 in chips) 
Seat 6: AlexEliseev7 ($100 in chips) 
BoyLoc0: posts small blind $0.50
AlexEliseev7: posts big blind $1
*** HOLE CARDS ***
Manifestorr: folds 
KoKi2024: folds 
BumHuntKing: folds 
GuigaMan: folds 
BoyLoc0: folds 
Uncalled bet ($0.50) returned to AlexEliseev7
AlexEliseev7 collected $1 from pot
AlexEliseev7: doesn't show hand 
*** SUMMARY ***
Total pot $1 | Rake $0 
Seat 1: Manifestorr folded before Flop (didn't bet)
Seat 2: KoKi2024 folded before Flop (didn't bet)
Seat 3: BumHuntKing folded before Flop (didn't bet)
Seat 4: GuigaMan (button) folded before Flop (didn't bet)
Seat 5: BoyLoc0 (small blind) folded before Flop
Seat 6: AlexEliseev7 (big blind) collected ($1)



PokerStars Hand #254479789896:  Hold'em No Limit ($0.50/$1.00 USD) - 2025/01/20 3:17:41 WET [2025/01/20 22:17:41 ET]
Table 'Tyumenia III' 6-max Seat #5 is the button
Seat 1: Manifestorr ($103.63 in chips) 
Seat 2: KoKi2024 ($297.73 in chips) 
Seat 3: BumHuntKing ($109 in chips) 
Seat 4: GuigaMan ($100 in chips) 
Seat 5: BoyLoc0 ($134.92 in chips) 
Seat 6: AlexEliseev7 ($100.50 in chips) 
AlexEliseev7: posts small blind $0.50
Manifestorr: posts big blind $1
*** HOLE CARDS ***
KoKi2024: calls $1
BumHuntKing: folds 
GuigaMan: folds 
BoyLoc0: folds 
AlexEliseev7: folds 
Manifestorr: checks 
*** FLOP *** [Qd 8d 6d]
Manifestorr: bets $1
KoKi2024: calls $1
*** TURN *** [Qd 8d 6d] [Kd]
Manifestorr: checks 
KoKi2024: checks 
*** RIVER *** [Qd 8d 6d Kd] [As]
Manifestorr: bets $1.41
KoKi2024: calls $1.41
*** SHOW DOWN ***
Manifestorr: shows [9d 7h] (a flush, King high)
KoKi2024: mucks hand 
Manifestorr collected $6.95 from pot
*** SUMMARY ***
Total pot $7.32 | Rake $0.37 
Board [Qd 8d 6d Kd As]
Seat 1: Manifestorr (big blind) showed [9d 7h] and won ($6.95) with a flush, King high
Seat 2: KoKi2024 mucked
Seat 3: BumHuntKing folded before Flop (didn't bet)
Seat 4: GuigaMan folded before Flop (didn't bet)
Seat 5: BoyLoc0 (button) folded before Flop (didn't bet)
Seat 6: AlexEliseev7 (small blind) folded before Flop



PokerStars Hand #254479793530:  Hold'em No Limit ($0.50/$1.00 USD) - 2025/01/20 3:18:11 WET [2025/01/20 22:18:11 ET]
Table 'Tyumenia III' 6-max Seat #6 is the button
Seat 1: Manifestorr ($107.17 in chips) 
Seat 2: KoKi2024 ($294.32 in chips) 
Seat 3: BumHuntKing ($109 in chips) 
Seat 4: GuigaMan ($100 in chips) 
Seat 5: BoyLoc0 ($134.92 in chips) 
Seat 6: AlexEliseev7 ($100 in chips) 
Manifestorr: posts small blind $0.50
KoKi2024: posts big blind $1
*** HOLE CARDS ***
BumHuntKing: raises $1.20 to $2.20
GuigaMan: folds 
BoyLoc0: folds 
AlexEliseev7: folds 
Manifestorr: raises $8.80 to $11
KoKi2024: folds 
BumHuntKing: raises $12 to $23
Manifestorr: raises $84.17 to $107.17 and is all-in
BumHuntKing: folds 
Uncalled bet ($84.17) returned to Manifestorr
Manifestorr collected $47 from pot
*** SUMMARY ***
Total pot $47 | Rake $0 
Seat 1: Manifestorr (small blind) collected ($47)
Seat 2: KoKi2024 (big blind) folded before Flop
Seat 3: BumHuntKing folded before Flop
Seat 4: GuigaMan folded before Flop (didn't bet)
Seat 5: BoyLoc0 folded before Flop (didn't bet)
Seat 6: AlexEliseev7 (button) folded before Flop (didn't bet)



PokerStars Hand #254479798946:  Hold'em No Limit ($0.50/$1.00 USD) - 2025/01/20 3:18:56 WET [2025/01/20 22:18:56 ET]
Table 'Tyumenia III' 6-max Seat #1 is the button
Seat 1: Manifestorr ($131.17 in chips) 
Seat 2: KoKi2024 ($293.32 in chips) 
Seat 3: BumHuntKing ($100 in chips) 
Seat 4: GuigaMan ($100 in chips) 
Seat 5: BoyLoc0 ($134.92 in chips) 
Seat 6: AlexEliseev7 ($100 in chips) 
KoKi2024: posts small blind $0.50
BumHuntKing: posts big blind $1
*** HOLE CARDS ***
GuigaMan: folds 
BoyLoc0: folds 
AlexEliseev7: raises $1.50 to $2.50
Manifestorr: folds 
KoKi2024: calls $2
BumHuntKing: folds 
*** FLOP *** [7h 4d 5c]
KoKi2024: checks 
AlexEliseev7: checks 
*** TURN *** [7h 4d 5c] [9d]
KoKi2024: bets $5.70
AlexEliseev7: folds 
Uncalled bet ($5.70) returned to KoKi2024
KoKi2024 collected $5.70 from pot
KoKi2024: doesn't show hand 
*** SUMMARY ***
Total pot $6 | Rake $0.30 
Board [7h 4d 5c 9d]
Seat 1: Manifestorr (button) folded before Flop (didn't bet)
Seat 2: KoKi2024 (small blind) collected ($5.70)
Seat 3: BumHuntKing (big blind) folded before Flop
Seat 4: GuigaMan folded before Flop (didn't bet)
Seat 5: BoyLoc0 folded before Flop (didn't bet)
Seat 6: AlexEliseev7 folded on the Turn



PokerStars Hand #254479805221:  Hold'em No Limit ($0.50/$1.00 USD) - 2025/01/20 3:19:47 WET [2025/01/20 22:19:47 ET]
Table 'Tyumenia III' 6-max Seat #2 is the button
Seat 1: Manifestorr ($131.17 in chips) 
Seat 2: KoKi2024 ($296.52 in chips) 
Seat 3: BumHuntKing ($100 in chips) 
Seat 4: GuigaMan ($100 in chips) 
Seat 5: BoyLoc0 ($134.92 in chips) 
Seat 6: AlexEliseev7 ($100 in chips) 
BumHuntKing: posts small blind $0.50
GuigaMan: posts big blind $1
*** HOLE CARDS ***
BoyLoc0: folds 
AlexEliseev7: folds 
Manifestorr: folds 
KoKi2024: raises $2.50 to $3.50
BumHuntKing: folds 
GuigaMan: calls $2.50
*** FLOP *** [7d 4c 4h]
GuigaMan: checks 
KoKi2024: bets $7.12
GuigaMan: folds 
Uncalled bet ($7.12) returned to KoKi2024
KoKi2024 collected $7.12 from pot
KoKi2024: doesn't show hand 
*** SUMMARY ***
Total pot $7.50 | Rake $0.38 
Board [7d 4c 4h]
Seat 1: Manifestorr folded before Flop (didn't bet)
Seat 2: KoKi2024 (button) collected ($7.12)
Seat 3: BumHuntKing (small blind) folded before Flop
Seat 4: GuigaMan (big blind) folded on the Flop
Seat 5: BoyLoc0 folded before Flop (didn't bet)
Seat 6: AlexEliseev7 folded before Flop (didn't bet)



PokerStars Hand #254479810057:  Hold'em No Limit ($0.50/$1.00 USD) - 2025/01/20 3:20:26 WET [2025/01/20 22:20:26 ET]
Table 'Tyumenia III' 6-max Seat #3 is the button
Seat 1: Manifestorr ($131.17 in chips) 
Seat 2: KoKi2024 ($300.14 in chips) 
Seat 3: BumHuntKing ($100 in chips) 
Seat 4: GuigaMan ($100 in chips) 
Seat 5: BoyLoc0 ($134.92 in chips) 
Seat 6: AlexEliseev7 ($100 in chips) 
GuigaMan: posts small blind $0.50
BoyLoc0: posts big blind $1
*** HOLE CARDS ***
AlexEliseev7: raises $1.50 to $2.50
Manifestorr: folds 
KoKi2024: calls $2.50
BumHuntKing: folds 
GuigaMan: folds 
BoyLoc0: folds 
*** FLOP *** [Th Jd Qh]
AlexEliseev7: bets $3.03
KoKi2024: raises $12.24 to $15.27
AlexEliseev7: calls $12.24
*** TURN *** [Th Jd Qh] [3c]
AlexEliseev7: checks 
KoKi2024: bets $35.19
AlexEliseev7: calls $35.19
*** RIVER *** [Th Jd Qh 3c] [9c]
AlexEliseev7: bets $47.04 and is all-in
KoKi2024: calls $47.04
*** SHOW DOWN ***
AlexEliseev7: shows [Kd Ks] (a straight, Nine to King)
KoKi2024: shows [Jc Kc] (a straight, Nine to King)
AlexEliseev7 collected $99.50 from pot
KoKi2024 collected $99.50 from pot
*** SUMMARY ***
Total pot $201.50 | Rake $2.50 
Board [Th Jd Qh 3c 9c]
Seat 1: Manifestorr folded before Flop (didn't bet)
Seat 2: KoKi2024 showed [Jc Kc] and won ($99.50) with a straight, Nine to King
Seat 3: BumHuntKing (button) folded before Flop (didn't bet)
Seat 4: GuigaMan (small blind) folded before Flop
Seat 5: BoyLoc0 (big blind) folded before Flop
Seat 6: AlexEliseev7 showed [Kd Ks] and won ($99.50) with a straight, Nine to King



PokerStars Hand #254479820675:  Hold'em No Limit ($0.50/$1.00 USD) - 2025/01/20 3:21:53 WET [2025/01/20 22:21:53 ET]
Table 'Tyumenia III' 6-max Seat #4 is the button
Seat 1: Manifestorr ($131.17 in chips) 
Seat 2: KoKi2024 ($299.64 in chips) 
Seat 3: BumHuntKing ($100 in chips) 
Seat 4: GuigaMan ($100 in chips) 
Seat 5: BoyLoc0 ($133.92 in chips) 
Seat 6: AlexEliseev7 ($100 in chips) 
BoyLoc0: posts small blind $0.50
AlexEliseev7: posts big blind $1
*** HOLE CARDS ***
Manifestorr: folds 
KoKi2024: raises $1 to $2
BumHuntKing: folds 
GuigaMan: folds 
BoyLoc0: folds 
AlexEliseev7: calls $1
*** FLOP *** [Ah Ts 8c]
AlexEliseev7: checks 
KoKi2024: bets $4.28
AlexEliseev7: calls $4.28
*** TURN *** [Ah Ts 8c] [5c]
AlexEliseev7: checks 
KoKi2024: bets $6.21
AlexEliseev7: raises $19.37 to $25.58
KoKi2024: calls $19.37
*** RIVER *** [Ah Ts 8c 5c] [9c]
AlexEliseev7: checks 
KoKi2024: bets $267.78 and is all-in
AlexEliseev7: calls $68.14 and is all-in
Uncalled bet ($199.64) returned to KoKi2024
*** SHOW DOWN ***
KoKi2024: shows [Td 9d] (two pair, Tens and Nines)
AlexEliseev7: shows [5h Ac] (two pair, Aces and Fives)
AlexEliseev7 collected $198 from pot
*** SUMMARY ***
Total pot $200.50 | Rake $2.50 
Board [Ah Ts 8c 5c 9c]
Seat 1: Manifestorr folded before Flop (didn't bet)
Seat 2: KoKi2024 showed [Td 9d] and lost with two pair, Tens and Nines
Seat 3: BumHuntKing folded before Flop (didn't bet)
Seat 4: GuigaMan (button) folded before Flop (didn't bet)
Seat 5: BoyLoc0 (small blind) folded before Flop
Seat 6: AlexEliseev7 (big blind) showed [5h Ac] and won ($198) with two pair, Aces and Fives



PokerStars Hand #254479829746:  Hold'em No Limit ($0.50/$1.00 USD) - 2025/01/20 3:23:09 WET [2025/01/20 22:23:09 ET]
Table 'Tyumenia III' 6-max Seat #5 is the button
Seat 1: Manifestorr ($131.17 in chips) 
Seat 2: KoKi2024 ($199.64 in chips) 
Seat 3: BumHuntKing ($100 in chips) 
Seat 4: GuigaMan ($100 in chips) 
Seat 5: BoyLoc0 ($133.42 in chips) 
Seat 6: AlexEliseev7 ($198 in chips) 
AlexEliseev7: posts small blind $0.50
Manifestorr: posts big blind $1
*** HOLE CARDS ***
KoKi2024: calls $1
BumHuntKing: folds 
GuigaMan: folds 
BoyLoc0: folds 
AlexEliseev7: folds 
Manifestorr: checks 
*** FLOP *** [7d Th 2d]
Manifestorr: bets $1
KoKi2024: folds 
Uncalled bet ($1) returned to Manifestorr
Manifestorr collected $2.38 from pot
*** SUMMARY ***
Total pot $2.50 | Rake $0.12 
Board [7d Th 2d]
Seat 1: Manifestorr (big blind) collected ($2.38)
Seat 2: KoKi2024 folded on the Flop
Seat 3: BumHuntKing folded before Flop (didn't bet)
Seat 4: GuigaMan folded before Flop (didn't bet)
Seat 5: BoyLoc0 (button) folded before Flop (didn't bet)
Seat 6: AlexEliseev7 (small blind) folded before Flop



PokerStars Hand #254479831946:  Hold'em No Limit ($0.50/$1.00 USD) - 2025/01/20 3:23:27 WET [2025/01/20 22:23:27 ET]
Table 'Tyumenia III' 6-max Seat #6 is the button
Seat 1: Manifestorr ($132.55 in chips) 
Seat 2: KoKi2024 ($198.64 in chips) 
Seat 3: BumHuntKing ($100 in chips) 
Seat 4: GuigaMan ($100 in chips) 
Seat 5: BoyLoc0 ($133.42 in chips) 
Seat 6: AlexEliseev7 ($197.50 in chips) 
Manifestorr: posts small blind $0.50
KoKi2024: posts big blind $1
*** HOLE CARDS ***
BumHuntKing: folds 
GuigaMan: folds 
BoyLoc0: raises $1.50 to $2.50
AlexEliseev7: calls $2.50
Manifestorr: folds 
KoKi2024: raises $10.50 to $13
BoyLoc0: folds 
AlexEliseev7: folds 
Uncalled bet ($10.50) returned to KoKi2024
KoKi2024 collected $8 from pot
KoKi2024: doesn't show hand 
*** SUMMARY ***
Total pot $8 | Rake $0 
Seat 1: Manifestorr (small blind) folded before Flop
Seat 2: KoKi2024 (big blind) collected ($8)
Seat 3: BumHuntKing folded before Flop (didn't bet)
Seat 4: GuigaMan folded before Flop (didn't bet)
Seat 5: BoyLoc0 folded before Flop
Seat 6: AlexEliseev7 (button) folded before Flop



PokerStars Hand #254479836515:  Hold'em No Limit ($0.50/$1.00 USD) - 2025/01/20 3:24:05 WET [2025/01/20 22:24:05 ET]
Table 'Tyumenia III' 6-max Seat #1 is the button
Seat 1: Manifestorr ($132.05 in chips) 
Seat 2: KoKi2024 ($204.14 in chips) 
Seat 3: BumHuntKing ($100 in chips) 
Seat 4: GuigaMan ($100 in chips) 
Seat 5: BoyLoc0 ($130.92 in chips) 
Seat 6: AlexEliseev7 ($195 in chips) 
KoKi2024: posts small blind $0.50
BumHuntKing: posts big blind $1
*** HOLE CARDS ***
GuigaMan: folds 
BoyLoc0: folds 
AlexEliseev7: folds 
Manifestorr: folds 
KoKi2024: raises $2 to $3
BumHuntKing: calls $2
*** FLOP *** [4h 7s 8d]
KoKi2024: bets $8
BumHuntKing: folds 
Uncalled bet ($8) returned to KoKi2024
KoKi2024 collected $5.70 from pot
KoKi2024: doesn't show hand 
*** SUMMARY ***
Total pot $6 | Rake $0.30 
Board [4h 7s 8d]
Seat 1: Manifestorr (button) folded before Flop (didn't bet)
Seat 2: KoKi2024 (small blind) collected ($5.70)
Seat 3: BumHuntKing (big blind) folded on the Flop
Seat 4: GuigaMan folded before Flop (didn't bet)
Seat 5: BoyLoc0 folded before Flop (didn't bet)
Seat 6: AlexEliseev7 folded before Flop (didn't bet)



PokerStars Hand #254479840964:  Hold'em No Limit ($0.50/$1.00 USD) - 2025/01/20 3:24:42 WET [2025/01/20 22:24:42 ET]
Table 'Tyumenia III' 6-max Seat #2 is the button
Seat 1: Manifestorr ($132.05 in chips) 
Seat 2: KoKi2024 ($206.84 in chips) 
Seat 3: BumHuntKing ($100 in chips) 
Seat 4: GuigaMan ($100 in chips) 
Seat 5: BoyLoc0 ($130.92 in chips) 
Seat 6: AlexEliseev7 ($195 in chips) 
BumHuntKing: posts small blind $0.50
GuigaMan: posts big blind $1
*** HOLE CARDS ***
BoyLoc0: folds 
AlexEliseev7: raises $1.50 to $2.50
Manifestorr: raises $5.50 to $8
KoKi2024: folds 
BumHuntKing: folds 
GuigaMan: folds 
AlexEliseev7: folds 
Uncalled bet ($5.50) returned to Manifestorr
Manifestorr collected $6.50 from pot
*** SUMMARY ***
Total pot $6.50 | Rake $0 
Seat 1: Manifestorr collected ($6.50)
Seat 2: KoKi2024 (button) folded before Flop (didn't bet)
Seat 3: BumHuntKing (small blind) folded before Flop
Seat 4: GuigaMan (big blind) folded before Flop
Seat 5: BoyLoc0 folded before Flop (didn't bet)
Seat 6: AlexEliseev7 folded before Flop



PokerStars Hand #254479844131:  Hold'em No Limit ($0.50/$1.00 USD) - 2025/01/20 3:25:08 WET [2025/01/20 22:25:08 ET]
Table 'Tyumenia III' 6-max Seat #3 is the button
Seat 1: Manifestorr ($136.05 in chips) 
Seat 2: KoKi2024 ($206.84 in chips) 
Seat 3: BumHuntKing ($100 in chips) 
Seat 4: GuigaMan ($100 in chips) 
Seat 5: BoyLoc0 ($130.92 in chips) 
Seat 6: AlexEliseev7 ($192.50 in chips) 
GuigaMan: posts small blind $0.50
BoyLoc0: posts big blind $1
*** HOLE CARDS ***
AlexEliseev7: raises $1.50 to $2.50
Manifestorr: folds 
KoKi2024: calls $2.50
BumHuntKing: folds 
GuigaMan: folds 
BoyLoc0: folds 
*** FLOP *** [Kh 3h Ac]
AlexEliseev7: checks 
KoKi2024: checks 
*** TURN *** [Kh 3h Ac] [5c]
AlexEliseev7: checks 
KoKi2024: checks 
*** RIVER *** [Kh 3h Ac 5c] [Js]
AlexEliseev7: checks 
KoKi2024: bets $10
AlexEliseev7: calls $10
*** SHOW DOWN ***
KoKi2024: shows [Td 9h] (high card Ace)
AlexEliseev7: shows [Ts Ks] (a pair of Kings)
AlexEliseev7 collected $25.18 from pot
*** SUMMARY ***
Total pot $26.50 | Rake $1.32 
Board [Kh 3h Ac 5c Js]
Seat 1: Manifestorr folded before Flop (didn't bet)
Seat 2: KoKi2024 showed [Td 9h] and lost with high card Ace
Seat 3: BumHuntKing (button) folded before Flop (didn't bet)
Seat 4: GuigaMan (small blind) folded before Flop
Seat 5: BoyLoc0 (big blind) folded before Flop
Seat 6: AlexEliseev7 showed [Ts Ks] and won ($25.18) with a pair of Kings



PokerStars Hand #254479851638:  Hold'em No Limit ($0.50/$1.00 USD) - 2025/01/20 3:26:11 WET [2025/01/20 22:26:11 ET]
Table 'Tyumenia III' 6-max Seat #4 is the button
Seat 1: Manifestorr ($136.05 in chips) 
Seat 2: KoKi2024 ($194.34 in chips) 
Seat 3: BumHuntKing ($100 in chips) 
Seat 4: GuigaMan ($100 in chips) 
Seat 5: BoyLoc0 ($129.92 in chips) 
Seat 6: AlexEliseev7 ($205.18 in chips) 
BoyLoc0: posts small blind $0.50
AlexEliseev7: posts big blind $1
*** HOLE CARDS ***
Manifestorr: folds 
KoKi2024: folds 
BumHuntKing: folds 
GuigaMan: raises $1.10 to $2.10
BoyLoc0: raises $6.90 to $9
AlexEliseev7: folds 
GuigaMan: folds 
Uncalled bet ($6.90) returned to BoyLoc0
BoyLoc0 collected $5.20 from pot
BoyLoc0: doesn't show hand 
*** SUMMARY ***
Total pot $5.20 | Rake $0 
Seat 1: Manifestorr folded before Flop (didn't bet)
Seat 2: KoKi2024 folded before Flop (didn't bet)
Seat 3: BumHuntKing folded before Flop (didn't bet)
Seat 4: GuigaMan (button) folded before Flop
Seat 5: BoyLoc0 (small blind) collected ($5.20)
Seat 6: AlexEliseev7 (big blind) folded before Flop



PokerStars Hand #254479855798:  Hold'em No Limit ($0.50/$1.00 USD) - 2025/01/20 3:26:46 WET [2025/01/20 22:26:46 ET]
Table 'Tyumenia III' 6-max Seat #5 is the button
Seat 1: Manifestorr ($136.05 in chips) 
Seat 2: KoKi2024 ($194.34 in chips) 
Seat 3: BumHuntKing ($100 in chips) 
Seat 4: GuigaMan ($100 in chips) 
Seat 5: BoyLoc0 ($133.02 in chips) 
Seat 6: AlexEliseev7 ($204.18 in chips) 
AlexEliseev7: posts small blind $0.50
Manifestorr: posts big blind $1
*** HOLE CARDS ***
KoKi2024: folds 
BumHuntKing: folds 
GuigaMan: folds 
BoyLoc0: folds 
AlexEliseev7: folds 
Uncalled bet ($0.50) returned to Manifestorr
Manifestorr collected $1 from pot
*** SUMMARY ***
Total pot $1 | Rake $0 
Seat 1: Manifestorr (big blind) collected ($1)
Seat 2: KoKi2024 folded before Flop (didn't bet)
Seat 3: BumHuntKing folded before Flop (didn't bet)
Seat 4: GuigaMan folded before Flop (didn't bet)
Seat 5: BoyLoc0 (button) folded before Flop (didn't bet)
Seat 6: AlexEliseev7 (small blind) folded before Flop



PokerStars Hand #254479858204:  Hold'em No Limit ($0.50/$1.00 USD) - 2025/01/20 3:27:06 WET [2025/01/20 22:27:06 ET]
Table 'Tyumenia III' 6-max Seat #6 is the button
Seat 1: Manifestorr ($136.55 in chips) 
Seat 2: KoKi2024 ($194.34 in chips) 
Seat 3: BumHuntKing ($100 in chips) 
Seat 4: GuigaMan ($100 in chips) 
Seat 5: BoyLoc0 ($133.02 in chips) 
Seat 6: AlexEliseev7 ($203.68 in chips) 
Manifestorr: posts small blind $0.50
KoKi2024: posts big blind $1
*** HOLE CARDS ***
BumHuntKing: folds 
GuigaMan: folds 
BoyLoc0: folds 
AlexEliseev7: raises $1.50 to $2.50
Manifestorr: folds 
KoKi2024: calls $1.50
*** FLOP *** [Js 9h 5s]
KoKi2024: checks 
AlexEliseev7: checks 
*** TURN *** [Js 9h 5s] [9s]
KoKi2024: checks 
AlexEliseev7: checks 
*** RIVER *** [Js 9h 5s 9s] [5d]
KoKi2024: bets $5.22
AlexEliseev7: folds 
Uncalled bet ($5.22) returned to KoKi2024
KoKi2024 collected $5.22 from pot
KoKi2024: doesn't show hand 
*** SUMMARY ***
Total pot $5.50 | Rake $0.28 
Board [Js 9h 5s 9s 5d]
Seat 1: Manifestorr (small blind) folded before Flop
Seat 2: KoKi2024 (big blind) collected ($5.22)
Seat 3: BumHuntKing folded before Flop (didn't bet)
Seat 4: GuigaMan folded before Flop (didn't bet)
Seat 5: BoyLoc0 folded before Flop (didn't bet)
Seat 6: AlexEliseev7 (button) folded on the River



PokerStars Hand #254479864393:  Hold'em No Limit ($0.50/$1.00 USD) - 2025/01/20 3:27:59 WET [2025/01/20 22:27:59 ET]
Table 'Tyumenia III' 6-max Seat #1 is the button
Seat 1: Manifestorr ($136.05 in chips) 
Seat 2: KoKi2024 ($197.06 in chips) 
Seat 3: BumHuntKing ($100 in chips) 
Seat 4: GuigaMan ($100 in chips) 
Seat 5: BoyLoc0 ($133.02 in chips) 
Seat 6: AlexEliseev7 ($201.18 in chips) 
KoKi2024: posts small blind $0.50
BumHuntKing: posts big blind $1
*** HOLE CARDS ***
GuigaMan: folds 
BoyLoc0: folds 
AlexEliseev7: folds 
Manifestorr: raises $1.20 to $2.20
KoKi2024: calls $1.70
BumHuntKing: folds 
*** FLOP *** [Qh Qs Js]
KoKi2024: checks 
Manifestorr: bets $3.85
KoKi2024: folds 
Uncalled bet ($3.85) returned to Manifestorr
Manifestorr collected $5.13 from pot
*** SUMMARY ***
Total pot $5.40 | Rake $0.27 
Board [Qh Qs Js]
Seat 1: Manifestorr (button) collected ($5.13)
Seat 2: KoKi2024 (small blind) folded on the Flop
Seat 3: BumHuntKing (big blind) folded before Flop
Seat 4: GuigaMan folded before Flop (didn't bet)
Seat 5: BoyLoc0 folded before Flop (didn't bet)
Seat 6: AlexEliseev7 folded before Flop (didn't bet)



PokerStars Hand #254479867948:  Hold'em No Limit ($0.50/$1.00 USD) - 2025/01/20 3:28:30 WET [2025/01/20 22:28:30 ET]
Table 'Tyumenia III' 6-max Seat #2 is the button
Seat 1: Manifestorr ($138.98 in chips) 
Seat 2: KoKi2024 ($194.86 in chips) 
Seat 3: BumHuntKing ($100 in chips) 
Seat 4: GuigaMan ($100 in chips) 
Seat 5: BoyLoc0 ($133.02 in chips) 
Seat 6: AlexEliseev7 ($201.18 in chips) 
BumHuntKing: posts small blind $0.50
GuigaMan: posts big blind $1
*** HOLE CARDS ***
BoyLoc0: folds 
AlexEliseev7: folds 
Manifestorr: folds 
KoKi2024: folds 
BumHuntKing: folds 
Uncalled bet ($0.50) returned to GuigaMan
GuigaMan collected $1 from pot
*** SUMMARY ***
Total pot $1 | Rake $0 
Seat 1: Manifestorr folded before Flop (didn't bet)
Seat 2: KoKi2024 (button) folded before Flop (didn't bet)
Seat 3: BumHuntKing (small blind) folded before Flop
Seat 4: GuigaMan (big blind) collected ($1)
Seat 5: BoyLoc0 folded before Flop (didn't bet)
Seat 6: AlexEliseev7 folded before Flop (didn't bet)



PokerStars Hand #254479869200:  Hold'em No Limit ($0.50/$1.00 USD) - 2025/01/20 3:28:40 WET [2025/01/20 22:28:40 ET]
Table 'Tyumenia III' 6-max Seat #3 is the button
Seat 1: Manifestorr ($138.98 in chips) 
Seat 2: KoKi2024 ($194.86 in chips) 
Seat 3: BumHuntKing ($100 in chips) 
Seat 4: GuigaMan ($100.50 in chips) 
Seat 5: BoyLoc0 ($133.02 in chips) 
Seat 6: AlexEliseev7 ($201.18 in chips) 
GuigaMan: posts small blind $0.50
BoyLoc0: posts big blind $1
*** HOLE CARDS ***
AlexEliseev7: folds 
Manifestorr: folds 
KoKi2024: raises $2.50 to $3.50
BumHuntKing: folds 
GuigaMan: folds 
BoyLoc0: folds 
Uncalled bet ($2.50) returned to KoKi2024
KoKi2024 collected $2.50 from pot
KoKi2024: doesn't show hand 
*** SUMMARY ***
Total pot $2.50 | Rake $0 
Seat 1: Manifestorr folded before Flop (didn't bet)
Seat 2: KoKi2024 collected ($2.50)
Seat 3: BumHuntKing (button) folded before Flop (didn't bet)
Seat 4: GuigaMan (small blind) folded before Flop
Seat 5: BoyLoc0 (big blind) folded before Flop
Seat 6: AlexEliseev7 folded before Flop (didn't bet)



PokerStars Hand #254479890776:  Hold'em No Limit ($0.50/$1.00 USD) - 2025/01/20 3:31:50 WET [2025/01/20 22:31:50 ET]
Table 'Tyumenia III' 6-max Seat #2 is the button
Seat 1: Manifestorr ($134.98 in chips) 
Seat 2: KoKi2024 ($198.56 in chips) 
Seat 3: BumHuntKing ($102.72 in chips) 
Seat 4: GuigaMan ($130.53 in chips) 
Seat 5: BoyLoc0 ($129.02 in chips) 
Seat 6: AlexEliseev7 ($169.65 in chips) 
BumHuntKing: posts small blind $0.50
GuigaMan: posts big blind $1
*** HOLE CARDS ***
BoyLoc0: raises $1.50 to $2.50
AlexEliseev7: folds 
Manifestorr: folds 
KoKi2024: folds 
BumHuntKing: raises $9 to $11.50
GuigaMan: folds 
BoyLoc0: folds 
Uncalled bet ($9) returned to BumHuntKing
BumHuntKing collected $6 from pot
BumHuntKing: doesn't show hand 
*** SUMMARY ***
Total pot $6 | Rake $0 
Seat 1: Manifestorr folded before Flop (didn't bet)
Seat 2: KoKi2024 (button) folded before Flop (didn't bet)
Seat 3: BumHuntKing (small blind) collected ($6)
Seat 4: GuigaMan (big blind) folded before Flop
Seat 5: BoyLoc0 folded before Flop
Seat 6: AlexEliseev7 folded before Flop (didn't bet)



PokerStars Hand #254479893467:  Hold'em No Limit ($0.50/$1.00 USD) - 2025/01/20 3:32:13 WET [2025/01/20 22:32:13 ET]
Table 'Tyumenia III' 6-max Seat #3 is the button
Seat 1: Manifestorr ($134.98 in chips) 
Seat 2: KoKi2024 ($198.56 in chips) 
Seat 3: BumHuntKing ($106.22 in chips) 
Seat 4: GuigaMan ($129.53 in chips) 
Seat 5: BoyLoc0 ($126.52 in chips) 
Seat 6: AlexEliseev7 ($169.65 in chips) 
GuigaMan: posts small blind $0.50
BoyLoc0: posts big blind $1
*** HOLE CARDS ***
AlexEliseev7: folds 
Manifestorr: folds 
KoKi2024: folds 
BumHuntKing: folds 
GuigaMan: folds 
Uncalled bet ($0.50) returned to BoyLoc0
BoyLoc0 collected $1 from pot
BoyLoc0: doesn't show hand 
*** SUMMARY ***
Total pot $1 | Rake $0 
Seat 1: Manifestorr folded before Flop (didn't bet)
Seat 2: KoKi2024 folded before Flop (didn't bet)
Seat 3: BumHuntKing (button) folded before Flop (didn't bet)
Seat 4: GuigaMan (small blind) folded before Flop
Seat 5: BoyLoc0 (big blind) collected ($1)
Seat 6: AlexEliseev7 folded before Flop (didn't bet)



PokerStars Hand #254479895856:  Hold'em No Limit ($0.50/$1.00 USD) - 2025/01/20 3:32:35 WET [2025/01/20 22:32:35 ET]
Table 'Tyumenia III' 6-max Seat #4 is the button
Seat 1: Manifestorr ($134.98 in chips) 
Seat 2: KoKi2024 ($198.56 in chips) 
Seat 3: BumHuntKing ($106.22 in chips) 
Seat 4: GuigaMan ($129.03 in chips) 
Seat 5: BoyLoc0 ($127.02 in chips) 
Seat 6: AlexEliseev7 ($169.65 in chips) 
BoyLoc0: posts small blind $0.50
AlexEliseev7: posts big blind $1
*** HOLE CARDS ***
Manifestorr: folds 
KoKi2024: folds 
BumHuntKing: folds 
GuigaMan: raises $1.10 to $2.10
BoyLoc0: raises $6.90 to $9
AlexEliseev7: folds 
GuigaMan: folds 
Uncalled bet ($6.90) returned to BoyLoc0
BoyLoc0 collected $5.20 from pot
BoyLoc0: doesn't show hand 
*** SUMMARY ***
Total pot $5.20 | Rake $0 
Seat 1: Manifestorr folded before Flop (didn't bet)
Seat 2: KoKi2024 folded before Flop (didn't bet)
Seat 3: BumHuntKing folded before Flop (didn't bet)
Seat 4: GuigaMan (button) folded before Flop
Seat 5: BoyLoc0 (small blind) collected ($5.20)
Seat 6: AlexEliseev7 (big blind) folded before Flop



PokerStars Hand #254479898682:  Hold'em No Limit ($0.50/$1.00 USD) - 2025/01/20 3:33:00 WET [2025/01/20 22:33:00 ET]
Table 'Tyumenia III' 6-max Seat #5 is the button
Seat 1: Manifestorr ($134.98 in chips) 
Seat 2: KoKi2024 ($198.56 in chips) 
Seat 3: BumHuntKing ($106.22 in chips) 
Seat 4: GuigaMan ($126.93 in chips) 
Seat 5: BoyLoc0 ($130.12 in chips) 
Seat 6: AlexEliseev7 ($168.65 in chips) 
AlexEliseev7: posts small blind $0.50
Manifestorr: posts big blind $1
*** HOLE CARDS ***
KoKi2024: folds 
BumHuntKing: folds 
GuigaMan: folds 
BoyLoc0: raises $1.50 to $2.50
AlexEliseev7: folds 
Manifestorr: folds 
Uncalled bet ($1.50) returned to BoyLoc0
BoyLoc0 collected $2.50 from pot
BoyLoc0: doesn't show hand 
*** SUMMARY ***
Total pot $2.50 | Rake $0 
Seat 1: Manifestorr (big blind) folded before Flop
Seat 2: KoKi2024 folded before Flop (didn't bet)
Seat 3: BumHuntKing folded before Flop (didn't bet)
Seat 4: GuigaMan folded before Flop (didn't bet)
Seat 5: BoyLoc0 (button) collected ($2.50)
Seat 6: AlexEliseev7 (small blind) folded before Flop



PokerStars Hand #254479900795:  Hold'em No Limit ($0.50/$1.00 USD) - 2025/01/20 3:33:18 WET [2025/01/20 22:33:18 ET]
Table 'Tyumenia III' 6-max Seat #6 is the button
Seat 1: Manifestorr ($133.98 in chips) 
Seat 2: KoKi2024 ($198.56 in chips) 
Seat 3: BumHuntKing ($106.22 in chips) 
Seat 4: GuigaMan ($126.93 in chips) 
Seat 5: BoyLoc0 ($131.62 in chips) 
Seat 6: AlexEliseev7 ($168.15 in chips) 
Manifestorr: posts small blind $0.50
KoKi2024: posts big blind $1
*** HOLE CARDS ***
BumHuntKing: folds 
GuigaMan: folds 
BoyLoc0: raises $1.50 to $2.50
AlexEliseev7: raises $6.50 to $9
Manifestorr: folds 
KoKi2024: folds 
BoyLoc0: calls $6.50
*** FLOP *** [6d Qc 3c]
BoyLoc0: checks 
AlexEliseev7: checks 
*** TURN *** [6d Qc 3c] [4h]
BoyLoc0: bets $24.78
AlexEliseev7: folds 
Uncalled bet ($24.78) returned to BoyLoc0
BoyLoc0 collected $18.52 from pot
BoyLoc0: doesn't show hand 
*** SUMMARY ***
Total pot $19.50 | Rake $0.98 
Board [6d Qc 3c 4h]
Seat 1: Manifestorr (small blind) folded before Flop
Seat 2: KoKi2024 (big blind) folded before Flop
Seat 3: BumHuntKing folded before Flop (didn't bet)
Seat 4: GuigaMan folded before Flop (didn't bet)
Seat 5: BoyLoc0 collected ($18.52)
Seat 6: AlexEliseev7 (button) folded on the Turn



PokerStars Hand #254479906846:  Hold'em No Limit ($0.50/$1.00 USD) - 2025/01/20 3:34:11 WET [2025/01/20 22:34:11 ET]
Table 'Tyumenia III' 6-max Seat #1 is the button
Seat 1: Manifestorr ($133.48 in chips) 
Seat 2: KoKi2024 ($197.56 in chips) 
Seat 3: BumHuntKing ($106.22 in chips) 
Seat 4: GuigaMan ($126.93 in chips) 
Seat 5: BoyLoc0 ($141.14 in chips) 
Seat 6: AlexEliseev7 ($159.15 in chips) 
KoKi2024: posts small blind $0.50
BumHuntKing: posts big blind $1
*** HOLE CARDS ***
GuigaMan: folds 
BoyLoc0: raises $1.50 to $2.50
AlexEliseev7: folds 
Manifestorr: folds 
KoKi2024: folds 
BumHuntKing: folds 
Uncalled bet ($1.50) returned to BoyLoc0
BoyLoc0 collected $2.50 from pot
BoyLoc0: doesn't show hand 
*** SUMMARY ***
Total pot $2.50 | Rake $0 
Seat 1: Manifestorr (button) folded before Flop (didn't bet)
Seat 2: KoKi2024 (small blind) folded before Flop
Seat 3: BumHuntKing (big blind) folded before Flop
Seat 4: GuigaMan folded before Flop (didn't bet)
Seat 5: BoyLoc0 collected ($2.50)
Seat 6: AlexEliseev7 folded before Flop (didn't bet)



PokerStars Hand #254479908842:  Hold'em No Limit ($0.50/$1.00 USD) - 2025/01/20 3:34:29 WET [2025/01/20 22:34:29 ET]
Table 'Tyumenia III' 6-max Seat #2 is the button
Seat 1: Manifestorr ($133.48 in chips) 
Seat 2: KoKi2024 ($197.06 in chips) 
Seat 3: BumHuntKing ($105.22 in chips) 
Seat 4: GuigaMan ($126.93 in chips) 
Seat 5: BoyLoc0 ($142.64 in chips) 
Seat 6: AlexEliseev7 ($159.15 in chips) 
BumHuntKing: posts small blind $0.50
GuigaMan: posts big blind $1
*** HOLE CARDS ***
BoyLoc0: raises $1.50 to $2.50
AlexEliseev7: folds 
Manifestorr: folds 
KoKi2024: calls $2.50
BumHuntKing: folds 
GuigaMan: folds 
*** FLOP *** [6s 8h 7d]
BoyLoc0: checks 
KoKi2024: bets $6.18
BoyLoc0: calls $6.18
*** TURN *** [6s 8h 7d] [7s]
BoyLoc0: checks 
KoKi2024: bets $20
BoyLoc0: folds 
Uncalled bet ($20) returned to KoKi2024
KoKi2024 collected $17.92 from pot
KoKi2024: doesn't show hand 
*** SUMMARY ***
Total pot $18.86 | Rake $0.94 
Board [6s 8h 7d 7s]
Seat 1: Manifestorr folded before Flop (didn't bet)
Seat 2: KoKi2024 (button) collected ($17.92)
Seat 3: BumHuntKing (small blind) folded before Flop
Seat 4: GuigaMan (big blind) folded before Flop
Seat 5: BoyLoc0 folded on the Turn
Seat 6: AlexEliseev7 folded before Flop (didn't bet)



PokerStars Hand #254479913244:  Hold'em No Limit ($0.50/$1.00 USD) - 2025/01/20 3:35:08 WET [2025/01/20 22:35:08 ET]
Table 'Tyumenia III' 6-max Seat #3 is the button
Seat 1: Manifestorr ($133.48 in chips) 
Seat 2: KoKi2024 ($206.30 in chips) 
Seat 3: BumHuntKing ($104.72 in chips) 
Seat 4: GuigaMan ($125.93 in chips) 
Seat 5: BoyLoc0 ($133.96 in chips) 
Seat 6: AlexEliseev7 ($159.15 in chips) 
GuigaMan: posts small blind $0.50
BoyLoc0: posts big blind $1
*** HOLE CARDS ***
AlexEliseev7: raises $1.50 to $2.50
Manifestorr: raises $5.50 to $8
KoKi2024: calls $8
BumHuntKing: folds 
GuigaMan: folds 
BoyLoc0: folds 
AlexEliseev7: folds 
*** FLOP *** [Ad 2h 5c]
Manifestorr: checks 
KoKi2024: checks 
*** TURN *** [Ad 2h 5c] [Td]
Manifestorr: checks 
KoKi2024: bets $9.50
Manifestorr: calls $9.50
*** RIVER *** [Ad 2h 5c Td] [Jd]
Manifestorr: checks 
KoKi2024: checks 
*** SHOW DOWN ***
Manifestorr: shows [Jh Th] (two pair, Jacks and Tens)
KoKi2024: mucks hand 
Manifestorr collected $37.05 from pot
*** SUMMARY ***
Total pot $39 | Rake $1.95 
Board [Ad 2h 5c Td Jd]
Seat 1: Manifestorr showed [Jh Th] and won ($37.05) with two pair, Jacks and Tens
Seat 2: KoKi2024 mucked
Seat 3: BumHuntKing (button) folded before Flop (didn't bet)
Seat 4: GuigaMan (small blind) folded before Flop
Seat 5: BoyLoc0 (big blind) folded before Flop
Seat 6: AlexEliseev7 folded before Flop



PokerStars Hand #254479917846:  Hold'em No Limit ($0.50/$1.00 USD) - 2025/01/20 3:35:49 WET [2025/01/20 22:35:49 ET]
Table 'Tyumenia III' 6-max Seat #4 is the button
Seat 1: Manifestorr ($153.03 in chips) 
Seat 2: KoKi2024 ($188.80 in chips) 
Seat 3: BumHuntKing ($104.72 in chips) 
Seat 4: GuigaMan ($125.43 in chips) 
Seat 5: BoyLoc0 ($132.96 in chips) 
Seat 6: AlexEliseev7 ($156.65 in chips) 
BoyLoc0: posts small blind $0.50
AlexEliseev7: posts big blind $1
*** HOLE CARDS ***
Manifestorr: folds 
KoKi2024: folds 
BumHuntKing: raises $1.20 to $2.20
GuigaMan: folds 
BoyLoc0: folds 
AlexEliseev7: raises $10.80 to $13
BumHuntKing: folds 
Uncalled bet ($10.80) returned to AlexEliseev7
AlexEliseev7 collected $4.90 from pot
AlexEliseev7: doesn't show hand 
*** SUMMARY ***
Total pot $4.90 | Rake $0 
Seat 1: Manifestorr folded before Flop (didn't bet)
Seat 2: KoKi2024 folded before Flop (didn't bet)
Seat 3: BumHuntKing folded before Flop
Seat 4: GuigaMan (button) folded before Flop (didn't bet)
Seat 5: BoyLoc0 (small blind) folded before Flop
Seat 6: AlexEliseev7 (big blind) collected ($4.90)



PokerStars Hand #254479921674:  Hold'em No Limit ($0.50/$1.00 USD) - 2025/01/20 3:36:24 WET [2025/01/20 22:36:24 ET]
Table 'Tyumenia III' 6-max Seat #5 is the button
Seat 1: Manifestorr ($153.03 in chips) 
Seat 2: KoKi2024 ($188.80 in chips) 
Seat 3: BumHuntKing ($102.52 in chips) 
Seat 4: GuigaMan ($125.43 in chips) 
Seat 5: BoyLoc0 ($132.46 in chips) 
Seat 6: AlexEliseev7 ($159.35 in chips) 
AlexEliseev7: posts small blind $0.50
Manifestorr: posts big blind $1
*** HOLE CARDS ***
KoKi2024: folds 
BumHuntKing: folds 
GuigaMan: raises $1.10 to $2.10
BoyLoc0: folds 
AlexEliseev7: folds 
Manifestorr: folds 
Uncalled bet ($1.10) returned to GuigaMan
GuigaMan collected $2.50 from pot
*** SUMMARY ***
Total pot $2.50 | Rake $0 
Seat 1: Manifestorr (big blind) folded before Flop
Seat 2: KoKi2024 folded before Flop (didn't bet)
Seat 3: BumHuntKing folded before Flop (didn't bet)
Seat 4: GuigaMan collected ($2.50)
Seat 5: BoyLoc0 (button) folded before Flop (didn't bet)
Seat 6: AlexEliseev7 (small blind) folded before Flop



PokerStars Hand #254479923596:  Hold'em No Limit ($0.50/$1.00 USD) - 2025/01/20 3:36:42 WET [2025/01/20 22:36:42 ET]
Table 'Tyumenia III' 6-max Seat #6 is the button
Seat 1: Manifestorr ($152.03 in chips) 
Seat 2: KoKi2024 ($188.80 in chips) 
Seat 3: BumHuntKing ($102.52 in chips) 
Seat 4: GuigaMan ($126.93 in chips) 
Seat 5: BoyLoc0 ($132.46 in chips) 
Seat 6: AlexEliseev7 ($158.85 in chips) 
Manifestorr: posts small blind $0.50
KoKi2024: posts big blind $1
*** HOLE CARDS ***
BumHuntKing: folds 
GuigaMan: folds 
BoyLoc0: folds 
AlexEliseev7: folds 
Manifestorr: raises $2 to $3
KoKi2024: calls $2
*** FLOP *** [6s Ac Js]
Manifestorr: checks 
KoKi2024: bets $5.70
Manifestorr: calls $5.70
*** TURN *** [6s Ac Js] [3h]
Manifestorr: checks 
KoKi2024: bets $8.27
Manifestorr: folds 
Uncalled bet ($8.27) returned to KoKi2024
KoKi2024 collected $16.53 from pot
KoKi2024: doesn't show hand 
*** SUMMARY ***
Total pot $17.40 | Rake $0.87 
Board [6s Ac Js 3h]
Seat 1: Manifestorr (small blind) folded on the Turn
Seat 2: KoKi2024 (big blind) collected ($16.53)
Seat 3: BumHuntKing folded before Flop (didn't bet)
Seat 4: GuigaMan folded before Flop (didn't bet)
Seat 5: BoyLoc0 folded before Flop (didn't bet)
Seat 6: AlexEliseev7 (button) folded before Flop (didn't bet)



PokerStars Hand #254479928759:  Hold'em No Limit ($0.50/$1.00 USD) - 2025/01/20 3:37:28 WET [2025/01/20 22:37:28 ET]
Table 'Tyumenia III' 6-max Seat #1 is the button
Seat 3: BumHuntKing ($102.52 in chips) is sitting out
Seat 1: Manifestorr ($143.33 in chips) 
Seat 2: KoKi2024 ($196.63 in chips) 
Seat 4: GuigaMan ($126.93 in chips) 
Seat 5: BoyLoc0 ($132.46 in chips) 
Seat 6: AlexEliseev7 ($158.85 in chips) 
KoKi2024: posts small blind $0.50
BumHuntKing: is sitting out 
GuigaMan: posts big blind $1
*** HOLE CARDS ***
BoyLoc0: raises $1.50 to $2.50
AlexEliseev7: folds 
Manifestorr: raises $5.50 to $8
KoKi2024: folds 
GuigaMan: folds 
BoyLoc0: folds 
Uncalled bet ($5.50) returned to Manifestorr
Manifestorr collected $6.50 from pot
*** SUMMARY ***
Total pot $6.50 | Rake $0 
Seat 3: BumHuntKing
Seat 1: Manifestorr (button) collected ($6.50)
Seat 2: KoKi2024 (small blind) folded before Flop
Seat 4: GuigaMan (big blind) folded before Flop
Seat 5: BoyLoc0 folded before Flop
Seat 6: AlexEliseev7 folded before Flop (didn't bet)



PokerStars Hand #254479932465:  Hold'em No Limit ($0.50/$1.00 USD) - 2025/01/20 3:38:01 WET [2025/01/20 22:38:01 ET]
Table 'Tyumenia III' 6-max Seat #2 is the button
Seat 3: BumHuntKing ($102.52 in chips) is sitting out
Seat 1: Manifestorr ($147.33 in chips) 
Seat 2: KoKi2024 ($196.13 in chips) 
Seat 4: GuigaMan ($125.93 in chips) 
Seat 5: BoyLoc0 ($129.96 in chips) 
Seat 6: AlexEliseev7 ($158.85 in chips) 
GuigaMan: posts small blind $0.50
BoyLoc0: posts big blind $1
*** HOLE CARDS ***
AlexEliseev7: folds 
Manifestorr: folds 
KoKi2024: folds 
GuigaMan: raises $2 to $3
BoyLoc0: calls $2
*** FLOP *** [Ks 6c 8c]
GuigaMan: checks 
BoyLoc0: bets $4.28
GuigaMan: folds 
Uncalled bet ($4.28) returned to BoyLoc0
BoyLoc0 collected $5.70 from pot
BoyLoc0: doesn't show hand 
*** SUMMARY ***
Total pot $6 | Rake $0.30 
Board [Ks 6c 8c]
Seat 3: BumHuntKing
Seat 1: Manifestorr folded before Flop (didn't bet)
Seat 2: KoKi2024 (button) folded before Flop (didn't bet)
Seat 4: GuigaMan (small blind) folded on the Flop
Seat 5: BoyLoc0 (big blind) collected ($5.70)
Seat 6: AlexEliseev7 folded before Flop (didn't bet)



PokerStars Hand #254479934923:  Hold'em No Limit ($0.50/$1.00 USD) - 2025/01/20 3:38:22 WET [2025/01/20 22:38:22 ET]
Table 'Tyumenia III' 6-max Seat #4 is the button
Seat 3: BumHuntKing ($102.52 in chips) is sitting out
Seat 1: Manifestorr ($147.33 in chips) 
Seat 2: KoKi2024 ($196.13 in chips) 
Seat 4: GuigaMan ($122.93 in chips) 
Seat 5: BoyLoc0 ($132.66 in chips) 
Seat 6: AlexEliseev7 ($158.85 in chips) 
BoyLoc0: posts small blind $0.50
AlexEliseev7: posts big blind $1
*** HOLE CARDS ***
Manifestorr: folds 
KoKi2024: calls $1
GuigaMan: raises $2 to $3
BoyLoc0: folds 
AlexEliseev7: folds 
KoKi2024: calls $2
*** FLOP *** [Kc 6c Td]
KoKi2024: checks 
GuigaMan: bets $2.14
KoKi2024: raises $2.14 to $4.28
GuigaMan: calls $2.14
*** TURN *** [Kc 6c Td] [4d]
KoKi2024: bets $15.26
GuigaMan: folds 
Uncalled bet ($15.26) returned to KoKi2024
KoKi2024 collected $15.26 from pot
KoKi2024: doesn't show hand 
*** SUMMARY ***
Total pot $16.06 | Rake $0.80 
Board [Kc 6c Td 4d]
Seat 3: BumHuntKing
Seat 1: Manifestorr folded before Flop (didn't bet)
Seat 2: KoKi2024 collected ($15.26)
Seat 4: GuigaMan (button) folded on the Turn
Seat 5: BoyLoc0 (small blind) folded before Flop
Seat 6: AlexEliseev7 (big blind) folded before Flop



PokerStars Hand #254479939728:  Hold'em No Limit ($0.50/$1.00 USD) - 2025/01/20 3:39:05 WET [2025/01/20 22:39:05 ET]
Table 'Tyumenia III' 6-max Seat #5 is the button
Seat 3: BumHuntKing ($102.52 in chips) is sitting out
Seat 1: Manifestorr ($147.33 in chips) 
Seat 2: KoKi2024 ($204.11 in chips) 
Seat 4: GuigaMan ($115.65 in chips) 
Seat 5: BoyLoc0 ($132.16 in chips) 
Seat 6: AlexEliseev7 ($157.85 in chips) 
AlexEliseev7: posts small blind $0.50
Manifestorr: posts big blind $1
BumHuntKing: sits out 
*** HOLE CARDS ***
KoKi2024: folds 
GuigaMan: raises $1.10 to $2.10
BoyLoc0: folds 
AlexEliseev7: raises $9.90 to $12
Manifestorr: folds 
GuigaMan: calls $9.90
*** FLOP *** [8d 6d Kc]
AlexEliseev7: checks 
GuigaMan: checks 
*** TURN *** [8d 6d Kc] [6s]
AlexEliseev7: bets $18.53
GuigaMan: folds 
Uncalled bet ($18.53) returned to AlexEliseev7
AlexEliseev7 collected $23.75 from pot
AlexEliseev7: doesn't show hand 
*** SUMMARY ***
Total pot $25 | Rake $1.25 
Board [8d 6d Kc 6s]
Seat 3: BumHuntKing
Seat 1: Manifestorr (big blind) folded before Flop
Seat 2: KoKi2024 folded before Flop (didn't bet)
Seat 4: GuigaMan folded on the Turn
Seat 5: BoyLoc0 (button) folded before Flop (didn't bet)
Seat 6: AlexEliseev7 (small blind) collected ($23.75)



PokerStars Hand #254479949682:  Hold'em No Limit ($0.50/$1.00 USD) - 2025/01/20 3:40:34 WET [2025/01/20 22:40:34 ET]
Table 'Tyumenia III' 6-max Seat #6 is the button
Seat 3: BumHuntKing ($102.52 in chips) is sitting out
Seat 1: Manifestorr ($146.33 in chips) 
Seat 2: KoKi2024 ($204.11 in chips) 
Seat 4: GuigaMan ($103.65 in chips) 
Seat 5: BoyLoc0 ($132.16 in chips) 
Seat 6: AlexEliseev7 ($169.60 in chips) 
Manifestorr: posts small blind $0.50
KoKi2024: posts big blind $1
BumHuntKing: sits out 
*** HOLE CARDS ***
GuigaMan: folds 
BoyLoc0: folds 
AlexEliseev7: raises $1.50 to $2.50
Manifestorr: folds 
KoKi2024: raises $5.50 to $8
AlexEliseev7: calls $5.50
*** FLOP *** [Qh Ad Kh]
KoKi2024: checks 
AlexEliseev7: checks 
*** TURN *** [Qh Ad Kh] [8h]
KoKi2024: bets $15.68
AlexEliseev7: folds 
Uncalled bet ($15.68) returned to KoKi2024
KoKi2024 collected $15.68 from pot
KoKi2024: doesn't show hand 
*** SUMMARY ***
Total pot $16.50 | Rake $0.82 
Board [Qh Ad Kh 8h]
Seat 3: BumHuntKing
Seat 1: Manifestorr (small blind) folded before Flop
Seat 2: KoKi2024 (big blind) collected ($15.68)
Seat 4: GuigaMan folded before Flop (didn't bet)
Seat 5: BoyLoc0 folded before Flop (didn't bet)
Seat 6: AlexEliseev7 (button) folded on the Turn



PokerStars Hand #254479955238:  Hold'em No Limit ($0.50/$1.00 USD) - 2025/01/20 3:41:24 WET [2025/01/20 22:41:24 ET]
Table 'Tyumenia III' 6-max Seat #1 is the button
Seat 1: Manifestorr ($145.83 in chips) 
Seat 2: KoKi2024 ($211.79 in chips) 
Seat 3: BumHuntKing ($102.52 in chips) 
Seat 4: GuigaMan ($103.65 in chips) 
Seat 5: BoyLoc0 ($132.16 in chips) 
Seat 6: AlexEliseev7 ($161.60 in chips) 
KoKi2024: posts small blind $0.50
BumHuntKing: posts big blind $1
*** HOLE CARDS ***
GuigaMan: folds 
BoyLoc0: folds 
AlexEliseev7: folds 
Manifestorr: raises $1.20 to $2.20
KoKi2024: calls $1.70
BumHuntKing: folds 
*** FLOP *** [8s Qs 4h]
KoKi2024: checks 
Manifestorr: checks 
*** TURN *** [8s Qs 4h] [Tc]
KoKi2024: bets $1
Manifestorr: folds 
Uncalled bet ($1) returned to KoKi2024
KoKi2024 collected $5.13 from pot
KoKi2024: doesn't show hand 
*** SUMMARY ***
Total pot $5.40 | Rake $0.27 
Board [8s Qs 4h Tc]
Seat 1: Manifestorr (button) folded on the Turn
Seat 2: KoKi2024 (small blind) collected ($5.13)
Seat 3: BumHuntKing (big blind) folded before Flop
Seat 4: GuigaMan folded before Flop (didn't bet)
Seat 5: BoyLoc0 folded before Flop (didn't bet)
Seat 6: AlexEliseev7 folded before Flop (didn't bet)



PokerStars Hand #254479959335:  Hold'em No Limit ($0.50/$1.00 USD) - 2025/01/20 3:42:00 WET [2025/01/20 22:42:00 ET]
Table 'Tyumenia III' 6-max Seat #2 is the button
Seat 1: Manifestorr ($143.63 in chips) 
Seat 2: KoKi2024 ($214.72 in chips) 
Seat 3: BumHuntKing ($101.52 in chips) 
Seat 4: GuigaMan ($103.65 in chips) 
Seat 5: BoyLoc0 ($132.16 in chips) 
Seat 6: AlexEliseev7 ($161.60 in chips) 
BumHuntKing: posts small blind $0.50
GuigaMan: posts big blind $1
*** HOLE CARDS ***
BoyLoc0: folds 
AlexEliseev7: folds 
Manifestorr: folds 
KoKi2024: folds 
BumHuntKing: raises $2 to $3
GuigaMan: folds 
Uncalled bet ($2) returned to BumHuntKing
BumHuntKing collected $2 from pot
BumHuntKing: doesn't show hand 
*** SUMMARY ***
Total pot $2 | Rake $0 
Seat 1: Manifestorr folded before Flop (didn't bet)
Seat 2: KoKi2024 (button) folded before Flop (didn't bet)
Seat 3: BumHuntKing (small blind) collected ($2)
Seat 4: GuigaMan (big blind) folded before Flop
Seat 5: BoyLoc0 folded before Flop (didn't bet)
Seat 6: AlexEliseev7 folded before Flop (didn't bet)



PokerStars Hand #254479961942:  Hold'em No Limit ($0.50/$1.00 USD) - 2025/01/20 3:42:24 WET [2025/01/20 22:42:24 ET]
Table 'Tyumenia III' 6-max Seat #3 is the button
Seat 1: Manifestorr ($143.63 in chips) 
Seat 2: KoKi2024 ($214.72 in chips) 
Seat 3: BumHuntKing ($102.52 in chips) 
Seat 4: GuigaMan ($102.65 in chips) 
Seat 5: BoyLoc0 ($132.16 in chips) 
Seat 6: AlexEliseev7 ($161.60 in chips) 
GuigaMan: posts small blind $0.50
BoyLoc0: posts big blind $1
*** HOLE CARDS ***
AlexEliseev7: raises $1.50 to $2.50
Manifestorr: folds 
KoKi2024: calls $2.50
BumHuntKing: raises $7.50 to $10
GuigaMan: folds 
BoyLoc0: folds 
AlexEliseev7: folds 
KoKi2024: calls $7.50
*** FLOP *** [Jd 8c 5s]
KoKi2024: checks 
BumHuntKing: bets $12.41
KoKi2024: calls $12.41
*** TURN *** [Jd 8c 5s] [Kh]
KoKi2024: checks 
BumHuntKing: bets $34.79
KoKi2024: folds 
Uncalled bet ($34.79) returned to BumHuntKing
BumHuntKing collected $46.38 from pot
BumHuntKing: doesn't show hand 
*** SUMMARY ***
Total pot $48.82 | Rake $2.44 
Board [Jd 8c 5s Kh]
Seat 1: Manifestorr folded before Flop (didn't bet)
Seat 2: KoKi2024 folded on the Turn
Seat 3: BumHuntKing (button) collected ($46.38)
Seat 4: GuigaMan (small blind) folded before Flop
Seat 5: BoyLoc0 (big blind) folded before Flop
Seat 6: AlexEliseev7 folded before Flop



PokerStars Hand #254479966279:  Hold'em No Limit ($0.50/$1.00 USD) - 2025/01/20 3:43:02 WET [2025/01/20 22:43:02 ET]
Table 'Tyumenia III' 6-max Seat #4 is the button
Seat 1: Manifestorr ($143.63 in chips) 
Seat 2: KoKi2024 ($192.31 in chips) 
Seat 3: BumHuntKing ($126.49 in chips) 
Seat 4: GuigaMan ($102.15 in chips) 
Seat 5: BoyLoc0 ($131.16 in chips) 
Seat 6: AlexEliseev7 ($159.10 in chips) 
BoyLoc0: posts small blind $0.50
AlexEliseev7: posts big blind $1
*** HOLE CARDS ***
Manifestorr: folds 
KoKi2024: folds 
BumHuntKing: folds 
GuigaMan: raises $1.10 to $2.10
BoyLoc0: folds 
AlexEliseev7: calls $1.10
*** FLOP *** [4d 2d Qs]
AlexEliseev7: checks 
GuigaMan: checks 
*** TURN *** [4d 2d Qs] [8c]
AlexEliseev7: checks 
GuigaMan: checks 
*** RIVER *** [4d 2d Qs 8c] [Ks]
AlexEliseev7: bets $1.47
GuigaMan: calls $1.47
*** SHOW DOWN ***
AlexEliseev7: shows [7h 5h] (high card King)
GuigaMan: shows [Ad Kh] (a pair of Kings)
GuigaMan collected $7.26 from pot
*** SUMMARY ***
Total pot $7.64 | Rake $0.38 
Board [4d 2d Qs 8c Ks]
Seat 1: Manifestorr folded before Flop (didn't bet)
Seat 2: KoKi2024 folded before Flop (didn't bet)
Seat 3: BumHuntKing folded before Flop (didn't bet)
Seat 4: GuigaMan (button) showed [Ad Kh] and won ($7.26) with a pair of Kings
Seat 5: BoyLoc0 (small blind) folded before Flop
Seat 6: AlexEliseev7 (big blind) showed [7h 5h] and lost with high card King



PokerStars Hand #254479971842:  Hold'em No Limit ($0.50/$1.00 USD) - 2025/01/20 3:43:51 WET [2025/01/20 22:43:51 ET]
Table 'Tyumenia III' 6-max Seat #5 is the button
Seat 1: Manifestorr ($143.63 in chips) 
Seat 2: KoKi2024 ($192.31 in chips) 
Seat 3: BumHuntKing ($126.49 in chips) 
Seat 4: GuigaMan ($105.84 in chips) 
Seat 5: BoyLoc0 ($130.66 in chips) 
Seat 6: AlexEliseev7 ($155.53 in chips) 
AlexEliseev7: posts small blind $0.50
Manifestorr: posts big blind $1
*** HOLE CARDS ***
KoKi2024: folds 
BumHuntKing: folds 
GuigaMan: folds 
BoyLoc0: folds 
AlexEliseev7: raises $2 to $3
Manifestorr: folds 
Uncalled bet ($2) returned to AlexEliseev7
AlexEliseev7 collected $2 from pot
AlexEliseev7: doesn't show hand 
*** SUMMARY ***
Total pot $2 | Rake $0 
Seat 1: Manifestorr (big blind) folded before Flop
Seat 2: KoKi2024 folded before Flop (didn't bet)
Seat 3: BumHuntKing folded before Flop (didn't bet)
Seat 4: GuigaMan folded before Flop (didn't bet)
Seat 5: BoyLoc0 (button) folded before Flop (didn't bet)
Seat 6: AlexEliseev7 (small blind) collected ($2)



PokerStars Hand #254479973589:  Hold'em No Limit ($0.50/$1.00 USD) - 2025/01/20 3:44:07 WET [2025/01/20 22:44:07 ET]
Table 'Tyumenia III' 6-max Seat #6 is the button
Seat 1: Manifestorr ($142.63 in chips) 
Seat 2: KoKi2024 ($192.31 in chips) 
Seat 3: BumHuntKing ($126.49 in chips) 
Seat 4: GuigaMan ($105.84 in chips) 
Seat 5: BoyLoc0 ($130.66 in chips) 
Seat 6: AlexEliseev7 ($156.53 in chips) 
Manifestorr: posts small blind $0.50
KoKi2024: posts big blind $1
*** HOLE CARDS ***
BumHuntKing: folds 
GuigaMan: folds 
BoyLoc0: folds 
AlexEliseev7: raises $1.50 to $2.50
Manifestorr: calls $2
KoKi2024: calls $1.50
*** FLOP *** [Qc 9s 6h]
Manifestorr: checks 
KoKi2024: checks 
AlexEliseev7: checks 
*** TURN *** [Qc 9s 6h] [Ah]
Manifestorr: checks 
KoKi2024: bets $1
AlexEliseev7: raises $4.47 to $5.47
Manifestorr: folds 
KoKi2024: calls $4.47
*** RIVER *** [Qc 9s 6h Ah] [6d]
KoKi2024: checks 
AlexEliseev7: bets $5.78
KoKi2024: calls $5.78
*** SHOW DOWN ***
AlexEliseev7: shows [Ac 8c] (two pair, Aces and Sixes)
KoKi2024: mucks hand 
AlexEliseev7 collected $28.50 from pot
*** SUMMARY ***
Total pot $30 | Rake $1.50 
Board [Qc 9s 6h Ah 6d]
Seat 1: Manifestorr (small blind) folded on the Turn
Seat 2: KoKi2024 (big blind) mucked
Seat 3: BumHuntKing folded before Flop (didn't bet)
Seat 4: GuigaMan folded before Flop (didn't bet)
Seat 5: BoyLoc0 folded before Flop (didn't bet)
Seat 6: AlexEliseev7 (button) showed [Ac 8c] and won ($28.50) with two pair, Aces and Sixes



PokerStars Hand #254479983163:  Hold'em No Limit ($0.50/$1.00 USD) - 2025/01/20 3:45:32 WET [2025/01/20 22:45:32 ET]
Table 'Tyumenia III' 6-max Seat #1 is the button
Seat 1: Manifestorr ($140.13 in chips) 
Seat 2: KoKi2024 ($178.56 in chips) 
Seat 3: BumHuntKing ($126.49 in chips) 
Seat 4: GuigaMan ($105.84 in chips) 
Seat 5: BoyLoc0 ($130.66 in chips) 
Seat 6: AlexEliseev7 ($171.28 in chips) 
KoKi2024: posts small blind $0.50
BumHuntKing: posts big blind $1
*** HOLE CARDS ***
GuigaMan: folds 
BoyLoc0: folds 
AlexEliseev7: folds 
Manifestorr: raises $1.20 to $2.20
KoKi2024: folds 
BumHuntKing: folds 
Uncalled bet ($1.20) returned to Manifestorr
Manifestorr collected $2.50 from pot
*** SUMMARY ***
Total pot $2.50 | Rake $0 
Seat 1: Manifestorr (button) collected ($2.50)
Seat 2: KoKi2024 (small blind) folded before Flop
Seat 3: BumHuntKing (big blind) folded before Flop
Seat 4: GuigaMan folded before Flop (didn't bet)
Seat 5: BoyLoc0 folded before Flop (didn't bet)
Seat 6: AlexEliseev7 folded before Flop (didn't bet)



PokerStars Hand #254479985641:  Hold'em No Limit ($0.50/$1.00 USD) - 2025/01/20 3:45:55 WET [2025/01/20 22:45:55 ET]
Table 'Tyumenia III' 6-max Seat #2 is the button
Seat 1: Manifestorr ($141.63 in chips) 
Seat 2: KoKi2024 ($178.06 in chips) 
Seat 3: BumHuntKing ($125.49 in chips) 
Seat 4: GuigaMan ($105.84 in chips) 
Seat 5: BoyLoc0 ($130.66 in chips) 
Seat 6: AlexEliseev7 ($171.28 in chips) 
BumHuntKing: posts small blind $0.50
GuigaMan: posts big blind $1
*** HOLE CARDS ***
BoyLoc0: folds 
AlexEliseev7: raises $1.50 to $2.50
Manifestorr: folds 
KoKi2024: calls $2.50
BumHuntKing: folds 
GuigaMan: folds 
*** FLOP *** [Qh 8c 8h]
AlexEliseev7: checks 
KoKi2024: bets $6.18
AlexEliseev7: calls $6.18
*** TURN *** [Qh 8c 8h] [Tc]
AlexEliseev7: checks 
KoKi2024: bets $17.92
AlexEliseev7: calls $17.92
*** RIVER *** [Qh 8c 8h Tc] [3s]
AlexEliseev7: checks 
KoKi2024: checks 
*** SHOW DOWN ***
AlexEliseev7: shows [Qc Ac] (two pair, Queens and Eights)
KoKi2024: mucks hand 
AlexEliseev7 collected $52.20 from pot
*** SUMMARY ***
Total pot $54.70 | Rake $2.50 
Board [Qh 8c 8h Tc 3s]
Seat 1: Manifestorr folded before Flop (didn't bet)
Seat 2: KoKi2024 (button) mucked
Seat 3: BumHuntKing (small blind) folded before Flop
Seat 4: GuigaMan (big blind) folded before Flop
Seat 5: BoyLoc0 folded before Flop (didn't bet)
Seat 6: AlexEliseev7 showed [Qc Ac] and won ($52.20) with two pair, Queens and Eights



PokerStars Hand #254479992656:  Hold'em No Limit ($0.50/$1.00 USD) - 2025/01/20 3:47:00 WET [2025/01/20 22:47:00 ET]
Table 'Tyumenia III' 6-max Seat #3 is the button
Seat 1: Manifestorr ($141.63 in chips) 
Seat 2: KoKi2024 ($151.46 in chips) 
Seat 3: BumHuntKing ($124.99 in chips) 
Seat 4: GuigaMan ($104.84 in chips) 
Seat 5: BoyLoc0 ($130.66 in chips) 
Seat 6: AlexEliseev7 ($196.88 in chips) 
GuigaMan: posts small blind $0.50
BoyLoc0: posts big blind $1
*** HOLE CARDS ***
AlexEliseev7: folds 
Manifestorr: folds 
KoKi2024: folds 
BumHuntKing: folds 
GuigaMan: raises $2 to $3
BoyLoc0: folds 
Uncalled bet ($2) returned to GuigaMan
GuigaMan collected $2 from pot
*** SUMMARY ***
Total pot $2 | Rake $0 
Seat 1: Manifestorr folded before Flop (didn't bet)
Seat 2: KoKi2024 folded before Flop (didn't bet)
Seat 3: BumHuntKing (button) folded before Flop (didn't bet)
Seat 4: GuigaMan (small blind) collected ($2)
Seat 5: BoyLoc0 (big blind) folded before Flop
Seat 6: AlexEliseev7 folded before Flop (didn't bet)



PokerStars Hand #254479994298:  Hold'em No Limit ($0.50/$1.00 USD) - 2025/01/20 3:47:15 WET [2025/01/20 22:47:15 ET]
Table 'Tyumenia III' 6-max Seat #4 is the button
Seat 1: Manifestorr ($141.63 in chips) 
Seat 2: KoKi2024 ($151.46 in chips) 
Seat 3: BumHuntKing ($124.99 in chips) 
Seat 4: GuigaMan ($105.84 in chips) 
Seat 5: BoyLoc0 ($129.66 in chips) 
Seat 6: AlexEliseev7 ($196.88 in chips) 
BoyLoc0: posts small blind $0.50
AlexEliseev7: posts big blind $1
*** HOLE CARDS ***
Manifestorr: folds 
KoKi2024: folds 
BumHuntKing: folds 
GuigaMan: folds 
BoyLoc0: raises $2 to $3
AlexEliseev7: folds 
Uncalled bet ($2) returned to BoyLoc0
BoyLoc0 collected $2 from pot
BoyLoc0: doesn't show hand 
*** SUMMARY ***
Total pot $2 | Rake $0 
Seat 1: Manifestorr folded before Flop (didn't bet)
Seat 2: KoKi2024 folded before Flop (didn't bet)
Seat 3: BumHuntKing folded before Flop (didn't bet)
Seat 4: GuigaMan (button) folded before Flop (didn't bet)
Seat 5: BoyLoc0 (small blind) collected ($2)
Seat 6: AlexEliseev7 (big blind) folded before Flop



PokerStars Hand #254479996231:  Hold'em No Limit ($0.50/$1.00 USD) - 2025/01/20 3:47:32 WET [2025/01/20 22:47:32 ET]
Table 'Tyumenia III' 6-max Seat #5 is the button
Seat 1: Manifestorr ($141.63 in chips) 
Seat 2: KoKi2024 ($151.46 in chips) 
Seat 3: BumHuntKing ($124.99 in chips) 
Seat 4: GuigaMan ($105.84 in chips) 
Seat 5: BoyLoc0 ($130.66 in chips) 
Seat 6: AlexEliseev7 ($195.88 in chips) 
AlexEliseev7: posts small blind $0.50
Manifestorr: posts big blind $1
*** HOLE CARDS ***
KoKi2024: folds 
BumHuntKing: raises $1.20 to $2.20
GuigaMan: folds 
BoyLoc0: folds 
AlexEliseev7: folds 
Manifestorr: calls $1.20
*** FLOP *** [5d 8d 4s]
Manifestorr: bets $1.54
BumHuntKing: folds 
Uncalled bet ($1.54) returned to Manifestorr
Manifestorr collected $4.66 from pot
*** SUMMARY ***
Total pot $4.90 | Rake $0.24 
Board [5d 8d 4s]
Seat 1: Manifestorr (big blind) collected ($4.66)
Seat 2: KoKi2024 folded before Flop (didn't bet)
Seat 3: BumHuntKing folded on the Flop
Seat 4: GuigaMan folded before Flop (didn't bet)
Seat 5: BoyLoc0 (button) folded before Flop (didn't bet)
Seat 6: AlexEliseev7 (small blind) folded before Flop



PokerStars Hand #254480000460:  Hold'em No Limit ($0.50/$1.00 USD) - 2025/01/20 3:48:10 WET [2025/01/20 22:48:10 ET]
Table 'Tyumenia III' 6-max Seat #6 is the button
Seat 1: Manifestorr ($144.09 in chips) 
Seat 2: KoKi2024 ($151.46 in chips) 
Seat 3: BumHuntKing ($122.79 in chips) 
Seat 4: GuigaMan ($105.84 in chips) 
Seat 5: BoyLoc0 ($130.66 in chips) 
Seat 6: AlexEliseev7 ($195.38 in chips) 
Manifestorr: posts small blind $0.50
KoKi2024: posts big blind $1
*** HOLE CARDS ***
BumHuntKing: folds 
GuigaMan: folds 
BoyLoc0: raises $1.50 to $2.50
AlexEliseev7: folds 
Manifestorr: folds 
KoKi2024: calls $1.50
*** FLOP *** [5h Qs 4d]
KoKi2024: checks 
BoyLoc0: bets $1.72
KoKi2024: folds 
Uncalled bet ($1.72) returned to BoyLoc0
BoyLoc0 collected $5.22 from pot
BoyLoc0: doesn't show hand 
*** SUMMARY ***
Total pot $5.50 | Rake $0.28 
Board [5h Qs 4d]
Seat 1: Manifestorr (small blind) folded before Flop
Seat 2: KoKi2024 (big blind) folded on the Flop
Seat 3: BumHuntKing folded before Flop (didn't bet)
Seat 4: GuigaMan folded before Flop (didn't bet)
Seat 5: BoyLoc0 collected ($5.22)
Seat 6: AlexEliseev7 (button) folded before Flop (didn't bet)



PokerStars Hand #254480004853:  Hold'em No Limit ($0.50/$1.00 USD) - 2025/01/20 3:48:50 WET [2025/01/20 22:48:50 ET]
Table 'Tyumenia III' 6-max Seat #1 is the button
Seat 1: Manifestorr ($143.59 in chips) 
Seat 2: KoKi2024 ($148.96 in chips) 
Seat 3: BumHuntKing ($122.79 in chips) 
Seat 4: GuigaMan ($105.84 in chips) 
Seat 5: BoyLoc0 ($133.38 in chips) 
Seat 6: AlexEliseev7 ($195.38 in chips) 
KoKi2024: posts small blind $0.50
BumHuntKing: posts big blind $1
*** HOLE CARDS ***
GuigaMan: folds 
BoyLoc0: folds 
AlexEliseev7: folds 
Manifestorr: folds 
KoKi2024: folds 
Uncalled bet ($0.50) returned to BumHuntKing
BumHuntKing collected $1 from pot
BumHuntKing: doesn't show hand 
*** SUMMARY ***
Total pot $1 | Rake $0 
Seat 1: Manifestorr (button) folded before Flop (didn't bet)
Seat 2: KoKi2024 (small blind) folded before Flop
Seat 3: BumHuntKing (big blind) collected ($1)
Seat 4: GuigaMan folded before Flop (didn't bet)
Seat 5: BoyLoc0 folded before Flop (didn't bet)
Seat 6: AlexEliseev7 folded before Flop (didn't bet)



PokerStars Hand #254480006104:  Hold'em No Limit ($0.50/$1.00 USD) - 2025/01/20 3:49:01 WET [2025/01/20 22:49:01 ET]
Table 'Tyumenia III' 6-max Seat #2 is the button
Seat 1: Manifestorr ($143.59 in chips) 
Seat 2: KoKi2024 ($148.46 in chips) 
Seat 3: BumHuntKing ($123.29 in chips) 
Seat 4: GuigaMan ($105.84 in chips) 
Seat 5: BoyLoc0 ($133.38 in chips) 
Seat 6: AlexEliseev7 ($195.38 in chips) 
BumHuntKing: posts small blind $0.50
GuigaMan: posts big blind $1
*** HOLE CARDS ***
BoyLoc0: folds 
AlexEliseev7: folds 
Manifestorr: raises $1.20 to $2.20
KoKi2024: calls $2.20
BumHuntKing: folds 
GuigaMan: calls $1.20
*** FLOP *** [6c 5c 7h]
GuigaMan: checks 
Manifestorr: checks 
KoKi2024: bets $6.74
GuigaMan: raises $96.90 to $103.64 and is all-in
Manifestorr: folds 
KoKi2024: calls $96.90
*** TURN *** [6c 5c 7h] [Js]
*** RIVER *** [6c 5c 7h Js] [4c]
*** SHOW DOWN ***
GuigaMan: shows [4d 3d] (a straight, Three to Seven)
KoKi2024: shows [Kc 2c] (a flush, King high)
KoKi2024 collected $211.88 from pot
*** SUMMARY ***
Total pot $214.38 | Rake $2.50 
Board [6c 5c 7h Js 4c]
Seat 1: Manifestorr folded on the Flop
Seat 2: KoKi2024 (button) showed [Kc 2c] and won ($211.88) with a flush, King high
Seat 3: BumHuntKing (small blind) folded before Flop
Seat 4: GuigaMan (big blind) showed [4d 3d] and lost with a straight, Three to Seven
Seat 5: BoyLoc0 folded before Flop (didn't bet)
Seat 6: AlexEliseev7 folded before Flop (didn't bet)



PokerStars Hand #254480013358:  Hold'em No Limit ($0.50/$1.00 USD) - 2025/01/20 3:50:07 WET [2025/01/20 22:50:07 ET]
Table 'Tyumenia III' 6-max Seat #3 is the button
Seat 1: Manifestorr ($141.39 in chips) 
Seat 2: KoKi2024 ($254.50 in chips) 
Seat 3: BumHuntKing ($122.79 in chips) 
Seat 4: GuigaMan ($100 in chips) 
Seat 5: BoyLoc0 ($133.38 in chips) 
Seat 6: AlexEliseev7 ($195.38 in chips) 
GuigaMan: posts small blind $0.50
BoyLoc0: posts big blind $1
*** HOLE CARDS ***
AlexEliseev7: folds 
Manifestorr: folds 
KoKi2024: calls $1
BumHuntKing: raises $2.50 to $3.50
GuigaMan: folds 
BoyLoc0: folds 
KoKi2024: calls $2.50
*** FLOP *** [Jh 9h 2d]
KoKi2024: checks 
BumHuntKing: bets $2.67
KoKi2024: calls $2.67
*** TURN *** [Jh 9h 2d] [7s]
KoKi2024: checks 
BumHuntKing: bets $9.86
KoKi2024: calls $9.86
*** RIVER *** [Jh 9h 2d 7s] [8c]
KoKi2024: checks 
BumHuntKing: checks 
*** SHOW DOWN ***
KoKi2024: shows [Ah 5h] (high card Ace)
BumHuntKing: shows [8d Jc] (two pair, Jacks and Eights)
BumHuntKing collected $31.88 from pot
*** SUMMARY ***
Total pot $33.56 | Rake $1.68 
Board [Jh 9h 2d 7s 8c]
Seat 1: Manifestorr folded before Flop (didn't bet)
Seat 2: KoKi2024 showed [Ah 5h] and lost with high card Ace
Seat 3: BumHuntKing (button) showed [8d Jc] and won ($31.88) with two pair, Jacks and Eights
Seat 4: GuigaMan (small blind) folded before Flop
Seat 5: BoyLoc0 (big blind) folded before Flop
Seat 6: AlexEliseev7 folded before Flop (didn't bet)



PokerStars Hand #254480019327:  Hold'em No Limit ($0.50/$1.00 USD) - 2025/01/20 3:51:01 WET [2025/01/20 22:51:01 ET]
Table 'Tyumenia III' 6-max Seat #4 is the button
Seat 1: Manifestorr ($141.39 in chips) 
Seat 2: KoKi2024 ($238.47 in chips) 
Seat 3: BumHuntKing ($138.64 in chips) 
Seat 4: GuigaMan ($100 in chips) 
Seat 5: BoyLoc0 ($132.38 in chips) 
Seat 6: AlexEliseev7 ($195.38 in chips) 
BoyLoc0: posts small blind $0.50
AlexEliseev7: posts big blind $1
*** HOLE CARDS ***
Manifestorr: folds 
KoKi2024: folds 
BumHuntKing: folds 
GuigaMan: folds 
BoyLoc0: folds 
Uncalled bet ($0.50) returned to AlexEliseev7
AlexEliseev7 collected $1 from pot
AlexEliseev7: doesn't show hand 
*** SUMMARY ***
Total pot $1 | Rake $0 
Seat 1: Manifestorr folded before Flop (didn't bet)
Seat 2: KoKi2024 folded before Flop (didn't bet)
Seat 3: BumHuntKing folded before Flop (didn't bet)
Seat 4: GuigaMan (button) folded before Flop (didn't bet)
Seat 5: BoyLoc0 (small blind) folded before Flop
Seat 6: AlexEliseev7 (big blind) collected ($1)



PokerStars Hand #254480020651:  Hold'em No Limit ($0.50/$1.00 USD) - 2025/01/20 3:51:13 WET [2025/01/20 22:51:13 ET]
Table 'Tyumenia III' 6-max Seat #5 is the button
Seat 1: Manifestorr ($141.39 in chips) 
Seat 2: KoKi2024 ($238.47 in chips) 
Seat 3: BumHuntKing ($138.64 in chips) 
Seat 4: GuigaMan ($100 in chips) 
Seat 5: BoyLoc0 ($131.88 in chips) 
Seat 6: AlexEliseev7 ($195.88 in chips) 
AlexEliseev7: posts small blind $0.50
Manifestorr: posts big blind $1
*** HOLE CARDS ***
KoKi2024: calls $1
BumHuntKing: folds 
GuigaMan: folds 
BoyLoc0: raises $3 to $4
AlexEliseev7: folds 
Manifestorr: folds 
KoKi2024: calls $3
*** FLOP *** [Ks Ad 5d]
KoKi2024: checks 
BoyLoc0: bets $2.98
KoKi2024: calls $2.98
*** TURN *** [Ks Ad 5d] [Ah]
KoKi2024: checks 
BoyLoc0: checks 
*** RIVER *** [Ks Ad 5d Ah] [2d]
KoKi2024: bets $14.69
BoyLoc0: folds 
Uncalled bet ($14.69) returned to KoKi2024
KoKi2024 collected $14.69 from pot
KoKi2024: doesn't show hand 
*** SUMMARY ***
Total pot $15.46 | Rake $0.77 
Board [Ks Ad 5d Ah 2d]
Seat 1: Manifestorr (big blind) folded before Flop
Seat 2: KoKi2024 collected ($14.69)
Seat 3: BumHuntKing folded before Flop (didn't bet)
Seat 4: GuigaMan folded before Flop (didn't bet)
Seat 5: BoyLoc0 (button) folded on the River
Seat 6: AlexEliseev7 (small blind) folded before Flop



PokerStars Hand #254480024648:  Hold'em No Limit ($0.50/$1.00 USD) - 2025/01/20 3:51:49 WET [2025/01/20 22:51:49 ET]
Table 'Tyumenia III' 6-max Seat #6 is the button
Seat 1: Manifestorr ($140.39 in chips) 
Seat 2: KoKi2024 ($246.18 in chips) 
Seat 3: BumHuntKing ($138.64 in chips) 
Seat 4: GuigaMan ($100 in chips) 
Seat 5: BoyLoc0 ($124.90 in chips) 
Seat 6: AlexEliseev7 ($195.38 in chips) 
Manifestorr: posts small blind $0.50
KoKi2024: posts big blind $1
*** HOLE CARDS ***
BumHuntKing: folds 
GuigaMan: folds 
BoyLoc0: folds 
AlexEliseev7: raises $1.50 to $2.50
Manifestorr: folds 
KoKi2024: calls $1.50
*** FLOP *** [Td Ks Ts]
KoKi2024: checks 
AlexEliseev7: bets $1.72
KoKi2024: calls $1.72
*** TURN *** [Td Ks Ts] [8h]
KoKi2024: checks 
AlexEliseev7: checks 
*** RIVER *** [Td Ks Ts 8h] [Kh]
KoKi2024: bets $8.49
AlexEliseev7: calls $8.49
*** SHOW DOWN ***
KoKi2024: shows [7s 5s] (two pair, Kings and Tens)
AlexEliseev7: shows [Ad Jh] (two pair, Kings and Tens - Ace kicker)
AlexEliseev7 collected $24.62 from pot
*** SUMMARY ***
Total pot $25.92 | Rake $1.30 
Board [Td Ks Ts 8h Kh]
Seat 1: Manifestorr (small blind) folded before Flop
Seat 2: KoKi2024 (big blind) showed [7s 5s] and lost with two pair, Kings and Tens
Seat 3: BumHuntKing folded before Flop (didn't bet)
Seat 4: GuigaMan folded before Flop (didn't bet)
Seat 5: BoyLoc0 folded before Flop (didn't bet)
Seat 6: AlexEliseev7 (button) showed [Ad Jh] and won ($24.62) with two pair, Kings and Tens



