PokerStars Hand #254473929555:  Hold'em No Limit ($0.50/$1.00 USD) - 2025/01/20 21:05:06 WET [2025/01/20 16:05:06 ET]
Table 'Pafuri IV' 6-max Seat #5 is the button
Seat 1: Manifestorr ($100 in chips) 
Seat 2: ptolejmus ($10 in chips) 
Seat 3: Zvst ($10 in chips) 
Seat 5: M1k_DP ($100 in chips) 
Manifestorr: posts small blind $0.50
ptolejmus: posts big blind $1
*** HOLE CARDS ***
Zvst: folds 
M1k_DP: raises $1.50 to $2.50
Manifestorr: folds 
ptolejmus: folds 
Uncalled bet ($1.50) returned to M1k_DP
M1k_DP collected $2.50 from pot
M1k_DP: doesn't show hand 
*** SUMMARY ***
Total pot $2.50 | Rake $0 
Seat 1: Manifestorr (small blind) folded before Flop
Seat 2: ptolejmus (big blind) folded before Flop
Seat 3: Zvst folded before Flop (didn't bet)
Seat 5: M1k_DP (button) collected ($2.50)



PokerStars Hand #254473937953:  Hold'em No Limit ($0.50/$1.00 USD) - 2025/01/20 21:05:32 WET [2025/01/20 16:05:32 ET]
Table 'Pafuri IV' 6-max Seat #1 is the button
Seat 1: Manifestorr ($100 in chips) 
Seat 2: ptolejmus ($10 in chips) 
Seat 3: Zvst ($10 in chips) 
Seat 5: M1k_DP ($101.50 in chips) 
ptolejmus: posts small blind $0.50
Zvst: posts big blind $1
*** HOLE CARDS ***
M1k_DP: folds 
Manifestorr: raises $99 to $100 and is all-in
ptolejmus: calls $9.50 and is all-in
Zvst: folds 
Uncalled bet ($90) returned to Manifestorr
*** FIRST FLOP *** [9c 2d Kh]
*** FIRST TURN *** [9c 2d Kh] [3s]
*** FIRST RIVER *** [9c 2d Kh 3s] [Jh]
*** SECOND FLOP *** [Ts Tc 3c]
*** SECOND TURN *** [Ts Tc 3c] [2s]
*** SECOND RIVER *** [Ts Tc 3c 2s] [9h]
*** FIRST SHOW DOWN ***
ptolejmus: shows [Jc As] (a pair of Jacks)
Manifestorr: shows [Ks Kc] (three of a kind, Kings)
Manifestorr collected $10 from pot
*** SECOND SHOW DOWN ***
ptolejmus: shows [Jc As] (a pair of Tens)
Manifestorr: shows [Ks Kc] (two pair, Kings and Tens)
Manifestorr collected $10 from pot
*** SUMMARY ***
Total pot $21 | Rake $1 
Hand was run twice
FIRST Board [9c 2d Kh 3s Jh]
SECOND Board [Ts Tc 3c 2s 9h]
Seat 1: Manifestorr (button) showed [Ks Kc] and won ($10) with three of a kind, Kings, and won ($10) with two pair, Kings and Tens
Seat 2: ptolejmus (small blind) showed [Jc As] and lost with a pair of Jacks, and lost with a pair of Tens
Seat 3: Zvst (big blind) folded before Flop
Seat 5: M1k_DP folded before Flop (didn't bet)



PokerStars Hand #254473950182:  Hold'em No Limit ($0.50/$1.00 USD) - 2025/01/20 21:06:10 WET [2025/01/20 16:06:10 ET]
Table 'Pafuri IV' 6-max Seat #2 is the button
Seat 1: Manifestorr ($110 in chips) 
Seat 2: ptolejmus ($10 in chips) 
Seat 3: Zvst ($10 in chips) 
Seat 5: M1k_DP ($101.50 in chips) 
Zvst: posts small blind $0.50
M1k_DP: posts big blind $1
*** HOLE CARDS ***
Manifestorr: raises $1.20 to $2.20
ptolejmus: folds 
Zvst: folds 
M1k_DP: folds 
Uncalled bet ($1.20) returned to Manifestorr
Manifestorr collected $2.50 from pot
*** SUMMARY ***
Total pot $2.50 | Rake $0 
Seat 1: Manifestorr collected ($2.50)
Seat 2: ptolejmus (button) folded before Flop (didn't bet)
Seat 3: Zvst (small blind) folded before Flop
Seat 5: M1k_DP (big blind) folded before Flop



PokerStars Hand #254473960793:  Hold'em No Limit ($0.50/$1.00 USD) - 2025/01/20 21:06:43 WET [2025/01/20 16:06:43 ET]
Table 'Pafuri IV' 6-max Seat #5 is the button
Seat 1: Manifestorr ($111.50 in chips) is sitting out
Seat 2: ptolejmus ($10 in chips) is sitting out
Seat 3: Zvst ($10 in chips) 
Seat 5: M1k_DP ($100.50 in chips) 
M1k_DP: posts small blind $0.50
Manifestorr: is sitting out 
ptolejmus: is sitting out 
Zvst: posts big blind $1
*** HOLE CARDS ***
michasia joins the table at seat #6 
Manifestorr leaves the table
ptolejmus leaves the table
M1k_DP: raises $12 to $13
Zvst: folds 
Uncalled bet ($12) returned to M1k_DP
M1k_DP collected $2 from pot
M1k_DP: doesn't show hand 
*** SUMMARY ***
Total pot $2 | Rake $0 
Seat 1: Manifestorr
Seat 2: ptolejmus
Seat 3: Zvst (big blind) folded before Flop
Seat 5: M1k_DP (button) (small blind) collected ($2)



PokerStars Hand #254473968025:  Hold'em No Limit ($0.50/$1.00 USD) - 2025/01/20 21:07:05 WET [2025/01/20 16:07:05 ET]
Table 'Pafuri IV' 6-max Seat #3 is the button
Seat 3: Zvst ($10 in chips) 
Seat 5: M1k_DP ($101.50 in chips) 
Seat 6: michasia ($100 in chips) 
M1k_DP: posts small blind $0.50
michasia: posts big blind $1
*** HOLE CARDS ***
geeksy2 joins the table at seat #1 
Zvst: folds 
pr0tecto joins the table at seat #2 
mariofcd joins the table at seat #4 
M1k_DP: raises $2 to $3
michasia: folds 
Uncalled bet ($2) returned to M1k_DP
M1k_DP collected $2 from pot
M1k_DP: doesn't show hand 
*** SUMMARY ***
Total pot $2 | Rake $0 
Seat 3: Zvst (button) folded before Flop (didn't bet)
Seat 5: M1k_DP (small blind) collected ($2)
Seat 6: michasia (big blind) folded before Flop



PokerStars Hand #254473976674:  Hold'em No Limit ($0.50/$1.00 USD) - 2025/01/20 21:07:31 WET [2025/01/20 16:07:31 ET]
Table 'Pafuri IV' 6-max Seat #5 is the button
Seat 2: pr0tecto ($100 in chips) is sitting out
Seat 4: mariofcd ($100 in chips) is sitting out
Seat 1: geeksy2 ($31.24 in chips) 
Seat 3: Zvst ($10 in chips) 
Seat 5: M1k_DP ($102.50 in chips) 
Seat 6: michasia ($100 in chips) 
michasia: posts small blind $0.50
geeksy2: posts big blind $1
pr0tecto: sits out 
mariofcd: sits out 
*** HOLE CARDS ***
Zvst: folds 
M1k_DP: raises $1.25 to $2.25
michasia: folds 
geeksy2: calls $1.25
*** FLOP *** [6h Kd 4h]
geeksy2: checks 
M1k_DP: bets $1.57
geeksy2: folds 
Uncalled bet ($1.57) returned to M1k_DP
M1k_DP collected $4.75 from pot
M1k_DP: doesn't show hand 
*** SUMMARY ***
Total pot $5 | Rake $0.25 
Board [6h Kd 4h]
Seat 2: pr0tecto
Seat 4: mariofcd
Seat 1: geeksy2 (big blind) folded on the Flop
Seat 3: Zvst folded before Flop (didn't bet)
Seat 5: M1k_DP (button) collected ($4.75)
Seat 6: michasia (small blind) folded before Flop



PokerStars Hand #254473983779:  Hold'em No Limit ($0.50/$1.00 USD) - 2025/01/20 21:07:53 WET [2025/01/20 16:07:53 ET]
Table 'Pafuri IV' 6-max Seat #1 is the button
Seat 2: pr0tecto ($100 in chips) is sitting out
Seat 6: michasia ($100 in chips) is sitting out
Seat 1: geeksy2 ($28.99 in chips) 
Seat 3: Zvst ($33 in chips) 
Seat 4: mariofcd ($100 in chips) 
Seat 5: M1k_DP ($105 in chips) 
Zvst: posts small blind $0.50
mariofcd: posts big blind $1
*** HOLE CARDS ***
M1k_DP: folds 
geeksy2: calls $1
Zvst: folds 
mariofcd: checks 
*** FLOP *** [Tc 7c 9h]
mariofcd: checks 
geeksy2: bets $3
mariofcd: calls $3
*** TURN *** [Tc 7c 9h] [4h]
mariofcd: checks 
geeksy2: bets $7
mariofcd: calls $7
*** RIVER *** [Tc 7c 9h 4h] [Ah]
mariofcd: bets $6.45
geeksy2: raises $11.54 to $17.99 and is all-in
mariofcd: calls $11.54
*** SHOW DOWN ***
geeksy2: shows [Ac Th] (two pair, Aces and Tens)
mariofcd: shows [7h 6h] (a flush, Ace high)
mariofcd collected $57.48 from pot
*** SUMMARY ***
Total pot $58.48 | Rake $1 
Board [Tc 7c 9h 4h Ah]
Seat 2: pr0tecto
Seat 6: michasia
Seat 1: geeksy2 (button) showed [Ac Th] and lost with two pair, Aces and Tens
Seat 3: Zvst (small blind) folded before Flop
Seat 4: mariofcd (big blind) showed [7h 6h] and won ($57.48) with a flush, Ace high
Seat 5: M1k_DP folded before Flop (didn't bet)



PokerStars Hand #254473999602:  Hold'em No Limit ($0.50/$1.00 USD) - 2025/01/20 21:08:42 WET [2025/01/20 16:08:42 ET]
Table 'Pafuri IV' 6-max Seat #3 is the button
Seat 1: geeksy2 ($0 in chips) is sitting out
Seat 5: M1k_DP ($105 in chips) is sitting out
Seat 6: michasia ($100 in chips) is sitting out
Seat 2: pr0tecto ($100 in chips) 
Seat 3: Zvst ($32.50 in chips) 
Seat 4: mariofcd ($128.49 in chips) 
mariofcd: posts small blind $0.50
M1k_DP: is sitting out 
pr0tecto: posts big blind $1
*** HOLE CARDS ***
Zvst: folds 
mariofcd: folds 
Uncalled bet ($0.50) returned to pr0tecto
pr0tecto collected $1 from pot
pr0tecto: doesn't show hand 
*** SUMMARY ***
Total pot $1 | Rake $0 
Seat 1: geeksy2
Seat 5: M1k_DP
Seat 6: michasia
Seat 2: pr0tecto (big blind) collected ($1)
Seat 3: Zvst (button) folded before Flop (didn't bet)
Seat 4: mariofcd (small blind) folded before Flop



PokerStars Hand #254474004492:  Hold'em No Limit ($0.50/$1.00 USD) - 2025/01/20 21:08:57 WET [2025/01/20 16:08:57 ET]
Table 'Pafuri IV' 6-max Seat #4 is the button
Seat 1: geeksy2 ($0 in chips) is sitting out
Seat 5: M1k_DP ($105 in chips) is sitting out
Seat 6: michasia ($100 in chips) is sitting out
Seat 2: pr0tecto ($100.50 in chips) 
Seat 3: Zvst ($32.50 in chips) 
Seat 4: mariofcd ($127.99 in chips) 
pr0tecto: posts small blind $0.50
Zvst: posts big blind $1
*** HOLE CARDS ***
mariofcd: raises $1.45 to $2.45
pr0tecto: folds 
Zvst: folds 
Uncalled bet ($1.45) returned to mariofcd
mariofcd collected $2.50 from pot
mariofcd: doesn't show hand 
*** SUMMARY ***
Total pot $2.50 | Rake $0 
Seat 1: geeksy2
Seat 5: M1k_DP
Seat 6: michasia
Seat 2: pr0tecto (small blind) folded before Flop
Seat 3: Zvst (big blind) folded before Flop
Seat 4: mariofcd (button) collected ($2.50)



PokerStars Hand #254474010016:  Hold'em No Limit ($0.50/$1.00 USD) - 2025/01/20 21:09:14 WET [2025/01/20 16:09:14 ET]
Table 'Pafuri IV' 6-max Seat #3 is the button
Seat 1: geeksy2 ($0 in chips) is sitting out
Seat 4: mariofcd ($129.49 in chips) is sitting out
Seat 5: M1k_DP ($105 in chips) is sitting out
Seat 6: michasia ($100 in chips) is sitting out
Seat 2: pr0tecto ($100 in chips) 
Seat 3: Zvst ($31.50 in chips) 
Zvst: posts small blind $0.50
mariofcd: is sitting out 
pr0tecto: posts big blind $1
*** HOLE CARDS ***
mariofcd leaves the table
Zvst: folds 
Uncalled bet ($0.50) returned to pr0tecto
pr0tecto collected $1 from pot
pr0tecto: doesn't show hand 
*** SUMMARY ***
Total pot $1 | Rake $0 
Seat 1: geeksy2
Seat 4: mariofcd
Seat 5: M1k_DP
Seat 6: michasia
Seat 2: pr0tecto (big blind) collected ($1)
Seat 3: Zvst (button) (small blind) folded before Flop



PokerStars Hand #254474014674:  Hold'em No Limit ($0.50/$1.00 USD) - 2025/01/20 21:09:28 WET [2025/01/20 16:09:28 ET]
Table 'Pafuri IV' 6-max Seat #2 is the button
Seat 1: geeksy2 ($0 in chips) is sitting out
Seat 5: M1k_DP ($105 in chips) is sitting out
Seat 6: michasia ($100 in chips) is sitting out
Seat 2: pr0tecto ($100.50 in chips) 
Seat 3: Zvst ($31 in chips) 
pr0tecto: posts small blind $0.50
Zvst: posts big blind $1
*** HOLE CARDS ***
pr0tecto: raises $1.24 to $2.24
Zvst: raises $5.48 to $7.72
z00mba joins the table at seat #4 
pr0tecto: calls $5.48
*** FLOP *** [3c Ad Td]
Zvst: bets $4.84
pr0tecto: folds 
Uncalled bet ($4.84) returned to Zvst
Zvst collected $14.67 from pot
Zvst: doesn't show hand 
*** SUMMARY ***
Total pot $15.44 | Rake $0.77 
Board [3c Ad Td]
Seat 1: geeksy2
Seat 5: M1k_DP
Seat 6: michasia
Seat 2: pr0tecto (button) (small blind) folded on the Flop
Seat 3: Zvst (big blind) collected ($14.67)



PokerStars Hand #254474026958:  Hold'em No Limit ($0.50/$1.00 USD) - 2025/01/20 21:10:06 WET [2025/01/20 16:10:06 ET]
Table 'Pafuri IV' 6-max Seat #2 is the button
Seat 5: M1k_DP ($105 in chips) is sitting out
Seat 6: michasia ($100 in chips) is sitting out
Seat 1: geeksy2 ($20.83 in chips) 
Seat 2: pr0tecto ($100 in chips) 
Seat 3: Zvst ($37.95 in chips) 
Seat 4: z00mba ($100 in chips) 
Zvst: posts small blind $0.50
z00mba: posts big blind $1
geeksy2: posts small & big blinds $1.50
*** HOLE CARDS ***
geeksy2: checks 
pr0tecto: folds 
Zvst: folds 
z00mba: checks 
*** FLOP *** [9d 8h 6h]
z00mba: checks 
geeksy2: checks 
*** TURN *** [9d 8h 6h] [Jd]
z00mba: checks 
geeksy2: checks 
*** RIVER *** [9d 8h 6h Jd] [Js]
z00mba: bets $2
geeksy2: calls $2
*** SHOW DOWN ***
z00mba: shows [Qs 9c] (two pair, Jacks and Nines)
geeksy2: mucks hand 
z00mba collected $6.65 from pot
*** SUMMARY ***
Total pot $7 | Rake $0.35 
Board [9d 8h 6h Jd Js]
Seat 5: M1k_DP
Seat 6: michasia
Seat 1: geeksy2 mucked
Seat 2: pr0tecto (button) folded before Flop (didn't bet)
Seat 3: Zvst (small blind) folded before Flop
Seat 4: z00mba (big blind) showed [Qs 9c] and won ($6.65) with two pair, Jacks and Nines



PokerStars Hand #254474036273:  Hold'em No Limit ($0.50/$1.00 USD) - 2025/01/20 21:10:34 WET [2025/01/20 16:10:34 ET]
Table 'Pafuri IV' 6-max Seat #3 is the button
Seat 5: M1k_DP ($105 in chips) is sitting out
Seat 6: michasia ($100 in chips) is sitting out
Seat 1: geeksy2 ($17.33 in chips) 
Seat 2: pr0tecto ($100 in chips) 
Seat 3: Zvst ($37.45 in chips) 
Seat 4: z00mba ($103.65 in chips) 
z00mba: posts small blind $0.50
geeksy2: posts big blind $1
*** HOLE CARDS ***
pr0tecto: folds 
Zvst: raises $1.50 to $2.50
z00mba: folds 
geeksy2: folds 
Uncalled bet ($1.50) returned to Zvst
Zvst collected $2.50 from pot
Zvst: doesn't show hand 
*** SUMMARY ***
Total pot $2.50 | Rake $0 
Seat 5: M1k_DP
Seat 6: michasia
Seat 1: geeksy2 (big blind) folded before Flop
Seat 2: pr0tecto folded before Flop (didn't bet)
Seat 3: Zvst (button) collected ($2.50)
Seat 4: z00mba (small blind) folded before Flop



PokerStars Hand #254474041093:  Hold'em No Limit ($0.50/$1.00 USD) - 2025/01/20 21:10:49 WET [2025/01/20 16:10:49 ET]
Table 'Pafuri IV' 6-max Seat #4 is the button
Seat 5: M1k_DP ($105 in chips) is sitting out
Seat 6: michasia ($100 in chips) is sitting out
Seat 1: geeksy2 ($16.33 in chips) 
Seat 2: pr0tecto ($100 in chips) 
Seat 3: Zvst ($38.95 in chips) 
Seat 4: z00mba ($103.15 in chips) 
geeksy2: posts small blind $0.50
pr0tecto: posts big blind $1
*** HOLE CARDS ***
Zvst: folds 
z00mba: folds 
geeksy2: folds 
Uncalled bet ($0.50) returned to pr0tecto
pr0tecto collected $1 from pot
pr0tecto: doesn't show hand 
*** SUMMARY ***
Total pot $1 | Rake $0 
Seat 5: M1k_DP
Seat 6: michasia
Seat 1: geeksy2 (small blind) folded before Flop
Seat 2: pr0tecto (big blind) collected ($1)
Seat 3: Zvst folded before Flop (didn't bet)
Seat 4: z00mba (button) folded before Flop (didn't bet)



PokerStars Hand #254474047722:  Hold'em No Limit ($0.50/$1.00 USD) - 2025/01/20 21:11:09 WET [2025/01/20 16:11:09 ET]
Table 'Pafuri IV' 6-max Seat #1 is the button
Seat 5: M1k_DP ($105 in chips) is sitting out
Seat 6: michasia ($100 in chips) is sitting out
Seat 1: geeksy2 ($15.83 in chips) 
Seat 2: pr0tecto ($100.50 in chips) 
Seat 3: Zvst ($38.95 in chips) 
Seat 4: z00mba ($103.15 in chips) 
pr0tecto: posts small blind $0.50
Zvst: posts big blind $1
michasia: sits out 
*** HOLE CARDS ***
z00mba: folds 
geeksy2: raises $1 to $2
pr0tecto: folds 
Zvst: calls $1
*** FLOP *** [8s As Ts]
Zvst: checks 
geeksy2: bets $13.83 and is all-in
Zvst: folds 
Uncalled bet ($13.83) returned to geeksy2
geeksy2 collected $4.28 from pot
geeksy2: doesn't show hand 
*** SUMMARY ***
Total pot $4.50 | Rake $0.22 
Board [8s As Ts]
Seat 5: M1k_DP
Seat 6: michasia
Seat 1: geeksy2 (button) collected ($4.28)
Seat 2: pr0tecto (small blind) folded before Flop
Seat 3: Zvst (big blind) folded on the Flop
Seat 4: z00mba folded before Flop (didn't bet)



PokerStars Hand #254474058425:  Hold'em No Limit ($0.50/$1.00 USD) - 2025/01/20 21:11:42 WET [2025/01/20 16:11:42 ET]
Table 'Pafuri IV' 6-max Seat #2 is the button
Seat 5: M1k_DP ($105 in chips) is sitting out
Seat 6: michasia ($100 in chips) is sitting out
Seat 1: geeksy2 ($18.11 in chips) 
Seat 2: pr0tecto ($100 in chips) 
Seat 3: Zvst ($36.95 in chips) 
Seat 4: z00mba ($103.15 in chips) 
Zvst: posts small blind $0.50
z00mba: posts big blind $1
michasia: sits out 
*** HOLE CARDS ***
geeksy2: calls $1
pr0tecto: folds 
Zvst: folds 
z00mba: checks 
*** FLOP *** [Qd Ad 4s]
z00mba: checks 
geeksy2: bets $1
z00mba: calls $1
*** TURN *** [Qd Ad 4s] [4h]
z00mba: checks 
geeksy2: bets $1
z00mba: calls $1
*** RIVER *** [Qd Ad 4s 4h] [7d]
z00mba: checks 
geeksy2: checks 
*** SHOW DOWN ***
z00mba: shows [8s Qh] (two pair, Queens and Fours)
geeksy2: mucks hand 
z00mba collected $6.18 from pot
*** SUMMARY ***
Total pot $6.50 | Rake $0.32 
Board [Qd Ad 4s 4h 7d]
Seat 5: M1k_DP
Seat 6: michasia
Seat 1: geeksy2 mucked
Seat 2: pr0tecto (button) folded before Flop (didn't bet)
Seat 3: Zvst (small blind) folded before Flop
Seat 4: z00mba (big blind) showed [8s Qh] and won ($6.18) with two pair, Queens and Fours



PokerStars Hand #254474068745:  Hold'em No Limit ($0.50/$1.00 USD) - 2025/01/20 21:12:13 WET [2025/01/20 16:12:13 ET]
Table 'Pafuri IV' 6-max Seat #3 is the button
Seat 5: M1k_DP ($105 in chips) is sitting out
Seat 1: geeksy2 ($15.11 in chips) 
Seat 2: pr0tecto ($100 in chips) 
Seat 3: Zvst ($36.45 in chips) 
Seat 4: z00mba ($106.33 in chips) 
Seat 6: michasia ($100 in chips) 
z00mba: posts small blind $0.50
michasia: posts big blind $1
*** HOLE CARDS ***
geeksy2: folds 
pr0tecto: raises $1.20 to $2.20
Zvst: folds 
z00mba: folds 
michasia: folds 
Uncalled bet ($1.20) returned to pr0tecto
pr0tecto collected $2.50 from pot
M1k_DP leaves the table
pr0tecto: doesn't show hand 
*** SUMMARY ***
Total pot $2.50 | Rake $0 
Seat 5: M1k_DP
Seat 1: geeksy2 folded before Flop (didn't bet)
Seat 2: pr0tecto collected ($2.50)
Seat 3: Zvst (button) folded before Flop (didn't bet)
Seat 4: z00mba (small blind) folded before Flop
Seat 6: michasia (big blind) folded before Flop



PokerStars Hand #254474075338:  Hold'em No Limit ($0.50/$1.00 USD) - 2025/01/20 21:12:32 WET [2025/01/20 16:12:32 ET]
Table 'Pafuri IV' 6-max Seat #4 is the button
Seat 1: geeksy2 ($15.11 in chips) 
Seat 2: pr0tecto ($101.50 in chips) 
Seat 3: Zvst ($36.45 in chips) 
Seat 4: z00mba ($105.83 in chips) 
Seat 6: michasia ($100 in chips) 
michasia: posts small blind $0.50
geeksy2: posts big blind $1
*** HOLE CARDS ***
pr0tecto: folds 
Zvst: folds 
z00mba: raises $1.50 to $2.50
YeeesMan joins the table at seat #5 
michasia: folds 
geeksy2: raises $12.61 to $15.11 and is all-in
z00mba: calls $12.61
*** FLOP *** [2h As 8c]
*** TURN *** [2h As 8c] [4s]
*** RIVER *** [2h As 8c 4s] [Ks]
*** SHOW DOWN ***
geeksy2: shows [Kd Qh] (a pair of Kings)
z00mba: shows [4d 4c] (three of a kind, Fours)
z00mba cashed out the hand for $15 | Cash Out Fee $0.31
*** SUMMARY ***
Total pot $30.72 | Rake $1.54 
Board [2h As 8c 4s Ks]
Seat 1: geeksy2 (big blind) showed [Kd Qh] and lost with a pair of Kings
Seat 2: pr0tecto folded before Flop (didn't bet)
Seat 3: Zvst folded before Flop (didn't bet)
Seat 4: z00mba (button) showed [4d 4c] and won ($29.18) with three of a kind, Fours (pot not awarded as player cashed out)
Seat 6: michasia (small blind) folded before Flop



PokerStars Hand #254474084501:  Hold'em No Limit ($0.50/$1.00 USD) - 2025/01/20 21:13:00 WET [2025/01/20 16:13:00 ET]
Table 'Pafuri IV' 6-max Seat #6 is the button
Seat 1: geeksy2 ($0 in chips) is sitting out
Seat 5: YeeesMan ($100 in chips) is sitting out
Seat 2: pr0tecto ($101.50 in chips) 
Seat 3: Zvst ($36.45 in chips) 
Seat 4: z00mba ($105.72 in chips) 
Seat 6: michasia ($100 in chips) 
pr0tecto: posts small blind $0.50
Zvst: posts big blind $1
YeeesMan: sits out 
*** HOLE CARDS ***
z00mba: folds 
geeksy2 leaves the table
michasia: raises $1.80 to $2.80
pr0tecto: folds 
z00mba leaves the table
Zvst: folds 
Uncalled bet ($1.80) returned to michasia
michasia collected $2.50 from pot
michasia: doesn't show hand 
*** SUMMARY ***
Total pot $2.50 | Rake $0 
Seat 1: geeksy2
Seat 5: YeeesMan
Seat 2: pr0tecto (small blind) folded before Flop
Seat 3: Zvst (big blind) folded before Flop
Seat 4: z00mba folded before Flop (didn't bet)
Seat 6: michasia (button) collected ($2.50)



PokerStars Hand #254474095264:  Hold'em No Limit ($0.50/$1.00 USD) - 2025/01/20 21:13:32 WET [2025/01/20 16:13:32 ET]
Table 'Pafuri IV' 6-max Seat #2 is the button
Seat 2: pr0tecto ($101 in chips) 
Seat 3: Zvst ($35.45 in chips) 
Seat 5: YeeesMan ($100 in chips) 
Seat 6: michasia ($101.50 in chips) 
Zvst: posts small blind $0.50
YeeesMan: posts big blind $1
*** HOLE CARDS ***
michasia: folds 
pr0tecto: raises $2 to $3
Zvst: folds 
YeeesMan: raises $9 to $12
pr0tecto: folds 
Uncalled bet ($9) returned to YeeesMan
YeeesMan collected $6.50 from pot
YeeesMan: doesn't show hand 
*** SUMMARY ***
Total pot $6.50 | Rake $0 
Seat 2: pr0tecto (button) folded before Flop
Seat 3: Zvst (small blind) folded before Flop
Seat 5: YeeesMan (big blind) collected ($6.50)
Seat 6: michasia folded before Flop (didn't bet)



PokerStars Hand #254474106174:  Hold'em No Limit ($0.50/$1.00 USD) - 2025/01/20 21:14:05 WET [2025/01/20 16:14:05 ET]
Table 'Pafuri IV' 6-max Seat #5 is the button
Seat 2: pr0tecto ($100 in chips) is sitting out
Seat 6: michasia ($101.50 in chips) is sitting out
Seat 3: Zvst ($34.95 in chips) 
Seat 5: YeeesMan ($103.50 in chips) 
YeeesMan: posts small blind $0.50
michasia: is sitting out 
pr0tecto: is sitting out 
Zvst: posts big blind $1
*** HOLE CARDS ***
pr0tecto leaves the table
michasia leaves the table
YeeesMan: raises $1 to $2
Zvst: raises $5 to $7
YeeesMan: folds 
Uncalled bet ($5) returned to Zvst
Zvst collected $4 from pot
Zvst: doesn't show hand 
*** SUMMARY ***
Total pot $4 | Rake $0 
Seat 2: pr0tecto
Seat 6: michasia
Seat 3: Zvst (big blind) collected ($4)
Seat 5: YeeesMan (button) (small blind) folded before Flop



