PokerStars Hand #254749544757:  Hold'em No Limit ($0.50/$1.00 USD) - 2025/02/07 14:19:48 WET [2025/02/07 9:19:48 ET]
Table 'Helio II' 6-max Seat #1 is the button
Seat 4: v.sting ($100 in chips) is sitting out
Seat 1: spillechung ($100 in chips) 
Seat 2: Abskev5 ($102.72 in chips) 
Seat 3: 2cute4me2 ($101.50 in chips) 
Seat 5: vitalik_sw ($100 in chips) 
Seat 6: Haalleluja ($84.16 in chips) 
Abskev5: posts small blind $0.50
2cute4me2: posts big blind $1
v.sting: sits out 
*** HOLE CARDS ***
vitalik_sw: folds 
Haalleluja: raises $1 to $2
spillechung: folds 
Abskev5: folds 
2cute4me2: folds 
Uncalled bet ($1) returned to Haalleluja
Haalleluja collected $2.50 from pot
*** SUMMARY ***
Total pot $2.50 | Rake $0 
Seat 4: v.sting
Seat 1: spillechung (button) folded before Flop (didn't bet)
Seat 2: Abskev5 (small blind) folded before Flop
Seat 3: 2cute4me2 (big blind) folded before Flop
Seat 5: vitalik_sw folded before Flop (didn't bet)
Seat 6: Haalleluja collected ($2.50)



PokerStars Hand #254749547353:  Hold'em No Limit ($0.50/$1.00 USD) - 2025/02/07 14:20:03 WET [2025/02/07 9:20:03 ET]
Table 'Helio II' 6-max Seat #2 is the button
Seat 1: spillechung ($100 in chips) 
Seat 2: Abskev5 ($102.22 in chips) 
Seat 3: 2cute4me2 ($100.50 in chips) 
Seat 4: v.sting ($100 in chips) 
Seat 5: vitalik_sw ($100 in chips) 
Seat 6: Haalleluja ($85.66 in chips) 
2cute4me2: posts small blind $0.50
v.sting: posts big blind $1
*** HOLE CARDS ***
vitalik_sw: folds 
Haalleluja: folds 
spillechung: folds 
Abskev5: raises $2 to $3
2cute4me2: folds 
v.sting: calls $2
*** FLOP *** [Qs 8s 2d]
v.sting: checks 
Abskev5: bets $2
v.sting: folds 
Uncalled bet ($2) returned to Abskev5
Abskev5 collected $6.18 from pot
Abskev5: doesn't show hand 
*** SUMMARY ***
Total pot $6.50 | Rake $0.32 
Board [Qs 8s 2d]
Seat 1: spillechung folded before Flop (didn't bet)
Seat 2: Abskev5 (button) collected ($6.18)
Seat 3: 2cute4me2 (small blind) folded before Flop
Seat 4: v.sting (big blind) folded on the Flop
Seat 5: vitalik_sw folded before Flop (didn't bet)
Seat 6: Haalleluja folded before Flop (didn't bet)



PokerStars Hand #254749553763:  Hold'em No Limit ($0.50/$1.00 USD) - 2025/02/07 14:20:39 WET [2025/02/07 9:20:39 ET]
Table 'Helio II' 6-max Seat #3 is the button
Seat 1: spillechung ($100 in chips) 
Seat 2: Abskev5 ($105.40 in chips) 
Seat 3: 2cute4me2 ($100 in chips) 
Seat 4: v.sting ($100 in chips) 
Seat 5: vitalik_sw ($100 in chips) 
Seat 6: Haalleluja ($85.66 in chips) 
v.sting: posts small blind $0.50
vitalik_sw: posts big blind $1
*** HOLE CARDS ***
Haalleluja: folds 
spillechung: folds 
Abskev5: folds 
2cute4me2: folds 
v.sting: folds 
Uncalled bet ($0.50) returned to vitalik_sw
vitalik_sw collected $1 from pot
vitalik_sw: doesn't show hand 
*** SUMMARY ***
Total pot $1 | Rake $0 
Seat 1: spillechung folded before Flop (didn't bet)
Seat 2: Abskev5 folded before Flop (didn't bet)
Seat 3: 2cute4me2 (button) folded before Flop (didn't bet)
Seat 4: v.sting (small blind) folded before Flop
Seat 5: vitalik_sw (big blind) collected ($1)
Seat 6: Haalleluja folded before Flop (didn't bet)



PokerStars Hand #254749555394:  Hold'em No Limit ($0.50/$1.00 USD) - 2025/02/07 14:20:49 WET [2025/02/07 9:20:49 ET]
Table 'Helio II' 6-max Seat #4 is the button
Seat 1: spillechung ($100 in chips) 
Seat 2: Abskev5 ($105.40 in chips) 
Seat 3: 2cute4me2 ($100 in chips) 
Seat 4: v.sting ($100 in chips) 
Seat 5: vitalik_sw ($100.50 in chips) 
Seat 6: Haalleluja ($85.66 in chips) 
vitalik_sw: posts small blind $0.50
Haalleluja: posts big blind $1
*** HOLE CARDS ***
spillechung: folds 
Abskev5: raises $2 to $3
2cute4me2: folds 
v.sting: folds 
vitalik_sw: folds 
Haalleluja: folds 
Uncalled bet ($2) returned to Abskev5
Abskev5 collected $2.50 from pot
Abskev5: doesn't show hand 
*** SUMMARY ***
Total pot $2.50 | Rake $0 
Seat 1: spillechung folded before Flop (didn't bet)
Seat 2: Abskev5 collected ($2.50)
Seat 3: 2cute4me2 folded before Flop (didn't bet)
Seat 4: v.sting (button) folded before Flop (didn't bet)
Seat 5: vitalik_sw (small blind) folded before Flop
Seat 6: Haalleluja (big blind) folded before Flop



PokerStars Hand #254749561759:  Hold'em No Limit ($0.50/$1.00 USD) - 2025/02/07 14:21:24 WET [2025/02/07 9:21:24 ET]
Table 'Helio II' 6-max Seat #5 is the button
Seat 1: spillechung ($100 in chips) 
Seat 2: Abskev5 ($106.90 in chips) 
Seat 3: 2cute4me2 ($100 in chips) 
Seat 4: v.sting ($100 in chips) 
Seat 5: vitalik_sw ($100 in chips) 
Seat 6: Haalleluja ($84.66 in chips) 
Haalleluja: posts small blind $0.50
spillechung: posts big blind $1
*** HOLE CARDS ***
Abskev5: raises $2 to $3
2cute4me2: folds 
v.sting: folds 
vitalik_sw: folds 
Haalleluja: folds 
spillechung: folds 
Uncalled bet ($2) returned to Abskev5
Abskev5 collected $2.50 from pot
Abskev5: doesn't show hand 
*** SUMMARY ***
Total pot $2.50 | Rake $0 
Seat 1: spillechung (big blind) folded before Flop
Seat 2: Abskev5 collected ($2.50)
Seat 3: 2cute4me2 folded before Flop (didn't bet)
Seat 4: v.sting folded before Flop (didn't bet)
Seat 5: vitalik_sw (button) folded before Flop (didn't bet)
Seat 6: Haalleluja (small blind) folded before Flop



PokerStars Hand #254749564632:  Hold'em No Limit ($0.50/$1.00 USD) - 2025/02/07 14:21:40 WET [2025/02/07 9:21:40 ET]
Table 'Helio II' 6-max Seat #6 is the button
Seat 1: spillechung ($99 in chips) 
Seat 2: Abskev5 ($108.40 in chips) 
Seat 3: 2cute4me2 ($100 in chips) 
Seat 4: v.sting ($100 in chips) 
Seat 5: vitalik_sw ($100 in chips) 
Seat 6: Haalleluja ($84.16 in chips) 
spillechung: posts small blind $0.50
Abskev5: posts big blind $1
*** HOLE CARDS ***
2cute4me2: folds 
v.sting: folds 
vitalik_sw: raises $1.50 to $2.50
Haalleluja: calls $2.50
spillechung: folds 
Abskev5: folds 
*** FLOP *** [7d Ks 5h]
Abskev5 is disconnected 
vitalik_sw: bets $2.10
Haalleluja: folds 
Uncalled bet ($2.10) returned to vitalik_sw
vitalik_sw collected $6.18 from pot
vitalik_sw: doesn't show hand 
*** SUMMARY ***
Total pot $6.50 | Rake $0.32 
Board [7d Ks 5h]
Seat 1: spillechung (small blind) folded before Flop
Seat 2: Abskev5 (big blind) folded before Flop
Seat 3: 2cute4me2 folded before Flop (didn't bet)
Seat 4: v.sting folded before Flop (didn't bet)
Seat 5: vitalik_sw collected ($6.18)
Seat 6: Haalleluja (button) folded on the Flop



PokerStars Hand #254749570228:  Hold'em No Limit ($0.50/$1.00 USD) - 2025/02/07 14:22:12 WET [2025/02/07 9:22:12 ET]
Table 'Helio II' 6-max Seat #1 is the button
Seat 1: spillechung ($100 in chips) 
Seat 2: Abskev5 ($107.40 in chips) 
Seat 3: 2cute4me2 ($100 in chips) 
Seat 4: v.sting ($100 in chips) 
Seat 5: vitalik_sw ($103.68 in chips) 
Seat 6: Haalleluja ($81.66 in chips) 
Abskev5: posts small blind $0.50
2cute4me2: posts big blind $1
*** HOLE CARDS ***
v.sting: folds 
vitalik_sw: folds 
Haalleluja: folds 
spillechung: raises $1.50 to $2.50
Abskev5: raises $5.50 to $8
2cute4me2: folds 
spillechung: calls $5.50
*** FLOP *** [Kd 9s Td]
Abskev5: bets $6.15
spillechung: calls $6.15
*** TURN *** [Kd 9s Td] [3s]
Abskev5: bets $20
spillechung: folds 
Uncalled bet ($20) returned to Abskev5
Abskev5 collected $27.84 from pot
Abskev5: doesn't show hand 
*** SUMMARY ***
Total pot $29.30 | Rake $1.46 
Board [Kd 9s Td 3s]
Seat 1: spillechung (button) folded on the Turn
Seat 2: Abskev5 (small blind) collected ($27.84)
Seat 3: 2cute4me2 (big blind) folded before Flop
Seat 4: v.sting folded before Flop (didn't bet)
Seat 5: vitalik_sw folded before Flop (didn't bet)
Seat 6: Haalleluja folded before Flop (didn't bet)



PokerStars Hand #254749583573:  Hold'em No Limit ($0.50/$1.00 USD) - 2025/02/07 14:23:26 WET [2025/02/07 9:23:26 ET]
Table 'Helio II' 6-max Seat #2 is the button
Seat 1: spillechung ($100 in chips) 
Seat 2: Abskev5 ($121.09 in chips) 
Seat 3: 2cute4me2 ($100 in chips) 
Seat 4: v.sting ($100 in chips) 
Seat 5: vitalik_sw ($103.68 in chips) 
Seat 6: Haalleluja ($81.66 in chips) 
2cute4me2: posts small blind $0.50
v.sting: posts big blind $1
*** HOLE CARDS ***
vitalik_sw: folds 
Haalleluja: folds 
spillechung: folds 
Abskev5: raises $2 to $3
2cute4me2: folds 
v.sting: raises $10 to $13
Abskev5: folds 
Uncalled bet ($10) returned to v.sting
v.sting collected $6.50 from pot
v.sting: doesn't show hand 
*** SUMMARY ***
Total pot $6.50 | Rake $0 
Seat 1: spillechung folded before Flop (didn't bet)
Seat 2: Abskev5 (button) folded before Flop
Seat 3: 2cute4me2 (small blind) folded before Flop
Seat 4: v.sting (big blind) collected ($6.50)
Seat 5: vitalik_sw folded before Flop (didn't bet)
Seat 6: Haalleluja folded before Flop (didn't bet)



PokerStars Hand #254749586940:  Hold'em No Limit ($0.50/$1.00 USD) - 2025/02/07 14:23:45 WET [2025/02/07 9:23:45 ET]
Table 'Helio II' 6-max Seat #3 is the button
Seat 5: vitalik_sw ($103.68 in chips) is sitting out
Seat 1: spillechung ($100 in chips) 
Seat 2: Abskev5 ($118.09 in chips) 
Seat 3: 2cute4me2 ($100 in chips) 
Seat 4: v.sting ($103.50 in chips) 
Seat 6: Haalleluja ($81.66 in chips) 
v.sting: posts small blind $0.50
vitalik_sw: is sitting out 
Haalleluja: posts big blind $1
*** HOLE CARDS ***
vitalik_sw leaves the table
spillechung: folds 
Abskev5: folds 
2cute4me2: folds 
v.sting: folds 
Uncalled bet ($0.50) returned to Haalleluja
Haalleluja collected $1 from pot
*** SUMMARY ***
Total pot $1 | Rake $0 
Seat 5: vitalik_sw
Seat 1: spillechung folded before Flop (didn't bet)
Seat 2: Abskev5 folded before Flop (didn't bet)
Seat 3: 2cute4me2 (button) folded before Flop (didn't bet)
Seat 4: v.sting (small blind) folded before Flop
Seat 6: Haalleluja (big blind) collected ($1)



PokerStars Hand #254749589141:  Hold'em No Limit ($0.50/$1.00 USD) - 2025/02/07 14:23:57 WET [2025/02/07 9:23:57 ET]
Table 'Helio II' 6-max Seat #4 is the button
Seat 1: spillechung ($100 in chips) 
Seat 2: Abskev5 ($118.09 in chips) 
Seat 3: 2cute4me2 ($100 in chips) 
Seat 4: v.sting ($103 in chips) 
Seat 6: Haalleluja ($82.16 in chips) 
Haalleluja: posts small blind $0.50
spillechung: posts big blind $1
*** HOLE CARDS ***
BGS013 joins the table at seat #5 
Abskev5: folds 
2cute4me2: raises $1.20 to $2.20
v.sting: folds 
Haalleluja: folds 
spillechung: folds 
Uncalled bet ($1.20) returned to 2cute4me2
2cute4me2 collected $2.50 from pot
2cute4me2: doesn't show hand 
*** SUMMARY ***
Total pot $2.50 | Rake $0 
Seat 1: spillechung (big blind) folded before Flop
Seat 2: Abskev5 folded before Flop (didn't bet)
Seat 3: 2cute4me2 collected ($2.50)
Seat 4: v.sting (button) folded before Flop (didn't bet)
Seat 6: Haalleluja (small blind) folded before Flop



PokerStars Hand #254749594337:  Hold'em No Limit ($0.50/$1.00 USD) - 2025/02/07 14:24:26 WET [2025/02/07 9:24:26 ET]
Table 'Helio II' 6-max Seat #6 is the button
Seat 2: Abskev5 ($118.09 in chips) is sitting out
Seat 5: BGS013 ($100 in chips) is sitting out
Seat 1: spillechung ($100 in chips) 
Seat 3: 2cute4me2 ($101.50 in chips) 
Seat 4: v.sting ($103 in chips) 
Seat 6: Haalleluja ($81.66 in chips) 
spillechung: posts small blind $0.50
Abskev5 has timed out
Abskev5: is sitting out 
2cute4me2: posts big blind $1
BGS013: sits out 
*** HOLE CARDS ***
v.sting: folds 
Haalleluja: folds 
spillechung: folds 
Uncalled bet ($0.50) returned to 2cute4me2
2cute4me2 collected $1 from pot
2cute4me2: doesn't show hand 
*** SUMMARY ***
Total pot $1 | Rake $0 
Seat 2: Abskev5
Seat 5: BGS013
Seat 1: spillechung (small blind) folded before Flop
Seat 3: 2cute4me2 (big blind) collected ($1)
Seat 4: v.sting folded before Flop (didn't bet)
Seat 6: Haalleluja (button) folded before Flop (didn't bet)



PokerStars Hand #254749598377:  Hold'em No Limit ($0.50/$1.00 USD) - 2025/02/07 14:24:48 WET [2025/02/07 9:24:48 ET]
Table 'Helio II' 6-max Seat #1 is the button
Seat 2: Abskev5 ($118.09 in chips) is sitting out
Seat 4: v.sting ($103 in chips) is sitting out
Seat 1: spillechung ($100 in chips) 
Seat 3: 2cute4me2 ($102 in chips) 
Seat 5: BGS013 ($100 in chips) 
Seat 6: Haalleluja ($81.66 in chips) 
2cute4me2: posts small blind $0.50
v.sting: is sitting out 
BGS013: posts big blind $1
*** HOLE CARDS ***
v.sting leaves the table
Haalleluja: folds 
spillechung: raises $1.50 to $2.50
2cute4me2: folds 
b2k-Snick joins the table at seat #4 
BGS013: raises $9.50 to $12
spillechung: raises $12 to $24
BGS013: raises $76 to $100 and is all-in
spillechung: calls $76 and is all-in
*** FLOP *** [4h 7c 3c]
*** TURN *** [4h 7c 3c] [Qs]
*** RIVER *** [4h 7c 3c Qs] [5h]
*** SHOW DOWN ***
BGS013: shows [Ac Ks] (high card Ace)
spillechung: shows [Ah Kh] (high card Ace)
BGS013 collected $99.75 from pot
spillechung collected $99.75 from pot
*** SUMMARY ***
Total pot $200.50 | Rake $1 
Board [4h 7c 3c Qs 5h]
Seat 2: Abskev5
Seat 4: v.sting
Seat 1: spillechung (button) showed [Ah Kh] and won ($99.75) with high card Ace
Seat 3: 2cute4me2 (small blind) folded before Flop
Seat 5: BGS013 (big blind) showed [Ac Ks] and won ($99.75) with high card Ace
Seat 6: Haalleluja folded before Flop (didn't bet)



PokerStars Hand #254749607442:  Hold'em No Limit ($0.50/$1.00 USD) - 2025/02/07 14:25:39 WET [2025/02/07 9:25:39 ET]
Table 'Helio II' 6-max Seat #3 is the button
Seat 2: Abskev5 ($118.09 in chips) is sitting out
Seat 4: b2k-Snick ($100 in chips) is sitting out
Seat 1: spillechung ($100 in chips) 
Seat 3: 2cute4me2 ($101.50 in chips) 
Seat 5: BGS013 ($100 in chips) 
Seat 6: Haalleluja ($81.66 in chips) 
BGS013: posts small blind $0.50
Haalleluja: posts big blind $1
Abskev5: sits out 
*** HOLE CARDS ***
spillechung: folds 
2cute4me2: raises $1.50 to $2.50
BGS013: folds 
Haalleluja: folds 
Uncalled bet ($1.50) returned to 2cute4me2
2cute4me2 collected $2.50 from pot
2cute4me2: doesn't show hand 
*** SUMMARY ***
Total pot $2.50 | Rake $0 
Seat 2: Abskev5
Seat 4: b2k-Snick
Seat 1: spillechung folded before Flop (didn't bet)
Seat 3: 2cute4me2 (button) collected ($2.50)
Seat 5: BGS013 (small blind) folded before Flop
Seat 6: Haalleluja (big blind) folded before Flop



PokerStars Hand #254749609860:  Hold'em No Limit ($0.50/$1.00 USD) - 2025/02/07 14:25:52 WET [2025/02/07 9:25:52 ET]
Table 'Helio II' 6-max Seat #5 is the button
Seat 2: Abskev5 ($118.09 in chips) is sitting out
Seat 4: b2k-Snick ($100 in chips) is sitting out
Seat 1: spillechung ($100 in chips) 
Seat 3: 2cute4me2 ($103 in chips) 
Seat 5: BGS013 ($100 in chips) 
Seat 6: Haalleluja ($80.66 in chips) 
Haalleluja: posts small blind $0.50
spillechung: posts big blind $1
Abskev5: sits out 
b2k-Snick: sits out 
*** HOLE CARDS ***
2cute4me2: folds 
BGS013: raises $1.50 to $2.50
Haalleluja: raises $5.50 to $8
spillechung: folds 
BGS013: calls $5.50
*** FLOP *** [6s 8h Ts]
Haalleluja: checks 
BGS013: checks 
*** TURN *** [6s 8h Ts] [2d]
Haalleluja: checks 
BGS013: checks 
*** RIVER *** [6s 8h Ts 2d] [8d]
Haalleluja: bets $4
BGS013: folds 
Uncalled bet ($4) returned to Haalleluja
Haalleluja collected $16.15 from pot
*** SUMMARY ***
Total pot $17 | Rake $0.85 
Board [6s 8h Ts 2d 8d]
Seat 2: Abskev5
Seat 4: b2k-Snick
Seat 1: spillechung (big blind) folded before Flop
Seat 3: 2cute4me2 folded before Flop (didn't bet)
Seat 5: BGS013 (button) folded on the River
Seat 6: Haalleluja (small blind) collected ($16.15)



PokerStars Hand #254749616188:  Hold'em No Limit ($0.50/$1.00 USD) - 2025/02/07 14:26:27 WET [2025/02/07 9:26:27 ET]
Table 'Helio II' 6-max Seat #6 is the button
Seat 4: b2k-Snick ($100 in chips) is sitting out
Seat 1: spillechung ($100 in chips) 
Seat 2: Abskev5 ($118.09 in chips) 
Seat 3: 2cute4me2 ($103 in chips) 
Seat 5: BGS013 ($100 in chips) 
Seat 6: Haalleluja ($88.81 in chips) 
spillechung: posts small blind $0.50
Abskev5: posts big blind $1
b2k-Snick: sits out 
*** HOLE CARDS ***
2cute4me2: folds 
BGS013: folds 
Haalleluja: raises $1 to $2
spillechung: folds 
Abskev5: calls $1
*** FLOP *** [Ah 3c 5c]
Abskev5: checks 
Haalleluja: checks 
*** TURN *** [Ah 3c 5c] [2c]
Abskev5: checks 
Haalleluja: checks 
*** RIVER *** [Ah 3c 5c 2c] [9c]
Abskev5: checks 
Haalleluja: bets $3
Abskev5: raises $7 to $10
Haalleluja: calls $7
*** SHOW DOWN ***
Abskev5: shows [5h Jh] (a pair of Fives)
Haalleluja: shows [Jc Js] (a flush, Jack high)
Haalleluja collected $23.28 from pot
*** SUMMARY ***
Total pot $24.50 | Rake $1.22 
Board [Ah 3c 5c 2c 9c]
Seat 4: b2k-Snick
Seat 1: spillechung (small blind) folded before Flop
Seat 2: Abskev5 (big blind) showed [5h Jh] and lost with a pair of Fives
Seat 3: 2cute4me2 folded before Flop (didn't bet)
Seat 5: BGS013 folded before Flop (didn't bet)
Seat 6: Haalleluja (button) showed [Jc Js] and won ($23.28) with a flush, Jack high



PokerStars Hand #254749623411:  Hold'em No Limit ($0.50/$1.00 USD) - 2025/02/07 14:27:07 WET [2025/02/07 9:27:07 ET]
Table 'Helio II' 6-max Seat #1 is the button
Seat 4: b2k-Snick ($100 in chips) is sitting out
Seat 1: spillechung ($100 in chips) 
Seat 2: Abskev5 ($106.09 in chips) 
Seat 3: 2cute4me2 ($103 in chips) 
Seat 5: BGS013 ($100 in chips) 
Seat 6: Haalleluja ($100.09 in chips) 
Abskev5: posts small blind $0.50
2cute4me2: posts big blind $1
b2k-Snick: sits out 
*** HOLE CARDS ***
BGS013: folds 
Haalleluja: folds 
spillechung: folds 
Abskev5: raises $3 to $4
2cute4me2: folds 
Uncalled bet ($3) returned to Abskev5
Abskev5 collected $2 from pot
Abskev5: doesn't show hand 
*** SUMMARY ***
Total pot $2 | Rake $0 
Seat 4: b2k-Snick
Seat 1: spillechung (button) folded before Flop (didn't bet)
Seat 2: Abskev5 (small blind) collected ($2)
Seat 3: 2cute4me2 (big blind) folded before Flop
Seat 5: BGS013 folded before Flop (didn't bet)
Seat 6: Haalleluja folded before Flop (didn't bet)



PokerStars Hand #254749626121:  Hold'em No Limit ($0.50/$1.00 USD) - 2025/02/07 14:27:22 WET [2025/02/07 9:27:22 ET]
Table 'Helio II' 6-max Seat #2 is the button
Seat 1: spillechung ($100 in chips) 
Seat 2: Abskev5 ($107.09 in chips) 
Seat 3: 2cute4me2 ($102 in chips) 
Seat 4: b2k-Snick ($100 in chips) 
Seat 5: BGS013 ($100 in chips) 
Seat 6: Haalleluja ($100.09 in chips) 
2cute4me2: posts small blind $0.50
b2k-Snick: posts big blind $1
*** HOLE CARDS ***
BGS013: raises $1 to $2
Haalleluja: folds 
spillechung: folds 
Abskev5: calls $2
2cute4me2: folds 
b2k-Snick: calls $1
*** FLOP *** [Th 4h Qc]
b2k-Snick: checks 
BGS013: checks 
Abskev5: bets $2
b2k-Snick: calls $2
BGS013: folds 
*** TURN *** [Th 4h Qc] [2d]
b2k-Snick: checks 
Abskev5: bets $6
b2k-Snick: calls $6
*** RIVER *** [Th 4h Qc 2d] [Qd]
b2k-Snick: checks 
Abskev5: bets $7
b2k-Snick: calls $7
*** SHOW DOWN ***
Abskev5: shows [Jd 9s] (a pair of Queens)
b2k-Snick: shows [Ah 7h] (a pair of Queens - Ace kicker)
b2k-Snick collected $34.68 from pot
*** SUMMARY ***
Total pot $36.50 | Rake $1.82 
Board [Th 4h Qc 2d Qd]
Seat 1: spillechung folded before Flop (didn't bet)
Seat 2: Abskev5 (button) showed [Jd 9s] and lost with a pair of Queens
Seat 3: 2cute4me2 (small blind) folded before Flop
Seat 4: b2k-Snick (big blind) showed [Ah 7h] and won ($34.68) with a pair of Queens
Seat 5: BGS013 folded on the Flop
Seat 6: Haalleluja folded before Flop (didn't bet)



PokerStars Hand #254749638114:  Hold'em No Limit ($0.50/$1.00 USD) - 2025/02/07 14:28:29 WET [2025/02/07 9:28:29 ET]
Table 'Helio II' 6-max Seat #3 is the button
Seat 1: spillechung ($100 in chips) 
Seat 2: Abskev5 ($100 in chips) 
Seat 3: 2cute4me2 ($101.50 in chips) 
Seat 4: b2k-Snick ($117.68 in chips) 
Seat 5: BGS013 ($100 in chips) 
Seat 6: Haalleluja ($100.09 in chips) 
b2k-Snick: posts small blind $0.50
BGS013: posts big blind $1
*** HOLE CARDS ***
Haalleluja: raises $1 to $2
spillechung: folds 
Abskev5: raises $4 to $6
2cute4me2: folds 
b2k-Snick: folds 
BGS013: folds 
Haalleluja: folds 
Uncalled bet ($4) returned to Abskev5
Abskev5 collected $5.50 from pot
Abskev5: doesn't show hand 
*** SUMMARY ***
Total pot $5.50 | Rake $0 
Seat 1: spillechung folded before Flop (didn't bet)
Seat 2: Abskev5 collected ($5.50)
Seat 3: 2cute4me2 (button) folded before Flop (didn't bet)
Seat 4: b2k-Snick (small blind) folded before Flop
Seat 5: BGS013 (big blind) folded before Flop
Seat 6: Haalleluja folded before Flop



PokerStars Hand #254749643545:  Hold'em No Limit ($0.50/$1.00 USD) - 2025/02/07 14:28:59 WET [2025/02/07 9:28:59 ET]
Table 'Helio II' 6-max Seat #4 is the button
Seat 1: spillechung ($100 in chips) 
Seat 2: Abskev5 ($103.50 in chips) 
Seat 3: 2cute4me2 ($101.50 in chips) 
Seat 4: b2k-Snick ($117.18 in chips) 
Seat 5: BGS013 ($100 in chips) 
Seat 6: Haalleluja ($98.09 in chips) 
BGS013: posts small blind $0.50
Haalleluja: posts big blind $1
*** HOLE CARDS ***
spillechung: folds 
Abskev5: folds 
2cute4me2: folds 
b2k-Snick: raises $1.50 to $2.50
BGS013: folds 
Haalleluja: raises $4.50 to $7
b2k-Snick: folds 
Uncalled bet ($4.50) returned to Haalleluja
Haalleluja collected $5.50 from pot
*** SUMMARY ***
Total pot $5.50 | Rake $0 
Seat 1: spillechung folded before Flop (didn't bet)
Seat 2: Abskev5 folded before Flop (didn't bet)
Seat 3: 2cute4me2 folded before Flop (didn't bet)
Seat 4: b2k-Snick (button) folded before Flop
Seat 5: BGS013 (small blind) folded before Flop
Seat 6: Haalleluja (big blind) collected ($5.50)



PokerStars Hand #254749648032:  Hold'em No Limit ($0.50/$1.00 USD) - 2025/02/07 14:29:25 WET [2025/02/07 9:29:25 ET]
Table 'Helio II' 6-max Seat #5 is the button
Seat 1: spillechung ($100 in chips) 
Seat 2: Abskev5 ($103.50 in chips) 
Seat 3: 2cute4me2 ($101.50 in chips) 
Seat 4: b2k-Snick ($114.68 in chips) 
Seat 5: BGS013 ($100 in chips) 
Seat 6: Haalleluja ($101.09 in chips) 
Haalleluja: posts small blind $0.50
spillechung: posts big blind $1
*** HOLE CARDS ***
Abskev5: raises $2 to $3
2cute4me2: folds 
b2k-Snick: calls $3
BGS013: folds 
Haalleluja: folds 
spillechung: raises $11 to $14
Abskev5: folds 
b2k-Snick: folds 
Uncalled bet ($11) returned to spillechung
spillechung collected $9.50 from pot
spillechung: doesn't show hand 
*** SUMMARY ***
Total pot $9.50 | Rake $0 
Seat 1: spillechung (big blind) collected ($9.50)
Seat 2: Abskev5 folded before Flop
Seat 3: 2cute4me2 folded before Flop (didn't bet)
Seat 4: b2k-Snick folded before Flop
Seat 5: BGS013 (button) folded before Flop (didn't bet)
Seat 6: Haalleluja (small blind) folded before Flop



PokerStars Hand #254749652672:  Hold'em No Limit ($0.50/$1.00 USD) - 2025/02/07 14:29:51 WET [2025/02/07 9:29:51 ET]
Table 'Helio II' 6-max Seat #6 is the button
Seat 1: spillechung ($106.50 in chips) 
Seat 2: Abskev5 ($100.50 in chips) 
Seat 3: 2cute4me2 ($101.50 in chips) 
Seat 4: b2k-Snick ($111.68 in chips) 
Seat 5: BGS013 ($100 in chips) 
Seat 6: Haalleluja ($100.59 in chips) 
spillechung: posts small blind $0.50
Abskev5: posts big blind $1
*** HOLE CARDS ***
2cute4me2: folds 
b2k-Snick: raises $2 to $3
BGS013: folds 
Haalleluja: folds 
spillechung: folds 
Abskev5: calls $2
*** FLOP *** [Kc As 7d]
Abskev5: checks 
b2k-Snick: bets $3.40
Abskev5: folds 
Uncalled bet ($3.40) returned to b2k-Snick
b2k-Snick collected $6.18 from pot
b2k-Snick: doesn't show hand 
*** SUMMARY ***
Total pot $6.50 | Rake $0.32 
Board [Kc As 7d]
Seat 1: spillechung (small blind) folded before Flop
Seat 2: Abskev5 (big blind) folded on the Flop
Seat 3: 2cute4me2 folded before Flop (didn't bet)
Seat 4: b2k-Snick collected ($6.18)
Seat 5: BGS013 folded before Flop (didn't bet)
Seat 6: Haalleluja (button) folded before Flop (didn't bet)



PokerStars Hand #254749657314:  Hold'em No Limit ($0.50/$1.00 USD) - 2025/02/07 14:30:16 WET [2025/02/07 9:30:16 ET]
Table 'Helio II' 6-max Seat #1 is the button
Seat 1: spillechung ($106 in chips) 
Seat 2: Abskev5 ($100 in chips) 
Seat 3: 2cute4me2 ($101.50 in chips) 
Seat 4: b2k-Snick ($114.86 in chips) 
Seat 5: BGS013 ($100 in chips) 
Seat 6: Haalleluja ($100.59 in chips) 
Abskev5: posts small blind $0.50
2cute4me2: posts big blind $1
*** HOLE CARDS ***
b2k-Snick: folds 
BGS013: raises $1 to $2
Haalleluja: folds 
spillechung: folds 
Abskev5: folds 
2cute4me2: calls $1
*** FLOP *** [Jh Qs 9s]
2cute4me2: checks 
BGS013: checks 
*** TURN *** [Jh Qs 9s] [9d]
2cute4me2: checks 
BGS013: bets $2.50
2cute4me2: calls $2.50
*** RIVER *** [Jh Qs 9s 9d] [7s]
2cute4me2: checks 
BGS013: bets $6.54
2cute4me2: folds 
Uncalled bet ($6.54) returned to BGS013
BGS013 collected $9.02 from pot
BGS013: doesn't show hand 
*** SUMMARY ***
Total pot $9.50 | Rake $0.48 
Board [Jh Qs 9s 9d 7s]
Seat 1: spillechung (button) folded before Flop (didn't bet)
Seat 2: Abskev5 (small blind) folded before Flop
Seat 3: 2cute4me2 (big blind) folded on the River
Seat 4: b2k-Snick folded before Flop (didn't bet)
Seat 5: BGS013 collected ($9.02)
Seat 6: Haalleluja folded before Flop (didn't bet)



PokerStars Hand #254749674539:  Hold'em No Limit ($0.50/$1.00 USD) - 2025/02/07 14:31:51 WET [2025/02/07 9:31:51 ET]
Table 'Helio II' 6-max Seat #2 is the button
Seat 1: spillechung ($106 in chips) 
Seat 2: Abskev5 ($100 in chips) 
Seat 3: 2cute4me2 ($100 in chips) 
Seat 4: b2k-Snick ($114.86 in chips) 
Seat 5: BGS013 ($104.52 in chips) 
Seat 6: Haalleluja ($100.59 in chips) 
2cute4me2: posts small blind $0.50
b2k-Snick: posts big blind $1
*** HOLE CARDS ***
BGS013: folds 
Haalleluja: raises $1 to $2
spillechung: folds 
Abskev5: calls $2
2cute4me2: folds 
b2k-Snick: calls $1
*** FLOP *** [Kh 9d 3h]
b2k-Snick: checks 
Haalleluja: bets $2
Abskev5: calls $2
b2k-Snick: raises $6 to $8
Haalleluja: folds 
Abskev5: calls $6
*** TURN *** [Kh 9d 3h] [8d]
b2k-Snick: checks 
Abskev5: checks 
*** RIVER *** [Kh 9d 3h 8d] [4s]
b2k-Snick: checks 
Abskev5: bets $8
b2k-Snick: calls $8
*** SHOW DOWN ***
Abskev5: shows [Jc Td] (high card King)
b2k-Snick: shows [7c 3c] (a pair of Threes)
b2k-Snick collected $38.48 from pot
*** SUMMARY ***
Total pot $40.50 | Rake $2.02 
Board [Kh 9d 3h 8d 4s]
Seat 1: spillechung folded before Flop (didn't bet)
Seat 2: Abskev5 (button) showed [Jc Td] and lost with high card King
Seat 3: 2cute4me2 (small blind) folded before Flop
Seat 4: b2k-Snick (big blind) showed [7c 3c] and won ($38.48) with a pair of Threes
Seat 5: BGS013 folded before Flop (didn't bet)
Seat 6: Haalleluja folded on the Flop



PokerStars Hand #254749686642:  Hold'em No Limit ($0.50/$1.00 USD) - 2025/02/07 14:32:57 WET [2025/02/07 9:32:57 ET]
Table 'Helio II' 6-max Seat #3 is the button
Seat 1: spillechung ($106 in chips) 
Seat 2: Abskev5 ($100 in chips) 
Seat 3: 2cute4me2 ($100 in chips) 
Seat 4: b2k-Snick ($135.34 in chips) 
Seat 5: BGS013 ($104.52 in chips) 
Seat 6: Haalleluja ($96.59 in chips) 
b2k-Snick: posts small blind $0.50
BGS013: posts big blind $1
*** HOLE CARDS ***
Haalleluja: raises $1 to $2
spillechung: folds 
Abskev5: folds 
2cute4me2: folds 
b2k-Snick: folds 
BGS013: folds 
Uncalled bet ($1) returned to Haalleluja
Haalleluja collected $2.50 from pot
*** SUMMARY ***
Total pot $2.50 | Rake $0 
Seat 1: spillechung folded before Flop (didn't bet)
Seat 2: Abskev5 folded before Flop (didn't bet)
Seat 3: 2cute4me2 (button) folded before Flop (didn't bet)
Seat 4: b2k-Snick (small blind) folded before Flop
Seat 5: BGS013 (big blind) folded before Flop
Seat 6: Haalleluja collected ($2.50)



PokerStars Hand #254749691512:  Hold'em No Limit ($0.50/$1.00 USD) - 2025/02/07 14:33:24 WET [2025/02/07 9:33:24 ET]
Table 'Helio II' 6-max Seat #4 is the button
Seat 1: spillechung ($106 in chips) 
Seat 2: Abskev5 ($100 in chips) 
Seat 3: 2cute4me2 ($100 in chips) 
Seat 4: b2k-Snick ($134.84 in chips) 
Seat 5: BGS013 ($103.52 in chips) 
Seat 6: Haalleluja ($98.09 in chips) 
BGS013: posts small blind $0.50
Haalleluja: posts big blind $1
*** HOLE CARDS ***
spillechung: folds 
Abskev5: folds 
2cute4me2: raises $1.20 to $2.20
b2k-Snick: folds 
BGS013: folds 
Haalleluja: calls $1.20
*** FLOP *** [7d 5s Qs]
Haalleluja: checks 
2cute4me2: checks 
*** TURN *** [7d 5s Qs] [As]
Haalleluja: checks 
2cute4me2: bets $1.49
Haalleluja: folds 
Uncalled bet ($1.49) returned to 2cute4me2
2cute4me2 collected $4.66 from pot
2cute4me2: doesn't show hand 
*** SUMMARY ***
Total pot $4.90 | Rake $0.24 
Board [7d 5s Qs As]
Seat 1: spillechung folded before Flop (didn't bet)
Seat 2: Abskev5 folded before Flop (didn't bet)
Seat 3: 2cute4me2 collected ($4.66)
Seat 4: b2k-Snick (button) folded before Flop (didn't bet)
Seat 5: BGS013 (small blind) folded before Flop
Seat 6: Haalleluja (big blind) folded on the Turn



PokerStars Hand #254749698694:  Hold'em No Limit ($0.50/$1.00 USD) - 2025/02/07 14:34:04 WET [2025/02/07 9:34:04 ET]
Table 'Helio II' 6-max Seat #5 is the button
Seat 1: spillechung ($106 in chips) 
Seat 2: Abskev5 ($100 in chips) 
Seat 3: 2cute4me2 ($102.46 in chips) 
Seat 4: b2k-Snick ($134.84 in chips) 
Seat 5: BGS013 ($103.02 in chips) 
Seat 6: Haalleluja ($95.89 in chips) 
Haalleluja: posts small blind $0.50
spillechung: posts big blind $1
*** HOLE CARDS ***
Abskev5: raises $2 to $3
2cute4me2: folds 
b2k-Snick: folds 
BGS013: folds 
Haalleluja: calls $2.50
spillechung: folds 
*** FLOP *** [As 7h 8d]
Haalleluja: checks 
Abskev5: bets $2
Haalleluja: folds 
Uncalled bet ($2) returned to Abskev5
Abskev5 collected $6.65 from pot
Abskev5: doesn't show hand 
*** SUMMARY ***
Total pot $7 | Rake $0.35 
Board [As 7h 8d]
Seat 1: spillechung (big blind) folded before Flop
Seat 2: Abskev5 collected ($6.65)
Seat 3: 2cute4me2 folded before Flop (didn't bet)
Seat 4: b2k-Snick folded before Flop (didn't bet)
Seat 5: BGS013 (button) folded before Flop (didn't bet)
Seat 6: Haalleluja (small blind) folded on the Flop



PokerStars Hand #254749703580:  Hold'em No Limit ($0.50/$1.00 USD) - 2025/02/07 14:34:30 WET [2025/02/07 9:34:30 ET]
Table 'Helio II' 6-max Seat #6 is the button
Seat 2: Abskev5 ($103.65 in chips) is sitting out
Seat 1: spillechung ($105 in chips) 
Seat 3: 2cute4me2 ($102.46 in chips) 
Seat 4: b2k-Snick ($134.84 in chips) 
Seat 5: BGS013 ($103.02 in chips) 
Seat 6: Haalleluja ($92.89 in chips) 
spillechung: posts small blind $0.50
Abskev5: is sitting out 
2cute4me2: posts big blind $1
*** HOLE CARDS ***
b2k-Snick: folds 
Abskev5 is disconnected 
BGS013: raises $1.50 to $2.50
Haalleluja: folds 
spillechung: folds 
2cute4me2: calls $1.50
*** FLOP *** [2d 4h 8s]
2cute4me2: checks 
BGS013: bets $4.07
2cute4me2: folds 
Uncalled bet ($4.07) returned to BGS013
BGS013 collected $5.22 from pot
BGS013: doesn't show hand 
*** SUMMARY ***
Total pot $5.50 | Rake $0.28 
Board [2d 4h 8s]
Seat 2: Abskev5
Seat 1: spillechung (small blind) folded before Flop
Seat 3: 2cute4me2 (big blind) folded on the Flop
Seat 4: b2k-Snick folded before Flop (didn't bet)
Seat 5: BGS013 collected ($5.22)
Seat 6: Haalleluja (button) folded before Flop (didn't bet)



PokerStars Hand #254749709157:  Hold'em No Limit ($0.50/$1.00 USD) - 2025/02/07 14:35:01 WET [2025/02/07 9:35:01 ET]
Table 'Helio II' 6-max Seat #1 is the button
Seat 2: Abskev5 ($103.65 in chips) is sitting out
Seat 1: spillechung ($104.50 in chips) 
Seat 3: 2cute4me2 ($100 in chips) 
Seat 4: b2k-Snick ($134.84 in chips) 
Seat 5: BGS013 ($105.74 in chips) 
Seat 6: Haalleluja ($92.89 in chips) 
2cute4me2: posts small blind $0.50
b2k-Snick: posts big blind $1
*** HOLE CARDS ***
BGS013: raises $1 to $2
Haalleluja: calls $2
spillechung: folds 
2cute4me2: folds 
b2k-Snick: folds 
*** FLOP *** [9s 6h Tc]
BGS013: checks 
Haalleluja: checks 
*** TURN *** [9s 6h Tc] [4c]
BGS013: bets $6.63
Haalleluja: folds 
Uncalled bet ($6.63) returned to BGS013
BGS013 collected $5.22 from pot
BGS013: doesn't show hand 
*** SUMMARY ***
Total pot $5.50 | Rake $0.28 
Board [9s 6h Tc 4c]
Seat 2: Abskev5
Seat 1: spillechung (button) folded before Flop (didn't bet)
Seat 3: 2cute4me2 (small blind) folded before Flop
Seat 4: b2k-Snick (big blind) folded before Flop
Seat 5: BGS013 collected ($5.22)
Seat 6: Haalleluja folded on the Turn



PokerStars Hand #254749715286:  Hold'em No Limit ($0.50/$1.00 USD) - 2025/02/07 14:35:34 WET [2025/02/07 9:35:34 ET]
Table 'Helio II' 6-max Seat #3 is the button
Seat 2: Abskev5 ($103.65 in chips) is sitting out
Seat 1: spillechung ($104.50 in chips) 
Seat 3: 2cute4me2 ($100 in chips) 
Seat 4: b2k-Snick ($133.84 in chips) 
Seat 5: BGS013 ($108.96 in chips) 
Seat 6: Haalleluja ($90.89 in chips) 
b2k-Snick: posts small blind $0.50
BGS013: posts big blind $1
*** HOLE CARDS ***
Haalleluja: raises $2 to $3
spillechung: raises $6 to $9
2cute4me2: folds 
b2k-Snick: folds 
BGS013: folds 
Haalleluja: calls $6
*** FLOP *** [9h Kd Qc]
Haalleluja: checks 
spillechung: checks 
*** TURN *** [9h Kd Qc] [2s]
Haalleluja: bets $3
spillechung: calls $3
*** RIVER *** [9h Kd Qc 2s] [Qs]
Haalleluja: checks 
spillechung: checks 
*** SHOW DOWN ***
Haalleluja: shows [7s 7d] (two pair, Queens and Sevens)
spillechung: shows [Js Jh] (two pair, Queens and Jacks)
spillechung collected $24.22 from pot
*** SUMMARY ***
Total pot $25.50 | Rake $1.28 
Board [9h Kd Qc 2s Qs]
Seat 2: Abskev5
Seat 1: spillechung showed [Js Jh] and won ($24.22) with two pair, Queens and Jacks
Seat 3: 2cute4me2 (button) folded before Flop (didn't bet)
Seat 4: b2k-Snick (small blind) folded before Flop
Seat 5: BGS013 (big blind) folded before Flop
Seat 6: Haalleluja showed [7s 7d] and lost with two pair, Queens and Sevens



PokerStars Hand #254749730289:  Hold'em No Limit ($0.50/$1.00 USD) - 2025/02/07 14:36:55 WET [2025/02/07 9:36:55 ET]
Table 'Helio II' 6-max Seat #4 is the button
Seat 2: Abskev5 ($103.65 in chips) is sitting out
Seat 1: spillechung ($116.72 in chips) 
Seat 3: 2cute4me2 ($100 in chips) 
Seat 4: b2k-Snick ($133.34 in chips) 
Seat 5: BGS013 ($107.96 in chips) 
Seat 6: Haalleluja ($78.89 in chips) 
BGS013: posts small blind $0.50
Haalleluja: posts big blind $1
*** HOLE CARDS ***
spillechung: folds 
2cute4me2: folds 
b2k-Snick: raises $1.50 to $2.50
BGS013: folds 
Haalleluja: folds 
Uncalled bet ($1.50) returned to b2k-Snick
b2k-Snick collected $2.50 from pot
b2k-Snick: doesn't show hand 
*** SUMMARY ***
Total pot $2.50 | Rake $0 
Seat 2: Abskev5
Seat 1: spillechung folded before Flop (didn't bet)
Seat 3: 2cute4me2 folded before Flop (didn't bet)
Seat 4: b2k-Snick (button) collected ($2.50)
Seat 5: BGS013 (small blind) folded before Flop
Seat 6: Haalleluja (big blind) folded before Flop



PokerStars Hand #254749733854:  Hold'em No Limit ($0.50/$1.00 USD) - 2025/02/07 14:37:14 WET [2025/02/07 9:37:14 ET]
Table 'Helio II' 6-max Seat #5 is the button
Seat 2: Abskev5 ($103.65 in chips) is sitting out
Seat 1: spillechung ($116.72 in chips) 
Seat 3: 2cute4me2 ($100 in chips) 
Seat 4: b2k-Snick ($134.84 in chips) 
Seat 5: BGS013 ($107.46 in chips) 
Seat 6: Haalleluja ($77.89 in chips) 
Haalleluja: posts small blind $0.50
spillechung: posts big blind $1
*** HOLE CARDS ***
2cute4me2: raises $1.20 to $2.20
b2k-Snick: folds 
BGS013: calls $2.20
Haalleluja: folds 
spillechung: calls $1.20
*** FLOP *** [5c 8d Th]
spillechung: checks 
2cute4me2: checks 
BGS013: bets $1.75
spillechung: folds 
2cute4me2: calls $1.75
*** TURN *** [5c 8d Th] [6h]
2cute4me2: checks 
BGS013: bets $9.50
2cute4me2: folds 
Uncalled bet ($9.50) returned to BGS013
BGS013 collected $10.07 from pot
BGS013: doesn't show hand 
*** SUMMARY ***
Total pot $10.60 | Rake $0.53 
Board [5c 8d Th 6h]
Seat 2: Abskev5
Seat 1: spillechung (big blind) folded on the Flop
Seat 3: 2cute4me2 folded on the Turn
Seat 4: b2k-Snick folded before Flop (didn't bet)
Seat 5: BGS013 (button) collected ($10.07)
Seat 6: Haalleluja (small blind) folded before Flop



PokerStars Hand #254749827469:  Hold'em No Limit ($0.50/$1.00 USD) - 2025/02/07 14:45:34 WET [2025/02/07 9:45:34 ET]
Table 'Helio II' 6-max Seat #4 is the button
Seat 3: franco232315 ($100 in chips) is sitting out
Seat 1: spillechung ($115.80 in chips) 
Seat 2: Ydys20 ($100 in chips) 
Seat 4: b2k-Snick ($119.34 in chips) 
Seat 5: BGS013 ($124.93 in chips) 
Seat 6: Haalleluja ($73.67 in chips) 
BGS013: posts small blind $0.50
Haalleluja: posts big blind $1
franco232315: sits out 
*** HOLE CARDS ***
spillechung: folds 
Ydys20: raises $1.50 to $2.50
b2k-Snick: folds 
BGS013: folds 
Haalleluja: calls $1.50
*** FLOP *** [5s Tc Ac]
Haalleluja: checks 
Ydys20: bets $1.72
Haalleluja: calls $1.72
*** TURN *** [5s Tc Ac] [Jc]
Haalleluja: checks 
Ydys20: checks 
*** RIVER *** [5s Tc Ac Jc] [Qd]
Haalleluja: checks 
Ydys20: bets $8.49
Haalleluja: folds 
Uncalled bet ($8.49) returned to Ydys20
Ydys20 collected $8.49 from pot
Ydys20: doesn't show hand 
*** SUMMARY ***
Total pot $8.94 | Rake $0.45 
Board [5s Tc Ac Jc Qd]
Seat 3: franco232315
Seat 1: spillechung folded before Flop (didn't bet)
Seat 2: Ydys20 collected ($8.49)
Seat 4: b2k-Snick (button) folded before Flop (didn't bet)
Seat 5: BGS013 (small blind) folded before Flop
Seat 6: Haalleluja (big blind) folded on the River



PokerStars Hand #254749839097:  Hold'em No Limit ($0.50/$1.00 USD) - 2025/02/07 14:46:35 WET [2025/02/07 9:46:35 ET]
Table 'Helio II' 6-max Seat #5 is the button
Seat 3: franco232315 ($100 in chips) is sitting out
Seat 1: spillechung ($115.80 in chips) 
Seat 2: Ydys20 ($104.27 in chips) 
Seat 4: b2k-Snick ($119.34 in chips) 
Seat 5: BGS013 ($124.43 in chips) 
Seat 6: Haalleluja ($69.45 in chips) 
Haalleluja: posts small blind $0.50
spillechung: posts big blind $1
*** HOLE CARDS ***
Ydys20: folds 
b2k-Snick: folds 
BGS013: raises $1.50 to $2.50
Haalleluja: raises $4.50 to $7
spillechung: folds 
BGS013: calls $4.50
*** FLOP *** [4s 6s 5c]
Haalleluja: checks 
BGS013: bets $3.71
Haalleluja: calls $3.71
*** TURN *** [4s 6s 5c] [Qd]
Haalleluja: checks 
BGS013: bets $16.61
Haalleluja: raises $16.61 to $33.22
BGS013: folds 
Uncalled bet ($16.61) returned to Haalleluja
Haalleluja collected $53.14 from pot
*** SUMMARY ***
Total pot $55.64 | Rake $2.50 
Board [4s 6s 5c Qd]
Seat 3: franco232315
Seat 1: spillechung (big blind) folded before Flop
Seat 2: Ydys20 folded before Flop (didn't bet)
Seat 4: b2k-Snick folded before Flop (didn't bet)
Seat 5: BGS013 (button) folded on the Turn
Seat 6: Haalleluja (small blind) collected ($53.14)



PokerStars Hand #254749848003:  Hold'em No Limit ($0.50/$1.00 USD) - 2025/02/07 14:47:21 WET [2025/02/07 9:47:21 ET]
Table 'Helio II' 6-max Seat #6 is the button
Seat 3: franco232315 ($100 in chips) is sitting out
Seat 1: spillechung ($114.80 in chips) 
Seat 2: Ydys20 ($104.27 in chips) 
Seat 4: b2k-Snick ($119.34 in chips) 
Seat 5: BGS013 ($100 in chips) 
Seat 6: Haalleluja ($95.27 in chips) 
spillechung: posts small blind $0.50
Ydys20: posts big blind $1
*** HOLE CARDS ***
b2k-Snick: folds 
BGS013: folds 
Haalleluja: folds 
spillechung: folds 
Uncalled bet ($0.50) returned to Ydys20
Ydys20 collected $1 from pot
Ydys20: doesn't show hand 
*** SUMMARY ***
Total pot $1 | Rake $0 
Seat 3: franco232315
Seat 1: spillechung (small blind) folded before Flop
Seat 2: Ydys20 (big blind) collected ($1)
Seat 4: b2k-Snick folded before Flop (didn't bet)
Seat 5: BGS013 folded before Flop (didn't bet)
Seat 6: Haalleluja (button) folded before Flop (didn't bet)



PokerStars Hand #254749850886:  Hold'em No Limit ($0.50/$1.00 USD) - 2025/02/07 14:47:36 WET [2025/02/07 9:47:36 ET]
Table 'Helio II' 6-max Seat #1 is the button
Seat 3: franco232315 ($100 in chips) is sitting out
Seat 1: spillechung ($114.30 in chips) 
Seat 2: Ydys20 ($104.77 in chips) 
Seat 4: b2k-Snick ($119.34 in chips) 
Seat 5: BGS013 ($100 in chips) 
Seat 6: Haalleluja ($95.27 in chips) 
Ydys20: posts small blind $0.50
b2k-Snick: posts big blind $1
*** HOLE CARDS ***
BGS013: folds 
Haalleluja: folds 
spillechung: raises $1.50 to $2.50
Ydys20: folds 
b2k-Snick: folds 
Uncalled bet ($1.50) returned to spillechung
spillechung collected $2.50 from pot
spillechung: doesn't show hand 
*** SUMMARY ***
Total pot $2.50 | Rake $0 
Seat 3: franco232315
Seat 1: spillechung (button) collected ($2.50)
Seat 2: Ydys20 (small blind) folded before Flop
Seat 4: b2k-Snick (big blind) folded before Flop
Seat 5: BGS013 folded before Flop (didn't bet)
Seat 6: Haalleluja folded before Flop (didn't bet)



PokerStars Hand #254749853919:  Hold'em No Limit ($0.50/$1.00 USD) - 2025/02/07 14:47:52 WET [2025/02/07 9:47:52 ET]
Table 'Helio II' 6-max Seat #2 is the button
Seat 3: franco232315 ($100 in chips) is sitting out
Seat 1: spillechung ($115.80 in chips) 
Seat 2: Ydys20 ($104.27 in chips) 
Seat 4: b2k-Snick ($118.34 in chips) 
Seat 5: BGS013 ($100 in chips) 
Seat 6: Haalleluja ($95.27 in chips) 
b2k-Snick: posts small blind $0.50
BGS013: posts big blind $1
*** HOLE CARDS ***
Haalleluja: folds 
spillechung: folds 
Ydys20: folds 
b2k-Snick: folds 
Uncalled bet ($0.50) returned to BGS013
BGS013 collected $1 from pot
BGS013: doesn't show hand 
*** SUMMARY ***
Total pot $1 | Rake $0 
Seat 3: franco232315
Seat 1: spillechung folded before Flop (didn't bet)
Seat 2: Ydys20 (button) folded before Flop (didn't bet)
Seat 4: b2k-Snick (small blind) folded before Flop
Seat 5: BGS013 (big blind) collected ($1)
Seat 6: Haalleluja folded before Flop (didn't bet)



PokerStars Hand #254749855474:  Hold'em No Limit ($0.50/$1.00 USD) - 2025/02/07 14:48:00 WET [2025/02/07 9:48:00 ET]
Table 'Helio II' 6-max Seat #4 is the button
Seat 3: franco232315 ($100 in chips) is sitting out
Seat 1: spillechung ($115.80 in chips) 
Seat 2: Ydys20 ($104.27 in chips) 
Seat 4: b2k-Snick ($117.84 in chips) 
Seat 5: BGS013 ($100.50 in chips) 
Seat 6: Haalleluja ($95.27 in chips) 
BGS013: posts small blind $0.50
Haalleluja: posts big blind $1
*** HOLE CARDS ***
spillechung: folds 
Ydys20: raises $1.50 to $2.50
b2k-Snick: folds 
BGS013: folds 
Haalleluja: calls $1.50
*** FLOP *** [5c 6d 5s]
Haalleluja: checks 
Ydys20: checks 
*** TURN *** [5c 6d 5s] [Qc]
Haalleluja: checks 
Ydys20: bets $3.92
Haalleluja: folds 
Uncalled bet ($3.92) returned to Ydys20
Ydys20 collected $5.22 from pot
Ydys20: doesn't show hand 
*** SUMMARY ***
Total pot $5.50 | Rake $0.28 
Board [5c 6d 5s Qc]
Seat 3: franco232315
Seat 1: spillechung folded before Flop (didn't bet)
Seat 2: Ydys20 collected ($5.22)
Seat 4: b2k-Snick (button) folded before Flop (didn't bet)
Seat 5: BGS013 (small blind) folded before Flop
Seat 6: Haalleluja (big blind) folded on the Turn



PokerStars Hand #254749864871:  Hold'em No Limit ($0.50/$1.00 USD) - 2025/02/07 14:48:48 WET [2025/02/07 9:48:48 ET]
Table 'Helio II' 6-max Seat #5 is the button
Seat 3: franco232315 ($100 in chips) is sitting out
Seat 1: spillechung ($115.80 in chips) 
Seat 2: Ydys20 ($106.99 in chips) 
Seat 4: b2k-Snick ($117.84 in chips) 
Seat 5: BGS013 ($100 in chips) 
Seat 6: Haalleluja ($92.77 in chips) 
Haalleluja: posts small blind $0.50
spillechung: posts big blind $1
*** HOLE CARDS ***
Ydys20: folds 
b2k-Snick: raises $1.50 to $2.50
BGS013: folds 
Haalleluja: calls $2
spillechung: calls $1.50
*** FLOP *** [As 3s 8s]
Haalleluja: checks 
spillechung: checks 
b2k-Snick: checks 
*** TURN *** [As 3s 8s] [9d]
Haalleluja: bets $3
spillechung: folds 
b2k-Snick: folds 
Uncalled bet ($3) returned to Haalleluja
Haalleluja collected $7.12 from pot
*** SUMMARY ***
Total pot $7.50 | Rake $0.38 
Board [As 3s 8s 9d]
Seat 3: franco232315
Seat 1: spillechung (big blind) folded on the Turn
Seat 2: Ydys20 folded before Flop (didn't bet)
Seat 4: b2k-Snick folded on the Turn
Seat 5: BGS013 (button) folded before Flop (didn't bet)
Seat 6: Haalleluja (small blind) collected ($7.12)



PokerStars Hand #254749875592:  Hold'em No Limit ($0.50/$1.00 USD) - 2025/02/07 14:49:45 WET [2025/02/07 9:49:45 ET]
Table 'Helio II' 6-max Seat #6 is the button
Seat 3: franco232315 ($100 in chips) is sitting out
Seat 1: spillechung ($113.30 in chips) 
Seat 2: Ydys20 ($106.99 in chips) 
Seat 4: b2k-Snick ($115.34 in chips) 
Seat 5: BGS013 ($100 in chips) 
Seat 6: Haalleluja ($97.39 in chips) 
spillechung: posts small blind $0.50
Ydys20: posts big blind $1
*** HOLE CARDS ***
b2k-Snick: folds 
BGS013: folds 
Haalleluja: raises $2 to $3
spillechung: raises $9 to $12
Ydys20: folds 
Haalleluja: calls $9
*** FLOP *** [5d Kd 9c]
spillechung: bets $7.84
Haalleluja: calls $7.84
*** TURN *** [5d Kd 9c] [6s]
spillechung: bets $27.50
Haalleluja: folds 
Uncalled bet ($27.50) returned to spillechung
spillechung collected $38.65 from pot
spillechung: doesn't show hand 
*** SUMMARY ***
Total pot $40.68 | Rake $2.03 
Board [5d Kd 9c 6s]
Seat 3: franco232315
Seat 1: spillechung (small blind) collected ($38.65)
Seat 2: Ydys20 (big blind) folded before Flop
Seat 4: b2k-Snick folded before Flop (didn't bet)
Seat 5: BGS013 folded before Flop (didn't bet)
Seat 6: Haalleluja (button) folded on the Turn



PokerStars Hand #254749884971:  Hold'em No Limit ($0.50/$1.00 USD) - 2025/02/07 14:50:34 WET [2025/02/07 9:50:34 ET]
Table 'Helio II' 6-max Seat #1 is the button
Seat 1: spillechung ($132.11 in chips) 
Seat 2: Ydys20 ($105.99 in chips) 
Seat 3: franco232315 ($100 in chips) 
Seat 4: b2k-Snick ($115.34 in chips) 
Seat 5: BGS013 ($100 in chips) 
Seat 6: Haalleluja ($77.55 in chips) 
Ydys20: posts small blind $0.50
franco232315: posts big blind $1
*** HOLE CARDS ***
b2k-Snick: folds 
BGS013: folds 
Haalleluja: raises $2 to $3
spillechung: folds 
Ydys20: folds 
franco232315: folds 
Uncalled bet ($2) returned to Haalleluja
Haalleluja collected $2.50 from pot
*** SUMMARY ***
Total pot $2.50 | Rake $0 
Seat 1: spillechung (button) folded before Flop (didn't bet)
Seat 2: Ydys20 (small blind) folded before Flop
Seat 3: franco232315 (big blind) folded before Flop
Seat 4: b2k-Snick folded before Flop (didn't bet)
Seat 5: BGS013 folded before Flop (didn't bet)
Seat 6: Haalleluja collected ($2.50)



PokerStars Hand #254749887789:  Hold'em No Limit ($0.50/$1.00 USD) - 2025/02/07 14:50:49 WET [2025/02/07 9:50:49 ET]
Table 'Helio II' 6-max Seat #2 is the button
Seat 1: spillechung ($132.11 in chips) 
Seat 2: Ydys20 ($105.49 in chips) 
Seat 3: franco232315 ($100 in chips) 
Seat 4: b2k-Snick ($115.34 in chips) 
Seat 5: BGS013 ($100 in chips) 
Seat 6: Haalleluja ($79.05 in chips) 
franco232315: posts small blind $0.50
b2k-Snick: posts big blind $1
*** HOLE CARDS ***
BGS013: folds 
Haalleluja: folds 
spillechung: folds 
Ydys20: folds 
franco232315: raises $2 to $3
b2k-Snick: folds 
Uncalled bet ($2) returned to franco232315
franco232315 collected $2 from pot
franco232315: doesn't show hand 
*** SUMMARY ***
Total pot $2 | Rake $0 
Seat 1: spillechung folded before Flop (didn't bet)
Seat 2: Ydys20 (button) folded before Flop (didn't bet)
Seat 3: franco232315 (small blind) collected ($2)
Seat 4: b2k-Snick (big blind) folded before Flop
Seat 5: BGS013 folded before Flop (didn't bet)
Seat 6: Haalleluja folded before Flop (didn't bet)



PokerStars Hand #254749891722:  Hold'em No Limit ($0.50/$1.00 USD) - 2025/02/07 14:51:10 WET [2025/02/07 9:51:10 ET]
Table 'Helio II' 6-max Seat #3 is the button
Seat 1: spillechung ($132.11 in chips) 
Seat 2: Ydys20 ($105.49 in chips) 
Seat 3: franco232315 ($101 in chips) 
Seat 4: b2k-Snick ($114.34 in chips) 
Seat 5: BGS013 ($100 in chips) 
Seat 6: Haalleluja ($79.05 in chips) 
b2k-Snick: posts small blind $0.50
BGS013: posts big blind $1
*** HOLE CARDS ***
Haalleluja: folds 
spillechung: folds 
Ydys20: folds 
franco232315: folds 
b2k-Snick: folds 
Uncalled bet ($0.50) returned to BGS013
BGS013 collected $1 from pot
BGS013: doesn't show hand 
*** SUMMARY ***
Total pot $1 | Rake $0 
Seat 1: spillechung folded before Flop (didn't bet)
Seat 2: Ydys20 folded before Flop (didn't bet)
Seat 3: franco232315 (button) folded before Flop (didn't bet)
Seat 4: b2k-Snick (small blind) folded before Flop
Seat 5: BGS013 (big blind) collected ($1)
Seat 6: Haalleluja folded before Flop (didn't bet)



PokerStars Hand #254749894269:  Hold'em No Limit ($0.50/$1.00 USD) - 2025/02/07 14:51:23 WET [2025/02/07 9:51:23 ET]
Table 'Helio II' 6-max Seat #4 is the button
Seat 1: spillechung ($132.11 in chips) 
Seat 2: Ydys20 ($105.49 in chips) 
Seat 3: franco232315 ($101 in chips) 
Seat 4: b2k-Snick ($113.84 in chips) 
Seat 5: BGS013 ($100.50 in chips) 
Seat 6: Haalleluja ($79.05 in chips) 
BGS013: posts small blind $0.50
Haalleluja: posts big blind $1
*** HOLE CARDS ***
spillechung: folds 
Ydys20: folds 
franco232315: raises $1.50 to $2.50
b2k-Snick: folds 
BGS013: folds 
Haalleluja: folds 
Uncalled bet ($1.50) returned to franco232315
franco232315 collected $2.50 from pot
franco232315: doesn't show hand 
*** SUMMARY ***
Total pot $2.50 | Rake $0 
Seat 1: spillechung folded before Flop (didn't bet)
Seat 2: Ydys20 folded before Flop (didn't bet)
Seat 3: franco232315 collected ($2.50)
Seat 4: b2k-Snick (button) folded before Flop (didn't bet)
Seat 5: BGS013 (small blind) folded before Flop
Seat 6: Haalleluja (big blind) folded before Flop



PokerStars Hand #254749898242:  Hold'em No Limit ($0.50/$1.00 USD) - 2025/02/07 14:51:44 WET [2025/02/07 9:51:44 ET]
Table 'Helio II' 6-max Seat #5 is the button
Seat 1: spillechung ($132.11 in chips) 
Seat 2: Ydys20 ($105.49 in chips) 
Seat 3: franco232315 ($102.50 in chips) 
Seat 4: b2k-Snick ($113.84 in chips) 
Seat 5: BGS013 ($100 in chips) 
Seat 6: Haalleluja ($78.05 in chips) 
Haalleluja: posts small blind $0.50
spillechung: posts big blind $1
*** HOLE CARDS ***
Ydys20: folds 
franco232315: folds 
b2k-Snick: folds 
BGS013: raises $1.50 to $2.50
Haalleluja: calls $2
spillechung: folds 
*** FLOP *** [4h Qh 4c]
Haalleluja: checks 
BGS013: bets $1.48
Haalleluja: folds 
Uncalled bet ($1.48) returned to BGS013
BGS013 collected $5.70 from pot
BGS013: doesn't show hand 
*** SUMMARY ***
Total pot $6 | Rake $0.30 
Board [4h Qh 4c]
Seat 1: spillechung (big blind) folded before Flop
Seat 2: Ydys20 folded before Flop (didn't bet)
Seat 3: franco232315 folded before Flop (didn't bet)
Seat 4: b2k-Snick folded before Flop (didn't bet)
Seat 5: BGS013 (button) collected ($5.70)
Seat 6: Haalleluja (small blind) folded on the Flop



PokerStars Hand #254749904504:  Hold'em No Limit ($0.50/$1.00 USD) - 2025/02/07 14:52:18 WET [2025/02/07 9:52:18 ET]
Table 'Helio II' 6-max Seat #6 is the button
Seat 1: spillechung ($131.11 in chips) 
Seat 2: Ydys20 ($105.49 in chips) 
Seat 3: franco232315 ($102.50 in chips) 
Seat 4: b2k-Snick ($113.84 in chips) 
Seat 5: BGS013 ($103.20 in chips) 
Seat 6: Haalleluja ($75.55 in chips) 
spillechung: posts small blind $0.50
Ydys20: posts big blind $1
*** HOLE CARDS ***
franco232315: folds 
b2k-Snick: folds 
BGS013: raises $1.50 to $2.50
Haalleluja: calls $2.50
spillechung: folds 
Ydys20: folds 
*** FLOP *** [9s 6d 3h]
BGS013: checks 
Haalleluja: bets $2
BGS013: calls $2
*** TURN *** [9s 6d 3h] [Jd]
BGS013: checks 
Haalleluja: checks 
*** RIVER *** [9s 6d 3h Jd] [5s]
BGS013: checks 
Haalleluja: checks 
*** SHOW DOWN ***
BGS013: shows [Ac Ks] (high card Ace)
Haalleluja: shows [6s Qs] (a pair of Sixes)
Haalleluja collected $9.98 from pot
*** SUMMARY ***
Total pot $10.50 | Rake $0.52 
Board [9s 6d 3h Jd 5s]
Seat 1: spillechung (small blind) folded before Flop
Seat 2: Ydys20 (big blind) folded before Flop
Seat 3: franco232315 folded before Flop (didn't bet)
Seat 4: b2k-Snick folded before Flop (didn't bet)
Seat 5: BGS013 showed [Ac Ks] and lost with high card Ace
Seat 6: Haalleluja (button) showed [6s Qs] and won ($9.98) with a pair of Sixes



PokerStars Hand #254749912277:  Hold'em No Limit ($0.50/$1.00 USD) - 2025/02/07 14:52:59 WET [2025/02/07 9:52:59 ET]
Table 'Helio II' 6-max Seat #1 is the button
Seat 1: spillechung ($130.61 in chips) 
Seat 2: Ydys20 ($104.49 in chips) 
Seat 3: franco232315 ($102.50 in chips) 
Seat 4: b2k-Snick ($113.84 in chips) 
Seat 5: BGS013 ($100 in chips) 
Seat 6: Haalleluja ($81.03 in chips) 
Ydys20: posts small blind $0.50
franco232315: posts big blind $1
*** HOLE CARDS ***
b2k-Snick: folds 
BGS013: folds 
Haalleluja: folds 
spillechung: raises $1.50 to $2.50
Ydys20: folds 
franco232315: folds 
Uncalled bet ($1.50) returned to spillechung
spillechung collected $2.50 from pot
spillechung: doesn't show hand 
*** SUMMARY ***
Total pot $2.50 | Rake $0 
Seat 1: spillechung (button) collected ($2.50)
Seat 2: Ydys20 (small blind) folded before Flop
Seat 3: franco232315 (big blind) folded before Flop
Seat 4: b2k-Snick folded before Flop (didn't bet)
Seat 5: BGS013 folded before Flop (didn't bet)
Seat 6: Haalleluja folded before Flop (didn't bet)



PokerStars Hand #254749915405:  Hold'em No Limit ($0.50/$1.00 USD) - 2025/02/07 14:53:15 WET [2025/02/07 9:53:15 ET]
Table 'Helio II' 6-max Seat #2 is the button
Seat 1: spillechung ($132.11 in chips) 
Seat 2: Ydys20 ($103.99 in chips) 
Seat 3: franco232315 ($101.50 in chips) 
Seat 4: b2k-Snick ($113.84 in chips) 
Seat 5: BGS013 ($100 in chips) 
Seat 6: Haalleluja ($81.03 in chips) 
franco232315: posts small blind $0.50
b2k-Snick: posts big blind $1
*** HOLE CARDS ***
BGS013: folds 
Haalleluja: folds 
spillechung: folds 
Ydys20: raises $1.50 to $2.50
franco232315: folds 
b2k-Snick: raises $10.50 to $13
Ydys20: folds 
Uncalled bet ($10.50) returned to b2k-Snick
b2k-Snick collected $5.50 from pot
b2k-Snick: doesn't show hand 
*** SUMMARY ***
Total pot $5.50 | Rake $0 
Seat 1: spillechung folded before Flop (didn't bet)
Seat 2: Ydys20 (button) folded before Flop
Seat 3: franco232315 (small blind) folded before Flop
Seat 4: b2k-Snick (big blind) collected ($5.50)
Seat 5: BGS013 folded before Flop (didn't bet)
Seat 6: Haalleluja folded before Flop (didn't bet)



PokerStars Hand #254749925651:  Hold'em No Limit ($0.50/$1.00 USD) - 2025/02/07 14:54:09 WET [2025/02/07 9:54:09 ET]
Table 'Helio II' 6-max Seat #3 is the button
Seat 1: spillechung ($132.11 in chips) 
Seat 2: Ydys20 ($101.49 in chips) 
Seat 3: franco232315 ($101 in chips) 
Seat 4: b2k-Snick ($116.84 in chips) 
Seat 5: BGS013 ($100 in chips) 
Seat 6: Haalleluja ($81.03 in chips) 
b2k-Snick: posts small blind $0.50
BGS013: posts big blind $1
*** HOLE CARDS ***
Haalleluja: raises $2 to $3
spillechung: folds 
Ydys20: folds 
franco232315: calls $3
b2k-Snick: folds 
BGS013: folds 
*** FLOP *** [7h 4h 5d]
Haalleluja: checks 
franco232315: bets $2.35
Haalleluja: folds 
Uncalled bet ($2.35) returned to franco232315
franco232315 collected $7.12 from pot
franco232315: doesn't show hand 
*** SUMMARY ***
Total pot $7.50 | Rake $0.38 
Board [7h 4h 5d]
Seat 1: spillechung folded before Flop (didn't bet)
Seat 2: Ydys20 folded before Flop (didn't bet)
Seat 3: franco232315 (button) collected ($7.12)
Seat 4: b2k-Snick (small blind) folded before Flop
Seat 5: BGS013 (big blind) folded before Flop
Seat 6: Haalleluja folded on the Flop



PokerStars Hand #254749930761:  Hold'em No Limit ($0.50/$1.00 USD) - 2025/02/07 14:54:36 WET [2025/02/07 9:54:36 ET]
Table 'Helio II' 6-max Seat #4 is the button
Seat 1: spillechung ($132.11 in chips) 
Seat 2: Ydys20 ($101.49 in chips) 
Seat 3: franco232315 ($105.12 in chips) 
Seat 4: b2k-Snick ($116.34 in chips) 
Seat 5: BGS013 ($100 in chips) 
Seat 6: Haalleluja ($78.03 in chips) 
BGS013: posts small blind $0.50
Haalleluja: posts big blind $1
*** HOLE CARDS ***
spillechung: folds 
Ydys20: raises $1.20 to $2.20
franco232315: calls $2.20
b2k-Snick: folds 
BGS013: raises $10.80 to $13
Haalleluja: folds 
Ydys20: folds 
franco232315: folds 
Uncalled bet ($10.80) returned to BGS013
BGS013 collected $7.60 from pot
BGS013: doesn't show hand 
*** SUMMARY ***
Total pot $7.60 | Rake $0 
Seat 1: spillechung folded before Flop (didn't bet)
Seat 2: Ydys20 folded before Flop
Seat 3: franco232315 folded before Flop
Seat 4: b2k-Snick (button) folded before Flop (didn't bet)
Seat 5: BGS013 (small blind) collected ($7.60)
Seat 6: Haalleluja (big blind) folded before Flop



PokerStars Hand #254749938381:  Hold'em No Limit ($0.50/$1.00 USD) - 2025/02/07 14:55:19 WET [2025/02/07 9:55:19 ET]
Table 'Helio II' 6-max Seat #5 is the button
Seat 1: spillechung ($132.11 in chips) 
Seat 2: Ydys20 ($100 in chips) 
Seat 3: franco232315 ($102.92 in chips) 
Seat 4: b2k-Snick ($116.34 in chips) 
Seat 5: BGS013 ($105.40 in chips) 
Seat 6: Haalleluja ($77.03 in chips) 
Haalleluja: posts small blind $0.50
spillechung: posts big blind $1
*** HOLE CARDS ***
Ydys20: folds 
franco232315: raises $1.20 to $2.20
b2k-Snick: folds 
BGS013: raises $5.80 to $8
Haalleluja: calls $7.50
spillechung: folds 
franco232315: calls $5.80
*** FLOP *** [6h 6c Kd]
Haalleluja: checks 
franco232315: checks 
BGS013: bets $5.18
Haalleluja: calls $5.18
franco232315: folds 
*** TURN *** [6h 6c Kd] [6s]
Haalleluja: checks 
BGS013: bets $22.70
Haalleluja: calls $22.70
*** RIVER *** [6h 6c Kd 6s] [9c]
Haalleluja: checks 
BGS013: checks 
*** SHOW DOWN ***
Haalleluja: shows [Ks Jh] (a full house, Sixes full of Kings)
BGS013: mucks hand 
Haalleluja collected $78.26 from pot
*** SUMMARY ***
Total pot $80.76 | Rake $2.50 
Board [6h 6c Kd 6s 9c]
Seat 1: spillechung (big blind) folded before Flop
Seat 2: Ydys20 folded before Flop (didn't bet)
Seat 3: franco232315 folded on the Flop
Seat 4: b2k-Snick folded before Flop (didn't bet)
Seat 5: BGS013 (button) mucked
Seat 6: Haalleluja (small blind) showed [Ks Jh] and won ($78.26) with a full house, Sixes full of Kings



PokerStars Hand #254749948890:  Hold'em No Limit ($0.50/$1.00 USD) - 2025/02/07 14:56:27 WET [2025/02/07 9:56:27 ET]
Table 'Helio II' 6-max Seat #6 is the button
Seat 1: spillechung ($131.11 in chips) 
Seat 2: Ydys20 ($100 in chips) 
Seat 3: franco232315 ($100 in chips) 
Seat 4: b2k-Snick ($116.34 in chips) 
Seat 5: BGS013 ($100 in chips) 
Seat 6: Haalleluja ($119.41 in chips) 
spillechung: posts small blind $0.50
Ydys20: posts big blind $1
*** HOLE CARDS ***
franco232315: folds 
b2k-Snick: raises $2 to $3
BGS013: folds 
Haalleluja: calls $3
spillechung: folds 
Ydys20: folds 
*** FLOP *** [Kh 3c 6c]
b2k-Snick: bets $4.50
Haalleluja: folds 
Uncalled bet ($4.50) returned to b2k-Snick
b2k-Snick collected $7.12 from pot
b2k-Snick: doesn't show hand 
*** SUMMARY ***
Total pot $7.50 | Rake $0.38 
Board [Kh 3c 6c]
Seat 1: spillechung (small blind) folded before Flop
Seat 2: Ydys20 (big blind) folded before Flop
Seat 3: franco232315 folded before Flop (didn't bet)
Seat 4: b2k-Snick collected ($7.12)
Seat 5: BGS013 folded before Flop (didn't bet)
Seat 6: Haalleluja (button) folded on the Flop



PokerStars Hand #254749955426:  Hold'em No Limit ($0.50/$1.00 USD) - 2025/02/07 14:57:09 WET [2025/02/07 9:57:09 ET]
Table 'Helio II' 6-max Seat #1 is the button
Seat 1: spillechung ($130.61 in chips) 
Seat 2: Ydys20 ($100 in chips) 
Seat 3: franco232315 ($100 in chips) 
Seat 4: b2k-Snick ($120.46 in chips) 
Seat 5: BGS013 ($100 in chips) 
Seat 6: Haalleluja ($116.41 in chips) 
Ydys20: posts small blind $0.50
franco232315: posts big blind $1
*** HOLE CARDS ***
b2k-Snick: folds 
BGS013: folds 
Haalleluja: raises $2 to $3
spillechung: raises $6 to $9
Ydys20: folds 
franco232315: folds 
Haalleluja: calls $6
*** FLOP *** [Jd Kd 6h]
Haalleluja: checks 
spillechung: bets $5.50
Haalleluja: calls $5.50
*** TURN *** [Jd Kd 6h] [7s]
Haalleluja: checks 
spillechung: bets $25.50
Haalleluja: folds 
Uncalled bet ($25.50) returned to spillechung
spillechung collected $28.98 from pot
spillechung: doesn't show hand 
*** SUMMARY ***
Total pot $30.50 | Rake $1.52 
Board [Jd Kd 6h 7s]
Seat 1: spillechung (button) collected ($28.98)
Seat 2: Ydys20 (small blind) folded before Flop
Seat 3: franco232315 (big blind) folded before Flop
Seat 4: b2k-Snick folded before Flop (didn't bet)
Seat 5: BGS013 folded before Flop (didn't bet)
Seat 6: Haalleluja folded on the Turn



PokerStars Hand #254749965702:  Hold'em No Limit ($0.50/$1.00 USD) - 2025/02/07 14:58:15 WET [2025/02/07 9:58:15 ET]
Table 'Helio II' 6-max Seat #2 is the button
Seat 6: Haalleluja ($101.91 in chips) is sitting out
Seat 1: spillechung ($145.09 in chips) 
Seat 2: Ydys20 ($100 in chips) 
Seat 3: franco232315 ($100 in chips) 
Seat 4: b2k-Snick ($120.46 in chips) 
Seat 5: BGS013 ($100 in chips) 
franco232315: posts small blind $0.50
b2k-Snick: posts big blind $1
*** HOLE CARDS ***
Haalleluja leaves the table
BoyLoc0 joins the table at seat #6 
BoyLoc0 leaves the table
BGS013 has timed out
BGS013: folds 
spillechung: folds 
Ydys20: folds 
franco232315: raises $2 to $3
b2k-Snick: raises $6 to $9
BGS013 leaves the table
franco232315: calls $6
*** FLOP *** [Kh 3d 4h]
franco232315: checks 
b2k-Snick: bets $9.41
franco232315: calls $9.41
*** TURN *** [Kh 3d 4h] [Kd]
franco232315: checks 
b2k-Snick: checks 
*** RIVER *** [Kh 3d 4h Kd] [Ac]
franco232315: checks 
b2k-Snick: checks 
*** SHOW DOWN ***
franco232315: shows [Jh Kc] (three of a kind, Kings)
b2k-Snick: mucks hand 
franco232315 collected $34.98 from pot
*** SUMMARY ***
Total pot $36.82 | Rake $1.84 
Board [Kh 3d 4h Kd Ac]
Seat 6: Haalleluja
Seat 1: spillechung folded before Flop (didn't bet)
Seat 2: Ydys20 (button) folded before Flop (didn't bet)
Seat 3: franco232315 (small blind) showed [Jh Kc] and won ($34.98) with three of a kind, Kings
Seat 4: b2k-Snick (big blind) mucked
Seat 5: BGS013 folded before Flop (didn't bet)



PokerStars Hand #254749980826:  Hold'em No Limit ($0.50/$1.00 USD) - 2025/02/07 14:59:53 WET [2025/02/07 9:59:53 ET]
Table 'Helio II' 6-max Seat #3 is the button
Seat 1: spillechung ($145.09 in chips) 
Seat 2: Ydys20 ($100 in chips) 
Seat 3: franco232315 ($116.57 in chips) 
Seat 4: b2k-Snick ($102.05 in chips) 
b2k-Snick: posts small blind $0.50
spillechung: posts big blind $1
*** HOLE CARDS ***
Ydys20: raises $1.50 to $2.50
franco232315: folds 
b2k-Snick: folds 
spillechung: calls $1.50
*** FLOP *** [Td 9c 4h]
spillechung: checks 
Ydys20: bets $1.72
spillechung: calls $1.72
*** TURN *** [Td 9c 4h] [3s]
spillechung: checks 
Ydys20: bets $6.37
spillechung: folds 
Uncalled bet ($6.37) returned to Ydys20
Ydys20 collected $8.49 from pot
Ydys20: doesn't show hand 
*** SUMMARY ***
Total pot $8.94 | Rake $0.45 
Board [Td 9c 4h 3s]
Seat 1: spillechung (big blind) folded on the Turn
Seat 2: Ydys20 collected ($8.49)
Seat 3: franco232315 (button) folded before Flop (didn't bet)
Seat 4: b2k-Snick (small blind) folded before Flop



