PokerStars Hand #254752791032:  Hold'em No Limit ($0.50/$1.00 USD) - 2025/02/07 18:23:27 WET [2025/02/07 13:23:27 ET]
Table 'Palala II' 6-max Seat #5 is the button
Seat 4: LuckyShikari ($100 in chips) 
Seat 5: I TAKE IT 85 ($107.20 in chips) 
I TAKE IT 85: posts small blind $0.50
LuckyShikari: posts big blind $1
*** HOLE CARDS ***
I TAKE IT 85: raises $1.50 to $2.50
LuckyShikari: calls $1.50
*** FLOP *** [6s 2h 4d]
LuckyShikari: checks 
I TAKE IT 85: checks 
*** TURN *** [6s 2h 4d] [Jh]
LuckyShikari: bets $3.50
I TAKE IT 85: folds 
Uncalled bet ($3.50) returned to LuckyShikari
LuckyShikari collected $4.75 from pot
LuckyShikari: doesn't show hand 
*** SUMMARY ***
Total pot $5 | Rake $0.25 
Board [6s 2h 4d Jh]
Seat 4: LuckyShikari (big blind) collected ($4.75)
Seat 5: I TAKE IT 85 (button) (small blind) folded on the Turn



PokerStars Hand #254752799330:  Hold'em No Limit ($0.50/$1.00 USD) - 2025/02/07 18:23:57 WET [2025/02/07 13:23:57 ET]
Table 'Palala II' 6-max Seat #4 is the button
Seat 4: LuckyShikari ($102.25 in chips) 
Seat 5: I TAKE IT 85 ($104.70 in chips) 
LuckyShikari: posts small blind $0.50
I TAKE IT 85: posts big blind $1
*** HOLE CARDS ***
LuckyShikari: raises $2 to $3
I TAKE IT 85: folds 
Uncalled bet ($2) returned to LuckyShikari
LuckyShikari collected $2 from pot
LuckyShikari: doesn't show hand 
*** SUMMARY ***
Total pot $2 | Rake $0 
Seat 4: LuckyShikari (button) (small blind) collected ($2)
Seat 5: I TAKE IT 85 (big blind) folded before Flop



PokerStars Hand #254752801904:  Hold'em No Limit ($0.50/$1.00 USD) - 2025/02/07 18:24:06 WET [2025/02/07 13:24:06 ET]
Table 'Palala II' 6-max Seat #5 is the button
Seat 4: LuckyShikari ($103.25 in chips) 
Seat 5: I TAKE IT 85 ($103.70 in chips) 
I TAKE IT 85: posts small blind $0.50
LuckyShikari: posts big blind $1
*** HOLE CARDS ***
I TAKE IT 85: raises $1.50 to $2.50
LuckyShikari: folds 
Uncalled bet ($1.50) returned to I TAKE IT 85
I TAKE IT 85 collected $2 from pot
I TAKE IT 85: doesn't show hand 
*** SUMMARY ***
Total pot $2 | Rake $0 
Seat 4: LuckyShikari (big blind) folded before Flop
Seat 5: I TAKE IT 85 (button) (small blind) collected ($2)



PokerStars Hand #254752810812:  Hold'em No Limit ($0.50/$1.00 USD) - 2025/02/07 18:24:38 WET [2025/02/07 13:24:38 ET]
Table 'Palala II' 6-max Seat #4 is the button
Seat 4: LuckyShikari ($102.25 in chips) 
Seat 5: I TAKE IT 85 ($104.70 in chips) 
LuckyShikari: posts small blind $0.50
I TAKE IT 85: posts big blind $1
*** HOLE CARDS ***
LuckyShikari: raises $2 to $3
I TAKE IT 85: folds 
Uncalled bet ($2) returned to LuckyShikari
LuckyShikari collected $2 from pot
LuckyShikari: doesn't show hand 
*** SUMMARY ***
Total pot $2 | Rake $0 
Seat 4: LuckyShikari (button) (small blind) collected ($2)
Seat 5: I TAKE IT 85 (big blind) folded before Flop



PokerStars Hand #254752813285:  Hold'em No Limit ($0.50/$1.00 USD) - 2025/02/07 18:24:47 WET [2025/02/07 13:24:47 ET]
Table 'Palala II' 6-max Seat #5 is the button
Seat 4: LuckyShikari ($103.25 in chips) 
Seat 5: I TAKE IT 85 ($103.70 in chips) 
I TAKE IT 85: posts small blind $0.50
LuckyShikari: posts big blind $1
*** HOLE CARDS ***
I TAKE IT 85: raises $1.50 to $2.50
amrysatoru joins the table at seat #1 
amrysatoru is disconnected 
paramourx joins the table at seat #2 
LuckyShikari: calls $1.50
*** FLOP *** [Jc Js Kc]
SorinS28 joins the table at seat #3 
BGS013 joins the table at seat #6 
LuckyShikari: checks 
I TAKE IT 85: bets $1.57
LuckyShikari: calls $1.57
*** TURN *** [Jc Js Kc] [5d]
LuckyShikari: checks 
I TAKE IT 85: checks 
*** RIVER *** [Jc Js Kc 5d] [5c]
LuckyShikari: bets $6
I TAKE IT 85: folds 
Uncalled bet ($6) returned to LuckyShikari
LuckyShikari collected $7.73 from pot
LuckyShikari: doesn't show hand 
*** SUMMARY ***
Total pot $8.14 | Rake $0.41 
Board [Jc Js Kc 5d 5c]
Seat 4: LuckyShikari (big blind) collected ($7.73)
Seat 5: I TAKE IT 85 (button) (small blind) folded on the River



PokerStars Hand #254752826610:  Hold'em No Limit ($0.50/$1.00 USD) - 2025/02/07 18:25:35 WET [2025/02/07 13:25:35 ET]
Table 'Palala II' 6-max Seat #4 is the button
Seat 2: paramourx ($100 in chips) is sitting out
Seat 3: SorinS28 ($100 in chips) is sitting out
Seat 1: amrysatoru ($58.91 in chips) 
Seat 4: LuckyShikari ($106.91 in chips) 
Seat 5: I TAKE IT 85 ($100 in chips) 
Seat 6: BGS013 ($100 in chips) 
I TAKE IT 85: posts small blind $0.50
BGS013: posts big blind $1
amrysatoru: posts big blind $1
paramourx: sits out 
SorinS28: sits out 
*** HOLE CARDS ***
amrysatoru: checks 
LuckyShikari: folds 
I TAKE IT 85: calls $0.50
BGS013: raises $4.50 to $5.50
amrysatoru: folds 
I TAKE IT 85: folds 
Uncalled bet ($4.50) returned to BGS013
BGS013 collected $3 from pot
BGS013: doesn't show hand 
*** SUMMARY ***
Total pot $3 | Rake $0 
Seat 2: paramourx
Seat 3: SorinS28
Seat 1: amrysatoru folded before Flop (didn't bet)
Seat 4: LuckyShikari (button) folded before Flop (didn't bet)
Seat 5: I TAKE IT 85 (small blind) folded before Flop
Seat 6: BGS013 (big blind) collected ($3)



PokerStars Hand #254752834180:  Hold'em No Limit ($0.50/$1.00 USD) - 2025/02/07 18:26:02 WET [2025/02/07 13:26:02 ET]
Table 'Palala II' 6-max Seat #5 is the button
Seat 2: paramourx ($100 in chips) is sitting out
Seat 3: SorinS28 ($100 in chips) is sitting out
Seat 1: amrysatoru ($57.91 in chips) 
Seat 4: LuckyShikari ($106.91 in chips) 
Seat 5: I TAKE IT 85 ($100 in chips) 
Seat 6: BGS013 ($102 in chips) 
BGS013: posts small blind $0.50
amrysatoru: posts big blind $1
paramourx: sits out 
SorinS28: sits out 
*** HOLE CARDS ***
LuckyShikari: folds 
I TAKE IT 85: raises $1.05 to $2.05
BGS013: folds 
amrysatoru: folds 
Uncalled bet ($1.05) returned to I TAKE IT 85
I TAKE IT 85 collected $2.50 from pot
I TAKE IT 85: doesn't show hand 
*** SUMMARY ***
Total pot $2.50 | Rake $0 
Seat 2: paramourx
Seat 3: SorinS28
Seat 1: amrysatoru (big blind) folded before Flop
Seat 4: LuckyShikari folded before Flop (didn't bet)
Seat 5: I TAKE IT 85 (button) collected ($2.50)
Seat 6: BGS013 (small blind) folded before Flop



PokerStars Hand #254752838352:  Hold'em No Limit ($0.50/$1.00 USD) - 2025/02/07 18:26:17 WET [2025/02/07 13:26:17 ET]
Table 'Palala II' 6-max Seat #6 is the button
Seat 3: SorinS28 ($100 in chips) is sitting out
Seat 1: amrysatoru ($56.91 in chips) 
Seat 2: paramourx ($100 in chips) 
Seat 4: LuckyShikari ($106.91 in chips) 
Seat 5: I TAKE IT 85 ($101.50 in chips) 
Seat 6: BGS013 ($101.50 in chips) 
amrysatoru: posts small blind $0.50
paramourx: posts big blind $1
SorinS28: sits out 
*** HOLE CARDS ***
LuckyShikari: folds 
I TAKE IT 85: folds 
BGS013: raises $1.50 to $2.50
amrysatoru: calls $2
paramourx: folds 
*** FLOP *** [5h 6s Qd]
amrysatoru: checks 
BGS013: bets $1.48
amrysatoru: raises $3.52 to $5
BGS013: folds 
Uncalled bet ($3.52) returned to amrysatoru
amrysatoru collected $8.51 from pot
amrysatoru: doesn't show hand 
*** SUMMARY ***
Total pot $8.96 | Rake $0.45 
Board [5h 6s Qd]
Seat 3: SorinS28
Seat 1: amrysatoru (small blind) collected ($8.51)
Seat 2: paramourx (big blind) folded before Flop
Seat 4: LuckyShikari folded before Flop (didn't bet)
Seat 5: I TAKE IT 85 folded before Flop (didn't bet)
Seat 6: BGS013 (button) folded on the Flop



PokerStars Hand #254752847488:  Hold'em No Limit ($0.50/$1.00 USD) - 2025/02/07 18:26:50 WET [2025/02/07 13:26:50 ET]
Table 'Palala II' 6-max Seat #1 is the button
Seat 1: amrysatoru ($61.44 in chips) 
Seat 2: paramourx ($100 in chips) 
Seat 3: SorinS28 ($100 in chips) 
Seat 4: LuckyShikari ($106.91 in chips) 
Seat 5: I TAKE IT 85 ($101.50 in chips) 
Seat 6: BGS013 ($100 in chips) 
paramourx: posts small blind $0.50
SorinS28: posts big blind $1
*** HOLE CARDS ***
LuckyShikari: folds 
I TAKE IT 85: folds 
BGS013: folds 
amrysatoru: raises $1 to $2
paramourx: folds 
SorinS28: raises $9 to $11
amrysatoru: folds 
Uncalled bet ($9) returned to SorinS28
SorinS28 collected $4.50 from pot
SorinS28: doesn't show hand 
*** SUMMARY ***
Total pot $4.50 | Rake $0 
Seat 1: amrysatoru (button) folded before Flop
Seat 2: paramourx (small blind) folded before Flop
Seat 3: SorinS28 (big blind) collected ($4.50)
Seat 4: LuckyShikari folded before Flop (didn't bet)
Seat 5: I TAKE IT 85 folded before Flop (didn't bet)
Seat 6: BGS013 folded before Flop (didn't bet)



PokerStars Hand #254752857819:  Hold'em No Limit ($0.50/$1.00 USD) - 2025/02/07 18:27:26 WET [2025/02/07 13:27:26 ET]
Table 'Palala II' 6-max Seat #2 is the button
Seat 1: amrysatoru ($59.44 in chips) 
Seat 2: paramourx ($100 in chips) 
Seat 3: SorinS28 ($102.50 in chips) 
Seat 4: LuckyShikari ($106.91 in chips) 
Seat 5: I TAKE IT 85 ($101.50 in chips) 
Seat 6: BGS013 ($100 in chips) 
SorinS28: posts small blind $0.50
LuckyShikari: posts big blind $1
*** HOLE CARDS ***
I TAKE IT 85: folds 
BGS013: folds 
amrysatoru: raises $1 to $2
paramourx: folds 
SorinS28: folds 
LuckyShikari: folds 
Uncalled bet ($1) returned to amrysatoru
amrysatoru collected $2.50 from pot
amrysatoru: doesn't show hand 
*** SUMMARY ***
Total pot $2.50 | Rake $0 
Seat 1: amrysatoru collected ($2.50)
Seat 2: paramourx (button) folded before Flop (didn't bet)
Seat 3: SorinS28 (small blind) folded before Flop
Seat 4: LuckyShikari (big blind) folded before Flop
Seat 5: I TAKE IT 85 folded before Flop (didn't bet)
Seat 6: BGS013 folded before Flop (didn't bet)



PokerStars Hand #254752865019:  Hold'em No Limit ($0.50/$1.00 USD) - 2025/02/07 18:27:52 WET [2025/02/07 13:27:52 ET]
Table 'Palala II' 6-max Seat #3 is the button
Seat 1: amrysatoru ($60.94 in chips) 
Seat 2: paramourx ($100 in chips) 
Seat 3: SorinS28 ($102 in chips) 
Seat 4: LuckyShikari ($105.91 in chips) 
Seat 5: I TAKE IT 85 ($101.50 in chips) 
Seat 6: BGS013 ($100 in chips) 
LuckyShikari: posts small blind $0.50
I TAKE IT 85: posts big blind $1
*** HOLE CARDS ***
BGS013: folds 
amrysatoru: folds 
paramourx: folds 
SorinS28: raises $1.50 to $2.50
LuckyShikari: raises $7.50 to $10
I TAKE IT 85: raises $12 to $22
SorinS28: folds 
LuckyShikari: folds 
Uncalled bet ($12) returned to I TAKE IT 85
I TAKE IT 85 collected $22.50 from pot
I TAKE IT 85: doesn't show hand 
*** SUMMARY ***
Total pot $22.50 | Rake $0 
Seat 1: amrysatoru folded before Flop (didn't bet)
Seat 2: paramourx folded before Flop (didn't bet)
Seat 3: SorinS28 (button) folded before Flop
Seat 4: LuckyShikari (small blind) folded before Flop
Seat 5: I TAKE IT 85 (big blind) collected ($22.50)
Seat 6: BGS013 folded before Flop (didn't bet)



PokerStars Hand #254752873902:  Hold'em No Limit ($0.50/$1.00 USD) - 2025/02/07 18:28:24 WET [2025/02/07 13:28:24 ET]
Table 'Palala II' 6-max Seat #4 is the button
Seat 1: amrysatoru ($60.94 in chips) 
Seat 2: paramourx ($100 in chips) 
Seat 3: SorinS28 ($100 in chips) 
Seat 4: LuckyShikari ($100 in chips) 
Seat 5: I TAKE IT 85 ($114 in chips) 
Seat 6: BGS013 ($100 in chips) 
I TAKE IT 85: posts small blind $0.50
BGS013: posts big blind $1
*** HOLE CARDS ***
amrysatoru: folds 
paramourx: raises $2 to $3
SorinS28: folds 
LuckyShikari: folds 
I TAKE IT 85: folds 
BGS013: folds 
Uncalled bet ($2) returned to paramourx
paramourx collected $2.50 from pot
paramourx: doesn't show hand 
*** SUMMARY ***
Total pot $2.50 | Rake $0 
Seat 1: amrysatoru folded before Flop (didn't bet)
Seat 2: paramourx collected ($2.50)
Seat 3: SorinS28 folded before Flop (didn't bet)
Seat 4: LuckyShikari (button) folded before Flop (didn't bet)
Seat 5: I TAKE IT 85 (small blind) folded before Flop
Seat 6: BGS013 (big blind) folded before Flop



PokerStars Hand #254752880692:  Hold'em No Limit ($0.50/$1.00 USD) - 2025/02/07 18:28:49 WET [2025/02/07 13:28:49 ET]
Table 'Palala II' 6-max Seat #5 is the button
Seat 1: amrysatoru ($60.94 in chips) 
Seat 2: paramourx ($101.50 in chips) 
Seat 3: SorinS28 ($100 in chips) 
Seat 4: LuckyShikari ($100 in chips) 
Seat 5: I TAKE IT 85 ($113.50 in chips) 
Seat 6: BGS013 ($100 in chips) 
BGS013: posts small blind $0.50
amrysatoru: posts big blind $1
*** HOLE CARDS ***
paramourx: raises $2 to $3
SorinS28: folds 
LuckyShikari: folds 
I TAKE IT 85: folds 
BGS013: folds 
amrysatoru: folds 
Uncalled bet ($2) returned to paramourx
paramourx collected $2.50 from pot
paramourx: doesn't show hand 
*** SUMMARY ***
Total pot $2.50 | Rake $0 
Seat 1: amrysatoru (big blind) folded before Flop
Seat 2: paramourx collected ($2.50)
Seat 3: SorinS28 folded before Flop (didn't bet)
Seat 4: LuckyShikari folded before Flop (didn't bet)
Seat 5: I TAKE IT 85 (button) folded before Flop (didn't bet)
Seat 6: BGS013 (small blind) folded before Flop



PokerStars Hand #254752886408:  Hold'em No Limit ($0.50/$1.00 USD) - 2025/02/07 18:29:10 WET [2025/02/07 13:29:10 ET]
Table 'Palala II' 6-max Seat #6 is the button
Seat 1: amrysatoru ($59.94 in chips) 
Seat 2: paramourx ($103 in chips) 
Seat 3: SorinS28 ($100 in chips) 
Seat 4: LuckyShikari ($100 in chips) 
Seat 5: I TAKE IT 85 ($113.50 in chips) 
Seat 6: BGS013 ($100 in chips) 
amrysatoru: posts small blind $0.50
paramourx: posts big blind $1
*** HOLE CARDS ***
SorinS28: folds 
LuckyShikari: folds 
I TAKE IT 85: raises $1.05 to $2.05
BGS013: raises $5.45 to $7.50
amrysatoru: folds 
paramourx: folds 
I TAKE IT 85: folds 
Uncalled bet ($5.45) returned to BGS013
BGS013 collected $5.60 from pot
BGS013: doesn't show hand 
*** SUMMARY ***
Total pot $5.60 | Rake $0 
Seat 1: amrysatoru (small blind) folded before Flop
Seat 2: paramourx (big blind) folded before Flop
Seat 3: SorinS28 folded before Flop (didn't bet)
Seat 4: LuckyShikari folded before Flop (didn't bet)
Seat 5: I TAKE IT 85 folded before Flop
Seat 6: BGS013 (button) collected ($5.60)



PokerStars Hand #254752893362:  Hold'em No Limit ($0.50/$1.00 USD) - 2025/02/07 18:29:35 WET [2025/02/07 13:29:35 ET]
Table 'Palala II' 6-max Seat #1 is the button
Seat 1: amrysatoru ($59.44 in chips) 
Seat 2: paramourx ($102 in chips) 
Seat 3: SorinS28 ($100 in chips) 
Seat 4: LuckyShikari ($100 in chips) 
Seat 5: I TAKE IT 85 ($111.45 in chips) 
Seat 6: BGS013 ($103.55 in chips) 
paramourx: posts small blind $0.50
SorinS28: posts big blind $1
*** HOLE CARDS ***
LuckyShikari: folds 
I TAKE IT 85: folds 
BGS013: folds 
amrysatoru: raises $1 to $2
paramourx: folds 
SorinS28: raises $10 to $12
amrysatoru: calls $10
*** FLOP *** [8h 2h 6h]
SorinS28: bets $7.68
amrysatoru: raises $39.76 to $47.44 and is all-in
SorinS28: calls $39.76
*** TURN *** [8h 2h 6h] [3d]
*** RIVER *** [8h 2h 6h 3d] [5h]
*** SHOW DOWN ***
SorinS28: shows [Jd Jh] (a flush, Jack high)
amrysatoru: shows [2d 4c] (a straight, Deuce to Six)
SorinS28 cashed out the hand for $98.81 | Cash Out Fee $2.02
*** SUMMARY ***
Total pot $119.38 | Rake $2.50 
Board [8h 2h 6h 3d 5h]
Seat 1: amrysatoru (button) showed [2d 4c] and lost with a straight, Deuce to Six
Seat 2: paramourx (small blind) folded before Flop
Seat 3: SorinS28 (big blind) showed [Jd Jh] and won ($116.88) with a flush, Jack high (pot not awarded as player cashed out)
Seat 4: LuckyShikari folded before Flop (didn't bet)
Seat 5: I TAKE IT 85 folded before Flop (didn't bet)
Seat 6: BGS013 folded before Flop (didn't bet)



PokerStars Hand #254752908879:  Hold'em No Limit ($0.50/$1.00 USD) - 2025/02/07 18:30:30 WET [2025/02/07 13:30:30 ET]
Table 'Palala II' 6-max Seat #2 is the button
Seat 1: amrysatoru ($0 in chips) is sitting out
Seat 2: paramourx ($101.50 in chips) 
Seat 3: SorinS28 ($139.37 in chips) 
Seat 4: LuckyShikari ($100 in chips) 
Seat 5: I TAKE IT 85 ($111.45 in chips) 
Seat 6: BGS013 ($103.55 in chips) 
SorinS28: posts small blind $0.50
LuckyShikari: posts big blind $1
*** HOLE CARDS ***
I TAKE IT 85: folds 
BGS013: folds 
paramourx: folds 
SorinS28: folds 
Uncalled bet ($0.50) returned to LuckyShikari
LuckyShikari collected $1 from pot
LuckyShikari: doesn't show hand 
*** SUMMARY ***
Total pot $1 | Rake $0 
Seat 1: amrysatoru
Seat 2: paramourx (button) folded before Flop (didn't bet)
Seat 3: SorinS28 (small blind) folded before Flop
Seat 4: LuckyShikari (big blind) collected ($1)
Seat 5: I TAKE IT 85 folded before Flop (didn't bet)
Seat 6: BGS013 folded before Flop (didn't bet)



PokerStars Hand #254752911225:  Hold'em No Limit ($0.50/$1.00 USD) - 2025/02/07 18:30:39 WET [2025/02/07 13:30:39 ET]
Table 'Palala II' 6-max Seat #3 is the button
Seat 1: amrysatoru ($50.41 in chips) is sitting out
Seat 4: LuckyShikari ($100.50 in chips) is sitting out
Seat 2: paramourx ($101.50 in chips) 
Seat 3: SorinS28 ($138.87 in chips) 
Seat 5: I TAKE IT 85 ($111.45 in chips) 
Seat 6: BGS013 ($103.55 in chips) 
I TAKE IT 85: posts small blind $0.50
BGS013: posts big blind $1
*** HOLE CARDS ***
paramourx: folds 
SorinS28: folds 
I TAKE IT 85: folds 
Uncalled bet ($0.50) returned to BGS013
BGS013 collected $1 from pot
BGS013: doesn't show hand 
*** SUMMARY ***
Total pot $1 | Rake $0 
Seat 1: amrysatoru
Seat 4: LuckyShikari
Seat 2: paramourx folded before Flop (didn't bet)
Seat 3: SorinS28 (button) folded before Flop (didn't bet)
Seat 5: I TAKE IT 85 (small blind) folded before Flop
Seat 6: BGS013 (big blind) collected ($1)



PokerStars Hand #254752913422:  Hold'em No Limit ($0.50/$1.00 USD) - 2025/02/07 18:30:47 WET [2025/02/07 13:30:47 ET]
Table 'Palala II' 6-max Seat #5 is the button
Seat 4: LuckyShikari ($100.50 in chips) is sitting out
Seat 1: amrysatoru ($50.41 in chips) 
Seat 2: paramourx ($101.50 in chips) 
Seat 3: SorinS28 ($138.87 in chips) 
Seat 5: I TAKE IT 85 ($110.95 in chips) 
Seat 6: BGS013 ($104.05 in chips) 
BGS013: posts small blind $0.50
amrysatoru: posts big blind $1
*** HOLE CARDS ***
paramourx: raises $2 to $3
SorinS28: folds 
I TAKE IT 85: folds 
BGS013: raises $9 to $12
amrysatoru: folds 
paramourx: folds 
Uncalled bet ($9) returned to BGS013
BGS013 collected $7 from pot
BGS013: doesn't show hand 
*** SUMMARY ***
Total pot $7 | Rake $0 
Seat 4: LuckyShikari
Seat 1: amrysatoru (big blind) folded before Flop
Seat 2: paramourx folded before Flop
Seat 3: SorinS28 folded before Flop (didn't bet)
Seat 5: I TAKE IT 85 (button) folded before Flop (didn't bet)
Seat 6: BGS013 (small blind) collected ($7)



PokerStars Hand #254752921154:  Hold'em No Limit ($0.50/$1.00 USD) - 2025/02/07 18:31:15 WET [2025/02/07 13:31:15 ET]
Table 'Palala II' 6-max Seat #6 is the button
Seat 4: LuckyShikari ($100.50 in chips) is sitting out
Seat 1: amrysatoru ($49.41 in chips) 
Seat 2: paramourx ($100 in chips) 
Seat 3: SorinS28 ($138.87 in chips) 
Seat 5: I TAKE IT 85 ($110.95 in chips) 
Seat 6: BGS013 ($108.05 in chips) 
amrysatoru: posts small blind $0.50
paramourx: posts big blind $1
*** HOLE CARDS ***
SorinS28: folds 
I TAKE IT 85: raises $1.05 to $2.05
BGS013: folds 
amrysatoru: calls $1.55
paramourx: folds 
*** FLOP *** [3h 6h 4d]
amrysatoru: checks 
I TAKE IT 85: checks 
*** TURN *** [3h 6h 4d] [6d]
amrysatoru: bets $2
I TAKE IT 85: calls $2
*** RIVER *** [3h 6h 4d 6d] [8c]
amrysatoru: bets $5.32
I TAKE IT 85: raises $20.24 to $25.56
amrysatoru: folds 
Uncalled bet ($20.24) returned to I TAKE IT 85
I TAKE IT 85 collected $18.75 from pot
I TAKE IT 85: doesn't show hand 
*** SUMMARY ***
Total pot $19.74 | Rake $0.99 
Board [3h 6h 4d 6d 8c]
Seat 4: LuckyShikari
Seat 1: amrysatoru (small blind) folded on the River
Seat 2: paramourx (big blind) folded before Flop
Seat 3: SorinS28 folded before Flop (didn't bet)
Seat 5: I TAKE IT 85 collected ($18.75)
Seat 6: BGS013 (button) folded before Flop (didn't bet)



PokerStars Hand #254752998691:  Hold'em No Limit ($0.50/$1.00 USD) - 2025/02/07 18:35:52 WET [2025/02/07 13:35:52 ET]
Table 'Palala II' 6-max Seat #4 is the button
Seat 1: amrysatoru ($63.78 in chips) 
Seat 2: paramourx ($122.33 in chips) 
Seat 3: SorinS28 ($162.35 in chips) 
Seat 4: Xenicide ($100 in chips) 
Seat 5: I TAKE IT 85 ($120.28 in chips) 
Seat 6: BGS013 ($106.57 in chips) 
I TAKE IT 85: posts small blind $0.50
BGS013: posts big blind $1
*** HOLE CARDS ***
amrysatoru: raises $1 to $2
paramourx: folds 
SorinS28: raises $5.50 to $7.50
Xenicide: folds 
I TAKE IT 85: folds 
BGS013: folds 
amrysatoru: raises $7.50 to $15
SorinS28: raises $87 to $102
amrysatoru: calls $48.78 and is all-in
Uncalled bet ($38.22) returned to SorinS28
*** FLOP *** [4s Qc 3h]
*** TURN *** [4s Qc 3h] [3d]
*** RIVER *** [4s Qc 3h 3d] [5d]
*** SHOW DOWN ***
amrysatoru: shows [Jc Jd] (two pair, Jacks and Threes)
SorinS28: shows [Ah As] (two pair, Aces and Threes)
SorinS28 cashed out the hand for $99.80 | Cash Out Fee $2.04
*** SUMMARY ***
Total pot $129.06 | Rake $2.50 
Board [4s Qc 3h 3d 5d]
Seat 1: amrysatoru showed [Jc Jd] and lost with two pair, Jacks and Threes
Seat 2: paramourx folded before Flop (didn't bet)
Seat 3: SorinS28 showed [Ah As] and won ($126.56) with two pair, Aces and Threes (pot not awarded as player cashed out)
Seat 4: Xenicide (button) folded before Flop (didn't bet)
Seat 5: I TAKE IT 85 (small blind) folded before Flop
Seat 6: BGS013 (big blind) folded before Flop



PokerStars Hand #254753011050:  Hold'em No Limit ($0.50/$1.00 USD) - 2025/02/07 18:36:36 WET [2025/02/07 13:36:36 ET]
Table 'Palala II' 6-max Seat #5 is the button
Seat 1: amrysatoru ($0 in chips) is sitting out
Seat 2: paramourx ($122.33 in chips) 
Seat 3: SorinS28 ($198.37 in chips) 
Seat 4: Xenicide ($100 in chips) 
Seat 5: I TAKE IT 85 ($119.78 in chips) 
Seat 6: BGS013 ($105.57 in chips) 
BGS013: posts small blind $0.50
paramourx: posts big blind $1
*** HOLE CARDS ***
amrysatoru leaves the table
SorinS28: folds 
Xenicide: raises $1 to $2
I TAKE IT 85: folds 
BGS013: folds 
paramourx: calls $1
*** FLOP *** [Tc 6s 7h]
paramourx: checks 
iDawn joins the table at seat #1 
iDawn is disconnected 
Xenicide: checks 
*** TURN *** [Tc 6s 7h] [3d]
paramourx: checks 
Xenicide: checks 
*** RIVER *** [Tc 6s 7h 3d] [2s]
paramourx: bets $1.33
Xenicide: raises $3.82 to $5.15
paramourx: folds 
Uncalled bet ($3.82) returned to Xenicide
Xenicide collected $6.80 from pot
*** SUMMARY ***
Total pot $7.16 | Rake $0.36 
Board [Tc 6s 7h 3d 2s]
Seat 1: amrysatoru
Seat 2: paramourx (big blind) folded on the River
Seat 3: SorinS28 folded before Flop (didn't bet)
Seat 4: Xenicide collected ($6.80)
Seat 5: I TAKE IT 85 (button) folded before Flop (didn't bet)
Seat 6: BGS013 (small blind) folded before Flop



PokerStars Hand #254753038371:  Hold'em No Limit ($0.50/$1.00 USD) - 2025/02/07 18:38:15 WET [2025/02/07 13:38:15 ET]
Table 'Palala II' 6-max Seat #6 is the button
Seat 1: iDawn ($62.07 in chips) is sitting out
Seat 2: paramourx ($119 in chips) 
Seat 3: SorinS28 ($198.37 in chips) 
Seat 4: Xenicide ($103.47 in chips) 
Seat 5: I TAKE IT 85 ($119.78 in chips) 
Seat 6: BGS013 ($105.07 in chips) 
paramourx: posts small blind $0.50
SorinS28: posts big blind $1
*** HOLE CARDS ***
Xenicide: folds 
I TAKE IT 85: folds 
BGS013: raises $1.50 to $2.50
paramourx: folds 
SorinS28: folds 
Uncalled bet ($1.50) returned to BGS013
BGS013 collected $2.50 from pot
BGS013: doesn't show hand 
*** SUMMARY ***
Total pot $2.50 | Rake $0 
Seat 1: iDawn
Seat 2: paramourx (small blind) folded before Flop
Seat 3: SorinS28 (big blind) folded before Flop
Seat 4: Xenicide folded before Flop (didn't bet)
Seat 5: I TAKE IT 85 folded before Flop (didn't bet)
Seat 6: BGS013 (button) collected ($2.50)



PokerStars Hand #254753044425:  Hold'em No Limit ($0.50/$1.00 USD) - 2025/02/07 18:38:37 WET [2025/02/07 13:38:37 ET]
Table 'Palala II' 6-max Seat #2 is the button
Seat 1: iDawn ($62.07 in chips) 
Seat 2: paramourx ($118.50 in chips) 
Seat 3: SorinS28 ($197.37 in chips) 
Seat 4: Xenicide ($103.47 in chips) 
Seat 5: I TAKE IT 85 ($119.78 in chips) 
Seat 6: BGS013 ($106.57 in chips) 
SorinS28: posts small blind $0.50
Xenicide: posts big blind $1
iDawn: posts big blind $1
*** HOLE CARDS ***
I TAKE IT 85: folds 
BGS013: calls $1
iDawn: checks 
paramourx: folds 
SorinS28: folds 
Xenicide: checks 
*** FLOP *** [Ad Tc Td]
Xenicide: checks 
BGS013: checks 
iDawn: checks 
*** TURN *** [Ad Tc Td] [Kh]
Xenicide: checks 
BGS013: checks 
iDawn: checks 
*** RIVER *** [Ad Tc Td Kh] [Jd]
Xenicide: bets $1
BGS013: folds 
iDawn: folds 
Uncalled bet ($1) returned to Xenicide
Xenicide collected $3.32 from pot
*** SUMMARY ***
Total pot $3.50 | Rake $0.18 
Board [Ad Tc Td Kh Jd]
Seat 1: iDawn folded on the River (didn't bet)
Seat 2: paramourx (button) folded before Flop (didn't bet)
Seat 3: SorinS28 (small blind) folded before Flop
Seat 4: Xenicide (big blind) collected ($3.32)
Seat 5: I TAKE IT 85 folded before Flop (didn't bet)
Seat 6: BGS013 folded on the River



PokerStars Hand #254753057851:  Hold'em No Limit ($0.50/$1.00 USD) - 2025/02/07 18:39:25 WET [2025/02/07 13:39:25 ET]
Table 'Palala II' 6-max Seat #3 is the button
Seat 1: iDawn ($61.07 in chips) 
Seat 2: paramourx ($118.50 in chips) 
Seat 3: SorinS28 ($196.87 in chips) 
Seat 4: Xenicide ($105.79 in chips) 
Seat 5: I TAKE IT 85 ($119.78 in chips) 
Seat 6: BGS013 ($105.57 in chips) 
Xenicide: posts small blind $0.50
I TAKE IT 85: posts big blind $1
*** HOLE CARDS ***
BGS013: folds 
iDawn: folds 
paramourx: folds 
SorinS28: folds 
Xenicide: raises $2.50 to $3.50
I TAKE IT 85: calls $2.50
*** FLOP *** [7d 3h Tc]
Xenicide: checks 
I TAKE IT 85: checks 
*** TURN *** [7d 3h Tc] [Qd]
Xenicide: checks 
I TAKE IT 85: checks 
*** RIVER *** [7d 3h Tc Qd] [5c]
Xenicide: checks 
I TAKE IT 85: bets $5.25
Xenicide: folds 
Uncalled bet ($5.25) returned to I TAKE IT 85
I TAKE IT 85 collected $6.65 from pot
I TAKE IT 85: doesn't show hand 
*** SUMMARY ***
Total pot $7 | Rake $0.35 
Board [7d 3h Tc Qd 5c]
Seat 1: iDawn folded before Flop (didn't bet)
Seat 2: paramourx folded before Flop (didn't bet)
Seat 3: SorinS28 (button) folded before Flop (didn't bet)
Seat 4: Xenicide (small blind) folded on the River
Seat 5: I TAKE IT 85 (big blind) collected ($6.65)
Seat 6: BGS013 folded before Flop (didn't bet)



PokerStars Hand #254753074677:  Hold'em No Limit ($0.50/$1.00 USD) - 2025/02/07 18:40:24 WET [2025/02/07 13:40:24 ET]
Table 'Palala II' 6-max Seat #4 is the button
Seat 1: iDawn ($61.07 in chips) 
Seat 2: paramourx ($118.50 in chips) 
Seat 3: SorinS28 ($196.87 in chips) 
Seat 4: Xenicide ($102.29 in chips) 
Seat 5: I TAKE IT 85 ($122.93 in chips) 
Seat 6: BGS013 ($105.57 in chips) 
I TAKE IT 85: posts small blind $0.50
BGS013: posts big blind $1
*** HOLE CARDS ***
iDawn: calls $1
paramourx: folds 
SorinS28: folds 
Xenicide: raises $3.50 to $4.50
I TAKE IT 85: raises $9.90 to $14.40
BGS013: folds 
iDawn: folds 
Xenicide: raises $87.89 to $102.29 and is all-in
I TAKE IT 85: calls $87.89
*** FLOP *** [7d 5d 2h]
*** TURN *** [7d 5d 2h] [8c]
*** RIVER *** [7d 5d 2h 8c] [2s]
*** SHOW DOWN ***
I TAKE IT 85: shows [Ah Ks] (a pair of Deuces)
Xenicide: shows [Ad Kc] (a pair of Deuces)
I TAKE IT 85 collected $102.04 from pot
Xenicide collected $102.04 from pot
*** SUMMARY ***
Total pot $206.58 | Rake $2.50 
Board [7d 5d 2h 8c 2s]
Seat 1: iDawn folded before Flop
Seat 2: paramourx folded before Flop (didn't bet)
Seat 3: SorinS28 folded before Flop (didn't bet)
Seat 4: Xenicide (button) showed [Ad Kc] and won ($102.04) with a pair of Deuces
Seat 5: I TAKE IT 85 (small blind) showed [Ah Ks] and won ($102.04) with a pair of Deuces
Seat 6: BGS013 (big blind) folded before Flop



PokerStars Hand #254753088949:  Hold'em No Limit ($0.50/$1.00 USD) - 2025/02/07 18:41:15 WET [2025/02/07 13:41:15 ET]
Table 'Palala II' 6-max Seat #5 is the button
Seat 1: iDawn ($60.07 in chips) 
Seat 2: paramourx ($118.50 in chips) 
Seat 3: SorinS28 ($196.87 in chips) 
Seat 4: Xenicide ($102.04 in chips) 
Seat 5: I TAKE IT 85 ($122.68 in chips) 
Seat 6: BGS013 ($104.57 in chips) 
BGS013: posts small blind $0.50
iDawn: posts big blind $1
*** HOLE CARDS ***
paramourx: folds 
SorinS28: folds 
Xenicide: raises $1 to $2
I TAKE IT 85: folds 
BGS013: folds 
iDawn: calls $1
*** FLOP *** [3s 2c 7d]
iDawn: checks 
Xenicide: bets $1.07
iDawn: calls $1.07
*** TURN *** [3s 2c 7d] [4s]
iDawn: checks 
Xenicide: checks 
*** RIVER *** [3s 2c 7d 4s] [5c]
iDawn: bets $3.16
Xenicide: raises $45.84 to $49
iDawn: folds 
Uncalled bet ($45.84) returned to Xenicide
Xenicide collected $12.31 from pot
*** SUMMARY ***
Total pot $12.96 | Rake $0.65 
Board [3s 2c 7d 4s 5c]
Seat 1: iDawn (big blind) folded on the River
Seat 2: paramourx folded before Flop (didn't bet)
Seat 3: SorinS28 folded before Flop (didn't bet)
Seat 4: Xenicide collected ($12.31)
Seat 5: I TAKE IT 85 (button) folded before Flop (didn't bet)
Seat 6: BGS013 (small blind) folded before Flop



PokerStars Hand #254753111922:  Hold'em No Limit ($0.50/$1.00 USD) - 2025/02/07 18:42:37 WET [2025/02/07 13:42:37 ET]
Table 'Palala II' 6-max Seat #6 is the button
Seat 1: iDawn ($53.84 in chips) 
Seat 2: paramourx ($118.50 in chips) 
Seat 3: SorinS28 ($196.87 in chips) 
Seat 4: Xenicide ($108.12 in chips) 
Seat 5: I TAKE IT 85 ($122.68 in chips) 
Seat 6: BGS013 ($104.07 in chips) 
iDawn: posts small blind $0.50
paramourx: posts big blind $1
*** HOLE CARDS ***
SorinS28: folds 
Xenicide: folds 
I TAKE IT 85: folds 
BGS013: raises $1.50 to $2.50
iDawn: folds 
paramourx: raises $9.50 to $12
BGS013: folds 
Uncalled bet ($9.50) returned to paramourx
paramourx collected $5.50 from pot
paramourx: doesn't show hand 
*** SUMMARY ***
Total pot $5.50 | Rake $0 
Seat 1: iDawn (small blind) folded before Flop
Seat 2: paramourx (big blind) collected ($5.50)
Seat 3: SorinS28 folded before Flop (didn't bet)
Seat 4: Xenicide folded before Flop (didn't bet)
Seat 5: I TAKE IT 85 folded before Flop (didn't bet)
Seat 6: BGS013 (button) folded before Flop



PokerStars Hand #254753118358:  Hold'em No Limit ($0.50/$1.00 USD) - 2025/02/07 18:43:00 WET [2025/02/07 13:43:00 ET]
Table 'Palala II' 6-max Seat #1 is the button
Seat 1: iDawn ($53.34 in chips) 
Seat 2: paramourx ($121.50 in chips) 
Seat 3: SorinS28 ($196.87 in chips) 
Seat 4: Xenicide ($108.12 in chips) 
Seat 5: I TAKE IT 85 ($122.68 in chips) 
Seat 6: BGS013 ($101.57 in chips) 
paramourx: posts small blind $0.50
SorinS28: posts big blind $1
*** HOLE CARDS ***
Xenicide: folds 
I TAKE IT 85: folds 
BGS013: folds 
iDawn: folds 
paramourx: folds 
Uncalled bet ($0.50) returned to SorinS28
SorinS28 collected $1 from pot
SorinS28: doesn't show hand 
*** SUMMARY ***
Total pot $1 | Rake $0 
Seat 1: iDawn (button) folded before Flop (didn't bet)
Seat 2: paramourx (small blind) folded before Flop
Seat 3: SorinS28 (big blind) collected ($1)
Seat 4: Xenicide folded before Flop (didn't bet)
Seat 5: I TAKE IT 85 folded before Flop (didn't bet)
Seat 6: BGS013 folded before Flop (didn't bet)



PokerStars Hand #254753121429:  Hold'em No Limit ($0.50/$1.00 USD) - 2025/02/07 18:43:11 WET [2025/02/07 13:43:11 ET]
Table 'Palala II' 6-max Seat #2 is the button
Seat 1: iDawn ($53.34 in chips) 
Seat 2: paramourx ($121 in chips) 
Seat 3: SorinS28 ($197.37 in chips) 
Seat 4: Xenicide ($108.12 in chips) 
Seat 5: I TAKE IT 85 ($122.68 in chips) 
Seat 6: BGS013 ($101.57 in chips) 
SorinS28: posts small blind $0.50
Xenicide: posts big blind $1
*** HOLE CARDS ***
I TAKE IT 85: folds 
BGS013: folds 
iDawn: folds 
paramourx: folds 
SorinS28: raises $2 to $3
Xenicide: calls $2
*** FLOP *** [Ks Kh 6h]
SorinS28: bets $1.60
Xenicide: folds 
Uncalled bet ($1.60) returned to SorinS28
SorinS28 collected $5.70 from pot
SorinS28: doesn't show hand 
*** SUMMARY ***
Total pot $6 | Rake $0.30 
Board [Ks Kh 6h]
Seat 1: iDawn folded before Flop (didn't bet)
Seat 2: paramourx (button) folded before Flop (didn't bet)
Seat 3: SorinS28 (small blind) collected ($5.70)
Seat 4: Xenicide (big blind) folded on the Flop
Seat 5: I TAKE IT 85 folded before Flop (didn't bet)
Seat 6: BGS013 folded before Flop (didn't bet)



PokerStars Hand #254753133589:  Hold'em No Limit ($0.50/$1.00 USD) - 2025/02/07 18:43:54 WET [2025/02/07 13:43:54 ET]
Table 'Palala II' 6-max Seat #3 is the button
Seat 1: iDawn ($53.34 in chips) 
Seat 2: paramourx ($121 in chips) 
Seat 3: SorinS28 ($200.07 in chips) 
Seat 4: Xenicide ($105.12 in chips) 
Seat 5: I TAKE IT 85 ($122.68 in chips) 
Seat 6: BGS013 ($101.57 in chips) 
Xenicide: posts small blind $0.50
I TAKE IT 85: posts big blind $1
*** HOLE CARDS ***
BGS013: folds 
iDawn: folds 
paramourx: folds 
SorinS28: raises $1.50 to $2.50
Xenicide: folds 
I TAKE IT 85: folds 
Uncalled bet ($1.50) returned to SorinS28
SorinS28 collected $2.50 from pot
SorinS28: doesn't show hand 
*** SUMMARY ***
Total pot $2.50 | Rake $0 
Seat 1: iDawn folded before Flop (didn't bet)
Seat 2: paramourx folded before Flop (didn't bet)
Seat 3: SorinS28 (button) collected ($2.50)
Seat 4: Xenicide (small blind) folded before Flop
Seat 5: I TAKE IT 85 (big blind) folded before Flop
Seat 6: BGS013 folded before Flop (didn't bet)



PokerStars Hand #254753141685:  Hold'em No Limit ($0.50/$1.00 USD) - 2025/02/07 18:44:23 WET [2025/02/07 13:44:23 ET]
Table 'Palala II' 6-max Seat #4 is the button
Seat 1: iDawn ($53.34 in chips) 
Seat 2: paramourx ($121 in chips) 
Seat 3: SorinS28 ($201.57 in chips) 
Seat 4: Xenicide ($104.62 in chips) 
Seat 5: I TAKE IT 85 ($121.68 in chips) 
Seat 6: BGS013 ($101.57 in chips) 
I TAKE IT 85: posts small blind $0.50
BGS013: posts big blind $1
*** HOLE CARDS ***
iDawn: calls $1
paramourx: folds 
SorinS28: folds 
Xenicide: folds 
I TAKE IT 85: calls $0.50
BGS013: checks 
*** FLOP *** [Jh 2s Jd]
I TAKE IT 85: checks 
BGS013: checks 
iDawn: bets $2
I TAKE IT 85: folds 
BGS013: calls $2
*** TURN *** [Jh 2s Jd] [5d]
BGS013: checks 
iDawn: checks 
*** RIVER *** [Jh 2s Jd 5d] [6d]
BGS013: checks 
iDawn: bets $6.65
BGS013: folds 
Uncalled bet ($6.65) returned to iDawn
iDawn collected $6.65 from pot
*** SUMMARY ***
Total pot $7 | Rake $0.35 
Board [Jh 2s Jd 5d 6d]
Seat 1: iDawn collected ($6.65)
Seat 2: paramourx folded before Flop (didn't bet)
Seat 3: SorinS28 folded before Flop (didn't bet)
Seat 4: Xenicide (button) folded before Flop (didn't bet)
Seat 5: I TAKE IT 85 (small blind) folded on the Flop
Seat 6: BGS013 (big blind) folded on the River



PokerStars Hand #254753157149:  Hold'em No Limit ($0.50/$1.00 USD) - 2025/02/07 18:45:18 WET [2025/02/07 13:45:18 ET]
Table 'Palala II' 6-max Seat #5 is the button
Seat 1: iDawn ($56.99 in chips) 
Seat 2: paramourx ($121 in chips) 
Seat 3: SorinS28 ($201.57 in chips) 
Seat 4: Xenicide ($104.62 in chips) 
Seat 5: I TAKE IT 85 ($120.68 in chips) 
Seat 6: BGS013 ($100 in chips) 
BGS013: posts small blind $0.50
iDawn: posts big blind $1
*** HOLE CARDS ***
paramourx: folds 
SorinS28: raises $1.02 to $2.02
Xenicide: folds 
I TAKE IT 85: folds 
BGS013: calls $1.52
iDawn: calls $1.02
*** FLOP *** [As 3c Th]
BGS013: checks 
iDawn: bets $2.88
SorinS28: folds 
BGS013: folds 
Uncalled bet ($2.88) returned to iDawn
iDawn collected $5.76 from pot
*** SUMMARY ***
Total pot $6.06 | Rake $0.30 
Board [As 3c Th]
Seat 1: iDawn (big blind) collected ($5.76)
Seat 2: paramourx folded before Flop (didn't bet)
Seat 3: SorinS28 folded on the Flop
Seat 4: Xenicide folded before Flop (didn't bet)
Seat 5: I TAKE IT 85 (button) folded before Flop (didn't bet)
Seat 6: BGS013 (small blind) folded on the Flop



PokerStars Hand #254753167040:  Hold'em No Limit ($0.50/$1.00 USD) - 2025/02/07 18:45:53 WET [2025/02/07 13:45:53 ET]
Table 'Palala II' 6-max Seat #6 is the button
Seat 2: paramourx ($121 in chips) is sitting out
Seat 3: SorinS28 ($199.55 in chips) is sitting out
Seat 1: iDawn ($60.73 in chips) 
Seat 4: Xenicide ($104.62 in chips) 
Seat 5: I TAKE IT 85 ($120.68 in chips) 
Seat 6: BGS013 ($100 in chips) 
iDawn: posts small blind $0.50
paramourx: is sitting out 
SorinS28: is sitting out 
Xenicide: posts big blind $1
*** HOLE CARDS ***
I TAKE IT 85: folds 
BGS013: raises $1.50 to $2.50
iDawn: folds 
SorinS28 leaves the table
paramourx leaves the table
Xenicide: folds 
Uncalled bet ($1.50) returned to BGS013
BGS013 collected $2.50 from pot
BGS013: doesn't show hand 
*** SUMMARY ***
Total pot $2.50 | Rake $0 
Seat 2: paramourx
Seat 3: SorinS28
Seat 1: iDawn (small blind) folded before Flop
Seat 4: Xenicide (big blind) folded before Flop
Seat 5: I TAKE IT 85 folded before Flop (didn't bet)
Seat 6: BGS013 (button) collected ($2.50)



PokerStars Hand #254753172335:  Hold'em No Limit ($0.50/$1.00 USD) - 2025/02/07 18:46:12 WET [2025/02/07 13:46:12 ET]
Table 'Palala II' 6-max Seat #1 is the button
Seat 1: iDawn ($60.23 in chips) 
Seat 4: Xenicide ($103.62 in chips) 
Seat 5: I TAKE IT 85 ($120.68 in chips) 
Seat 6: BGS013 ($101.50 in chips) 
Xenicide: posts small blind $0.50
I TAKE IT 85: posts big blind $1
*** HOLE CARDS ***
BGS013: folds 
iDawn: folds 
Xenicide: folds 
Uncalled bet ($0.50) returned to I TAKE IT 85
I TAKE IT 85 collected $1 from pot
I TAKE IT 85: doesn't show hand 
*** SUMMARY ***
Total pot $1 | Rake $0 
Seat 1: iDawn (button) folded before Flop (didn't bet)
Seat 4: Xenicide (small blind) folded before Flop
Seat 5: I TAKE IT 85 (big blind) collected ($1)
Seat 6: BGS013 folded before Flop (didn't bet)



PokerStars Hand #254753174123:  Hold'em No Limit ($0.50/$1.00 USD) - 2025/02/07 18:46:19 WET [2025/02/07 13:46:19 ET]
Table 'Palala II' 6-max Seat #4 is the button
Seat 1: iDawn ($60.23 in chips) 
Seat 4: Xenicide ($103.12 in chips) 
Seat 5: I TAKE IT 85 ($121.18 in chips) 
Seat 6: BGS013 ($101.50 in chips) 
I TAKE IT 85: posts small blind $0.50
BGS013: posts big blind $1
*** HOLE CARDS ***
iDawn: folds 
Xenicide: raises $1.25 to $2.25
I TAKE IT 85: folds 
BGS013: folds 
Uncalled bet ($1.25) returned to Xenicide
michasia joins the table at seat #3 
Xenicide collected $2.50 from pot
*** SUMMARY ***
Total pot $2.50 | Rake $0 
Seat 1: iDawn folded before Flop (didn't bet)
Seat 4: Xenicide (button) collected ($2.50)
Seat 5: I TAKE IT 85 (small blind) folded before Flop
Seat 6: BGS013 (big blind) folded before Flop



PokerStars Hand #254753177791:  Hold'em No Limit ($0.50/$1.00 USD) - 2025/02/07 18:46:31 WET [2025/02/07 13:46:31 ET]
Table 'Palala II' 6-max Seat #5 is the button
Seat 3: michasia ($100 in chips) is sitting out
Seat 1: iDawn ($60.23 in chips) 
Seat 4: Xenicide ($104.62 in chips) 
Seat 5: I TAKE IT 85 ($120.68 in chips) 
Seat 6: BGS013 ($100.50 in chips) 
BGS013: posts small blind $0.50
iDawn: posts big blind $1
michasia: sits out 
*** HOLE CARDS ***
Xenicide: raises $1 to $2
I TAKE IT 85: folds 
BGS013: folds 
iDawn: folds 
Uncalled bet ($1) returned to Xenicide
Xenicide collected $2.50 from pot
*** SUMMARY ***
Total pot $2.50 | Rake $0 
Seat 3: michasia
Seat 1: iDawn (big blind) folded before Flop
Seat 4: Xenicide collected ($2.50)
Seat 5: I TAKE IT 85 (button) folded before Flop (didn't bet)
Seat 6: BGS013 (small blind) folded before Flop



PokerStars Hand #254753181272:  Hold'em No Limit ($0.50/$1.00 USD) - 2025/02/07 18:46:44 WET [2025/02/07 13:46:44 ET]
Table 'Palala II' 6-max Seat #6 is the button
Seat 1: iDawn ($59.23 in chips) 
Seat 3: michasia ($100 in chips) 
Seat 4: Xenicide ($106.12 in chips) 
Seat 5: I TAKE IT 85 ($120.68 in chips) 
Seat 6: BGS013 ($100 in chips) 
iDawn: posts small blind $0.50
michasia: posts big blind $1
*** HOLE CARDS ***
Xenicide: folds 
I TAKE IT 85: folds 
BGS013: raises $1.50 to $2.50
iDawn: folds 
michasia: folds 
Uncalled bet ($1.50) returned to BGS013
BGS013 collected $2.50 from pot
BGS013: doesn't show hand 
*** SUMMARY ***
Total pot $2.50 | Rake $0 
Seat 1: iDawn (small blind) folded before Flop
Seat 3: michasia (big blind) folded before Flop
Seat 4: Xenicide folded before Flop (didn't bet)
Seat 5: I TAKE IT 85 folded before Flop (didn't bet)
Seat 6: BGS013 (button) collected ($2.50)



PokerStars Hand #254753185590:  Hold'em No Limit ($0.50/$1.00 USD) - 2025/02/07 18:46:59 WET [2025/02/07 13:46:59 ET]
Table 'Palala II' 6-max Seat #1 is the button
Seat 1: iDawn ($58.73 in chips) 
Seat 3: michasia ($100 in chips) 
Seat 4: Xenicide ($106.12 in chips) 
Seat 5: I TAKE IT 85 ($120.68 in chips) 
Seat 6: BGS013 ($101.50 in chips) 
michasia: posts small blind $0.50
Xenicide: posts big blind $1
*** HOLE CARDS ***
BumHuntKing joins the table at seat #2 
I TAKE IT 85: folds 
BGS013: raises $1.50 to $2.50
iDawn: folds 
michasia: folds 
Xenicide: folds 
Uncalled bet ($1.50) returned to BGS013
BGS013 collected $2.50 from pot
BGS013: doesn't show hand 
*** SUMMARY ***
Total pot $2.50 | Rake $0 
Seat 1: iDawn (button) folded before Flop (didn't bet)
Seat 3: michasia (small blind) folded before Flop
Seat 4: Xenicide (big blind) folded before Flop
Seat 5: I TAKE IT 85 folded before Flop (didn't bet)
Seat 6: BGS013 collected ($2.50)



PokerStars Hand #254753192235:  Hold'em No Limit ($0.50/$1.00 USD) - 2025/02/07 18:47:23 WET [2025/02/07 13:47:23 ET]
Table 'Palala II' 6-max Seat #3 is the button
Seat 2: BumHuntKing ($100 in chips) is sitting out
Seat 1: iDawn ($58.73 in chips) 
Seat 3: michasia ($100 in chips) 
Seat 4: Xenicide ($105.12 in chips) 
Seat 5: I TAKE IT 85 ($120.68 in chips) 
Seat 6: BGS013 ($103 in chips) 
Xenicide: posts small blind $0.50
I TAKE IT 85: posts big blind $1
BumHuntKing: sits out 
*** HOLE CARDS ***
BGS013: folds 
iDawn: calls $1
michasia: raises $2.50 to $3.50
Xenicide: folds 
I TAKE IT 85: raises $8.50 to $12
iDawn: folds 
michasia: calls $8.50
*** FLOP *** [3c 9c 6s]
I TAKE IT 85: bets $9.20
michasia: folds 
Uncalled bet ($9.20) returned to I TAKE IT 85
I TAKE IT 85 collected $24.22 from pot
I TAKE IT 85: doesn't show hand 
*** SUMMARY ***
Total pot $25.50 | Rake $1.28 
Board [3c 9c 6s]
Seat 2: BumHuntKing
Seat 1: iDawn folded before Flop
Seat 3: michasia (button) folded on the Flop
Seat 4: Xenicide (small blind) folded before Flop
Seat 5: I TAKE IT 85 (big blind) collected ($24.22)
Seat 6: BGS013 folded before Flop (didn't bet)



PokerStars Hand #254753201324:  Hold'em No Limit ($0.50/$1.00 USD) - 2025/02/07 18:47:55 WET [2025/02/07 13:47:55 ET]
Table 'Palala II' 6-max Seat #4 is the button
Seat 2: BumHuntKing ($100 in chips) is sitting out
Seat 1: iDawn ($57.73 in chips) 
Seat 3: michasia ($100 in chips) 
Seat 4: Xenicide ($104.62 in chips) 
Seat 5: I TAKE IT 85 ($132.90 in chips) 
Seat 6: BGS013 ($103 in chips) 
I TAKE IT 85: posts small blind $0.50
BGS013: posts big blind $1
BumHuntKing: sits out 
*** HOLE CARDS ***
BumHuntKing leaves the table
iDawn: calls $1
michasia: folds 
Xenicide: raises $3.50 to $4.50
I TAKE IT 85: folds 
06Hookd joins the table at seat #2 
BGS013: folds 
iDawn: calls $3.50
*** FLOP *** [Qs 6c 3d]
iDawn: bets $4.99
Xenicide: calls $4.99
*** TURN *** [Qs 6c 3d] [3s]
iDawn: bets $9.73
Xenicide: folds 
Uncalled bet ($9.73) returned to iDawn
iDawn collected $19.46 from pot
*** SUMMARY ***
Total pot $20.48 | Rake $1.02 
Board [Qs 6c 3d 3s]
Seat 2: BumHuntKing
Seat 1: iDawn collected ($19.46)
Seat 3: michasia folded before Flop (didn't bet)
Seat 4: Xenicide (button) folded on the Turn
Seat 5: I TAKE IT 85 (small blind) folded before Flop
Seat 6: BGS013 (big blind) folded before Flop



PokerStars Hand #254753212240:  Hold'em No Limit ($0.50/$1.00 USD) - 2025/02/07 18:48:34 WET [2025/02/07 13:48:34 ET]
Table 'Palala II' 6-max Seat #5 is the button
Seat 2: 06Hookd ($100 in chips) is sitting out
Seat 1: iDawn ($67.70 in chips) 
Seat 3: michasia ($100 in chips) 
Seat 4: Xenicide ($100 in chips) 
Seat 5: I TAKE IT 85 ($132.40 in chips) 
Seat 6: BGS013 ($102 in chips) 
BGS013: posts small blind $0.50
iDawn: posts big blind $1
06Hookd: sits out 
*** HOLE CARDS ***
michasia: folds 
Xenicide: folds 
I TAKE IT 85: folds 
BGS013: folds 
Uncalled bet ($0.50) returned to iDawn
iDawn collected $1 from pot
*** SUMMARY ***
Total pot $1 | Rake $0 
Seat 2: 06Hookd
Seat 1: iDawn (big blind) collected ($1)
Seat 3: michasia folded before Flop (didn't bet)
Seat 4: Xenicide folded before Flop (didn't bet)
Seat 5: I TAKE IT 85 (button) folded before Flop (didn't bet)
Seat 6: BGS013 (small blind) folded before Flop



PokerStars Hand #254753215942:  Hold'em No Limit ($0.50/$1.00 USD) - 2025/02/07 18:48:47 WET [2025/02/07 13:48:47 ET]
Table 'Palala II' 6-max Seat #6 is the button
Seat 1: iDawn ($68.20 in chips) 
Seat 2: 06Hookd ($100 in chips) 
Seat 3: michasia ($100 in chips) 
Seat 4: Xenicide ($100 in chips) 
Seat 5: I TAKE IT 85 ($132.40 in chips) 
Seat 6: BGS013 ($101.50 in chips) 
iDawn: posts small blind $0.50
06Hookd: posts big blind $1
*** HOLE CARDS ***
michasia: folds 
Xenicide: folds 
I TAKE IT 85: folds 
BGS013: folds 
iDawn: calls $0.50
06Hookd: checks 
*** FLOP *** [Kc Jh Kd]
iDawn: checks 
06Hookd: checks 
*** TURN *** [Kc Jh Kd] [3d]
iDawn: bets $1
06Hookd: folds 
Uncalled bet ($1) returned to iDawn
iDawn collected $1.90 from pot
*** SUMMARY ***
Total pot $2 | Rake $0.10 
Board [Kc Jh Kd 3d]
Seat 1: iDawn (small blind) collected ($1.90)
Seat 2: 06Hookd (big blind) folded on the Turn
Seat 3: michasia folded before Flop (didn't bet)
Seat 4: Xenicide folded before Flop (didn't bet)
Seat 5: I TAKE IT 85 folded before Flop (didn't bet)
Seat 6: BGS013 (button) folded before Flop (didn't bet)



PokerStars Hand #254753223025:  Hold'em No Limit ($0.50/$1.00 USD) - 2025/02/07 18:49:13 WET [2025/02/07 13:49:13 ET]
Table 'Palala II' 6-max Seat #1 is the button
Seat 1: iDawn ($69.10 in chips) 
Seat 2: 06Hookd ($99 in chips) 
Seat 3: michasia ($100 in chips) 
Seat 4: Xenicide ($100 in chips) 
Seat 5: I TAKE IT 85 ($132.40 in chips) 
Seat 6: BGS013 ($101.50 in chips) 
06Hookd: posts small blind $0.50
michasia: posts big blind $1
*** HOLE CARDS ***
Xenicide: folds 
I TAKE IT 85: folds 
BGS013: folds 
iDawn: folds 
06Hookd: raises $2 to $3
michasia: calls $2
*** FLOP *** [Jh Ad Qd]
06Hookd: bets $2.96
michasia: calls $2.96
*** TURN *** [Jh Ad Qd] [Th]
06Hookd: bets $7.47
michasia: calls $7.47
*** RIVER *** [Jh Ad Qd Th] [3d]
06Hookd: bets $16.84
michasia: folds 
Uncalled bet ($16.84) returned to 06Hookd
06Hookd collected $25.52 from pot
06Hookd: doesn't show hand 
*** SUMMARY ***
Total pot $26.86 | Rake $1.34 
Board [Jh Ad Qd Th 3d]
Seat 1: iDawn (button) folded before Flop (didn't bet)
Seat 2: 06Hookd (small blind) collected ($25.52)
Seat 3: michasia (big blind) folded on the River
Seat 4: Xenicide folded before Flop (didn't bet)
Seat 5: I TAKE IT 85 folded before Flop (didn't bet)
Seat 6: BGS013 folded before Flop (didn't bet)



PokerStars Hand #254753241504:  Hold'em No Limit ($0.50/$1.00 USD) - 2025/02/07 18:50:18 WET [2025/02/07 13:50:18 ET]
Table 'Palala II' 6-max Seat #2 is the button
Seat 1: iDawn ($69.10 in chips) 
Seat 2: 06Hookd ($111.09 in chips) 
Seat 3: michasia ($100 in chips) 
Seat 4: Xenicide ($100 in chips) 
Seat 5: I TAKE IT 85 ($132.40 in chips) 
Seat 6: BGS013 ($101.50 in chips) 
michasia: posts small blind $0.50
Xenicide: posts big blind $1
*** HOLE CARDS ***
I TAKE IT 85: folds 
BGS013: folds 
iDawn: folds 
06Hookd: raises $1.50 to $2.50
michasia: folds 
Xenicide: folds 
Uncalled bet ($1.50) returned to 06Hookd
06Hookd collected $2.50 from pot
06Hookd: doesn't show hand 
*** SUMMARY ***
Total pot $2.50 | Rake $0 
Seat 1: iDawn folded before Flop (didn't bet)
Seat 2: 06Hookd (button) collected ($2.50)
Seat 3: michasia (small blind) folded before Flop
Seat 4: Xenicide (big blind) folded before Flop
Seat 5: I TAKE IT 85 folded before Flop (didn't bet)
Seat 6: BGS013 folded before Flop (didn't bet)



PokerStars Hand #254753247088:  Hold'em No Limit ($0.50/$1.00 USD) - 2025/02/07 18:50:37 WET [2025/02/07 13:50:37 ET]
Table 'Palala II' 6-max Seat #3 is the button
Seat 1: iDawn ($69.10 in chips) 
Seat 2: 06Hookd ($112.59 in chips) 
Seat 3: michasia ($100 in chips) 
Seat 4: Xenicide ($100 in chips) 
Seat 5: I TAKE IT 85 ($132.40 in chips) 
Seat 6: BGS013 ($101.50 in chips) 
Xenicide: posts small blind $0.50
I TAKE IT 85: posts big blind $1
*** HOLE CARDS ***
BGS013: folds 
iDawn: calls $1
06Hookd: raises $3 to $4
michasia: folds 
Xenicide: folds 
I TAKE IT 85: folds 
iDawn: calls $3
*** FLOP *** [3c Td 4c]
iDawn: bets $4.51
06Hookd: calls $4.51
*** TURN *** [3c Td 4c] [Jh]
iDawn: checks 
06Hookd: checks 
*** RIVER *** [3c Td 4c Jh] [Qh]
iDawn: bets $8.80
06Hookd: folds 
Uncalled bet ($8.80) returned to iDawn
iDawn collected $17.59 from pot
*** SUMMARY ***
Total pot $18.52 | Rake $0.93 
Board [3c Td 4c Jh Qh]
Seat 1: iDawn collected ($17.59)
Seat 2: 06Hookd folded on the River
Seat 3: michasia (button) folded before Flop (didn't bet)
Seat 4: Xenicide (small blind) folded before Flop
Seat 5: I TAKE IT 85 (big blind) folded before Flop
Seat 6: BGS013 folded before Flop (didn't bet)



PokerStars Hand #254753260593:  Hold'em No Limit ($0.50/$1.00 USD) - 2025/02/07 18:51:26 WET [2025/02/07 13:51:26 ET]
Table 'Palala II' 6-max Seat #4 is the button
Seat 1: iDawn ($78.18 in chips) 
Seat 2: 06Hookd ($104.08 in chips) 
Seat 3: michasia ($100 in chips) 
Seat 4: Xenicide ($100 in chips) 
Seat 5: I TAKE IT 85 ($131.40 in chips) 
Seat 6: BGS013 ($101.50 in chips) 
I TAKE IT 85: posts small blind $0.50
BGS013: posts big blind $1
*** HOLE CARDS ***
iDawn: folds 
06Hookd: folds 
michasia: folds 
Xenicide: folds 
I TAKE IT 85: folds 
Uncalled bet ($0.50) returned to BGS013
BGS013 collected $1 from pot
BGS013: doesn't show hand 
*** SUMMARY ***
Total pot $1 | Rake $0 
Seat 1: iDawn folded before Flop (didn't bet)
Seat 2: 06Hookd folded before Flop (didn't bet)
Seat 3: michasia folded before Flop (didn't bet)
Seat 4: Xenicide (button) folded before Flop (didn't bet)
Seat 5: I TAKE IT 85 (small blind) folded before Flop
Seat 6: BGS013 (big blind) collected ($1)



PokerStars Hand #254753263447:  Hold'em No Limit ($0.50/$1.00 USD) - 2025/02/07 18:51:36 WET [2025/02/07 13:51:36 ET]
Table 'Palala II' 6-max Seat #5 is the button
Seat 1: iDawn ($78.18 in chips) 
Seat 2: 06Hookd ($104.08 in chips) 
Seat 3: michasia ($100 in chips) 
Seat 4: Xenicide ($100 in chips) 
Seat 5: I TAKE IT 85 ($130.90 in chips) 
Seat 6: BGS013 ($102 in chips) 
BGS013: posts small blind $0.50
iDawn: posts big blind $1
*** HOLE CARDS ***
06Hookd: folds 
michasia: folds 
Xenicide: folds 
I TAKE IT 85: folds 
BGS013: folds 
Uncalled bet ($0.50) returned to iDawn
iDawn collected $1 from pot
*** SUMMARY ***
Total pot $1 | Rake $0 
Seat 1: iDawn (big blind) collected ($1)
Seat 2: 06Hookd folded before Flop (didn't bet)
Seat 3: michasia folded before Flop (didn't bet)
Seat 4: Xenicide folded before Flop (didn't bet)
Seat 5: I TAKE IT 85 (button) folded before Flop (didn't bet)
Seat 6: BGS013 (small blind) folded before Flop



PokerStars Hand #254753266666:  Hold'em No Limit ($0.50/$1.00 USD) - 2025/02/07 18:51:47 WET [2025/02/07 13:51:47 ET]
Table 'Palala II' 6-max Seat #6 is the button
Seat 1: iDawn ($78.68 in chips) 
Seat 2: 06Hookd ($104.08 in chips) 
Seat 3: michasia ($100 in chips) 
Seat 4: Xenicide ($100 in chips) 
Seat 5: I TAKE IT 85 ($130.90 in chips) 
Seat 6: BGS013 ($101.50 in chips) 
iDawn: posts small blind $0.50
06Hookd: posts big blind $1
*** HOLE CARDS ***
michasia: raises $1.60 to $2.60
Xenicide: folds 
I TAKE IT 85: folds 
BGS013: folds 
iDawn: calls $2.10
06Hookd: calls $1.60
*** FLOP *** [2d 8d Kd]
iDawn: checks 
06Hookd: checks 
michasia: bets $4.94
iDawn: calls $4.94
06Hookd: folds 
*** TURN *** [2d 8d Kd] [5d]
iDawn: checks 
michasia: checks 
*** RIVER *** [2d 8d Kd 5d] [Jh]
iDawn: bets $16.80
michasia: folds 
Uncalled bet ($16.80) returned to iDawn
iDawn collected $16.80 from pot
*** SUMMARY ***
Total pot $17.68 | Rake $0.88 
Board [2d 8d Kd 5d Jh]
Seat 1: iDawn (small blind) collected ($16.80)
Seat 2: 06Hookd (big blind) folded on the Flop
Seat 3: michasia folded on the River
Seat 4: Xenicide folded before Flop (didn't bet)
Seat 5: I TAKE IT 85 folded before Flop (didn't bet)
Seat 6: BGS013 (button) folded before Flop (didn't bet)



PokerStars Hand #254752938231:  Hold'em No Limit ($0.50/$1.00 USD) - 2025/02/07 18:32:16 WET [2025/02/07 13:32:16 ET]
Table 'Palala II' 6-max Seat #1 is the button
Seat 4: LuckyShikari ($100.50 in chips) is sitting out
Seat 1: amrysatoru ($40.04 in chips) 
Seat 2: paramourx ($100 in chips) 
Seat 3: SorinS28 ($138.87 in chips) 
Seat 5: I TAKE IT 85 ($120.33 in chips) 
Seat 6: BGS013 ($108.05 in chips) 
paramourx: posts small blind $0.50
SorinS28: posts big blind $1
*** HOLE CARDS ***
I TAKE IT 85: folds 
BGS013: raises $1.50 to $2.50
amrysatoru: folds 
paramourx: folds 
SorinS28: raises $10.50 to $13
BGS013: raises $12.50 to $25.50
SorinS28: raises $113.37 to $138.87 and is all-in
BGS013: folds 
Uncalled bet ($113.37) returned to SorinS28
SorinS28 collected $51.50 from pot
SorinS28: doesn't show hand 
*** SUMMARY ***
Total pot $51.50 | Rake $0 
Seat 4: LuckyShikari
Seat 1: amrysatoru (button) folded before Flop (didn't bet)
Seat 2: paramourx (small blind) folded before Flop
Seat 3: SorinS28 (big blind) collected ($51.50)
Seat 5: I TAKE IT 85 folded before Flop (didn't bet)
Seat 6: BGS013 folded before Flop



PokerStars Hand #254752951263:  Hold'em No Limit ($0.50/$1.00 USD) - 2025/02/07 18:33:02 WET [2025/02/07 13:33:02 ET]
Table 'Palala II' 6-max Seat #2 is the button
Seat 4: LuckyShikari ($100.50 in chips) is sitting out
Seat 1: amrysatoru ($40.04 in chips) 
Seat 2: paramourx ($100 in chips) 
Seat 3: SorinS28 ($164.87 in chips) 
Seat 5: I TAKE IT 85 ($120.33 in chips) 
Seat 6: BGS013 ($100 in chips) 
SorinS28: posts small blind $0.50
I TAKE IT 85: posts big blind $1
*** HOLE CARDS ***
BGS013: folds 
amrysatoru: folds 
paramourx: folds 
SorinS28: folds 
Uncalled bet ($0.50) returned to I TAKE IT 85
I TAKE IT 85 collected $1 from pot
I TAKE IT 85: doesn't show hand 
*** SUMMARY ***
Total pot $1 | Rake $0 
Seat 4: LuckyShikari
Seat 1: amrysatoru folded before Flop (didn't bet)
Seat 2: paramourx (button) folded before Flop (didn't bet)
Seat 3: SorinS28 (small blind) folded before Flop
Seat 5: I TAKE IT 85 (big blind) collected ($1)
Seat 6: BGS013 folded before Flop (didn't bet)



PokerStars Hand #254752955528:  Hold'em No Limit ($0.50/$1.00 USD) - 2025/02/07 18:33:18 WET [2025/02/07 13:33:18 ET]
Table 'Palala II' 6-max Seat #3 is the button
Seat 4: LuckyShikari ($100.50 in chips) is sitting out
Seat 1: amrysatoru ($40.04 in chips) 
Seat 2: paramourx ($100 in chips) 
Seat 3: SorinS28 ($164.37 in chips) 
Seat 5: I TAKE IT 85 ($120.83 in chips) 
Seat 6: BGS013 ($100 in chips) 
I TAKE IT 85: posts small blind $0.50
BGS013: posts big blind $1
*** HOLE CARDS ***
amrysatoru: raises $1 to $2
paramourx: raises $4.50 to $6.50
SorinS28: folds 
I TAKE IT 85: folds 
BGS013: folds 
amrysatoru: calls $4.50
*** FLOP *** [Jd 9s 2s]
amrysatoru: checks 
paramourx: checks 
*** TURN *** [Jd 9s 2s] [4h]
amrysatoru: bets $6.89
paramourx: calls $6.89
*** RIVER *** [Jd 9s 2s 4h] [Jh]
amrysatoru: bets $11.44
paramourx: calls $11.44
*** SHOW DOWN ***
amrysatoru: shows [Qc Th] (a pair of Jacks)
paramourx: shows [As Qd] (a pair of Jacks - Ace kicker)
paramourx collected $48.66 from pot
*** SUMMARY ***
Total pot $51.16 | Rake $2.50 
Board [Jd 9s 2s 4h Jh]
Seat 4: LuckyShikari
Seat 1: amrysatoru showed [Qc Th] and lost with a pair of Jacks
Seat 2: paramourx showed [As Qd] and won ($48.66) with a pair of Jacks
Seat 3: SorinS28 (button) folded before Flop (didn't bet)
Seat 5: I TAKE IT 85 (small blind) folded before Flop
Seat 6: BGS013 (big blind) folded before Flop



PokerStars Hand #254752972280:  Hold'em No Limit ($0.50/$1.00 USD) - 2025/02/07 18:34:18 WET [2025/02/07 13:34:18 ET]
Table 'Palala II' 6-max Seat #5 is the button
Seat 4: LuckyShikari ($100.50 in chips) is sitting out
Seat 1: amrysatoru ($15.21 in chips) 
Seat 2: paramourx ($123.83 in chips) 
Seat 3: SorinS28 ($164.37 in chips) 
Seat 5: I TAKE IT 85 ($120.33 in chips) 
Seat 6: BGS013 ($100 in chips) 
BGS013: posts small blind $0.50
amrysatoru: posts big blind $1
LuckyShikari: sits out 
*** HOLE CARDS ***
paramourx: folds 
SorinS28: folds 
I TAKE IT 85: raises $1.05 to $2.05
BGS013: raises $8.95 to $11
amrysatoru: folds 
I TAKE IT 85: folds 
Uncalled bet ($8.95) returned to BGS013
BGS013 collected $5.10 from pot
BGS013: doesn't show hand 
*** SUMMARY ***
Total pot $5.10 | Rake $0 
Seat 4: LuckyShikari
Seat 1: amrysatoru (big blind) folded before Flop
Seat 2: paramourx folded before Flop (didn't bet)
Seat 3: SorinS28 folded before Flop (didn't bet)
Seat 5: I TAKE IT 85 (button) folded before Flop
Seat 6: BGS013 (small blind) collected ($5.10)



PokerStars Hand #254752981497:  Hold'em No Limit ($0.50/$1.00 USD) - 2025/02/07 18:34:51 WET [2025/02/07 13:34:51 ET]
Table 'Palala II' 6-max Seat #6 is the button
Seat 4: LuckyShikari ($100.50 in chips) is sitting out
Seat 1: amrysatoru ($14.21 in chips) 
Seat 2: paramourx ($123.83 in chips) 
Seat 3: SorinS28 ($164.37 in chips) 
Seat 5: I TAKE IT 85 ($118.28 in chips) 
Seat 6: BGS013 ($103.05 in chips) 
amrysatoru: posts small blind $0.50
paramourx: posts big blind $1
LuckyShikari: sits out 
*** HOLE CARDS ***
SorinS28: raises $1.02 to $2.02
I TAKE IT 85: folds 
LuckyShikari leaves the table
BGS013: raises $5.98 to $8
amrysatoru: folds 
paramourx: folds 
SorinS28: folds 
Uncalled bet ($5.98) returned to BGS013
BGS013 collected $5.54 from pot
BGS013: doesn't show hand 
*** SUMMARY ***
Total pot $5.54 | Rake $0 
Seat 4: LuckyShikari
Seat 1: amrysatoru (small blind) folded before Flop
Seat 2: paramourx (big blind) folded before Flop
Seat 3: SorinS28 folded before Flop
Seat 5: I TAKE IT 85 folded before Flop (didn't bet)
Seat 6: BGS013 (button) collected ($5.54)



PokerStars Hand #254752986982:  Hold'em No Limit ($0.50/$1.00 USD) - 2025/02/07 18:35:10 WET [2025/02/07 13:35:10 ET]
Table 'Palala II' 6-max Seat #1 is the button
Seat 1: amrysatoru ($63.78 in chips) 
Seat 2: paramourx ($122.83 in chips) 
Seat 3: SorinS28 ($162.35 in chips) 
Seat 5: I TAKE IT 85 ($118.28 in chips) 
Seat 6: BGS013 ($106.57 in chips) 
paramourx: posts small blind $0.50
SorinS28: posts big blind $1
*** HOLE CARDS ***
I TAKE IT 85: folds 
Xenicide joins the table at seat #4 
BGS013: folds 
amrysatoru: folds 
paramourx: folds 
Uncalled bet ($0.50) returned to SorinS28
SorinS28 collected $1 from pot
SorinS28: doesn't show hand 
*** SUMMARY ***
Total pot $1 | Rake $0 
Seat 1: amrysatoru (button) folded before Flop (didn't bet)
Seat 2: paramourx (small blind) folded before Flop
Seat 3: SorinS28 (big blind) collected ($1)
Seat 5: I TAKE IT 85 folded before Flop (didn't bet)
Seat 6: BGS013 folded before Flop (didn't bet)



PokerStars Hand #254752989592:  Hold'em No Limit ($0.50/$1.00 USD) - 2025/02/07 18:35:20 WET [2025/02/07 13:35:20 ET]
Table 'Palala II' 6-max Seat #2 is the button
Seat 1: amrysatoru ($63.78 in chips) 
Seat 2: paramourx ($122.33 in chips) 
Seat 3: SorinS28 ($162.85 in chips) 
Seat 4: Xenicide ($100 in chips) 
Seat 5: I TAKE IT 85 ($118.28 in chips) 
Seat 6: BGS013 ($106.57 in chips) 
SorinS28: posts small blind $0.50
Xenicide: posts big blind $1
*** HOLE CARDS ***
I TAKE IT 85: raises $1.05 to $2.05
BGS013: folds 
amrysatoru: folds 
paramourx: folds 
SorinS28: folds 
Xenicide: folds 
Uncalled bet ($1.05) returned to I TAKE IT 85
I TAKE IT 85 collected $2.50 from pot
I TAKE IT 85: doesn't show hand 
*** SUMMARY ***
Total pot $2.50 | Rake $0 
Seat 1: amrysatoru folded before Flop (didn't bet)
Seat 2: paramourx (button) folded before Flop (didn't bet)
Seat 3: SorinS28 (small blind) folded before Flop
Seat 4: Xenicide (big blind) folded before Flop
Seat 5: I TAKE IT 85 collected ($2.50)
Seat 6: BGS013 folded before Flop (didn't bet)



PokerStars Hand #254752995890:  Hold'em No Limit ($0.50/$1.00 USD) - 2025/02/07 18:35:42 WET [2025/02/07 13:35:42 ET]
Table 'Palala II' 6-max Seat #3 is the button
Seat 1: amrysatoru ($63.78 in chips) 
Seat 2: paramourx ($122.33 in chips) 
Seat 3: SorinS28 ($162.35 in chips) 
Seat 4: Xenicide ($100 in chips) 
Seat 5: I TAKE IT 85 ($119.78 in chips) 
Seat 6: BGS013 ($106.57 in chips) 
Xenicide: posts small blind $0.50
I TAKE IT 85: posts big blind $1
*** HOLE CARDS ***
BGS013: folds 
amrysatoru: folds 
paramourx: folds 
SorinS28: folds 
Xenicide: folds 
Uncalled bet ($0.50) returned to I TAKE IT 85
I TAKE IT 85 collected $1 from pot
I TAKE IT 85: doesn't show hand 
*** SUMMARY ***
Total pot $1 | Rake $0 
Seat 1: amrysatoru folded before Flop (didn't bet)
Seat 2: paramourx folded before Flop (didn't bet)
Seat 3: SorinS28 (button) folded before Flop (didn't bet)
Seat 4: Xenicide (small blind) folded before Flop
Seat 5: I TAKE IT 85 (big blind) collected ($1)
Seat 6: BGS013 folded before Flop (didn't bet)



PokerStars Hand #254753387865:  Hold'em No Limit ($0.50/$1.00 USD) - 2025/02/07 19:00:28 WET [2025/02/07 14:00:28 ET]
Table 'Palala II' 6-max Seat #1 is the button
Seat 1: iDawn ($81.42 in chips) 
Seat 2: 06Hookd ($96.08 in chips) 
Seat 3: michasia ($101.34 in chips) 
Seat 4: Xenicide ($100 in chips) 
Seat 5: I TAKE IT 85 ($147.53 in chips) 
Seat 6: BoyLoc0 ($100 in chips) 
06Hookd: posts small blind $0.50
michasia: posts big blind $1
*** HOLE CARDS ***
Xenicide: folds 
I TAKE IT 85: folds 
BoyLoc0: folds 
iDawn: folds 
06Hookd: raises $2 to $3
michasia: calls $2
*** FLOP *** [9s 6h 5d]
06Hookd: checks 
michasia: bets $3.80
06Hookd: calls $3.80
*** TURN *** [9s 6h 5d] [Ah]
06Hookd: checks 
michasia: checks 
*** RIVER *** [9s 6h 5d Ah] [5c]
06Hookd: checks 
michasia: checks 
*** SHOW DOWN ***
06Hookd: shows [6d Ac] (two pair, Aces and Sixes)
michasia: mucks hand 
06Hookd collected $12.92 from pot
*** SUMMARY ***
Total pot $13.60 | Rake $0.68 
Board [9s 6h 5d Ah 5c]
Seat 1: iDawn (button) folded before Flop (didn't bet)
Seat 2: 06Hookd (small blind) showed [6d Ac] and won ($12.92) with two pair, Aces and Sixes
Seat 3: michasia (big blind) mucked
Seat 4: Xenicide folded before Flop (didn't bet)
Seat 5: I TAKE IT 85 folded before Flop (didn't bet)
Seat 6: BoyLoc0 folded before Flop (didn't bet)



PokerStars Hand #254753403215:  Hold'em No Limit ($0.50/$1.00 USD) - 2025/02/07 19:01:32 WET [2025/02/07 14:01:32 ET]
Table 'Palala II' 6-max Seat #2 is the button
Seat 1: iDawn ($81.42 in chips) 
Seat 2: 06Hookd ($102.20 in chips) 
Seat 3: michasia ($100 in chips) 
Seat 4: Xenicide ($100 in chips) 
Seat 5: I TAKE IT 85 ($147.53 in chips) 
Seat 6: BoyLoc0 ($100 in chips) 
michasia: posts small blind $0.50
Xenicide: posts big blind $1
*** HOLE CARDS ***
I TAKE IT 85: folds 
BoyLoc0: folds 
iDawn: folds 
06Hookd: folds 
michasia: raises $2 to $3
Xenicide: folds 
Uncalled bet ($2) returned to michasia
michasia collected $2 from pot
michasia: doesn't show hand 
*** SUMMARY ***
Total pot $2 | Rake $0 
Seat 1: iDawn folded before Flop (didn't bet)
Seat 2: 06Hookd (button) folded before Flop (didn't bet)
Seat 3: michasia (small blind) collected ($2)
Seat 4: Xenicide (big blind) folded before Flop
Seat 5: I TAKE IT 85 folded before Flop (didn't bet)
Seat 6: BoyLoc0 folded before Flop (didn't bet)



PokerStars Hand #254753408558:  Hold'em No Limit ($0.50/$1.00 USD) - 2025/02/07 19:01:52 WET [2025/02/07 14:01:52 ET]
Table 'Palala II' 6-max Seat #3 is the button
Seat 1: iDawn ($81.42 in chips) 
Seat 2: 06Hookd ($102.20 in chips) 
Seat 3: michasia ($101 in chips) 
Seat 4: Xenicide ($100 in chips) 
Seat 5: I TAKE IT 85 ($147.53 in chips) 
Seat 6: BoyLoc0 ($100 in chips) 
Xenicide: posts small blind $0.50
I TAKE IT 85: posts big blind $1
*** HOLE CARDS ***
BoyLoc0 has timed out
BoyLoc0: folds 
iDawn: calls $1
06Hookd: folds 
michasia: folds 
Xenicide: raises $4.50 to $5.50
I TAKE IT 85: folds 
iDawn: folds 
Uncalled bet ($4.50) returned to Xenicide
Xenicide collected $3 from pot
*** SUMMARY ***
Total pot $3 | Rake $0 
Seat 1: iDawn folded before Flop
Seat 2: 06Hookd folded before Flop (didn't bet)
Seat 3: michasia (button) folded before Flop (didn't bet)
Seat 4: Xenicide (small blind) collected ($3)
Seat 5: I TAKE IT 85 (big blind) folded before Flop
Seat 6: BoyLoc0 folded before Flop (didn't bet)



PokerStars Hand #254753419394:  Hold'em No Limit ($0.50/$1.00 USD) - 2025/02/07 19:02:33 WET [2025/02/07 14:02:33 ET]
Table 'Palala II' 6-max Seat #4 is the button
Seat 1: iDawn ($80.42 in chips) 
Seat 2: 06Hookd ($102.20 in chips) 
Seat 3: michasia ($101 in chips) 
Seat 4: Xenicide ($102 in chips) 
Seat 5: I TAKE IT 85 ($146.53 in chips) 
Seat 6: BoyLoc0 ($100 in chips) 
I TAKE IT 85: posts small blind $0.50
BoyLoc0: posts big blind $1
*** HOLE CARDS ***
iDawn: folds 
06Hookd: folds 
michasia: folds 
Xenicide: raises $1.25 to $2.25
I TAKE IT 85: raises $7.75 to $10
BoyLoc0: folds 
Xenicide: raises $10 to $20
I TAKE IT 85: calls $10
*** FLOP *** [Th 6c Td]
I TAKE IT 85: checks 
Xenicide: bets $9.74
I TAKE IT 85: calls $9.74
*** TURN *** [Th 6c Td] [6s]
I TAKE IT 85: checks 
Xenicide: bets $14.50
I TAKE IT 85: folds 
Uncalled bet ($14.50) returned to Xenicide
Xenicide collected $57.98 from pot
*** SUMMARY ***
Total pot $60.48 | Rake $2.50 
Board [Th 6c Td 6s]
Seat 1: iDawn folded before Flop (didn't bet)
Seat 2: 06Hookd folded before Flop (didn't bet)
Seat 3: michasia folded before Flop (didn't bet)
Seat 4: Xenicide (button) collected ($57.98)
Seat 5: I TAKE IT 85 (small blind) folded on the Turn
Seat 6: BoyLoc0 (big blind) folded before Flop



PokerStars Hand #254753442750:  Hold'em No Limit ($0.50/$1.00 USD) - 2025/02/07 19:03:55 WET [2025/02/07 14:03:55 ET]
Table 'Palala II' 6-max Seat #5 is the button
Seat 1: iDawn ($80.42 in chips) 
Seat 2: 06Hookd ($102.20 in chips) 
Seat 3: michasia ($101 in chips) 
Seat 4: Xenicide ($130.24 in chips) 
Seat 5: I TAKE IT 85 ($116.79 in chips) 
Seat 6: BoyLoc0 ($100 in chips) 
BoyLoc0: posts small blind $0.50
iDawn: posts big blind $1
*** HOLE CARDS ***
06Hookd: folds 
michasia: folds 
Xenicide: folds 
I TAKE IT 85: folds 
BoyLoc0: raises $2 to $3
iDawn: folds 
Uncalled bet ($2) returned to BoyLoc0
BoyLoc0 collected $2 from pot
BoyLoc0: doesn't show hand 
*** SUMMARY ***
Total pot $2 | Rake $0 
Seat 1: iDawn (big blind) folded before Flop
Seat 2: 06Hookd folded before Flop (didn't bet)
Seat 3: michasia folded before Flop (didn't bet)
Seat 4: Xenicide folded before Flop (didn't bet)
Seat 5: I TAKE IT 85 (button) folded before Flop (didn't bet)
Seat 6: BoyLoc0 (small blind) collected ($2)



PokerStars Hand #254753448108:  Hold'em No Limit ($0.50/$1.00 USD) - 2025/02/07 19:04:14 WET [2025/02/07 14:04:14 ET]
Table 'Palala II' 6-max Seat #6 is the button
Seat 1: iDawn ($79.42 in chips) 
Seat 2: 06Hookd ($102.20 in chips) 
Seat 3: michasia ($101 in chips) 
Seat 4: Xenicide ($130.24 in chips) 
Seat 5: I TAKE IT 85 ($116.79 in chips) 
Seat 6: BoyLoc0 ($101 in chips) 
iDawn: posts small blind $0.50
06Hookd: posts big blind $1
*** HOLE CARDS ***
michasia: raises $1.60 to $2.60
Xenicide: folds 
I TAKE IT 85: folds 
BoyLoc0: folds 
iDawn: folds 
06Hookd: raises $8.40 to $11
michasia: calls $8.40
*** FLOP *** [9c 4c 2h]
06Hookd: bets $11.12
michasia: raises $22.24 to $33.36
06Hookd: raises $57.84 to $91.20 and is all-in
michasia: calls $56.64 and is all-in
Uncalled bet ($1.20) returned to 06Hookd
*** FIRST TURN *** [9c 4c 2h] [As]
*** FIRST RIVER *** [9c 4c 2h As] [5h]
*** SECOND TURN *** [9c 4c 2h] [4h]
*** SECOND RIVER *** [9c 4c 2h 4h] [Js]
*** FIRST SHOW DOWN ***
06Hookd: shows [Qc Tc] (high card Ace)
michasia: shows [9h 9s] (three of a kind, Nines)
michasia collected $100 from pot
*** SECOND SHOW DOWN ***
06Hookd: shows [Qc Tc] (a pair of Fours)
michasia: shows [9h 9s] (a full house, Nines full of Fours)
michasia collected $100 from pot
*** SUMMARY ***
Total pot $202.50 | Rake $2.50 
Hand was run twice
FIRST Board [9c 4c 2h As 5h]
SECOND Board [9c 4c 2h 4h Js]
Seat 1: iDawn (small blind) folded before Flop
Seat 2: 06Hookd (big blind) showed [Qc Tc] and lost with high card Ace, and lost with a pair of Fours
Seat 3: michasia showed [9h 9s] and won ($100) with three of a kind, Nines, and won ($100) with a full house, Nines full of Fours
Seat 4: Xenicide folded before Flop (didn't bet)
Seat 5: I TAKE IT 85 folded before Flop (didn't bet)
Seat 6: BoyLoc0 (button) folded before Flop (didn't bet)



PokerStars Hand #254753469982:  Hold'em No Limit ($0.50/$1.00 USD) - 2025/02/07 19:05:31 WET [2025/02/07 14:05:31 ET]
Table 'Palala II' 6-max Seat #1 is the button
Seat 1: iDawn ($78.92 in chips) 
Seat 2: 06Hookd ($1.20 in chips) 
Seat 3: michasia ($200 in chips) 
Seat 4: Xenicide ($130.24 in chips) 
Seat 5: I TAKE IT 85 ($116.79 in chips) 
Seat 6: BoyLoc0 ($101 in chips) 
06Hookd: posts small blind $0.50
michasia: posts big blind $1
*** HOLE CARDS ***
Xenicide: raises $1 to $2
I TAKE IT 85: folds 
BoyLoc0: folds 
iDawn: calls $2
06Hookd: calls $0.70 and is all-in
michasia: folds 
*** FLOP *** [9c Qd 5d]
Xenicide: bets $2.94
iDawn: calls $2.94
*** TURN *** [9c Qd 5d] [Tc]
Xenicide: bets $5.74
iDawn: calls $5.74
*** RIVER *** [9c Qd 5d Tc] [Jc]
Xenicide: bets $11.19
iDawn: folds 
Uncalled bet ($11.19) returned to Xenicide
*** SHOW DOWN ***
Xenicide: shows [Qc Ks] (a straight, Nine to King)
Xenicide collected $18.01 from side pot
06Hookd: shows [8h Ah] (a straight, Eight to Queen)
Xenicide collected $4.37 from main pot
*** SUMMARY ***
Total pot $23.56 Main pot $4.37. Side pot $18.01. | Rake $1.18 
Board [9c Qd 5d Tc Jc]
Seat 1: iDawn (button) folded on the River
Seat 2: 06Hookd (small blind) showed [8h Ah] and lost with a straight, Eight to Queen
Seat 3: michasia (big blind) folded before Flop
Seat 4: Xenicide showed [Qc Ks] and won ($22.38) with a straight, Nine to King
Seat 5: I TAKE IT 85 folded before Flop (didn't bet)
Seat 6: BoyLoc0 folded before Flop (didn't bet)



PokerStars Hand #254753479589:  Hold'em No Limit ($0.50/$1.00 USD) - 2025/02/07 19:06:04 WET [2025/02/07 14:06:04 ET]
Table 'Palala II' 6-max Seat #2 is the button
Seat 1: iDawn ($68.24 in chips) 
Seat 2: 06Hookd ($100 in chips) 
Seat 3: michasia ($199 in chips) 
Seat 4: Xenicide ($141.94 in chips) 
Seat 5: I TAKE IT 85 ($116.79 in chips) 
Seat 6: BoyLoc0 ($101 in chips) 
michasia: posts small blind $0.50
Xenicide: posts big blind $1
*** HOLE CARDS ***
I TAKE IT 85: folds 
BoyLoc0: folds 
iDawn: calls $1
06Hookd: raises $3 to $4
michasia: folds 
Xenicide: folds 
iDawn: calls $3
*** FLOP *** [5c 4h Td]
iDawn: checks 
06Hookd: bets $2.98
iDawn: raises $14.98 to $17.96
06Hookd: folds 
Uncalled bet ($14.98) returned to iDawn
iDawn collected $14.69 from pot
*** SUMMARY ***
Total pot $15.46 | Rake $0.77 
Board [5c 4h Td]
Seat 1: iDawn collected ($14.69)
Seat 2: 06Hookd (button) folded on the Flop
Seat 3: michasia (small blind) folded before Flop
Seat 4: Xenicide (big blind) folded before Flop
Seat 5: I TAKE IT 85 folded before Flop (didn't bet)
Seat 6: BoyLoc0 folded before Flop (didn't bet)



PokerStars Hand #254753492739:  Hold'em No Limit ($0.50/$1.00 USD) - 2025/02/07 19:06:50 WET [2025/02/07 14:06:50 ET]
Table 'Palala II' 6-max Seat #3 is the button
Seat 1: iDawn ($75.95 in chips) 
Seat 2: 06Hookd ($93.02 in chips) 
Seat 3: michasia ($198.50 in chips) 
Seat 4: Xenicide ($140.94 in chips) 
Seat 5: I TAKE IT 85 ($116.79 in chips) 
Seat 6: BoyLoc0 ($101 in chips) 
Xenicide: posts small blind $0.50
I TAKE IT 85: posts big blind $1
*** HOLE CARDS ***
BoyLoc0: folds 
iDawn: folds 
06Hookd: raises $1.30 to $2.30
michasia: folds 
Xenicide: folds 
I TAKE IT 85: folds 
Uncalled bet ($1.30) returned to 06Hookd
06Hookd collected $2.50 from pot
06Hookd: doesn't show hand 
*** SUMMARY ***
Total pot $2.50 | Rake $0 
Seat 1: iDawn folded before Flop (didn't bet)
Seat 2: 06Hookd collected ($2.50)
Seat 3: michasia (button) folded before Flop (didn't bet)
Seat 4: Xenicide (small blind) folded before Flop
Seat 5: I TAKE IT 85 (big blind) folded before Flop
Seat 6: BoyLoc0 folded before Flop (didn't bet)



PokerStars Hand #254753496732:  Hold'em No Limit ($0.50/$1.00 USD) - 2025/02/07 19:07:04 WET [2025/02/07 14:07:04 ET]
Table 'Palala II' 6-max Seat #4 is the button
Seat 1: iDawn ($75.95 in chips) 
Seat 2: 06Hookd ($94.52 in chips) 
Seat 3: michasia ($198.50 in chips) 
Seat 4: Xenicide ($140.44 in chips) 
Seat 5: I TAKE IT 85 ($115.79 in chips) 
Seat 6: BoyLoc0 ($101 in chips) 
I TAKE IT 85: posts small blind $0.50
BoyLoc0: posts big blind $1
*** HOLE CARDS ***
iDawn: calls $1
06Hookd: folds 
michasia: folds 
Xenicide: folds 
I TAKE IT 85: folds 
BoyLoc0: raises $4 to $5
iDawn: calls $4
*** FLOP *** [Th 6h 7c]
BoyLoc0: checks 
iDawn: checks 
*** TURN *** [Th 6h 7c] [7h]
BoyLoc0: checks 
iDawn: bets $4.99
BoyLoc0: folds 
Uncalled bet ($4.99) returned to iDawn
iDawn collected $9.98 from pot
*** SUMMARY ***
Total pot $10.50 | Rake $0.52 
Board [Th 6h 7c 7h]
Seat 1: iDawn collected ($9.98)
Seat 2: 06Hookd folded before Flop (didn't bet)
Seat 3: michasia folded before Flop (didn't bet)
Seat 4: Xenicide (button) folded before Flop (didn't bet)
Seat 5: I TAKE IT 85 (small blind) folded before Flop
Seat 6: BoyLoc0 (big blind) folded on the Turn



PokerStars Hand #254753509816:  Hold'em No Limit ($0.50/$1.00 USD) - 2025/02/07 19:07:49 WET [2025/02/07 14:07:49 ET]
Table 'Palala II' 6-max Seat #5 is the button
Seat 1: iDawn ($80.93 in chips) 
Seat 2: 06Hookd ($94.52 in chips) 
Seat 3: michasia ($198.50 in chips) 
Seat 4: Xenicide ($140.44 in chips) 
Seat 5: I TAKE IT 85 ($115.29 in chips) 
Seat 6: BoyLoc0 ($100 in chips) 
BoyLoc0: posts small blind $0.50
iDawn: posts big blind $1
*** HOLE CARDS ***
06Hookd: folds 
michasia: folds 
Xenicide: folds 
I TAKE IT 85: folds 
BoyLoc0: raises $2 to $3
iDawn: calls $2
*** FLOP *** [Ac Ad 7s]
BoyLoc0: checks 
iDawn: bets $2.85
BoyLoc0: folds 
Uncalled bet ($2.85) returned to iDawn
iDawn collected $5.70 from pot
*** SUMMARY ***
Total pot $6 | Rake $0.30 
Board [Ac Ad 7s]
Seat 1: iDawn (big blind) collected ($5.70)
Seat 2: 06Hookd folded before Flop (didn't bet)
Seat 3: michasia folded before Flop (didn't bet)
Seat 4: Xenicide folded before Flop (didn't bet)
Seat 5: I TAKE IT 85 (button) folded before Flop (didn't bet)
Seat 6: BoyLoc0 (small blind) folded on the Flop



PokerStars Hand #254753517720:  Hold'em No Limit ($0.50/$1.00 USD) - 2025/02/07 19:08:17 WET [2025/02/07 14:08:17 ET]
Table 'Palala II' 6-max Seat #6 is the button
Seat 1: iDawn ($83.63 in chips) 
Seat 2: 06Hookd ($94.52 in chips) 
Seat 3: michasia ($198.50 in chips) 
Seat 4: Xenicide ($140.44 in chips) 
Seat 5: I TAKE IT 85 ($115.29 in chips) 
Seat 6: BoyLoc0 ($100 in chips) 
iDawn: posts small blind $0.50
06Hookd: posts big blind $1
*** HOLE CARDS ***
michasia: folds 
Xenicide: folds 
I TAKE IT 85: folds 
BoyLoc0: raises $1.50 to $2.50
iDawn: calls $2
06Hookd: folds 
*** FLOP *** [Js 8c 6h]
iDawn: checks 
BoyLoc0: bets $1.88
iDawn: folds 
Uncalled bet ($1.88) returned to BoyLoc0
BoyLoc0 collected $5.70 from pot
BoyLoc0: doesn't show hand 
*** SUMMARY ***
Total pot $6 | Rake $0.30 
Board [Js 8c 6h]
Seat 1: iDawn (small blind) folded on the Flop
Seat 2: 06Hookd (big blind) folded before Flop
Seat 3: michasia folded before Flop (didn't bet)
Seat 4: Xenicide folded before Flop (didn't bet)
Seat 5: I TAKE IT 85 folded before Flop (didn't bet)
Seat 6: BoyLoc0 (button) collected ($5.70)



PokerStars Hand #254753529705:  Hold'em No Limit ($0.50/$1.00 USD) - 2025/02/07 19:08:59 WET [2025/02/07 14:08:59 ET]
Table 'Palala II' 6-max Seat #1 is the button
Seat 1: iDawn ($81.13 in chips) 
Seat 2: 06Hookd ($93.52 in chips) 
Seat 3: michasia ($198.50 in chips) 
Seat 4: Xenicide ($140.44 in chips) 
Seat 5: I TAKE IT 85 ($115.29 in chips) 
Seat 6: BoyLoc0 ($103.20 in chips) 
06Hookd: posts small blind $0.50
michasia: posts big blind $1
*** HOLE CARDS ***
Xenicide: folds 
I TAKE IT 85: folds 
BoyLoc0: raises $1.50 to $2.50
iDawn: folds 
06Hookd: folds 
michasia: calls $1.50
*** FLOP *** [9s Ks Ah]
michasia: checks 
BoyLoc0: checks 
*** TURN *** [9s Ks Ah] [2h]
michasia: bets $3.48
BoyLoc0: folds 
Uncalled bet ($3.48) returned to michasia
michasia collected $5.22 from pot
michasia: doesn't show hand 
*** SUMMARY ***
Total pot $5.50 | Rake $0.28 
Board [9s Ks Ah 2h]
Seat 1: iDawn (button) folded before Flop (didn't bet)
Seat 2: 06Hookd (small blind) folded before Flop
Seat 3: michasia (big blind) collected ($5.22)
Seat 4: Xenicide folded before Flop (didn't bet)
Seat 5: I TAKE IT 85 folded before Flop (didn't bet)
Seat 6: BoyLoc0 folded on the Turn



PokerStars Hand #254753545461:  Hold'em No Limit ($0.50/$1.00 USD) - 2025/02/07 19:09:53 WET [2025/02/07 14:09:53 ET]
Table 'Palala II' 6-max Seat #2 is the button
Seat 1: iDawn ($81.13 in chips) 
Seat 2: 06Hookd ($93.02 in chips) 
Seat 3: michasia ($201.22 in chips) 
Seat 4: Xenicide ($140.44 in chips) 
Seat 5: I TAKE IT 85 ($115.29 in chips) 
Seat 6: BoyLoc0 ($100.70 in chips) 
michasia: posts small blind $0.50
Xenicide: posts big blind $1
*** HOLE CARDS ***
I TAKE IT 85: folds 
BoyLoc0: folds 
iDawn: folds 
06Hookd: folds 
michasia: raises $2 to $3
Xenicide: calls $2
*** FLOP *** [4s 8h 8c]
michasia: checks 
Xenicide: bets $1.43
michasia: folds 
Uncalled bet ($1.43) returned to Xenicide
Xenicide collected $5.70 from pot
*** SUMMARY ***
Total pot $6 | Rake $0.30 
Board [4s 8h 8c]
Seat 1: iDawn folded before Flop (didn't bet)
Seat 2: 06Hookd (button) folded before Flop (didn't bet)
Seat 3: michasia (small blind) folded on the Flop
Seat 4: Xenicide (big blind) collected ($5.70)
Seat 5: I TAKE IT 85 folded before Flop (didn't bet)
Seat 6: BoyLoc0 folded before Flop (didn't bet)



PokerStars Hand #254753555788:  Hold'em No Limit ($0.50/$1.00 USD) - 2025/02/07 19:10:29 WET [2025/02/07 14:10:29 ET]
Table 'Palala II' 6-max Seat #3 is the button
Seat 1: iDawn ($81.13 in chips) 
Seat 2: 06Hookd ($93.02 in chips) 
Seat 3: michasia ($198.22 in chips) 
Seat 4: Xenicide ($143.14 in chips) 
Seat 5: I TAKE IT 85 ($115.29 in chips) 
Seat 6: BoyLoc0 ($100.70 in chips) 
Xenicide: posts small blind $0.50
I TAKE IT 85: posts big blind $1
*** HOLE CARDS ***
BoyLoc0: raises $1.50 to $2.50
iDawn: calls $2.50
06Hookd: folds 
michasia: folds 
Xenicide: folds 
I TAKE IT 85: calls $1.50
*** FLOP *** [4s 4d 8c]
I TAKE IT 85: checks 
BoyLoc0: checks 
iDawn: bets $3.80
I TAKE IT 85: folds 
BoyLoc0: calls $3.80
*** TURN *** [4s 4d 8c] [9h]
BoyLoc0: checks 
iDawn: bets $7.41
BoyLoc0: folds 
Uncalled bet ($7.41) returned to iDawn
iDawn collected $14.82 from pot
*** SUMMARY ***
Total pot $15.60 | Rake $0.78 
Board [4s 4d 8c 9h]
Seat 1: iDawn collected ($14.82)
Seat 2: 06Hookd folded before Flop (didn't bet)
Seat 3: michasia (button) folded before Flop (didn't bet)
Seat 4: Xenicide (small blind) folded before Flop
Seat 5: I TAKE IT 85 (big blind) folded on the Flop
Seat 6: BoyLoc0 folded on the Turn



PokerStars Hand #254753567585:  Hold'em No Limit ($0.50/$1.00 USD) - 2025/02/07 19:11:10 WET [2025/02/07 14:11:10 ET]
Table 'Palala II' 6-max Seat #4 is the button
Seat 1: iDawn ($89.65 in chips) 
Seat 2: 06Hookd ($93.02 in chips) 
Seat 3: michasia ($198.22 in chips) 
Seat 4: Xenicide ($142.64 in chips) 
Seat 5: I TAKE IT 85 ($112.79 in chips) 
Seat 6: BoyLoc0 ($100 in chips) 
I TAKE IT 85: posts small blind $0.50
BoyLoc0: posts big blind $1
*** HOLE CARDS ***
iDawn: folds 
06Hookd: folds 
michasia: folds 
Xenicide: folds 
I TAKE IT 85: folds 
Uncalled bet ($0.50) returned to BoyLoc0
BoyLoc0 collected $1 from pot
BoyLoc0: doesn't show hand 
*** SUMMARY ***
Total pot $1 | Rake $0 
Seat 1: iDawn folded before Flop (didn't bet)
Seat 2: 06Hookd folded before Flop (didn't bet)
Seat 3: michasia folded before Flop (didn't bet)
Seat 4: Xenicide (button) folded before Flop (didn't bet)
Seat 5: I TAKE IT 85 (small blind) folded before Flop
Seat 6: BoyLoc0 (big blind) collected ($1)



PokerStars Hand #254753570306:  Hold'em No Limit ($0.50/$1.00 USD) - 2025/02/07 19:11:20 WET [2025/02/07 14:11:20 ET]
Table 'Palala II' 6-max Seat #5 is the button
Seat 1: iDawn ($89.65 in chips) 
Seat 2: 06Hookd ($93.02 in chips) 
Seat 3: michasia ($198.22 in chips) 
Seat 4: Xenicide ($142.64 in chips) 
Seat 5: I TAKE IT 85 ($112.29 in chips) 
Seat 6: BoyLoc0 ($100.50 in chips) 
BoyLoc0: posts small blind $0.50
iDawn: posts big blind $1
*** HOLE CARDS ***
06Hookd: raises $1 to $2
michasia: folds 
Xenicide: raises $4 to $6
I TAKE IT 85: folds 
BoyLoc0: folds 
iDawn: folds 
06Hookd: folds 
Uncalled bet ($4) returned to Xenicide
Xenicide collected $5.50 from pot
*** SUMMARY ***
Total pot $5.50 | Rake $0 
Seat 1: iDawn (big blind) folded before Flop
Seat 2: 06Hookd folded before Flop
Seat 3: michasia folded before Flop (didn't bet)
Seat 4: Xenicide collected ($5.50)
Seat 5: I TAKE IT 85 (button) folded before Flop (didn't bet)
Seat 6: BoyLoc0 (small blind) folded before Flop



PokerStars Hand #254753582157:  Hold'em No Limit ($0.50/$1.00 USD) - 2025/02/07 19:12:02 WET [2025/02/07 14:12:02 ET]
Table 'Palala II' 6-max Seat #6 is the button
Seat 1: iDawn ($88.65 in chips) 
Seat 2: 06Hookd ($91.02 in chips) 
Seat 3: michasia ($198.22 in chips) 
Seat 4: Xenicide ($146.14 in chips) 
Seat 5: I TAKE IT 85 ($112.29 in chips) 
Seat 6: BoyLoc0 ($100 in chips) 
iDawn: posts small blind $0.50
06Hookd: posts big blind $1
*** HOLE CARDS ***
michasia: raises $1.60 to $2.60
Xenicide: folds 
I TAKE IT 85: folds 
BoyLoc0: folds 
iDawn: folds 
06Hookd: folds 
Uncalled bet ($1.60) returned to michasia
michasia collected $2.50 from pot
michasia: doesn't show hand 
*** SUMMARY ***
Total pot $2.50 | Rake $0 
Seat 1: iDawn (small blind) folded before Flop
Seat 2: 06Hookd (big blind) folded before Flop
Seat 3: michasia collected ($2.50)
Seat 4: Xenicide folded before Flop (didn't bet)
Seat 5: I TAKE IT 85 folded before Flop (didn't bet)
Seat 6: BoyLoc0 (button) folded before Flop (didn't bet)



PokerStars Hand #254753590733:  Hold'em No Limit ($0.50/$1.00 USD) - 2025/02/07 19:12:32 WET [2025/02/07 14:12:32 ET]
Table 'Palala II' 6-max Seat #1 is the button
Seat 1: iDawn ($88.15 in chips) 
Seat 2: 06Hookd ($90.02 in chips) 
Seat 3: michasia ($199.72 in chips) 
Seat 4: Xenicide ($146.14 in chips) 
Seat 5: I TAKE IT 85 ($112.29 in chips) 
Seat 6: BoyLoc0 ($100 in chips) 
06Hookd: posts small blind $0.50
michasia: posts big blind $1
*** HOLE CARDS ***
Xenicide: folds 
I TAKE IT 85: folds 
BoyLoc0: raises $1.50 to $2.50
iDawn: calls $2.50
06Hookd: folds 
michasia: folds 
*** FLOP *** [Qs Qh 8c]
BoyLoc0: bets $2.04
iDawn: calls $2.04
*** TURN *** [Qs Qh 8c] [Ks]
BoyLoc0: bets $7.54
iDawn: calls $7.54
*** RIVER *** [Qs Qh 8c Ks] [3d]
BoyLoc0: bets $18.29
iDawn: raises $57.78 to $76.07 and is all-in
BoyLoc0: folds 
Uncalled bet ($57.78) returned to iDawn
iDawn collected $59.74 from pot
*** SUMMARY ***
Total pot $62.24 | Rake $2.50 
Board [Qs Qh 8c Ks 3d]
Seat 1: iDawn (button) collected ($59.74)
Seat 2: 06Hookd (small blind) folded before Flop
Seat 3: michasia (big blind) folded before Flop
Seat 4: Xenicide folded before Flop (didn't bet)
Seat 5: I TAKE IT 85 folded before Flop (didn't bet)
Seat 6: BoyLoc0 folded on the River



PokerStars Hand #254753604029:  Hold'em No Limit ($0.50/$1.00 USD) - 2025/02/07 19:13:20 WET [2025/02/07 14:13:20 ET]
Table 'Palala II' 6-max Seat #2 is the button
Seat 1: iDawn ($117.52 in chips) 
Seat 2: 06Hookd ($89.52 in chips) 
Seat 3: michasia ($198.72 in chips) 
Seat 4: Xenicide ($146.14 in chips) 
Seat 5: I TAKE IT 85 ($112.29 in chips) 
Seat 6: BoyLoc0 ($100 in chips) 
michasia: posts small blind $0.50
Xenicide: posts big blind $1
*** HOLE CARDS ***
I TAKE IT 85: folds 
BoyLoc0: raises $1.50 to $2.50
iDawn: folds 
06Hookd: folds 
michasia: folds 
Xenicide: folds 
Uncalled bet ($1.50) returned to BoyLoc0
BoyLoc0 collected $2.50 from pot
BoyLoc0: doesn't show hand 
*** SUMMARY ***
Total pot $2.50 | Rake $0 
Seat 1: iDawn folded before Flop (didn't bet)
Seat 2: 06Hookd (button) folded before Flop (didn't bet)
Seat 3: michasia (small blind) folded before Flop
Seat 4: Xenicide (big blind) folded before Flop
Seat 5: I TAKE IT 85 folded before Flop (didn't bet)
Seat 6: BoyLoc0 collected ($2.50)



PokerStars Hand #254753607927:  Hold'em No Limit ($0.50/$1.00 USD) - 2025/02/07 19:13:34 WET [2025/02/07 14:13:34 ET]
Table 'Palala II' 6-max Seat #3 is the button
Seat 1: iDawn ($117.52 in chips) 
Seat 2: 06Hookd ($89.52 in chips) 
Seat 3: michasia ($198.22 in chips) 
Seat 4: Xenicide ($145.14 in chips) 
Seat 5: I TAKE IT 85 ($112.29 in chips) 
Seat 6: BoyLoc0 ($101.50 in chips) 
Xenicide: posts small blind $0.50
I TAKE IT 85: posts big blind $1
*** HOLE CARDS ***
BoyLoc0: folds 
iDawn: folds 
06Hookd: folds 
michasia: folds 
Xenicide: raises $2.50 to $3.50
I TAKE IT 85: calls $2.50
*** FLOP *** [7h 5h 5c]
Xenicide: checks 
I TAKE IT 85: checks 
*** TURN *** [7h 5h 5c] [3c]
Xenicide: bets $10
I TAKE IT 85: calls $10
*** RIVER *** [7h 5h 5c 3c] [Qc]
Xenicide: checks 
I TAKE IT 85: bets $17.96
Xenicide: folds 
Uncalled bet ($17.96) returned to I TAKE IT 85
I TAKE IT 85 collected $25.65 from pot
I TAKE IT 85: doesn't show hand 
*** SUMMARY ***
Total pot $27 | Rake $1.35 
Board [7h 5h 5c 3c Qc]
Seat 1: iDawn folded before Flop (didn't bet)
Seat 2: 06Hookd folded before Flop (didn't bet)
Seat 3: michasia (button) folded before Flop (didn't bet)
Seat 4: Xenicide (small blind) folded on the River
Seat 5: I TAKE IT 85 (big blind) collected ($25.65)
Seat 6: BoyLoc0 folded before Flop (didn't bet)



PokerStars Hand #254753625975:  Hold'em No Limit ($0.50/$1.00 USD) - 2025/02/07 19:14:37 WET [2025/02/07 14:14:37 ET]
Table 'Palala II' 6-max Seat #4 is the button
Seat 1: iDawn ($117.52 in chips) 
Seat 2: 06Hookd ($89.52 in chips) 
Seat 3: michasia ($198.22 in chips) 
Seat 4: Xenicide ($131.64 in chips) 
Seat 5: I TAKE IT 85 ($124.44 in chips) 
Seat 6: BoyLoc0 ($101.50 in chips) 
I TAKE IT 85: posts small blind $0.50
BoyLoc0: posts big blind $1
*** HOLE CARDS ***
iDawn: folds 
06Hookd: folds 
michasia: folds 
Xenicide: folds 
I TAKE IT 85: raises $2 to $3
BoyLoc0: folds 
Uncalled bet ($2) returned to I TAKE IT 85
I TAKE IT 85 collected $2 from pot
I TAKE IT 85: doesn't show hand 
*** SUMMARY ***
Total pot $2 | Rake $0 
Seat 1: iDawn folded before Flop (didn't bet)
Seat 2: 06Hookd folded before Flop (didn't bet)
Seat 3: michasia folded before Flop (didn't bet)
Seat 4: Xenicide (button) folded before Flop (didn't bet)
Seat 5: I TAKE IT 85 (small blind) collected ($2)
Seat 6: BoyLoc0 (big blind) folded before Flop



PokerStars Hand #254753629077:  Hold'em No Limit ($0.50/$1.00 USD) - 2025/02/07 19:14:48 WET [2025/02/07 14:14:48 ET]
Table 'Palala II' 6-max Seat #5 is the button
Seat 1: iDawn ($117.52 in chips) 
Seat 2: 06Hookd ($89.52 in chips) 
Seat 3: michasia ($198.22 in chips) 
Seat 4: Xenicide ($131.64 in chips) 
Seat 5: I TAKE IT 85 ($125.44 in chips) 
Seat 6: BoyLoc0 ($100.50 in chips) 
BoyLoc0: posts small blind $0.50
iDawn: posts big blind $1
*** HOLE CARDS ***
06Hookd: folds 
michasia: folds 
Xenicide: raises $1 to $2
I TAKE IT 85: folds 
BoyLoc0: calls $1.50
iDawn: calls $1
*** FLOP *** [2s 8d 7s]
BoyLoc0: checks 
iDawn: checks 
Xenicide: bets $2.39
BoyLoc0: calls $2.39
iDawn: folds 
*** TURN *** [2s 8d 7s] [Qs]
BoyLoc0: checks 
Xenicide: bets $3.17
BoyLoc0: folds 
Uncalled bet ($3.17) returned to Xenicide
Xenicide collected $10.24 from pot
*** SUMMARY ***
Total pot $10.78 | Rake $0.54 
Board [2s 8d 7s Qs]
Seat 1: iDawn (big blind) folded on the Flop
Seat 2: 06Hookd folded before Flop (didn't bet)
Seat 3: michasia folded before Flop (didn't bet)
Seat 4: Xenicide collected ($10.24)
Seat 5: I TAKE IT 85 (button) folded before Flop (didn't bet)
Seat 6: BoyLoc0 (small blind) folded on the Turn



PokerStars Hand #254753642075:  Hold'em No Limit ($0.50/$1.00 USD) - 2025/02/07 19:15:33 WET [2025/02/07 14:15:33 ET]
Table 'Palala II' 6-max Seat #6 is the button
Seat 1: iDawn ($115.52 in chips) 
Seat 2: 06Hookd ($89.52 in chips) 
Seat 3: michasia ($198.22 in chips) 
Seat 4: Xenicide ($137.49 in chips) 
Seat 5: I TAKE IT 85 ($125.44 in chips) 
Seat 6: BoyLoc0 ($100 in chips) 
iDawn: posts small blind $0.50
06Hookd: posts big blind $1
*** HOLE CARDS ***
michasia: raises $1.60 to $2.60
Xenicide: folds 
I TAKE IT 85: folds 
BoyLoc0: calls $2.60
iDawn: folds 
06Hookd: folds 
*** FLOP *** [3d Qc 2d]
michasia: bets $2.10
BoyLoc0: calls $2.10
*** TURN *** [3d Qc 2d] [Tc]
michasia: bets $6.91
BoyLoc0: folds 
Uncalled bet ($6.91) returned to michasia
michasia collected $10.36 from pot
michasia: doesn't show hand 
*** SUMMARY ***
Total pot $10.90 | Rake $0.54 
Board [3d Qc 2d Tc]
Seat 1: iDawn (small blind) folded before Flop
Seat 2: 06Hookd (big blind) folded before Flop
Seat 3: michasia collected ($10.36)
Seat 4: Xenicide folded before Flop (didn't bet)
Seat 5: I TAKE IT 85 folded before Flop (didn't bet)
Seat 6: BoyLoc0 (button) folded on the Turn



PokerStars Hand #254753652575:  Hold'em No Limit ($0.50/$1.00 USD) - 2025/02/07 19:16:10 WET [2025/02/07 14:16:10 ET]
Table 'Palala II' 6-max Seat #1 is the button
Seat 1: iDawn ($115.02 in chips) 
Seat 2: 06Hookd ($88.52 in chips) 
Seat 3: michasia ($203.88 in chips) 
Seat 4: Xenicide ($137.49 in chips) 
Seat 5: I TAKE IT 85 ($125.44 in chips) 
Seat 6: BoyLoc0 ($100 in chips) 
06Hookd: posts small blind $0.50
michasia: posts big blind $1
*** HOLE CARDS ***
Xenicide: raises $1 to $2
I TAKE IT 85: folds 
BoyLoc0: folds 
iDawn: folds 
06Hookd: folds 
michasia: folds 
Uncalled bet ($1) returned to Xenicide
Xenicide collected $2.50 from pot
*** SUMMARY ***
Total pot $2.50 | Rake $0 
Seat 1: iDawn (button) folded before Flop (didn't bet)
Seat 2: 06Hookd (small blind) folded before Flop
Seat 3: michasia (big blind) folded before Flop
Seat 4: Xenicide collected ($2.50)
Seat 5: I TAKE IT 85 folded before Flop (didn't bet)
Seat 6: BoyLoc0 folded before Flop (didn't bet)



PokerStars Hand #254753656921:  Hold'em No Limit ($0.50/$1.00 USD) - 2025/02/07 19:16:25 WET [2025/02/07 14:16:25 ET]
Table 'Palala II' 6-max Seat #2 is the button
Seat 1: iDawn ($115.02 in chips) 
Seat 2: 06Hookd ($88.02 in chips) 
Seat 3: michasia ($202.88 in chips) 
Seat 4: Xenicide ($138.99 in chips) 
Seat 5: I TAKE IT 85 ($125.44 in chips) 
Seat 6: BoyLoc0 ($100 in chips) 
michasia: posts small blind $0.50
Xenicide: posts big blind $1
*** HOLE CARDS ***
I TAKE IT 85: raises $1.05 to $2.05
BoyLoc0: folds 
iDawn: folds 
06Hookd: folds 
michasia: folds 
Xenicide: folds 
Uncalled bet ($1.05) returned to I TAKE IT 85
I TAKE IT 85 collected $2.50 from pot
I TAKE IT 85: doesn't show hand 
*** SUMMARY ***
Total pot $2.50 | Rake $0 
Seat 1: iDawn folded before Flop (didn't bet)
Seat 2: 06Hookd (button) folded before Flop (didn't bet)
Seat 3: michasia (small blind) folded before Flop
Seat 4: Xenicide (big blind) folded before Flop
Seat 5: I TAKE IT 85 collected ($2.50)
Seat 6: BoyLoc0 folded before Flop (didn't bet)



PokerStars Hand #254753665348:  Hold'em No Limit ($0.50/$1.00 USD) - 2025/02/07 19:16:55 WET [2025/02/07 14:16:55 ET]
Table 'Palala II' 6-max Seat #3 is the button
Seat 5: I TAKE IT 85 ($126.94 in chips) is sitting out
Seat 1: iDawn ($115.02 in chips) 
Seat 2: 06Hookd ($88.02 in chips) 
Seat 3: michasia ($202.38 in chips) 
Seat 4: Xenicide ($137.99 in chips) 
Seat 6: BoyLoc0 ($100 in chips) 
Xenicide: posts small blind $0.50
I TAKE IT 85: is sitting out 
BoyLoc0: posts big blind $1
*** HOLE CARDS ***
iDawn: calls $1
06Hookd: folds 
michasia: folds 
Xenicide: calls $0.50
BoyLoc0: checks 
*** FLOP *** [7c 8s 3d]
Xenicide: checks 
BoyLoc0: checks 
I TAKE IT 85 leaves the table
iDawn: checks 
*** TURN *** [7c 8s 3d] [7h]
Xenicide: checks 
BoyLoc0: checks 
iDawn: checks 
*** RIVER *** [7c 8s 3d 7h] [Ks]
Xenicide: checks 
BoyLoc0: checks 
iDawn: checks 
*** SHOW DOWN ***
Xenicide: shows [2s Qs] (a pair of Sevens)
BoyLoc0: shows [Ac 6d] (a pair of Sevens - Ace kicker)
iDawn: mucks hand 
BoyLoc0 collected $2.85 from pot
*** SUMMARY ***
Total pot $3 | Rake $0.15 
Board [7c 8s 3d 7h Ks]
Seat 5: I TAKE IT 85
Seat 1: iDawn mucked
Seat 2: 06Hookd folded before Flop (didn't bet)
Seat 3: michasia (button) folded before Flop (didn't bet)
Seat 4: Xenicide (small blind) showed [2s Qs] and lost with a pair of Sevens
Seat 6: BoyLoc0 (big blind) showed [Ac 6d] and won ($2.85) with a pair of Sevens



PokerStars Hand #254753676475:  Hold'em No Limit ($0.50/$1.00 USD) - 2025/02/07 19:17:33 WET [2025/02/07 14:17:33 ET]
Table 'Palala II' 6-max Seat #4 is the button
Seat 1: iDawn ($114.02 in chips) 
Seat 2: 06Hookd ($88.02 in chips) 
Seat 3: michasia ($202.38 in chips) 
Seat 4: Xenicide ($136.99 in chips) 
Seat 6: BoyLoc0 ($101.85 in chips) 
BoyLoc0: posts small blind $0.50
iDawn: posts big blind $1
*** HOLE CARDS ***
06Hookd: raises $1 to $2
michasia: folds 
Xenicide: folds 
BoyLoc0: folds 
iDawn: folds 
Uncalled bet ($1) returned to 06Hookd
06Hookd collected $2.50 from pot
06Hookd: doesn't show hand 
*** SUMMARY ***
Total pot $2.50 | Rake $0 
Seat 1: iDawn (big blind) folded before Flop
Seat 2: 06Hookd collected ($2.50)
Seat 3: michasia folded before Flop (didn't bet)
Seat 4: Xenicide (button) folded before Flop (didn't bet)
Seat 6: BoyLoc0 (small blind) folded before Flop



PokerStars Hand #254753679866:  Hold'em No Limit ($0.50/$1.00 USD) - 2025/02/07 19:17:46 WET [2025/02/07 14:17:46 ET]
Table 'Palala II' 6-max Seat #6 is the button
Seat 1: iDawn ($113.02 in chips) 
Seat 2: 06Hookd ($89.52 in chips) 
Seat 3: michasia ($202.38 in chips) 
Seat 4: Xenicide ($136.99 in chips) 
Seat 6: BoyLoc0 ($101.35 in chips) 
iDawn: posts small blind $0.50
06Hookd: posts big blind $1
*** HOLE CARDS ***
michasia: folds 
Xenicide: folds 
BoyLoc0: raises $1.50 to $2.50
iDawn: folds 
06Hookd: folds 
Uncalled bet ($1.50) returned to BoyLoc0
BoyLoc0 collected $2.50 from pot
BoyLoc0: doesn't show hand 
vadjkeee joins the table at seat #5 
*** SUMMARY ***
Total pot $2.50 | Rake $0 
Seat 1: iDawn (small blind) folded before Flop
Seat 2: 06Hookd (big blind) folded before Flop
Seat 3: michasia folded before Flop (didn't bet)
Seat 4: Xenicide folded before Flop (didn't bet)
Seat 6: BoyLoc0 (button) collected ($2.50)



PokerStars Hand #254753683710:  Hold'em No Limit ($0.50/$1.00 USD) - 2025/02/07 19:17:59 WET [2025/02/07 14:17:59 ET]
Table 'Palala II' 6-max Seat #1 is the button
Seat 5: vadjkeee ($100 in chips) is sitting out
Seat 1: iDawn ($112.52 in chips) 
Seat 2: 06Hookd ($88.52 in chips) 
Seat 3: michasia ($202.38 in chips) 
Seat 4: Xenicide ($136.99 in chips) 
Seat 6: BoyLoc0 ($102.85 in chips) 
06Hookd: posts small blind $0.50
michasia: posts big blind $1
vadjkeee: sits out 
*** HOLE CARDS ***
Xenicide: folds 
BoyLoc0: raises $1.50 to $2.50
iDawn: folds 
06Hookd: raises $8.50 to $11
michasia: folds 
BoyLoc0: folds 
Uncalled bet ($8.50) returned to 06Hookd
06Hookd collected $6 from pot
06Hookd: doesn't show hand 
*** SUMMARY ***
Total pot $6 | Rake $0 
Seat 5: vadjkeee
Seat 1: iDawn (button) folded before Flop (didn't bet)
Seat 2: 06Hookd (small blind) collected ($6)
Seat 3: michasia (big blind) folded before Flop
Seat 4: Xenicide folded before Flop (didn't bet)
Seat 6: BoyLoc0 folded before Flop



PokerStars Hand #254753690580:  Hold'em No Limit ($0.50/$1.00 USD) - 2025/02/07 19:18:23 WET [2025/02/07 14:18:23 ET]
Table 'Palala II' 6-max Seat #2 is the button
Seat 5: vadjkeee ($100 in chips) is sitting out
Seat 1: iDawn ($112.52 in chips) 
Seat 2: 06Hookd ($92.02 in chips) 
Seat 3: michasia ($201.38 in chips) 
Seat 4: Xenicide ($136.99 in chips) 
Seat 6: BoyLoc0 ($100.35 in chips) 
michasia: posts small blind $0.50
Xenicide: posts big blind $1
vadjkeee: sits out 
*** HOLE CARDS ***
BoyLoc0: folds 
iDawn: folds 
06Hookd: folds 
michasia: folds 
Uncalled bet ($0.50) returned to Xenicide
Xenicide collected $1 from pot
*** SUMMARY ***
Total pot $1 | Rake $0 
Seat 5: vadjkeee
Seat 1: iDawn folded before Flop (didn't bet)
Seat 2: 06Hookd (button) folded before Flop (didn't bet)
Seat 3: michasia (small blind) folded before Flop
Seat 4: Xenicide (big blind) collected ($1)
Seat 6: BoyLoc0 folded before Flop (didn't bet)



PokerStars Hand #254753693168:  Hold'em No Limit ($0.50/$1.00 USD) - 2025/02/07 19:18:32 WET [2025/02/07 14:18:32 ET]
Table 'Palala II' 6-max Seat #3 is the button
Seat 1: iDawn ($112.52 in chips) 
Seat 2: 06Hookd ($92.02 in chips) 
Seat 3: michasia ($200.88 in chips) 
Seat 4: Xenicide ($137.49 in chips) 
Seat 5: vadjkeee ($100 in chips) 
Seat 6: BoyLoc0 ($100.35 in chips) 
Xenicide: posts small blind $0.50
vadjkeee: posts big blind $1
*** HOLE CARDS ***
BoyLoc0: folds 
iDawn: calls $1
06Hookd: folds 
michasia: folds 
Xenicide: folds 
vadjkeee: checks 
*** FLOP *** [Td 3c 2s]
vadjkeee: checks 
iDawn: checks 
*** TURN *** [Td 3c 2s] [Kd]
vadjkeee: checks 
iDawn: bets $2.38
vadjkeee: folds 
Uncalled bet ($2.38) returned to iDawn
iDawn collected $2.38 from pot
*** SUMMARY ***
Total pot $2.50 | Rake $0.12 
Board [Td 3c 2s Kd]
Seat 1: iDawn collected ($2.38)
Seat 2: 06Hookd folded before Flop (didn't bet)
Seat 3: michasia (button) folded before Flop (didn't bet)
Seat 4: Xenicide (small blind) folded before Flop
Seat 5: vadjkeee (big blind) folded on the Turn
Seat 6: BoyLoc0 folded before Flop (didn't bet)



PokerStars Hand #254753700586:  Hold'em No Limit ($0.50/$1.00 USD) - 2025/02/07 19:18:58 WET [2025/02/07 14:18:58 ET]
Table 'Palala II' 6-max Seat #4 is the button
Seat 1: iDawn ($113.90 in chips) 
Seat 2: 06Hookd ($92.02 in chips) 
Seat 3: michasia ($200.88 in chips) 
Seat 4: Xenicide ($136.99 in chips) 
Seat 5: vadjkeee ($100 in chips) 
Seat 6: BoyLoc0 ($100.35 in chips) 
vadjkeee: posts small blind $0.50
BoyLoc0: posts big blind $1
*** HOLE CARDS ***
iDawn: calls $1
06Hookd: raises $2 to $3
michasia: folds 
Xenicide: folds 
vadjkeee: folds 
BoyLoc0: calls $2
iDawn: calls $2
*** FLOP *** [6h 7c 5d]
BoyLoc0: bets $2.98
iDawn: folds 
06Hookd: folds 
Uncalled bet ($2.98) returned to BoyLoc0
BoyLoc0 collected $9.02 from pot
BoyLoc0: doesn't show hand 
*** SUMMARY ***
Total pot $9.50 | Rake $0.48 
Board [6h 7c 5d]
Seat 1: iDawn folded on the Flop
Seat 2: 06Hookd folded on the Flop
Seat 3: michasia folded before Flop (didn't bet)
Seat 4: Xenicide (button) folded before Flop (didn't bet)
Seat 5: vadjkeee (small blind) folded before Flop
Seat 6: BoyLoc0 (big blind) collected ($9.02)



PokerStars Hand #254753709254:  Hold'em No Limit ($0.50/$1.00 USD) - 2025/02/07 19:19:28 WET [2025/02/07 14:19:28 ET]
Table 'Palala II' 6-max Seat #5 is the button
Seat 1: iDawn ($110.90 in chips) 
Seat 2: 06Hookd ($89.02 in chips) 
Seat 3: michasia ($200.88 in chips) 
Seat 4: Xenicide ($136.99 in chips) 
Seat 5: vadjkeee ($100 in chips) 
Seat 6: BoyLoc0 ($106.37 in chips) 
BoyLoc0: posts small blind $0.50
iDawn: posts big blind $1
*** HOLE CARDS ***
06Hookd: folds 
michasia: folds 
Xenicide: folds 
vadjkeee: folds 
BoyLoc0: raises $2 to $3
iDawn: folds 
Uncalled bet ($2) returned to BoyLoc0
BoyLoc0 collected $2 from pot
BoyLoc0: doesn't show hand 
*** SUMMARY ***
Total pot $2 | Rake $0 
Seat 1: iDawn (big blind) folded before Flop
Seat 2: 06Hookd folded before Flop (didn't bet)
Seat 3: michasia folded before Flop (didn't bet)
Seat 4: Xenicide folded before Flop (didn't bet)
Seat 5: vadjkeee (button) folded before Flop (didn't bet)
Seat 6: BoyLoc0 (small blind) collected ($2)



PokerStars Hand #254753716449:  Hold'em No Limit ($0.50/$1.00 USD) - 2025/02/07 19:19:53 WET [2025/02/07 14:19:53 ET]
Table 'Palala II' 6-max Seat #6 is the button
Seat 1: iDawn ($109.90 in chips) 
Seat 2: 06Hookd ($89.02 in chips) 
Seat 3: michasia ($200.88 in chips) 
Seat 4: Xenicide ($136.99 in chips) 
Seat 5: vadjkeee ($100 in chips) 
Seat 6: BoyLoc0 ($107.37 in chips) 
iDawn: posts small blind $0.50
06Hookd: posts big blind $1
*** HOLE CARDS ***
michasia: folds 
Xenicide: folds 
vadjkeee: folds 
BoyLoc0: raises $1.50 to $2.50
iDawn: folds 
06Hookd: folds 
Uncalled bet ($1.50) returned to BoyLoc0
BoyLoc0 collected $2.50 from pot
BoyLoc0: doesn't show hand 
*** SUMMARY ***
Total pot $2.50 | Rake $0 
Seat 1: iDawn (small blind) folded before Flop
Seat 2: 06Hookd (big blind) folded before Flop
Seat 3: michasia folded before Flop (didn't bet)
Seat 4: Xenicide folded before Flop (didn't bet)
Seat 5: vadjkeee folded before Flop (didn't bet)
Seat 6: BoyLoc0 (button) collected ($2.50)



PokerStars Hand #254753722439:  Hold'em No Limit ($0.50/$1.00 USD) - 2025/02/07 19:20:14 WET [2025/02/07 14:20:14 ET]
Table 'Palala II' 6-max Seat #1 is the button
Seat 1: iDawn ($109.40 in chips) 
Seat 2: 06Hookd ($88.02 in chips) 
Seat 3: michasia ($200.88 in chips) 
Seat 4: Xenicide ($136.99 in chips) 
Seat 5: vadjkeee ($100 in chips) 
Seat 6: BoyLoc0 ($108.87 in chips) 
06Hookd: posts small blind $0.50
michasia: posts big blind $1
*** HOLE CARDS ***
Xenicide: folds 
vadjkeee: folds 
BoyLoc0: folds 
iDawn: folds 
06Hookd: folds 
Uncalled bet ($0.50) returned to michasia
michasia collected $1 from pot
michasia: doesn't show hand 
*** SUMMARY ***
Total pot $1 | Rake $0 
Seat 1: iDawn (button) folded before Flop (didn't bet)
Seat 2: 06Hookd (small blind) folded before Flop
Seat 3: michasia (big blind) collected ($1)
Seat 4: Xenicide folded before Flop (didn't bet)
Seat 5: vadjkeee folded before Flop (didn't bet)
Seat 6: BoyLoc0 folded before Flop (didn't bet)



PokerStars Hand #254753727763:  Hold'em No Limit ($0.50/$1.00 USD) - 2025/02/07 19:20:33 WET [2025/02/07 14:20:33 ET]
Table 'Palala II' 6-max Seat #2 is the button
Seat 1: iDawn ($109.40 in chips) 
Seat 2: 06Hookd ($87.52 in chips) 
Seat 3: michasia ($201.38 in chips) 
Seat 4: Xenicide ($136.99 in chips) 
Seat 5: vadjkeee ($100 in chips) 
Seat 6: BoyLoc0 ($108.87 in chips) 
michasia: posts small blind $0.50
Xenicide: posts big blind $1
*** HOLE CARDS ***
vadjkeee: folds 
BoyLoc0: raises $1.50 to $2.50
iDawn: calls $2.50
06Hookd: folds 
michasia: folds 
Xenicide: raises $10.50 to $13
BoyLoc0: calls $10.50
iDawn: calls $10.50
*** FLOP *** [Ah Qc 7c]
Xenicide: checks 
BoyLoc0: checks 
iDawn: checks 
*** TURN *** [Ah Qc 7c] [Kh]
Xenicide: checks 
BoyLoc0: checks 
iDawn: bets $37.52
Xenicide: raises $86.47 to $123.99 and is all-in
BoyLoc0: folds 
iDawn: calls $58.88 and is all-in
Uncalled bet ($27.59) returned to Xenicide
*** RIVER *** [Ah Qc 7c Kh] [7h]
*** SHOW DOWN ***
Xenicide: shows [Kd Kc] (a full house, Kings full of Sevens)
iDawn: shows [Jd Ad] (two pair, Aces and Sevens)
Xenicide collected $229.80 from pot
*** SUMMARY ***
Total pot $232.30 | Rake $2.50 
Board [Ah Qc 7c Kh 7h]
Seat 1: iDawn showed [Jd Ad] and lost with two pair, Aces and Sevens
Seat 2: 06Hookd (button) folded before Flop (didn't bet)
Seat 3: michasia (small blind) folded before Flop
Seat 4: Xenicide (big blind) showed [Kd Kc] and won ($229.80) with a full house, Kings full of Sevens
Seat 5: vadjkeee folded before Flop (didn't bet)
Seat 6: BoyLoc0 folded on the Turn



PokerStars Hand #254753752376:  Hold'em No Limit ($0.50/$1.00 USD) - 2025/02/07 19:21:58 WET [2025/02/07 14:21:58 ET]
Table 'Palala II' 6-max Seat #3 is the button
Seat 1: iDawn ($0 in chips) is sitting out
Seat 2: 06Hookd ($87.52 in chips) 
Seat 3: michasia ($200.88 in chips) 
Seat 4: Xenicide ($257.39 in chips) 
Seat 5: vadjkeee ($100 in chips) 
Seat 6: BoyLoc0 ($100 in chips) 
Xenicide: posts small blind $0.50
vadjkeee: posts big blind $1
*** HOLE CARDS ***
BoyLoc0: raises $1.50 to $2.50
06Hookd: folds 
iDawn is disconnected 
michasia: raises $5 to $7.50
Xenicide: folds 
vadjkeee: folds 
BoyLoc0: calls $5
*** FLOP *** [8h 2s 2c]
BoyLoc0: checks 
michasia: bets $5.17
BoyLoc0: calls $5.17
*** TURN *** [8h 2s 2c] [Ks]
BoyLoc0: checks 
michasia: checks 
*** RIVER *** [8h 2s 2c Ks] [9s]
BoyLoc0: bets $5
michasia: calls $5
*** SHOW DOWN ***
BoyLoc0: shows [Jh Qh] (a pair of Deuces)
michasia: shows [Th Tc] (two pair, Tens and Deuces)
michasia collected $35 from pot
*** SUMMARY ***
Total pot $36.84 | Rake $1.84 
Board [8h 2s 2c Ks 9s]
Seat 1: iDawn
Seat 2: 06Hookd folded before Flop (didn't bet)
Seat 3: michasia (button) showed [Th Tc] and won ($35) with two pair, Tens and Deuces
Seat 4: Xenicide (small blind) folded before Flop
Seat 5: vadjkeee (big blind) folded before Flop
Seat 6: BoyLoc0 showed [Jh Qh] and lost with a pair of Deuces



PokerStars Hand #254753766888:  Hold'em No Limit ($0.50/$1.00 USD) - 2025/02/07 19:22:49 WET [2025/02/07 14:22:49 ET]
Table 'Palala II' 6-max Seat #4 is the button
Seat 1: iDawn ($0 in chips) is sitting out
Seat 2: 06Hookd ($87.52 in chips) 
Seat 3: michasia ($218.21 in chips) 
Seat 4: Xenicide ($256.89 in chips) 
Seat 5: vadjkeee ($100 in chips) 
Seat 6: BoyLoc0 ($100 in chips) 
vadjkeee: posts small blind $0.50
BoyLoc0: posts big blind $1
*** HOLE CARDS ***
06Hookd: folds 
michasia: folds 
Xenicide: raises $1.25 to $2.25
vadjkeee: folds 
BoyLoc0: folds 
Uncalled bet ($1.25) returned to Xenicide
Xenicide collected $2.50 from pot
*** SUMMARY ***
Total pot $2.50 | Rake $0 
Seat 1: iDawn
Seat 2: 06Hookd folded before Flop (didn't bet)
Seat 3: michasia folded before Flop (didn't bet)
Seat 4: Xenicide (button) collected ($2.50)
Seat 5: vadjkeee (small blind) folded before Flop
Seat 6: BoyLoc0 (big blind) folded before Flop



PokerStars Hand #254753771010:  Hold'em No Limit ($0.50/$1.00 USD) - 2025/02/07 19:23:04 WET [2025/02/07 14:23:04 ET]
Table 'Palala II' 6-max Seat #5 is the button
Seat 1: iDawn ($0 in chips) is sitting out
Seat 2: 06Hookd ($87.52 in chips) 
Seat 3: michasia ($218.21 in chips) 
Seat 4: Xenicide ($258.39 in chips) 
Seat 5: vadjkeee ($100 in chips) 
Seat 6: BoyLoc0 ($100 in chips) 
BoyLoc0: posts small blind $0.50
06Hookd: posts big blind $1
*** HOLE CARDS ***
michasia: folds 
Xenicide: folds 
vadjkeee: raises $1.50 to $2.50
BoyLoc0: folds 
06Hookd: folds 
Uncalled bet ($1.50) returned to vadjkeee
vadjkeee collected $2.50 from pot
vadjkeee: doesn't show hand 
*** SUMMARY ***
Total pot $2.50 | Rake $0 
Seat 1: iDawn
Seat 2: 06Hookd (big blind) folded before Flop
Seat 3: michasia folded before Flop (didn't bet)
Seat 4: Xenicide folded before Flop (didn't bet)
Seat 5: vadjkeee (button) collected ($2.50)
Seat 6: BoyLoc0 (small blind) folded before Flop



PokerStars Hand #254753775430:  Hold'em No Limit ($0.50/$1.00 USD) - 2025/02/07 19:23:19 WET [2025/02/07 14:23:19 ET]
Table 'Palala II' 6-max Seat #6 is the button
Seat 1: iDawn ($0 in chips) is sitting out
Seat 2: 06Hookd ($86.52 in chips) 
Seat 3: michasia ($218.21 in chips) 
Seat 4: Xenicide ($258.39 in chips) 
Seat 5: vadjkeee ($101.50 in chips) 
Seat 6: BoyLoc0 ($100 in chips) 
06Hookd: posts small blind $0.50
michasia: posts big blind $1
*** HOLE CARDS ***
Xenicide: folds 
vadjkeee: folds 
BoyLoc0: folds 
06Hookd: folds 
Uncalled bet ($0.50) returned to michasia
michasia collected $1 from pot
michasia: doesn't show hand 
*** SUMMARY ***
Total pot $1 | Rake $0 
Seat 1: iDawn
Seat 2: 06Hookd (small blind) folded before Flop
Seat 3: michasia (big blind) collected ($1)
Seat 4: Xenicide folded before Flop (didn't bet)
Seat 5: vadjkeee folded before Flop (didn't bet)
Seat 6: BoyLoc0 (button) folded before Flop (didn't bet)



PokerStars Hand #254753779912:  Hold'em No Limit ($0.50/$1.00 USD) - 2025/02/07 19:23:35 WET [2025/02/07 14:23:35 ET]
Table 'Palala II' 6-max Seat #2 is the button
Seat 1: iDawn ($0 in chips) is sitting out
Seat 2: 06Hookd ($86.02 in chips) 
Seat 3: michasia ($218.71 in chips) 
Seat 4: Xenicide ($258.39 in chips) 
Seat 5: vadjkeee ($101.50 in chips) 
Seat 6: BoyLoc0 ($100 in chips) 
michasia: posts small blind $0.50
Xenicide: posts big blind $1
*** HOLE CARDS ***
vadjkeee: raises $1.50 to $2.50
BoyLoc0: folds 
06Hookd: folds 
michasia: folds 
Xenicide: folds 
Uncalled bet ($1.50) returned to vadjkeee
vadjkeee collected $2.50 from pot
vadjkeee: doesn't show hand 
*** SUMMARY ***
Total pot $2.50 | Rake $0 
Seat 1: iDawn
Seat 2: 06Hookd (button) folded before Flop (didn't bet)
Seat 3: michasia (small blind) folded before Flop
Seat 4: Xenicide (big blind) folded before Flop
Seat 5: vadjkeee collected ($2.50)
Seat 6: BoyLoc0 folded before Flop (didn't bet)



PokerStars Hand #254753783958:  Hold'em No Limit ($0.50/$1.00 USD) - 2025/02/07 19:23:50 WET [2025/02/07 14:23:50 ET]
Table 'Palala II' 6-max Seat #3 is the button
Seat 1: iDawn ($0 in chips) is sitting out
Seat 2: 06Hookd ($86.02 in chips) 
Seat 3: michasia ($218.21 in chips) 
Seat 4: Xenicide ($257.39 in chips) 
Seat 5: vadjkeee ($103 in chips) 
Seat 6: BoyLoc0 ($100 in chips) 
Xenicide: posts small blind $0.50
vadjkeee: posts big blind $1
*** HOLE CARDS ***
BoyLoc0: folds 
06Hookd: folds 
michasia: folds 
Xenicide: folds 
Uncalled bet ($0.50) returned to vadjkeee
vadjkeee collected $1 from pot
vadjkeee: doesn't show hand 
*** SUMMARY ***
Total pot $1 | Rake $0 
Seat 1: iDawn
Seat 2: 06Hookd folded before Flop (didn't bet)
Seat 3: michasia (button) folded before Flop (didn't bet)
Seat 4: Xenicide (small blind) folded before Flop
Seat 5: vadjkeee (big blind) collected ($1)
Seat 6: BoyLoc0 folded before Flop (didn't bet)



PokerStars Hand #254753787686:  Hold'em No Limit ($0.50/$1.00 USD) - 2025/02/07 19:24:03 WET [2025/02/07 14:24:03 ET]
Table 'Palala II' 6-max Seat #4 is the button
Seat 1: iDawn ($0 in chips) is sitting out
Seat 2: 06Hookd ($86.02 in chips) 
Seat 3: michasia ($218.21 in chips) 
Seat 4: Xenicide ($256.89 in chips) 
Seat 5: vadjkeee ($103.50 in chips) 
Seat 6: BoyLoc0 ($100 in chips) 
vadjkeee: posts small blind $0.50
BoyLoc0: posts big blind $1
*** HOLE CARDS ***
06Hookd: folds 
michasia: raises $1.80 to $2.80
Xenicide: folds 
vadjkeee: folds 
BoyLoc0: calls $1.80
*** FLOP *** [Ah 5c Td]
BoyLoc0: checks 
michasia: checks 
*** TURN *** [Ah 5c Td] [Jd]
BoyLoc0: checks 
michasia: checks 
*** RIVER *** [Ah 5c Td Jd] [6h]
BoyLoc0: bets $4.35
michasia: calls $4.35
*** SHOW DOWN ***
BoyLoc0: shows [9d As] (a pair of Aces)
michasia: mucks hand 
BoyLoc0 collected $14.06 from pot
*** SUMMARY ***
Total pot $14.80 | Rake $0.74 
Board [Ah 5c Td Jd 6h]
Seat 1: iDawn
Seat 2: 06Hookd folded before Flop (didn't bet)
Seat 3: michasia mucked
Seat 4: Xenicide (button) folded before Flop (didn't bet)
Seat 5: vadjkeee (small blind) folded before Flop
Seat 6: BoyLoc0 (big blind) showed [9d As] and won ($14.06) with a pair of Aces



PokerStars Hand #254753800778:  Hold'em No Limit ($0.50/$1.00 USD) - 2025/02/07 19:24:49 WET [2025/02/07 14:24:49 ET]
Table 'Palala II' 6-max Seat #5 is the button
Seat 1: iDawn ($0 in chips) is sitting out
Seat 2: 06Hookd ($86.02 in chips) 
Seat 3: michasia ($211.06 in chips) 
Seat 4: Xenicide ($256.89 in chips) 
Seat 5: vadjkeee ($103 in chips) 
Seat 6: BoyLoc0 ($106.91 in chips) 
BoyLoc0: posts small blind $0.50
06Hookd: posts big blind $1
*** HOLE CARDS ***
michasia: folds 
Xenicide: folds 
vadjkeee: folds 
michasia leaves the table
BoyLoc0: raises $2 to $3
xxxZeka joins the table at seat #3 
06Hookd: folds 
Uncalled bet ($2) returned to BoyLoc0
BoyLoc0 collected $2 from pot
BoyLoc0: doesn't show hand 
*** SUMMARY ***
Total pot $2 | Rake $0 
Seat 1: iDawn
Seat 2: 06Hookd (big blind) folded before Flop
Seat 3: michasia folded before Flop (didn't bet)
Seat 4: Xenicide folded before Flop (didn't bet)
Seat 5: vadjkeee (button) folded before Flop (didn't bet)
Seat 6: BoyLoc0 (small blind) collected ($2)



PokerStars Hand #254753807242:  Hold'em No Limit ($0.50/$1.00 USD) - 2025/02/07 19:25:12 WET [2025/02/07 14:25:12 ET]
Table 'Palala II' 6-max Seat #6 is the button
Seat 1: iDawn ($0 in chips) is sitting out
Seat 3: xxxZeka ($100 in chips) is sitting out
Seat 2: 06Hookd ($85.02 in chips) 
Seat 4: Xenicide ($256.89 in chips) 
Seat 5: vadjkeee ($103 in chips) 
Seat 6: BoyLoc0 ($107.91 in chips) 
06Hookd: posts small blind $0.50
Xenicide: posts big blind $1
*** HOLE CARDS ***
xxxZeka leaves the table
vadjkeee: folds 
BoyLoc0: folds 
06Hookd: folds 
Uncalled bet ($0.50) returned to Xenicide
Xenicide collected $1 from pot
*** SUMMARY ***
Total pot $1 | Rake $0 
Seat 1: iDawn
Seat 3: xxxZeka
Seat 2: 06Hookd (small blind) folded before Flop
Seat 4: Xenicide (big blind) collected ($1)
Seat 5: vadjkeee folded before Flop (didn't bet)
Seat 6: BoyLoc0 (button) folded before Flop (didn't bet)



PokerStars Hand #254753810737:  Hold'em No Limit ($0.50/$1.00 USD) - 2025/02/07 19:25:24 WET [2025/02/07 14:25:24 ET]
Table 'Palala II' 6-max Seat #2 is the button
Seat 1: iDawn ($0 in chips) is sitting out
Seat 2: 06Hookd ($84.52 in chips) 
Seat 4: Xenicide ($257.39 in chips) 
Seat 5: vadjkeee ($103 in chips) 
Seat 6: BoyLoc0 ($107.91 in chips) 
Xenicide: posts small blind $0.50
vadjkeee: posts big blind $1
*** HOLE CARDS ***
BoyLoc0: raises $1.50 to $2.50
06Hookd: folds 
Xenicide: folds 
vadjkeee: calls $1.50
*** FLOP *** [7d 8h Jh]
vadjkeee: checks 
coeeeelho joins the table at seat #3 
BoyLoc0: checks 
*** TURN *** [7d 8h Jh] [7h]
vadjkeee: bets $3.92
BoyLoc0: calls $3.92
*** RIVER *** [7d 8h Jh 7h] [Jd]
vadjkeee: bets $9.50
BoyLoc0: folds 
Uncalled bet ($9.50) returned to vadjkeee
vadjkeee collected $12.67 from pot
vadjkeee: doesn't show hand 
*** SUMMARY ***
Total pot $13.34 | Rake $0.67 
Board [7d 8h Jh 7h Jd]
Seat 1: iDawn
Seat 2: 06Hookd (button) folded before Flop (didn't bet)
Seat 4: Xenicide (small blind) folded before Flop
Seat 5: vadjkeee (big blind) collected ($12.67)
Seat 6: BoyLoc0 folded on the River



PokerStars Hand #254753825307:  Hold'em No Limit ($0.50/$1.00 USD) - 2025/02/07 19:26:17 WET [2025/02/07 14:26:17 ET]
Table 'Palala II' 6-max Seat #4 is the button
Seat 1: iDawn ($0 in chips) is sitting out
Seat 3: coeeeelho ($100 in chips) is sitting out
Seat 2: 06Hookd ($84.52 in chips) 
Seat 4: Xenicide ($256.89 in chips) 
Seat 5: vadjkeee ($109.25 in chips) 
Seat 6: BoyLoc0 ($101.49 in chips) 
vadjkeee: posts small blind $0.50
BoyLoc0: posts big blind $1
coeeeelho: sits out 
*** HOLE CARDS ***
06Hookd: folds 
Xenicide: folds 
vadjkeee: raises $2 to $3
BoyLoc0: calls $2
*** FLOP *** [Kc Kh 7s]
vadjkeee: bets $1.77
BoyLoc0: calls $1.77
*** TURN *** [Kc Kh 7s] [Qc]
vadjkeee: bets $13.59
BoyLoc0: calls $13.59
*** RIVER *** [Kc Kh 7s Qc] [8d]
vadjkeee: checks 
BoyLoc0: bets $11.79
vadjkeee: raises $23.71 to $35.50
BoyLoc0: calls $23.71
*** SHOW DOWN ***
vadjkeee: shows [9c 8c] (two pair, Kings and Eights)
BoyLoc0: shows [Kd 2d] (three of a kind, Kings)
BoyLoc0 collected $106.72 from pot
*** SUMMARY ***
Total pot $107.72 | Rake $1 
Board [Kc Kh 7s Qc 8d]
Seat 1: iDawn
Seat 3: coeeeelho
Seat 2: 06Hookd folded before Flop (didn't bet)
Seat 4: Xenicide (button) folded before Flop (didn't bet)
Seat 5: vadjkeee (small blind) showed [9c 8c] and lost with two pair, Kings and Eights
Seat 6: BoyLoc0 (big blind) showed [Kd 2d] and won ($106.72) with three of a kind, Kings



PokerStars Hand #254753847994:  Hold'em No Limit ($0.50/$1.00 USD) - 2025/02/07 19:27:38 WET [2025/02/07 14:27:38 ET]
Table 'Palala II' 6-max Seat #5 is the button
Seat 1: iDawn ($0 in chips) is sitting out
Seat 3: coeeeelho ($100 in chips) is sitting out
Seat 2: 06Hookd ($84.52 in chips) 
Seat 4: Xenicide ($256.89 in chips) 
Seat 5: vadjkeee ($100 in chips) 
Seat 6: BoyLoc0 ($154.35 in chips) 
BoyLoc0: posts small blind $0.50
06Hookd: posts big blind $1
coeeeelho: sits out 
*** HOLE CARDS ***
Xenicide: raises $1 to $2
vadjkeee: folds 
BoyLoc0: folds 
06Hookd: calls $1
*** FLOP *** [8c 6c 2h]
06Hookd: checks 
Xenicide: checks 
*** TURN *** [8c 6c 2h] [4c]
06Hookd: bets $2.23
Xenicide: folds 
Uncalled bet ($2.23) returned to 06Hookd
06Hookd collected $4.28 from pot
06Hookd: doesn't show hand 
*** SUMMARY ***
Total pot $4.50 | Rake $0.22 
Board [8c 6c 2h 4c]
Seat 1: iDawn
Seat 3: coeeeelho
Seat 2: 06Hookd (big blind) collected ($4.28)
Seat 4: Xenicide folded on the Turn
Seat 5: vadjkeee (button) folded before Flop (didn't bet)
Seat 6: BoyLoc0 (small blind) folded before Flop



PokerStars Hand #254753864314:  Hold'em No Limit ($0.50/$1.00 USD) - 2025/02/07 19:28:36 WET [2025/02/07 14:28:36 ET]
Table 'Palala II' 6-max Seat #6 is the button
Seat 1: iDawn ($0 in chips) is sitting out
Seat 2: 06Hookd ($86.80 in chips) 
Seat 3: coeeeelho ($100 in chips) 
Seat 4: Xenicide ($254.89 in chips) 
Seat 5: vadjkeee ($100 in chips) 
Seat 6: BoyLoc0 ($153.85 in chips) 
06Hookd: posts small blind $0.50
coeeeelho: posts big blind $1
*** HOLE CARDS ***
Xenicide: raises $1 to $2
vadjkeee: folds 
BoyLoc0: folds 
06Hookd: folds 
coeeeelho: folds 
Uncalled bet ($1) returned to Xenicide
Xenicide collected $2.50 from pot
Xenicide: doesn't show hand 
*** SUMMARY ***
Total pot $2.50 | Rake $0 
Seat 1: iDawn
Seat 2: 06Hookd (small blind) folded before Flop
Seat 3: coeeeelho (big blind) folded before Flop
Seat 4: Xenicide collected ($2.50)
Seat 5: vadjkeee folded before Flop (didn't bet)
Seat 6: BoyLoc0 (button) folded before Flop (didn't bet)



PokerStars Hand #254753869824:  Hold'em No Limit ($0.50/$1.00 USD) - 2025/02/07 19:28:56 WET [2025/02/07 14:28:56 ET]
Table 'Palala II' 6-max Seat #2 is the button
Seat 1: iDawn ($0 in chips) is sitting out
Seat 2: 06Hookd ($86.30 in chips) 
Seat 3: coeeeelho ($100 in chips) 
Seat 4: Xenicide ($256.39 in chips) 
Seat 5: vadjkeee ($100 in chips) 
Seat 6: BoyLoc0 ($153.85 in chips) 
coeeeelho: posts small blind $0.50
Xenicide: posts big blind $1
*** HOLE CARDS ***
vadjkeee: raises $1.50 to $2.50
BoyLoc0: folds 
06Hookd: folds 
coeeeelho: folds 
Xenicide: folds 
Uncalled bet ($1.50) returned to vadjkeee
vadjkeee collected $2.50 from pot
vadjkeee: doesn't show hand 
*** SUMMARY ***
Total pot $2.50 | Rake $0 
Seat 1: iDawn
Seat 2: 06Hookd (button) folded before Flop (didn't bet)
Seat 3: coeeeelho (small blind) folded before Flop
Seat 4: Xenicide (big blind) folded before Flop
Seat 5: vadjkeee collected ($2.50)
Seat 6: BoyLoc0 folded before Flop (didn't bet)



PokerStars Hand #254753873616:  Hold'em No Limit ($0.50/$1.00 USD) - 2025/02/07 19:29:10 WET [2025/02/07 14:29:10 ET]
Table 'Palala II' 6-max Seat #3 is the button
Seat 1: iDawn ($0 in chips) is sitting out
Seat 2: 06Hookd ($86.30 in chips) 
Seat 3: coeeeelho ($100 in chips) 
Seat 4: Xenicide ($255.39 in chips) 
Seat 5: vadjkeee ($101.50 in chips) 
Seat 6: BoyLoc0 ($153.85 in chips) 
Xenicide: posts small blind $0.50
vadjkeee: posts big blind $1
*** HOLE CARDS ***
BoyLoc0: folds 
06Hookd: folds 
coeeeelho: folds 
Xenicide: folds 
Uncalled bet ($0.50) returned to vadjkeee
vadjkeee collected $1 from pot
vadjkeee: doesn't show hand 
*** SUMMARY ***
Total pot $1 | Rake $0 
Seat 1: iDawn
Seat 2: 06Hookd folded before Flop (didn't bet)
Seat 3: coeeeelho (button) folded before Flop (didn't bet)
Seat 4: Xenicide (small blind) folded before Flop
Seat 5: vadjkeee (big blind) collected ($1)
Seat 6: BoyLoc0 folded before Flop (didn't bet)



PokerStars Hand #254753879248:  Hold'em No Limit ($0.50/$1.00 USD) - 2025/02/07 19:29:29 WET [2025/02/07 14:29:29 ET]
Table 'Palala II' 6-max Seat #4 is the button
Seat 1: iDawn ($0 in chips) is sitting out
Seat 2: 06Hookd ($86.30 in chips) 
Seat 3: coeeeelho ($100 in chips) 
Seat 4: Xenicide ($254.89 in chips) 
Seat 5: vadjkeee ($102 in chips) 
Seat 6: BoyLoc0 ($153.85 in chips) 
vadjkeee: posts small blind $0.50
BoyLoc0: posts big blind $1
*** HOLE CARDS ***
06Hookd: folds 
coeeeelho: folds 
Xenicide: folds 
vadjkeee: folds 
Uncalled bet ($0.50) returned to BoyLoc0
BoyLoc0 collected $1 from pot
BoyLoc0: doesn't show hand 
*** SUMMARY ***
Total pot $1 | Rake $0 
Seat 1: iDawn
Seat 2: 06Hookd folded before Flop (didn't bet)
Seat 3: coeeeelho folded before Flop (didn't bet)
Seat 4: Xenicide (button) folded before Flop (didn't bet)
Seat 5: vadjkeee (small blind) folded before Flop
Seat 6: BoyLoc0 (big blind) collected ($1)



PokerStars Hand #254753882530:  Hold'em No Limit ($0.50/$1.00 USD) - 2025/02/07 19:29:41 WET [2025/02/07 14:29:41 ET]
Table 'Palala II' 6-max Seat #5 is the button
Seat 1: iDawn ($0 in chips) is sitting out
Seat 2: 06Hookd ($86.30 in chips) 
Seat 3: coeeeelho ($100 in chips) 
Seat 4: Xenicide ($254.89 in chips) 
Seat 5: vadjkeee ($101.50 in chips) 
Seat 6: BoyLoc0 ($154.35 in chips) 
BoyLoc0: posts small blind $0.50
06Hookd: posts big blind $1
*** HOLE CARDS ***
coeeeelho: folds 
Xenicide: folds 
vadjkeee: raises $1.50 to $2.50
BoyLoc0: folds 
06Hookd: folds 
Uncalled bet ($1.50) returned to vadjkeee
vadjkeee collected $2.50 from pot
iDawn leaves the table
vadjkeee: doesn't show hand 
*** SUMMARY ***
Total pot $2.50 | Rake $0 
Seat 1: iDawn
Seat 2: 06Hookd (big blind) folded before Flop
Seat 3: coeeeelho folded before Flop (didn't bet)
Seat 4: Xenicide folded before Flop (didn't bet)
Seat 5: vadjkeee (button) collected ($2.50)
Seat 6: BoyLoc0 (small blind) folded before Flop



PokerStars Hand #254753888720:  Hold'em No Limit ($0.50/$1.00 USD) - 2025/02/07 19:30:02 WET [2025/02/07 14:30:02 ET]
Table 'Palala II' 6-max Seat #6 is the button
Seat 2: 06Hookd ($85.30 in chips) 
Seat 3: coeeeelho ($100 in chips) 
Seat 4: Xenicide ($254.89 in chips) 
Seat 5: vadjkeee ($103 in chips) 
Seat 6: BoyLoc0 ($153.85 in chips) 
06Hookd: posts small blind $0.50
coeeeelho: posts big blind $1
*** HOLE CARDS ***
Xenicide: raises $1 to $2
vadjkeee: folds 
BoyLoc0: folds 
06Hookd: raises $8 to $10
coeeeelho: folds 
Xenicide: folds 
Uncalled bet ($8) returned to 06Hookd
06Hookd collected $5 from pot
06Hookd: doesn't show hand 
*** SUMMARY ***
Total pot $5 | Rake $0 
Seat 2: 06Hookd (small blind) collected ($5)
Seat 3: coeeeelho (big blind) folded before Flop
Seat 4: Xenicide folded before Flop
Seat 5: vadjkeee folded before Flop (didn't bet)
Seat 6: BoyLoc0 (button) folded before Flop (didn't bet)



PokerStars Hand #254753894820:  Hold'em No Limit ($0.50/$1.00 USD) - 2025/02/07 19:30:24 WET [2025/02/07 14:30:24 ET]
Table 'Palala II' 6-max Seat #3 is the button
Seat 4: Xenicide ($252.89 in chips) is sitting out
Seat 5: vadjkeee ($103 in chips) is sitting out
Seat 6: BoyLoc0 ($153.85 in chips) is sitting out
Seat 2: 06Hookd ($88.30 in chips) 
Seat 3: coeeeelho ($100 in chips) 
coeeeelho: posts small blind $0.50
Xenicide: is sitting out 
vadjkeee: is sitting out 
reiyser joins the table at seat #1 
BoyLoc0: is sitting out 
06Hookd: posts big blind $1
*** HOLE CARDS ***
Xenicide leaves the table
BoyLoc0 leaves the table
coeeeelho: raises $1.50 to $2.50
06Hookd: folds 
Uncalled bet ($1.50) returned to coeeeelho
coeeeelho collected $2 from pot
*** SUMMARY ***
Total pot $2 | Rake $0 
Seat 4: Xenicide
Seat 5: vadjkeee
Seat 6: BoyLoc0
Seat 2: 06Hookd (big blind) folded before Flop
Seat 3: coeeeelho (button) (small blind) collected ($2)



PokerStars Hand #254753899335:  Hold'em No Limit ($0.50/$1.00 USD) - 2025/02/07 19:30:39 WET [2025/02/07 14:30:39 ET]
Table 'Palala II' 6-max Seat #2 is the button
Seat 5: vadjkeee ($103 in chips) is sitting out
Seat 1: reiyser ($100 in chips) 
Seat 2: 06Hookd ($87.30 in chips) 
Seat 3: coeeeelho ($101 in chips) 
coeeeelho: posts small blind $0.50
michasia joins the table at seat #6 
reiyser: posts big blind $1
*** HOLE CARDS ***
06Hookd: raises $1.50 to $2.50
coeeeelho: folds 
reiyser: calls $1.50
*** FLOP *** [9c 7s Ks]
reiyser: checks 
06Hookd: checks 
*** TURN *** [9c 7s Ks] [Jc]
reiyser: checks 
06Hookd: bets $3
reiyser: calls $3
*** RIVER *** [9c 7s Ks Jc] [8c]
reiyser: checks 
06Hookd: checks 
*** SHOW DOWN ***
reiyser: shows [8h Jh] (two pair, Jacks and Eights)
06Hookd: shows [Js Jd] (three of a kind, Jacks)
06Hookd collected $10.92 from pot
*** SUMMARY ***
Total pot $11.50 | Rake $0.58 
Board [9c 7s Ks Jc 8c]
Seat 5: vadjkeee
Seat 1: reiyser (big blind) showed [8h Jh] and lost with two pair, Jacks and Eights
Seat 2: 06Hookd (button) showed [Js Jd] and won ($10.92) with three of a kind, Jacks
Seat 3: coeeeelho (small blind) folded before Flop



PokerStars Hand #254753916639:  Hold'em No Limit ($0.50/$1.00 USD) - 2025/02/07 19:31:39 WET [2025/02/07 14:31:39 ET]
Table 'Palala II' 6-max Seat #5 is the button
Seat 1: reiyser ($100 in chips) is sitting out
Seat 3: coeeeelho ($100.50 in chips) is sitting out
Seat 2: 06Hookd ($92.72 in chips) 
Seat 5: vadjkeee ($103 in chips) 
Seat 6: michasia ($211.06 in chips) 
michasia: posts small blind $0.50
06Hookd: posts big blind $1
*** HOLE CARDS ***
vadjkeee: folds 
michasia: raises $2 to $3
06Hookd: folds 
Uncalled bet ($2) returned to michasia
michasia collected $2 from pot
michasia: doesn't show hand 
*** SUMMARY ***
Total pot $2 | Rake $0 
Seat 1: reiyser
Seat 3: coeeeelho
Seat 2: 06Hookd (big blind) folded before Flop
Seat 5: vadjkeee (button) folded before Flop (didn't bet)
Seat 6: michasia (small blind) collected ($2)



PokerStars Hand #254753921823:  Hold'em No Limit ($0.50/$1.00 USD) - 2025/02/07 19:31:58 WET [2025/02/07 14:31:58 ET]
Table 'Palala II' 6-max Seat #6 is the button
Seat 1: reiyser ($100 in chips) is sitting out
Seat 3: coeeeelho ($100.50 in chips) is sitting out
Seat 2: 06Hookd ($91.72 in chips) 
Seat 5: vadjkeee ($103 in chips) 
Seat 6: michasia ($212.06 in chips) 
06Hookd: posts small blind $0.50
vadjkeee: posts big blind $1
*** HOLE CARDS ***
michasia: folds 
06Hookd: folds 
Uncalled bet ($0.50) returned to vadjkeee
vadjkeee collected $1 from pot
vadjkeee: doesn't show hand 
*** SUMMARY ***
Total pot $1 | Rake $0 
Seat 1: reiyser
Seat 3: coeeeelho
Seat 2: 06Hookd (small blind) folded before Flop
Seat 5: vadjkeee (big blind) collected ($1)
Seat 6: michasia (button) folded before Flop (didn't bet)



PokerStars Hand #254753924009:  Hold'em No Limit ($0.50/$1.00 USD) - 2025/02/07 19:32:05 WET [2025/02/07 14:32:05 ET]
Table 'Palala II' 6-max Seat #2 is the button
Seat 1: reiyser ($100 in chips) is sitting out
Seat 3: coeeeelho ($100.50 in chips) is sitting out
Seat 2: 06Hookd ($91.22 in chips) 
Seat 5: vadjkeee ($103.50 in chips) 
Seat 6: michasia ($212.06 in chips) 
vadjkeee: posts small blind $0.50
michasia: posts big blind $1
reiyser: sits out 
*** HOLE CARDS ***
06Hookd: folds 
vadjkeee: folds 
Uncalled bet ($0.50) returned to michasia
michasia collected $1 from pot
michasia: doesn't show hand 
*** SUMMARY ***
Total pot $1 | Rake $0 
Seat 1: reiyser
Seat 3: coeeeelho
Seat 2: 06Hookd (button) folded before Flop (didn't bet)
Seat 5: vadjkeee (small blind) folded before Flop
Seat 6: michasia (big blind) collected ($1)



PokerStars Hand #254753927350:  Hold'em No Limit ($0.50/$1.00 USD) - 2025/02/07 19:32:17 WET [2025/02/07 14:32:17 ET]
Table 'Palala II' 6-max Seat #5 is the button
Seat 3: coeeeelho ($100.50 in chips) is sitting out
Seat 1: reiyser ($100 in chips) 
Seat 2: 06Hookd ($91.22 in chips) 
Seat 5: vadjkeee ($103 in chips) 
Seat 6: michasia ($212.56 in chips) 
michasia: posts small blind $0.50
reiyser: posts big blind $1
*** HOLE CARDS ***
06Hookd: folds 
vadjkeee: raises $1.50 to $2.50
michasia: folds 
reiyser: calls $1.50
*** FLOP *** [6c Jh 9d]
reiyser: checks 
vadjkeee: checks 
*** TURN *** [6c Jh 9d] [2h]
reiyser: bets $3.97
vadjkeee: folds 
Uncalled bet ($3.97) returned to reiyser
reiyser collected $5.22 from pot
reiyser: doesn't show hand 
*** SUMMARY ***
Total pot $5.50 | Rake $0.28 
Board [6c Jh 9d 2h]
Seat 3: coeeeelho
Seat 1: reiyser (big blind) collected ($5.22)
Seat 2: 06Hookd folded before Flop (didn't bet)
Seat 5: vadjkeee (button) folded on the Turn
Seat 6: michasia (small blind) folded before Flop



PokerStars Hand #254753936609:  Hold'em No Limit ($0.50/$1.00 USD) - 2025/02/07 19:32:49 WET [2025/02/07 14:32:49 ET]
Table 'Palala II' 6-max Seat #6 is the button
Seat 3: coeeeelho ($100.50 in chips) is sitting out
Seat 1: reiyser ($102.72 in chips) 
Seat 2: 06Hookd ($91.22 in chips) 
Seat 5: vadjkeee ($100.50 in chips) 
Seat 6: michasia ($212.06 in chips) 
reiyser: posts small blind $0.50
06Hookd: posts big blind $1
*** HOLE CARDS ***
vadjkeee: folds 
michasia: folds 
reiyser: raises $1.80 to $2.80
06Hookd: folds 
Uncalled bet ($1.80) returned to reiyser
reiyser collected $2 from pot
reiyser: doesn't show hand 
*** SUMMARY ***
Total pot $2 | Rake $0 
Seat 3: coeeeelho
Seat 1: reiyser (small blind) collected ($2)
Seat 2: 06Hookd (big blind) folded before Flop
Seat 5: vadjkeee folded before Flop (didn't bet)
Seat 6: michasia (button) folded before Flop (didn't bet)



PokerStars Hand #254753940416:  Hold'em No Limit ($0.50/$1.00 USD) - 2025/02/07 19:33:03 WET [2025/02/07 14:33:03 ET]
Table 'Palala II' 6-max Seat #1 is the button
Seat 3: coeeeelho ($100.50 in chips) is sitting out
Seat 1: reiyser ($103.72 in chips) 
Seat 2: 06Hookd ($90.22 in chips) 
Seat 5: vadjkeee ($100.50 in chips) 
Seat 6: michasia ($212.06 in chips) 
06Hookd: posts small blind $0.50
vadjkeee: posts big blind $1
*** HOLE CARDS ***
michasia: folds 
reiyser: folds 
06Hookd: folds 
Uncalled bet ($0.50) returned to vadjkeee
vadjkeee collected $1 from pot
vadjkeee: doesn't show hand 
*** SUMMARY ***
Total pot $1 | Rake $0 
Seat 3: coeeeelho
Seat 1: reiyser (button) folded before Flop (didn't bet)
Seat 2: 06Hookd (small blind) folded before Flop
Seat 5: vadjkeee (big blind) collected ($1)
Seat 6: michasia folded before Flop (didn't bet)



PokerStars Hand #254753942919:  Hold'em No Limit ($0.50/$1.00 USD) - 2025/02/07 19:33:11 WET [2025/02/07 14:33:11 ET]
Table 'Palala II' 6-max Seat #2 is the button
Seat 3: coeeeelho ($100.50 in chips) is sitting out
Seat 1: reiyser ($103.72 in chips) 
Seat 2: 06Hookd ($89.72 in chips) 
Seat 5: vadjkeee ($101 in chips) 
Seat 6: michasia ($212.06 in chips) 
vadjkeee: posts small blind $0.50
michasia: posts big blind $1
*** HOLE CARDS ***
reiyser: raises $1.23 to $2.23
06Hookd: folds 
vadjkeee: folds 
michasia: calls $1.23
*** FLOP *** [8c 2d Ah]
michasia: checks 
reiyser: checks 
*** TURN *** [8c 2d Ah] [Ac]
michasia: checks 
reiyser: bets $3.58
michasia: folds 
Uncalled bet ($3.58) returned to reiyser
reiyser collected $4.71 from pot
reiyser: doesn't show hand 
*** SUMMARY ***
Total pot $4.96 | Rake $0.25 
Board [8c 2d Ah Ac]
Seat 3: coeeeelho
Seat 1: reiyser collected ($4.71)
Seat 2: 06Hookd (button) folded before Flop (didn't bet)
Seat 5: vadjkeee (small blind) folded before Flop
Seat 6: michasia (big blind) folded on the Turn



PokerStars Hand #254753952062:  Hold'em No Limit ($0.50/$1.00 USD) - 2025/02/07 19:33:44 WET [2025/02/07 14:33:44 ET]
Table 'Palala II' 6-max Seat #5 is the button
Seat 3: coeeeelho ($100.50 in chips) is sitting out
Seat 1: reiyser ($106.20 in chips) 
Seat 2: 06Hookd ($89.72 in chips) 
Seat 5: vadjkeee ($100.50 in chips) 
Seat 6: michasia ($209.83 in chips) 
michasia: posts small blind $0.50
reiyser: posts big blind $1
*** HOLE CARDS ***
06Hookd: raises $1.30 to $2.30
vadjkeee: folds 
michasia: folds 
reiyser: folds 
Uncalled bet ($1.30) returned to 06Hookd
06Hookd collected $2.50 from pot
06Hookd: doesn't show hand 
*** SUMMARY ***
Total pot $2.50 | Rake $0 
Seat 3: coeeeelho
Seat 1: reiyser (big blind) folded before Flop
Seat 2: 06Hookd collected ($2.50)
Seat 5: vadjkeee (button) folded before Flop (didn't bet)
Seat 6: michasia (small blind) folded before Flop



PokerStars Hand #254753955424:  Hold'em No Limit ($0.50/$1.00 USD) - 2025/02/07 19:33:56 WET [2025/02/07 14:33:56 ET]
Table 'Palala II' 6-max Seat #6 is the button
Seat 3: coeeeelho ($100.50 in chips) is sitting out
Seat 1: reiyser ($105.20 in chips) 
Seat 2: 06Hookd ($91.22 in chips) 
Seat 5: vadjkeee ($100.50 in chips) 
Seat 6: michasia ($209.33 in chips) 
reiyser: posts small blind $0.50
06Hookd: posts big blind $1
*** HOLE CARDS ***
Joe_Li7 joins the table at seat #4 
vadjkeee: folds 
michasia: folds 
reiyser: folds 
Uncalled bet ($0.50) returned to 06Hookd
06Hookd collected $1 from pot
06Hookd: doesn't show hand 
*** SUMMARY ***
Total pot $1 | Rake $0 
Seat 3: coeeeelho
Seat 1: reiyser (small blind) folded before Flop
Seat 2: 06Hookd (big blind) collected ($1)
Seat 5: vadjkeee folded before Flop (didn't bet)
Seat 6: michasia (button) folded before Flop (didn't bet)



PokerStars Hand #254753958074:  Hold'em No Limit ($0.50/$1.00 USD) - 2025/02/07 19:34:05 WET [2025/02/07 14:34:05 ET]
Table 'Palala II' 6-max Seat #1 is the button
Seat 3: coeeeelho ($100.50 in chips) is sitting out
Seat 1: reiyser ($104.70 in chips) 
Seat 2: 06Hookd ($91.72 in chips) 
Seat 4: Joe_Li7 ($100 in chips) 
Seat 5: vadjkeee ($100.50 in chips) 
Seat 6: michasia ($209.33 in chips) 
06Hookd: posts small blind $0.50
Joe_Li7: posts big blind $1
*** HOLE CARDS ***
vadjkeee: raises $1.50 to $2.50
michasia: folds 
reiyser: folds 
06Hookd: raises $8.50 to $11
Joe_Li7: folds 
vadjkeee: folds 
Uncalled bet ($8.50) returned to 06Hookd
06Hookd collected $6 from pot
06Hookd: doesn't show hand 
*** SUMMARY ***
Total pot $6 | Rake $0 
Seat 3: coeeeelho
Seat 1: reiyser (button) folded before Flop (didn't bet)
Seat 2: 06Hookd (small blind) collected ($6)
Seat 4: Joe_Li7 (big blind) folded before Flop
Seat 5: vadjkeee folded before Flop
Seat 6: michasia folded before Flop (didn't bet)



PokerStars Hand #254753964347:  Hold'em No Limit ($0.50/$1.00 USD) - 2025/02/07 19:34:27 WET [2025/02/07 14:34:27 ET]
Table 'Palala II' 6-max Seat #2 is the button
Seat 3: coeeeelho ($100.50 in chips) is sitting out
Seat 1: reiyser ($104.70 in chips) 
Seat 2: 06Hookd ($95.22 in chips) 
Seat 4: Joe_Li7 ($100 in chips) 
Seat 5: vadjkeee ($100 in chips) 
Seat 6: michasia ($209.33 in chips) 
Joe_Li7: posts small blind $0.50
vadjkeee: posts big blind $1
*** HOLE CARDS ***
michasia: folds 
michasia leaves the table
reiyser: raises $1.23 to $2.23
06Hookd: folds 
Joe_Li7: folds 
vadjkeee: raises $9.77 to $12
reiyser: folds 
Uncalled bet ($9.77) returned to vadjkeee
vadjkeee collected $4.96 from pot
vadjkeee: doesn't show hand 
*** SUMMARY ***
Total pot $4.96 | Rake $0 
Seat 3: coeeeelho
Seat 1: reiyser folded before Flop
Seat 2: 06Hookd (button) folded before Flop (didn't bet)
Seat 4: Joe_Li7 (small blind) folded before Flop
Seat 5: vadjkeee (big blind) collected ($4.96)
Seat 6: michasia folded before Flop (didn't bet)



PokerStars Hand #254753971127:  Hold'em No Limit ($0.50/$1.00 USD) - 2025/02/07 19:34:50 WET [2025/02/07 14:34:50 ET]
Table 'Palala II' 6-max Seat #4 is the button
Seat 3: coeeeelho ($100.50 in chips) is sitting out
Seat 1: reiyser ($102.47 in chips) 
Seat 2: 06Hookd ($95.22 in chips) 
Seat 4: Joe_Li7 ($100 in chips) 
Seat 5: vadjkeee ($102.73 in chips) 
vadjkeee: posts small blind $0.50
reiyser: posts big blind $1
*** HOLE CARDS ***
06Hookd: folds 
Joe_Li7: raises $1.20 to $2.20
vadjkeee: folds 
reiyser: folds 
Uncalled bet ($1.20) returned to Joe_Li7
Joe_Li7 collected $2.50 from pot
*** SUMMARY ***
Total pot $2.50 | Rake $0 
Seat 3: coeeeelho
Seat 1: reiyser (big blind) folded before Flop
Seat 2: 06Hookd folded before Flop (didn't bet)
Seat 4: Joe_Li7 (button) collected ($2.50)
Seat 5: vadjkeee (small blind) folded before Flop



PokerStars Hand #254753976033:  Hold'em No Limit ($0.50/$1.00 USD) - 2025/02/07 19:35:07 WET [2025/02/07 14:35:07 ET]
Table 'Palala II' 6-max Seat #5 is the button
Seat 3: coeeeelho ($100.50 in chips) is sitting out
Seat 1: reiyser ($101.47 in chips) 
Seat 2: 06Hookd ($95.22 in chips) 
Seat 4: Joe_Li7 ($101.50 in chips) 
Seat 5: vadjkeee ($102.23 in chips) 
reiyser: posts small blind $0.50
06Hookd: posts big blind $1
*** HOLE CARDS ***
Joe_Li7: raises $1.20 to $2.20
vadjkeee: folds 
reiyser: folds 
06Hookd: folds 
Uncalled bet ($1.20) returned to Joe_Li7
Joe_Li7 collected $2.50 from pot
*** SUMMARY ***
Total pot $2.50 | Rake $0 
Seat 3: coeeeelho
Seat 1: reiyser (small blind) folded before Flop
Seat 2: 06Hookd (big blind) folded before Flop
Seat 4: Joe_Li7 collected ($2.50)
Seat 5: vadjkeee (button) folded before Flop (didn't bet)



PokerStars Hand #254754003028:  Hold'em No Limit ($0.50/$1.00 USD) - 2025/02/07 19:36:40 WET [2025/02/07 14:36:40 ET]
Table 'Palala II' 6-max Seat #2 is the button
Seat 1: reiyser ($103.45 in chips) 
Seat 2: 06Hookd ($93.72 in chips) 
Seat 5: vadjkeee ($100 in chips) 
vadjkeee: posts small blind $0.50
reiyser: posts big blind $1
*** HOLE CARDS ***
06Hookd: folds 
vadjkeee: raises $2 to $3
reiyser: folds 
Uncalled bet ($2) returned to vadjkeee
vadjkeee collected $2 from pot
vadjkeee: doesn't show hand 
*** SUMMARY ***
Total pot $2 | Rake $0 
Seat 1: reiyser (big blind) folded before Flop
Seat 2: 06Hookd (button) folded before Flop (didn't bet)
Seat 5: vadjkeee (small blind) collected ($2)



PokerStars Hand #254754006398:  Hold'em No Limit ($0.50/$1.00 USD) - 2025/02/07 19:36:52 WET [2025/02/07 14:36:52 ET]
Table 'Palala II' 6-max Seat #1 is the button
Seat 2: 06Hookd ($93.72 in chips) is sitting out
Seat 1: reiyser ($102.45 in chips) 
Seat 5: vadjkeee ($101 in chips) 
reiyser: posts small blind $0.50
06Hookd: is sitting out 
vadjkeee: posts big blind $1
*** HOLE CARDS ***
reiyser: raises $1.50 to $2.50
06Hookd leaves the table
vadjkeee: raises $9.50 to $12
reiyser: folds 
Uncalled bet ($9.50) returned to vadjkeee
vadjkeee collected $5 from pot
vadjkeee: doesn't show hand 
*** SUMMARY ***
Total pot $5 | Rake $0 
Seat 2: 06Hookd
Seat 1: reiyser (button) (small blind) folded before Flop
Seat 5: vadjkeee (big blind) collected ($5)



PokerStars Hand #254753981936:  Hold'em No Limit ($0.50/$1.00 USD) - 2025/02/07 19:35:28 WET [2025/02/07 14:35:28 ET]
Table 'Palala II' 6-max Seat #1 is the button
Seat 3: coeeeelho ($100.50 in chips) is sitting out
Seat 4: Joe_Li7 ($103 in chips) is sitting out
Seat 1: reiyser ($100.97 in chips) 
Seat 2: 06Hookd ($94.22 in chips) 
Seat 5: vadjkeee ($102.23 in chips) 
06Hookd: posts small blind $0.50
Joe_Li7: is sitting out 
vadjkeee: posts big blind $1
*** HOLE CARDS ***
reiyser: folds 
06Hookd: folds 
Uncalled bet ($0.50) returned to vadjkeee
vadjkeee collected $1 from pot
coeeeelho leaves the table
vadjkeee: doesn't show hand 
Joe_Li7 leaves the table
*** SUMMARY ***
Total pot $1 | Rake $0 
Seat 3: coeeeelho
Seat 4: Joe_Li7
Seat 1: reiyser (button) folded before Flop (didn't bet)
Seat 2: 06Hookd (small blind) folded before Flop
Seat 5: vadjkeee (big blind) collected ($1)



PokerStars Hand #254753984038:  Hold'em No Limit ($0.50/$1.00 USD) - 2025/02/07 19:35:35 WET [2025/02/07 14:35:35 ET]
Table 'Palala II' 6-max Seat #2 is the button
Seat 1: reiyser ($100.97 in chips) 
Seat 2: 06Hookd ($93.72 in chips) 
Seat 5: vadjkeee ($102.73 in chips) 
vadjkeee: posts small blind $0.50
reiyser: posts big blind $1
*** HOLE CARDS ***
06Hookd: folds 
vadjkeee: folds 
Uncalled bet ($0.50) returned to reiyser
reiyser collected $1 from pot
reiyser: doesn't show hand 
*** SUMMARY ***
Total pot $1 | Rake $0 
Seat 1: reiyser (big blind) collected ($1)
Seat 2: 06Hookd (button) folded before Flop (didn't bet)
Seat 5: vadjkeee (small blind) folded before Flop



PokerStars Hand #254753985875:  Hold'em No Limit ($0.50/$1.00 USD) - 2025/02/07 19:35:41 WET [2025/02/07 14:35:41 ET]
Table 'Palala II' 6-max Seat #5 is the button
Seat 1: reiyser ($101.47 in chips) 
Seat 2: 06Hookd ($93.72 in chips) 
Seat 5: vadjkeee ($102.23 in chips) 
reiyser: posts small blind $0.50
06Hookd: posts big blind $1
*** HOLE CARDS ***
vadjkeee: folds 
reiyser: folds 
Uncalled bet ($0.50) returned to 06Hookd
06Hookd collected $1 from pot
06Hookd: doesn't show hand 
*** SUMMARY ***
Total pot $1 | Rake $0 
Seat 1: reiyser (small blind) folded before Flop
Seat 2: 06Hookd (big blind) collected ($1)
Seat 5: vadjkeee (button) folded before Flop (didn't bet)



PokerStars Hand #254753989414:  Hold'em No Limit ($0.50/$1.00 USD) - 2025/02/07 19:35:53 WET [2025/02/07 14:35:53 ET]
Table 'Palala II' 6-max Seat #1 is the button
Seat 1: reiyser ($100.97 in chips) 
Seat 2: 06Hookd ($94.22 in chips) 
Seat 5: vadjkeee ($102.23 in chips) 
06Hookd: posts small blind $0.50
vadjkeee: posts big blind $1
*** HOLE CARDS ***
reiyser: raises $1.23 to $2.23
06Hookd: folds 
vadjkeee: calls $1.23
*** FLOP *** [2s 6h 7d]
vadjkeee: checks 
laloo246 joins the table at seat #3 
reiyser: checks 
*** TURN *** [2s 6h 7d] [Kh]
vadjkeee: checks 
laloo246 leaves the table
reiyser: bets $3.58
vadjkeee: folds 
Uncalled bet ($3.58) returned to reiyser
reiyser collected $4.71 from pot
reiyser: doesn't show hand 
*** SUMMARY ***
Total pot $4.96 | Rake $0.25 
Board [2s 6h 7d Kh]
Seat 1: reiyser (button) collected ($4.71)
Seat 2: 06Hookd (small blind) folded before Flop
Seat 5: vadjkeee (big blind) folded on the Turn



