PokerStars Hand #254749674778:  Hold'em No Limit ($0.50/$1.00 USD) - 2025/02/07 14:31:52 WET [2025/02/07 9:31:52 ET]
Table 'Vitja II' 6-max Seat #6 is the button
Seat 1: Nicedaymybro ($100 in chips) 
Seat 2: gudrozd ($100 in chips) 
Seat 3: Pippa83 ($100 in chips) 
Seat 4: poker_soul11 ($100 in chips) 
Seat 5: Jusi1999 ($50 in chips) 
Seat 6: akbloger ($100 in chips) 
Nicedaymybro: posts small blind $0.50
gudrozd: posts big blind $1
*** HOLE CARDS ***
Pippa83: folds 
poker_soul11: folds 
Jusi1999: folds 
akbloger: raises $1.50 to $2.50
Nicedaymybro: folds 
gudrozd: folds 
Uncalled bet ($1.50) returned to akbloger
akbloger collected $2.50 from pot
akbloger: doesn't show hand 
*** SUMMARY ***
Total pot $2.50 | Rake $0 
Seat 1: Nicedaymybro (small blind) folded before Flop
Seat 2: gudrozd (big blind) folded before Flop
Seat 3: Pippa83 folded before Flop (didn't bet)
Seat 4: poker_soul11 folded before Flop (didn't bet)
Seat 5: Jusi1999 folded before Flop (didn't bet)
Seat 6: akbloger (button) collected ($2.50)



PokerStars Hand #254749677959:  Hold'em No Limit ($0.50/$1.00 USD) - 2025/02/07 14:32:10 WET [2025/02/07 9:32:10 ET]
Table 'Vitja II' 6-max Seat #1 is the button
Seat 1: Nicedaymybro ($100 in chips) 
Seat 2: gudrozd ($100 in chips) 
Seat 3: Pippa83 ($100 in chips) 
Seat 4: poker_soul11 ($100 in chips) 
Seat 5: Jusi1999 ($50 in chips) 
Seat 6: akbloger ($101.50 in chips) 
gudrozd: posts small blind $0.50
Pippa83: posts big blind $1
*** HOLE CARDS ***
poker_soul11: folds 
Jusi1999: folds 
akbloger: folds 
Nicedaymybro: folds 
gudrozd: raises $2 to $3
Pippa83: calls $2
*** FLOP *** [Kc 7c 9c]
gudrozd: checks 
Pippa83: bets $1.88
gudrozd: calls $1.88
*** TURN *** [Kc 7c 9c] [7s]
gudrozd: checks 
Pippa83: checks 
*** RIVER *** [Kc 7c 9c 7s] [Jd]
gudrozd: checks 
Pippa83: checks 
*** SHOW DOWN ***
gudrozd: shows [Ad Ks] (two pair, Kings and Sevens)
Pippa83: mucks hand 
gudrozd collected $9.27 from pot
*** SUMMARY ***
Total pot $9.76 | Rake $0.49 
Board [Kc 7c 9c 7s Jd]
Seat 1: Nicedaymybro (button) folded before Flop (didn't bet)
Seat 2: gudrozd (small blind) showed [Ad Ks] and won ($9.27) with two pair, Kings and Sevens
Seat 3: Pippa83 (big blind) mucked
Seat 4: poker_soul11 folded before Flop (didn't bet)
Seat 5: Jusi1999 folded before Flop (didn't bet)
Seat 6: akbloger folded before Flop (didn't bet)



PokerStars Hand #254749689170:  Hold'em No Limit ($0.50/$1.00 USD) - 2025/02/07 14:33:11 WET [2025/02/07 9:33:11 ET]
Table 'Vitja II' 6-max Seat #2 is the button
Seat 1: Nicedaymybro ($100 in chips) 
Seat 2: gudrozd ($104.39 in chips) 
Seat 3: Pippa83 ($100 in chips) 
Seat 4: poker_soul11 ($100 in chips) 
Seat 5: Jusi1999 ($50 in chips) 
Seat 6: akbloger ($101.50 in chips) 
Pippa83: posts small blind $0.50
poker_soul11: posts big blind $1
*** HOLE CARDS ***
Jusi1999: folds 
akbloger: folds 
Nicedaymybro: folds 
gudrozd: raises $1.50 to $2.50
Pippa83: folds 
poker_soul11: folds 
Uncalled bet ($1.50) returned to gudrozd
gudrozd collected $2.50 from pot
gudrozd: doesn't show hand 
*** SUMMARY ***
Total pot $2.50 | Rake $0 
Seat 1: Nicedaymybro folded before Flop (didn't bet)
Seat 2: gudrozd (button) collected ($2.50)
Seat 3: Pippa83 (small blind) folded before Flop
Seat 4: poker_soul11 (big blind) folded before Flop
Seat 5: Jusi1999 folded before Flop (didn't bet)
Seat 6: akbloger folded before Flop (didn't bet)



PokerStars Hand #254749692569:  Hold'em No Limit ($0.50/$1.00 USD) - 2025/02/07 14:33:30 WET [2025/02/07 9:33:30 ET]
Table 'Vitja II' 6-max Seat #3 is the button
Seat 1: Nicedaymybro ($100 in chips) 
Seat 2: gudrozd ($105.89 in chips) 
Seat 3: Pippa83 ($100 in chips) 
Seat 4: poker_soul11 ($100 in chips) 
Seat 5: Jusi1999 ($50 in chips) 
Seat 6: akbloger ($101.50 in chips) 
poker_soul11: posts small blind $0.50
Jusi1999: posts big blind $1
*** HOLE CARDS ***
akbloger: raises $1.50 to $2.50
Nicedaymybro: folds 
gudrozd: folds 
Pippa83: folds 
poker_soul11: folds 
Jusi1999: folds 
Uncalled bet ($1.50) returned to akbloger
akbloger collected $2.50 from pot
akbloger: doesn't show hand 
*** SUMMARY ***
Total pot $2.50 | Rake $0 
Seat 1: Nicedaymybro folded before Flop (didn't bet)
Seat 2: gudrozd folded before Flop (didn't bet)
Seat 3: Pippa83 (button) folded before Flop (didn't bet)
Seat 4: poker_soul11 (small blind) folded before Flop
Seat 5: Jusi1999 (big blind) folded before Flop
Seat 6: akbloger collected ($2.50)



PokerStars Hand #254749696344:  Hold'em No Limit ($0.50/$1.00 USD) - 2025/02/07 14:33:51 WET [2025/02/07 9:33:51 ET]
Table 'Vitja II' 6-max Seat #4 is the button
Seat 1: Nicedaymybro ($100 in chips) 
Seat 2: gudrozd ($105.89 in chips) 
Seat 3: Pippa83 ($100 in chips) 
Seat 4: poker_soul11 ($100 in chips) 
Seat 5: Jusi1999 ($49 in chips) 
Seat 6: akbloger ($103 in chips) 
Jusi1999: posts small blind $0.50
akbloger: posts big blind $1
*** HOLE CARDS ***
Nicedaymybro: folds 
gudrozd: folds 
Pippa83: folds 
poker_soul11: folds 
Jusi1999: raises $2 to $3
akbloger: raises $6 to $9
Jusi1999: raises $6 to $15
akbloger: raises $88 to $103 and is all-in
Jusi1999: calls $34 and is all-in
Uncalled bet ($54) returned to akbloger
*** FLOP *** [6d 7s Jh]
*** TURN *** [6d 7s Jh] [9c]
*** RIVER *** [6d 7s Jh 9c] [7h]
*** SHOW DOWN ***
Jusi1999: shows [Ah Tc] (a pair of Sevens)
akbloger: shows [Qc Ad] (a pair of Sevens - Ace+Queen kicker)
akbloger collected $95.50 from pot
*** SUMMARY ***
Total pot $98 | Rake $2.50 
Board [6d 7s Jh 9c 7h]
Seat 1: Nicedaymybro folded before Flop (didn't bet)
Seat 2: gudrozd folded before Flop (didn't bet)
Seat 3: Pippa83 folded before Flop (didn't bet)
Seat 4: poker_soul11 (button) folded before Flop (didn't bet)
Seat 5: Jusi1999 (small blind) showed [Ah Tc] and lost with a pair of Sevens
Seat 6: akbloger (big blind) showed [Qc Ad] and won ($95.50) with a pair of Sevens



PokerStars Hand #254749703927:  Hold'em No Limit ($0.50/$1.00 USD) - 2025/02/07 14:34:32 WET [2025/02/07 9:34:32 ET]
Table 'Vitja II' 6-max Seat #6 is the button
Seat 5: Jusi1999 ($0 in chips) is sitting out
Seat 1: Nicedaymybro ($100 in chips) 
Seat 2: gudrozd ($105.89 in chips) 
Seat 3: Pippa83 ($100 in chips) 
Seat 4: poker_soul11 ($100 in chips) 
Seat 6: akbloger ($149.50 in chips) 
Nicedaymybro: posts small blind $0.50
gudrozd: posts big blind $1
*** HOLE CARDS ***
Pippa83: folds 
poker_soul11: raises $1.20 to $2.20
akbloger: folds 
Nicedaymybro: folds 
Jusi1999 leaves the table
gudrozd: calls $1.20
*** FLOP *** [3d Ks 3h]
gudrozd: checks 
poker_soul11: bets $1.54
gudrozd: raises $3.87 to $5.41
poker_soul11: folds 
Uncalled bet ($3.87) returned to gudrozd
gudrozd collected $7.58 from pot
gudrozd: doesn't show hand 
*** SUMMARY ***
Total pot $7.98 | Rake $0.40 
Board [3d Ks 3h]
Seat 5: Jusi1999
Seat 1: Nicedaymybro (small blind) folded before Flop
Seat 2: gudrozd (big blind) collected ($7.58)
Seat 3: Pippa83 folded before Flop (didn't bet)
Seat 4: poker_soul11 folded on the Flop
Seat 6: akbloger (button) folded before Flop (didn't bet)



PokerStars Hand #254749712036:  Hold'em No Limit ($0.50/$1.00 USD) - 2025/02/07 14:35:16 WET [2025/02/07 9:35:16 ET]
Table 'Vitja II' 6-max Seat #1 is the button
Seat 1: Nicedaymybro ($100 in chips) 
Seat 2: gudrozd ($109.73 in chips) 
Seat 3: Pippa83 ($100 in chips) 
Seat 4: poker_soul11 ($100 in chips) 
Seat 6: akbloger ($149.50 in chips) 
gudrozd: posts small blind $0.50
Pippa83: posts big blind $1
*** HOLE CARDS ***
poker_soul11: folds 
akbloger: folds 
Nicedaymybro: raises $1.50 to $2.50
gudrozd: raises $9.50 to $12
Pippa83: folds 
Nicedaymybro: raises $14 to $26
stoni60171 joins the table at seat #5 
gudrozd: calls $14
*** FLOP *** [2h 4h 5s]
gudrozd: checks 
Nicedaymybro: checks 
*** TURN *** [2h 4h 5s] [9d]
gudrozd: checks 
Nicedaymybro: checks 
*** RIVER *** [2h 4h 5s 9d] [Th]
gudrozd: bets $83.73 and is all-in
Nicedaymybro: folds 
Uncalled bet ($83.73) returned to gudrozd
gudrozd collected $50.50 from pot
gudrozd: doesn't show hand 
*** SUMMARY ***
Total pot $53 | Rake $2.50 
Board [2h 4h 5s 9d Th]
Seat 1: Nicedaymybro (button) folded on the River
Seat 2: gudrozd (small blind) collected ($50.50)
Seat 3: Pippa83 (big blind) folded before Flop
Seat 4: poker_soul11 folded before Flop (didn't bet)
Seat 6: akbloger folded before Flop (didn't bet)



PokerStars Hand #254749729375:  Hold'em No Limit ($0.50/$1.00 USD) - 2025/02/07 14:36:50 WET [2025/02/07 9:36:50 ET]
Table 'Vitja II' 6-max Seat #2 is the button
Seat 1: Nicedaymybro ($100 in chips) 
Seat 2: gudrozd ($134.23 in chips) 
Seat 3: Pippa83 ($100 in chips) 
Seat 4: poker_soul11 ($100 in chips) 
Seat 5: stoni60171 ($80 in chips) 
Seat 6: akbloger ($149.50 in chips) 
Pippa83: posts small blind $0.50
poker_soul11: posts big blind $1
stoni60171: posts big blind $1
*** HOLE CARDS ***
stoni60171: checks 
akbloger: folds 
Nicedaymybro: raises $3 to $4
gudrozd: folds 
Pippa83: folds 
poker_soul11: folds 
stoni60171: folds 
Uncalled bet ($3) returned to Nicedaymybro
Nicedaymybro collected $3.50 from pot
Nicedaymybro: doesn't show hand 
*** SUMMARY ***
Total pot $3.50 | Rake $0 
Seat 1: Nicedaymybro collected ($3.50)
Seat 2: gudrozd (button) folded before Flop (didn't bet)
Seat 3: Pippa83 (small blind) folded before Flop
Seat 4: poker_soul11 (big blind) folded before Flop
Seat 5: stoni60171 folded before Flop (didn't bet)
Seat 6: akbloger folded before Flop (didn't bet)



PokerStars Hand #254749735366:  Hold'em No Limit ($0.50/$1.00 USD) - 2025/02/07 14:37:22 WET [2025/02/07 9:37:22 ET]
Table 'Vitja II' 6-max Seat #3 is the button
Seat 1: Nicedaymybro ($102.50 in chips) 
Seat 2: gudrozd ($134.23 in chips) 
Seat 3: Pippa83 ($100 in chips) 
Seat 4: poker_soul11 ($100 in chips) 
Seat 5: stoni60171 ($79 in chips) 
Seat 6: akbloger ($149.50 in chips) 
poker_soul11: posts small blind $0.50
stoni60171: posts big blind $1
*** HOLE CARDS ***
akbloger: folds 
Nicedaymybro: folds 
gudrozd: raises $1.50 to $2.50
Pippa83: folds 
poker_soul11: raises $9 to $11.50
stoni60171: folds 
gudrozd: calls $9
*** FLOP *** [7h Jc Qs]
poker_soul11: checks 
gudrozd: checks 
*** TURN *** [7h Jc Qs] [Jd]
poker_soul11: checks 
gudrozd: bets $17.10
poker_soul11: calls $17.10
*** RIVER *** [7h Jc Qs Jd] [3d]
poker_soul11: checks 
gudrozd: checks 
*** SHOW DOWN ***
poker_soul11: shows [Qh Qc] (a full house, Queens full of Jacks)
gudrozd: mucks hand 
poker_soul11 collected $55.70 from pot
*** SUMMARY ***
Total pot $58.20 | Rake $2.50 
Board [7h Jc Qs Jd 3d]
Seat 1: Nicedaymybro folded before Flop (didn't bet)
Seat 2: gudrozd mucked
Seat 3: Pippa83 (button) folded before Flop (didn't bet)
Seat 4: poker_soul11 (small blind) showed [Qh Qc] and won ($55.70) with a full house, Queens full of Jacks
Seat 5: stoni60171 (big blind) folded before Flop
Seat 6: akbloger folded before Flop (didn't bet)



PokerStars Hand #254749755076:  Hold'em No Limit ($0.50/$1.00 USD) - 2025/02/07 14:39:09 WET [2025/02/07 9:39:09 ET]
Table 'Vitja II' 6-max Seat #4 is the button
Seat 1: Nicedaymybro ($102.50 in chips) 
Seat 2: gudrozd ($105.63 in chips) 
Seat 3: Pippa83 ($100 in chips) 
Seat 4: poker_soul11 ($127.10 in chips) 
Seat 5: stoni60171 ($78 in chips) 
Seat 6: akbloger ($149.50 in chips) 
stoni60171: posts small blind $0.50
akbloger: posts big blind $1
*** HOLE CARDS ***
Nicedaymybro: folds 
gudrozd: folds 
Pippa83: folds 
poker_soul11: folds 
stoni60171: calls $0.50
akbloger: raises $3 to $4
stoni60171: calls $3
*** FLOP *** [9h Qd 8s]
stoni60171: checks 
akbloger: bets $2.51
stoni60171: calls $2.51
*** TURN *** [9h Qd 8s] [7s]
stoni60171: checks 
akbloger: checks 
*** RIVER *** [9h Qd 8s 7s] [5h]
stoni60171: checks 
akbloger: checks 
*** SHOW DOWN ***
stoni60171: shows [Ks 8c] (a pair of Eights)
akbloger: shows [4c Qc] (a pair of Queens)
akbloger collected $12.37 from pot
*** SUMMARY ***
Total pot $13.02 | Rake $0.65 
Board [9h Qd 8s 7s 5h]
Seat 1: Nicedaymybro folded before Flop (didn't bet)
Seat 2: gudrozd folded before Flop (didn't bet)
Seat 3: Pippa83 folded before Flop (didn't bet)
Seat 4: poker_soul11 (button) folded before Flop (didn't bet)
Seat 5: stoni60171 (small blind) showed [Ks 8c] and lost with a pair of Eights
Seat 6: akbloger (big blind) showed [4c Qc] and won ($12.37) with a pair of Queens



PokerStars Hand #254749761309:  Hold'em No Limit ($0.50/$1.00 USD) - 2025/02/07 14:39:42 WET [2025/02/07 9:39:42 ET]
Table 'Vitja II' 6-max Seat #5 is the button
Seat 1: Nicedaymybro ($102.50 in chips) 
Seat 2: gudrozd ($105.63 in chips) 
Seat 3: Pippa83 ($100 in chips) 
Seat 4: poker_soul11 ($127.10 in chips) 
Seat 5: stoni60171 ($71.49 in chips) 
Seat 6: akbloger ($155.36 in chips) 
akbloger: posts small blind $0.50
Nicedaymybro: posts big blind $1
*** HOLE CARDS ***
gudrozd: folds 
Pippa83: raises $1.20 to $2.20
poker_soul11: folds 
stoni60171: calls $2.20
akbloger: folds 
Nicedaymybro: folds 
*** FLOP *** [3d 7s 7c]
Pippa83: checks 
stoni60171: checks 
*** TURN *** [3d 7s 7c] [Jh]
Pippa83: bets $3.50
stoni60171: folds 
Uncalled bet ($3.50) returned to Pippa83
Pippa83 collected $5.60 from pot
Pippa83: doesn't show hand 
*** SUMMARY ***
Total pot $5.90 | Rake $0.30 
Board [3d 7s 7c Jh]
Seat 1: Nicedaymybro (big blind) folded before Flop
Seat 2: gudrozd folded before Flop (didn't bet)
Seat 3: Pippa83 collected ($5.60)
Seat 4: poker_soul11 folded before Flop (didn't bet)
Seat 5: stoni60171 (button) folded on the Turn
Seat 6: akbloger (small blind) folded before Flop



PokerStars Hand #254749769150:  Hold'em No Limit ($0.50/$1.00 USD) - 2025/02/07 14:40:24 WET [2025/02/07 9:40:24 ET]
Table 'Vitja II' 6-max Seat #6 is the button
Seat 1: Nicedaymybro ($101.50 in chips) 
Seat 2: gudrozd ($105.63 in chips) 
Seat 3: Pippa83 ($103.40 in chips) 
Seat 4: poker_soul11 ($127.10 in chips) 
Seat 5: stoni60171 ($69.29 in chips) 
Seat 6: akbloger ($154.86 in chips) 
Nicedaymybro: posts small blind $0.50
gudrozd: posts big blind $1
*** HOLE CARDS ***
Pippa83: raises $1.20 to $2.20
poker_soul11: folds 
stoni60171: folds 
akbloger: folds 
Nicedaymybro: folds 
gudrozd: folds 
Uncalled bet ($1.20) returned to Pippa83
Pippa83 collected $2.50 from pot
Pippa83: doesn't show hand 
*** SUMMARY ***
Total pot $2.50 | Rake $0 
Seat 1: Nicedaymybro (small blind) folded before Flop
Seat 2: gudrozd (big blind) folded before Flop
Seat 3: Pippa83 collected ($2.50)
Seat 4: poker_soul11 folded before Flop (didn't bet)
Seat 5: stoni60171 folded before Flop (didn't bet)
Seat 6: akbloger (button) folded before Flop (didn't bet)



PokerStars Hand #254749772478:  Hold'em No Limit ($0.50/$1.00 USD) - 2025/02/07 14:40:42 WET [2025/02/07 9:40:42 ET]
Table 'Vitja II' 6-max Seat #1 is the button
Seat 1: Nicedaymybro ($101 in chips) 
Seat 2: gudrozd ($104.63 in chips) 
Seat 3: Pippa83 ($104.90 in chips) 
Seat 4: poker_soul11 ($127.10 in chips) 
Seat 5: stoni60171 ($69.29 in chips) 
Seat 6: akbloger ($154.86 in chips) 
gudrozd: posts small blind $0.50
Pippa83: posts big blind $1
*** HOLE CARDS ***
poker_soul11: folds 
stoni60171 has timed out
stoni60171: folds 
akbloger: folds 
Nicedaymybro: folds 
gudrozd: raises $2 to $3
Pippa83: raises $6 to $9
gudrozd: calls $6
*** FLOP *** [Jh 4h Tc]
gudrozd: checks 
Pippa83: checks 
*** TURN *** [Jh 4h Tc] [As]
gudrozd: checks 
Pippa83: checks 
*** RIVER *** [Jh 4h Tc As] [5h]
gudrozd: bets $5.64
Pippa83: folds 
Uncalled bet ($5.64) returned to gudrozd
gudrozd collected $17.10 from pot
gudrozd: doesn't show hand 
*** SUMMARY ***
Total pot $18 | Rake $0.90 
Board [Jh 4h Tc As 5h]
Seat 1: Nicedaymybro (button) folded before Flop (didn't bet)
Seat 2: gudrozd (small blind) collected ($17.10)
Seat 3: Pippa83 (big blind) folded on the River
Seat 4: poker_soul11 folded before Flop (didn't bet)
Seat 5: stoni60171 folded before Flop (didn't bet)
Seat 6: akbloger folded before Flop (didn't bet)



PokerStars Hand #254749787928:  Hold'em No Limit ($0.50/$1.00 USD) - 2025/02/07 14:42:05 WET [2025/02/07 9:42:05 ET]
Table 'Vitja II' 6-max Seat #2 is the button
Seat 1: Nicedaymybro ($101 in chips) 
Seat 2: gudrozd ($112.73 in chips) 
Seat 3: Pippa83 ($100 in chips) 
Seat 4: poker_soul11 ($127.10 in chips) 
Seat 5: stoni60171 ($69.29 in chips) 
Seat 6: akbloger ($154.86 in chips) 
Pippa83: posts small blind $0.50
poker_soul11: posts big blind $1
*** HOLE CARDS ***
stoni60171: folds 
akbloger: raises $1.50 to $2.50
Nicedaymybro: folds 
gudrozd: folds 
Pippa83: raises $8.50 to $11
poker_soul11: folds 
akbloger: raises $14 to $25
Pippa83: raises $75 to $100 and is all-in
akbloger: folds 
Uncalled bet ($75) returned to Pippa83
Pippa83 collected $51 from pot
Pippa83: doesn't show hand 
*** SUMMARY ***
Total pot $51 | Rake $0 
Seat 1: Nicedaymybro folded before Flop (didn't bet)
Seat 2: gudrozd (button) folded before Flop (didn't bet)
Seat 3: Pippa83 (small blind) collected ($51)
Seat 4: poker_soul11 (big blind) folded before Flop
Seat 5: stoni60171 folded before Flop (didn't bet)
Seat 6: akbloger folded before Flop



PokerStars Hand #254749823056:  Hold'em No Limit ($0.50/$1.00 USD) - 2025/02/07 14:45:11 WET [2025/02/07 9:45:11 ET]
Table 'Vitja II' 6-max Seat #5 is the button
Seat 1: Nicedaymybro ($100 in chips) 
Seat 2: gudrozd ($112.73 in chips) 
Seat 3: Pippa83 ($126 in chips) 
Seat 4: poker_soul11 ($131.99 in chips) 
Seat 5: stoni60171 ($77.29 in chips) 
Seat 6: akbloger ($128.86 in chips) 
akbloger: posts small blind $0.50
Nicedaymybro: posts big blind $1
*** HOLE CARDS ***
gudrozd: raises $1.50 to $2.50
Pippa83: folds 
poker_soul11: folds 
stoni60171: folds 
akbloger: folds 
Nicedaymybro: folds 
Uncalled bet ($1.50) returned to gudrozd
gudrozd collected $2.50 from pot
gudrozd: doesn't show hand 
*** SUMMARY ***
Total pot $2.50 | Rake $0 
Seat 1: Nicedaymybro (big blind) folded before Flop
Seat 2: gudrozd collected ($2.50)
Seat 3: Pippa83 folded before Flop (didn't bet)
Seat 4: poker_soul11 folded before Flop (didn't bet)
Seat 5: stoni60171 (button) folded before Flop (didn't bet)
Seat 6: akbloger (small blind) folded before Flop



PokerStars Hand #254749825530:  Hold'em No Limit ($0.50/$1.00 USD) - 2025/02/07 14:45:24 WET [2025/02/07 9:45:24 ET]
Table 'Vitja II' 6-max Seat #6 is the button
Seat 1: Nicedaymybro ($100 in chips) 
Seat 2: gudrozd ($114.23 in chips) 
Seat 3: Pippa83 ($126 in chips) 
Seat 4: poker_soul11 ($131.99 in chips) 
Seat 5: stoni60171 ($77.29 in chips) 
Seat 6: akbloger ($128.36 in chips) 
Nicedaymybro: posts small blind $0.50
gudrozd: posts big blind $1
*** HOLE CARDS ***
Pippa83: raises $1.20 to $2.20
poker_soul11: folds 
stoni60171: calls $2.20
akbloger: folds 
Nicedaymybro: folds 
gudrozd: folds 
*** FLOP *** [7d Tc Jh]
Pippa83: bets $1.85
stoni60171: calls $1.85
*** TURN *** [7d Tc Jh] [Qh]
Pippa83: checks 
stoni60171: checks 
*** RIVER *** [7d Tc Jh Qh] [8h]
Pippa83: bets $6.84
stoni60171: folds 
Uncalled bet ($6.84) returned to Pippa83
Pippa83 collected $9.12 from pot
Pippa83: doesn't show hand 
*** SUMMARY ***
Total pot $9.60 | Rake $0.48 
Board [7d Tc Jh Qh 8h]
Seat 1: Nicedaymybro (small blind) folded before Flop
Seat 2: gudrozd (big blind) folded before Flop
Seat 3: Pippa83 collected ($9.12)
Seat 4: poker_soul11 folded before Flop (didn't bet)
Seat 5: stoni60171 folded on the River
Seat 6: akbloger (button) folded before Flop (didn't bet)



PokerStars Hand #254749833370:  Hold'em No Limit ($0.50/$1.00 USD) - 2025/02/07 14:46:05 WET [2025/02/07 9:46:05 ET]
Table 'Vitja II' 6-max Seat #1 is the button
Seat 1: Nicedaymybro ($100 in chips) 
Seat 2: gudrozd ($113.23 in chips) 
Seat 3: Pippa83 ($131.07 in chips) 
Seat 4: poker_soul11 ($131.99 in chips) 
Seat 5: stoni60171 ($73.24 in chips) 
Seat 6: akbloger ($128.36 in chips) 
gudrozd: posts small blind $0.50
Pippa83: posts big blind $1
*** HOLE CARDS ***
poker_soul11: folds 
stoni60171: folds 
akbloger: folds 
Nicedaymybro: raises $1.50 to $2.50
gudrozd: folds 
Pippa83: folds 
Uncalled bet ($1.50) returned to Nicedaymybro
Nicedaymybro collected $2.50 from pot
Nicedaymybro: doesn't show hand 
*** SUMMARY ***
Total pot $2.50 | Rake $0 
Seat 1: Nicedaymybro (button) collected ($2.50)
Seat 2: gudrozd (small blind) folded before Flop
Seat 3: Pippa83 (big blind) folded before Flop
Seat 4: poker_soul11 folded before Flop (didn't bet)
Seat 5: stoni60171 folded before Flop (didn't bet)
Seat 6: akbloger folded before Flop (didn't bet)



PokerStars Hand #254749837006:  Hold'em No Limit ($0.50/$1.00 USD) - 2025/02/07 14:46:25 WET [2025/02/07 9:46:25 ET]
Table 'Vitja II' 6-max Seat #2 is the button
Seat 1: Nicedaymybro ($101.50 in chips) 
Seat 2: gudrozd ($112.73 in chips) 
Seat 3: Pippa83 ($130.07 in chips) 
Seat 4: poker_soul11 ($131.99 in chips) 
Seat 5: stoni60171 ($73.24 in chips) 
Seat 6: akbloger ($128.36 in chips) 
Pippa83: posts small blind $0.50
poker_soul11: posts big blind $1
*** HOLE CARDS ***
stoni60171: calls $1
akbloger: raises $3 to $4
Nicedaymybro: folds 
gudrozd: folds 
Pippa83: folds 
poker_soul11: folds 
stoni60171: calls $3
*** FLOP *** [Js 6d Kc]
stoni60171: checks 
akbloger: bets $2.98
stoni60171: calls $2.98
*** TURN *** [Js 6d Kc] [4h]
stoni60171: checks 
akbloger: checks 
*** RIVER *** [Js 6d Kc 4h] [Ad]
stoni60171: checks 
akbloger: checks 
*** SHOW DOWN ***
stoni60171: shows [6h Qh] (a pair of Sixes)
akbloger: shows [Jd Qs] (a pair of Jacks)
akbloger collected $14.69 from pot
*** SUMMARY ***
Total pot $15.46 | Rake $0.77 
Board [Js 6d Kc 4h Ad]
Seat 1: Nicedaymybro folded before Flop (didn't bet)
Seat 2: gudrozd (button) folded before Flop (didn't bet)
Seat 3: Pippa83 (small blind) folded before Flop
Seat 4: poker_soul11 (big blind) folded before Flop
Seat 5: stoni60171 showed [6h Qh] and lost with a pair of Sixes
Seat 6: akbloger showed [Jd Qs] and won ($14.69) with a pair of Jacks



PokerStars Hand #254749845710:  Hold'em No Limit ($0.50/$1.00 USD) - 2025/02/07 14:47:10 WET [2025/02/07 9:47:10 ET]
Table 'Vitja II' 6-max Seat #3 is the button
Seat 1: Nicedaymybro ($101.50 in chips) 
Seat 2: gudrozd ($112.73 in chips) 
Seat 3: Pippa83 ($129.57 in chips) 
Seat 4: poker_soul11 ($130.99 in chips) 
Seat 5: stoni60171 ($66.26 in chips) 
Seat 6: akbloger ($136.07 in chips) 
poker_soul11: posts small blind $0.50
stoni60171: posts big blind $1
*** HOLE CARDS ***
akbloger: folds 
Nicedaymybro: folds 
gudrozd: raises $1.50 to $2.50
Pippa83: folds 
poker_soul11: folds 
stoni60171: calls $1.50
*** FLOP *** [Ad 3d 8h]
stoni60171: checks 
gudrozd: checks 
*** TURN *** [Ad 3d 8h] [9c]
stoni60171: checks 
gudrozd: checks 
*** RIVER *** [Ad 3d 8h 9c] [Th]
stoni60171: checks 
gudrozd: checks 
*** SHOW DOWN ***
stoni60171: shows [5h 3h] (a pair of Threes)
gudrozd: mucks hand 
stoni60171 collected $5.22 from pot
*** SUMMARY ***
Total pot $5.50 | Rake $0.28 
Board [Ad 3d 8h 9c Th]
Seat 1: Nicedaymybro folded before Flop (didn't bet)
Seat 2: gudrozd mucked
Seat 3: Pippa83 (button) folded before Flop (didn't bet)
Seat 4: poker_soul11 (small blind) folded before Flop
Seat 5: stoni60171 (big blind) showed [5h 3h] and won ($5.22) with a pair of Threes
Seat 6: akbloger folded before Flop (didn't bet)



PokerStars Hand #254749851644:  Hold'em No Limit ($0.50/$1.00 USD) - 2025/02/07 14:47:40 WET [2025/02/07 9:47:40 ET]
Table 'Vitja II' 6-max Seat #4 is the button
Seat 1: Nicedaymybro ($101.50 in chips) 
Seat 2: gudrozd ($110.23 in chips) 
Seat 3: Pippa83 ($129.57 in chips) 
Seat 4: poker_soul11 ($130.49 in chips) 
Seat 5: stoni60171 ($68.98 in chips) 
Seat 6: akbloger ($136.07 in chips) 
stoni60171: posts small blind $0.50
akbloger: posts big blind $1
*** HOLE CARDS ***
Nicedaymybro: folds 
gudrozd: raises $1.50 to $2.50
Pippa83: folds 
poker_soul11: folds 
stoni60171: folds 
akbloger: folds 
Uncalled bet ($1.50) returned to gudrozd
gudrozd collected $2.50 from pot
gudrozd: doesn't show hand 
*** SUMMARY ***
Total pot $2.50 | Rake $0 
Seat 1: Nicedaymybro folded before Flop (didn't bet)
Seat 2: gudrozd collected ($2.50)
Seat 3: Pippa83 folded before Flop (didn't bet)
Seat 4: poker_soul11 (button) folded before Flop (didn't bet)
Seat 5: stoni60171 (small blind) folded before Flop
Seat 6: akbloger (big blind) folded before Flop



PokerStars Hand #254749855403:  Hold'em No Limit ($0.50/$1.00 USD) - 2025/02/07 14:47:59 WET [2025/02/07 9:47:59 ET]
Table 'Vitja II' 6-max Seat #5 is the button
Seat 1: Nicedaymybro ($101.50 in chips) 
Seat 2: gudrozd ($111.73 in chips) 
Seat 3: Pippa83 ($129.57 in chips) 
Seat 4: poker_soul11 ($130.49 in chips) 
Seat 5: stoni60171 ($68.48 in chips) 
Seat 6: akbloger ($135.07 in chips) 
akbloger: posts small blind $0.50
Nicedaymybro: posts big blind $1
*** HOLE CARDS ***
gudrozd: raises $1.50 to $2.50
Pippa83: folds 
poker_soul11: folds 
stoni60171: calls $2.50
akbloger: folds 
Nicedaymybro: folds 
*** FLOP *** [5s 7s 2h]
gudrozd: bets $6.18
stoni60171: folds 
Uncalled bet ($6.18) returned to gudrozd
gudrozd collected $6.18 from pot
gudrozd: doesn't show hand 
*** SUMMARY ***
Total pot $6.50 | Rake $0.32 
Board [5s 7s 2h]
Seat 1: Nicedaymybro (big blind) folded before Flop
Seat 2: gudrozd collected ($6.18)
Seat 3: Pippa83 folded before Flop (didn't bet)
Seat 4: poker_soul11 folded before Flop (didn't bet)
Seat 5: stoni60171 (button) folded on the Flop
Seat 6: akbloger (small blind) folded before Flop



PokerStars Hand #254749859666:  Hold'em No Limit ($0.50/$1.00 USD) - 2025/02/07 14:48:21 WET [2025/02/07 9:48:21 ET]
Table 'Vitja II' 6-max Seat #6 is the button
Seat 1: Nicedaymybro ($100.50 in chips) 
Seat 2: gudrozd ($115.41 in chips) 
Seat 3: Pippa83 ($129.57 in chips) 
Seat 4: poker_soul11 ($130.49 in chips) 
Seat 5: stoni60171 ($65.98 in chips) 
Seat 6: akbloger ($134.57 in chips) 
Nicedaymybro: posts small blind $0.50
gudrozd: posts big blind $1
*** HOLE CARDS ***
Pippa83: folds 
poker_soul11: raises $1.20 to $2.20
stoni60171: calls $2.20
akbloger: raises $8.80 to $11
Nicedaymybro: folds 
gudrozd: folds 
poker_soul11: folds 
stoni60171: calls $8.80
*** FLOP *** [5s Ah Ts]
stoni60171: checks 
akbloger: bets $12.21
stoni60171: folds 
Uncalled bet ($12.21) returned to akbloger
akbloger collected $24.42 from pot
akbloger: doesn't show hand 
*** SUMMARY ***
Total pot $25.70 | Rake $1.28 
Board [5s Ah Ts]
Seat 1: Nicedaymybro (small blind) folded before Flop
Seat 2: gudrozd (big blind) folded before Flop
Seat 3: Pippa83 folded before Flop (didn't bet)
Seat 4: poker_soul11 folded before Flop
Seat 5: stoni60171 folded on the Flop
Seat 6: akbloger (button) collected ($24.42)



PokerStars Hand #254749868544:  Hold'em No Limit ($0.50/$1.00 USD) - 2025/02/07 14:49:07 WET [2025/02/07 9:49:07 ET]
Table 'Vitja II' 6-max Seat #1 is the button
Seat 1: Nicedaymybro ($100 in chips) 
Seat 2: gudrozd ($114.41 in chips) 
Seat 3: Pippa83 ($129.57 in chips) 
Seat 4: poker_soul11 ($128.29 in chips) 
Seat 5: stoni60171 ($54.98 in chips) 
Seat 6: akbloger ($147.99 in chips) 
gudrozd: posts small blind $0.50
Pippa83: posts big blind $1
*** HOLE CARDS ***
poker_soul11: raises $1.20 to $2.20
stoni60171: calls $2.20
akbloger: folds 
Nicedaymybro: folds 
gudrozd: folds 
Pippa83: folds 
*** FLOP *** [Jc Js 6s]
poker_soul11: checks 
stoni60171: checks 
*** TURN *** [Jc Js 6s] [6c]
poker_soul11: checks 
stoni60171: checks 
*** RIVER *** [Jc Js 6s 6c] [Td]
poker_soul11: bets $4.20
stoni60171: calls $4.20
*** SHOW DOWN ***
poker_soul11: shows [Th Jh] (a full house, Jacks full of Tens)
stoni60171: mucks hand 
poker_soul11 collected $13.58 from pot
*** SUMMARY ***
Total pot $14.30 | Rake $0.72 
Board [Jc Js 6s 6c Td]
Seat 1: Nicedaymybro (button) folded before Flop (didn't bet)
Seat 2: gudrozd (small blind) folded before Flop
Seat 3: Pippa83 (big blind) folded before Flop
Seat 4: poker_soul11 showed [Th Jh] and won ($13.58) with a full house, Jacks full of Tens
Seat 5: stoni60171 mucked
Seat 6: akbloger folded before Flop (didn't bet)



PokerStars Hand #254749876754:  Hold'em No Limit ($0.50/$1.00 USD) - 2025/02/07 14:49:51 WET [2025/02/07 9:49:51 ET]
Table 'Vitja II' 6-max Seat #2 is the button
Seat 1: Nicedaymybro ($100 in chips) 
Seat 2: gudrozd ($113.91 in chips) 
Seat 3: Pippa83 ($128.57 in chips) 
Seat 4: poker_soul11 ($135.47 in chips) 
Seat 5: stoni60171 ($48.58 in chips) 
Seat 6: akbloger ($147.99 in chips) 
Pippa83: posts small blind $0.50
poker_soul11: posts big blind $1
*** HOLE CARDS ***
stoni60171: folds 
akbloger: folds 
Nicedaymybro: raises $1.50 to $2.50
stoni60171 leaves the table
gudrozd: folds 
Pippa83: folds 
poker_soul11: calls $1.50
*** FLOP *** [9c Th 5s]
poker_soul11: checks 
Nicedaymybro: bets $1.72
BoyLoc0 joins the table at seat #5 
BoyLoc0 leaves the table
gudrozd leaves the table
poker_soul11: calls $1.72
*** TURN *** [9c Th 5s] [8h]
poker_soul11: checks 
Nicedaymybro: checks 
*** RIVER *** [9c Th 5s 8h] [9d]
poker_soul11: checks 
Nicedaymybro: checks 
*** SHOW DOWN ***
poker_soul11: shows [3d 5d] (two pair, Nines and Fives)
Nicedaymybro: shows [5c 6c] (two pair, Nines and Fives)
poker_soul11 collected $4.25 from pot
Nicedaymybro collected $4.24 from pot
*** SUMMARY ***
Total pot $8.94 | Rake $0.45 
Board [9c Th 5s 8h 9d]
Seat 1: Nicedaymybro showed [5c 6c] and won ($4.24) with two pair, Nines and Fives
Seat 2: gudrozd (button) folded before Flop (didn't bet)
Seat 3: Pippa83 (small blind) folded before Flop
Seat 4: poker_soul11 (big blind) showed [3d 5d] and won ($4.25) with two pair, Nines and Fives
Seat 5: stoni60171 folded before Flop (didn't bet)
Seat 6: akbloger folded before Flop (didn't bet)



PokerStars Hand #254749890738:  Hold'em No Limit ($0.50/$1.00 USD) - 2025/02/07 14:51:05 WET [2025/02/07 9:51:05 ET]
Table 'Vitja II' 6-max Seat #3 is the button
Seat 1: Nicedaymybro ($100.02 in chips) 
Seat 3: Pippa83 ($128.07 in chips) 
Seat 4: poker_soul11 ($135.50 in chips) 
Seat 6: akbloger ($147.99 in chips) 
poker_soul11: posts small blind $0.50
akbloger: posts big blind $1
*** HOLE CARDS ***
Nicedaymybro: raises $1.50 to $2.50
Pippa83: folds 
poker_soul11: folds 
akbloger: folds 
Uncalled bet ($1.50) returned to Nicedaymybro
Nicedaymybro collected $2.50 from pot
Nicedaymybro: doesn't show hand 
*** SUMMARY ***
Total pot $2.50 | Rake $0 
Seat 1: Nicedaymybro collected ($2.50)
Seat 3: Pippa83 (button) folded before Flop (didn't bet)
Seat 4: poker_soul11 (small blind) folded before Flop
Seat 6: akbloger (big blind) folded before Flop



PokerStars Hand #254749893459:  Hold'em No Limit ($0.50/$1.00 USD) - 2025/02/07 14:51:19 WET [2025/02/07 9:51:19 ET]
Table 'Vitja II' 6-max Seat #6 is the button
Seat 1: Nicedaymybro ($101.52 in chips) is sitting out
Seat 3: Pippa83 ($128.07 in chips) is sitting out
Seat 4: poker_soul11 ($135 in chips) 
Seat 6: akbloger ($146.99 in chips) 
akbloger: posts small blind $0.50
Nicedaymybro: is sitting out 
Pippa83: is sitting out 
poker_soul11: posts big blind $1
*** HOLE CARDS ***
Pippa83 leaves the table
Nicedaymybro leaves the table
akbloger: folds 
Uncalled bet ($0.50) returned to poker_soul11
poker_soul11 collected $1 from pot
poker_soul11: doesn't show hand 
*** SUMMARY ***
Total pot $1 | Rake $0 
Seat 1: Nicedaymybro
Seat 3: Pippa83
Seat 4: poker_soul11 (big blind) collected ($1)
Seat 6: akbloger (button) (small blind) folded before Flop



PokerStars Hand #254749801507:  Hold'em No Limit ($0.50/$1.00 USD) - 2025/02/07 14:43:17 WET [2025/02/07 9:43:17 ET]
Table 'Vitja II' 6-max Seat #3 is the button
Seat 1: Nicedaymybro ($101 in chips) 
Seat 2: gudrozd ($112.73 in chips) 
Seat 3: Pippa83 ($126 in chips) 
Seat 4: poker_soul11 ($126.10 in chips) 
Seat 5: stoni60171 ($69.29 in chips) 
Seat 6: akbloger ($129.86 in chips) 
poker_soul11: posts small blind $0.50
stoni60171: posts big blind $1
*** HOLE CARDS ***
akbloger: folds 
Nicedaymybro: raises $2 to $3
gudrozd: folds 
Pippa83: folds 
poker_soul11: folds 
stoni60171: calls $2
*** FLOP *** [3c 4c 6h]
stoni60171: bets $1
Nicedaymybro: calls $1
*** TURN *** [3c 4c 6h] [Ah]
stoni60171: bets $1
Nicedaymybro: raises $10.08 to $11.08
stoni60171: calls $10.08
*** RIVER *** [3c 4c 6h Ah] [7c]
stoni60171: bets $54.21 and is all-in
Nicedaymybro: folds 
Uncalled bet ($54.21) returned to stoni60171
stoni60171 collected $29.13 from pot
*** SUMMARY ***
Total pot $30.66 | Rake $1.53 
Board [3c 4c 6h Ah 7c]
Seat 1: Nicedaymybro folded on the River
Seat 2: gudrozd folded before Flop (didn't bet)
Seat 3: Pippa83 (button) folded before Flop (didn't bet)
Seat 4: poker_soul11 (small blind) folded before Flop
Seat 5: stoni60171 (big blind) collected ($29.13)
Seat 6: akbloger folded before Flop (didn't bet)



PokerStars Hand #254749810775:  Hold'em No Limit ($0.50/$1.00 USD) - 2025/02/07 14:44:06 WET [2025/02/07 9:44:06 ET]
Table 'Vitja II' 6-max Seat #4 is the button
Seat 1: Nicedaymybro ($100 in chips) 
Seat 2: gudrozd ($112.73 in chips) 
Seat 3: Pippa83 ($126 in chips) 
Seat 4: poker_soul11 ($125.60 in chips) 
Seat 5: stoni60171 ($83.34 in chips) 
Seat 6: akbloger ($129.86 in chips) 
stoni60171: posts small blind $0.50
akbloger: posts big blind $1
*** HOLE CARDS ***
Nicedaymybro: folds 
gudrozd: folds 
Pippa83: folds 
poker_soul11: raises $1.20 to $2.20
stoni60171: calls $1.70
akbloger: folds 
*** FLOP *** [Ts 2s 5c]
stoni60171: checks 
poker_soul11: checks 
*** TURN *** [Ts 2s 5c] [4c]
stoni60171: checks 
poker_soul11: bets $3.85
stoni60171: calls $3.85
*** RIVER *** [Ts 2s 5c 4c] [Js]
stoni60171: checks 
poker_soul11: bets $15.55
stoni60171: folds 
Uncalled bet ($15.55) returned to poker_soul11
poker_soul11 collected $12.44 from pot
poker_soul11: doesn't show hand 
*** SUMMARY ***
Total pot $13.10 | Rake $0.66 
Board [Ts 2s 5c 4c Js]
Seat 1: Nicedaymybro folded before Flop (didn't bet)
Seat 2: gudrozd folded before Flop (didn't bet)
Seat 3: Pippa83 folded before Flop (didn't bet)
Seat 4: poker_soul11 (button) collected ($12.44)
Seat 5: stoni60171 (small blind) folded on the River
Seat 6: akbloger (big blind) folded before Flop



PokerStars Hand #254750056971:  Hold'em No Limit ($0.50/$1.00 USD) - 2025/02/07 15:06:50 WET [2025/02/07 10:06:50 ET]
Table 'Vitja II' 6-max Seat #1 is the button
Seat 1: vitalik_sw ($80 in chips) 
Seat 4: poker_soul11 ($135.50 in chips) 
Seat 6: Alinyr ($100 in chips) 
poker_soul11: posts small blind $0.50
Alinyr: posts big blind $1
*** HOLE CARDS ***
vitalik_sw: folds 
poker_soul11: folds 
Uncalled bet ($0.50) returned to Alinyr
Alinyr collected $1 from pot
Alinyr: doesn't show hand 
*** SUMMARY ***
Total pot $1 | Rake $0 
Seat 1: vitalik_sw (button) folded before Flop (didn't bet)
Seat 4: poker_soul11 (small blind) folded before Flop
Seat 6: Alinyr (big blind) collected ($1)



PokerStars Hand #254750058706:  Hold'em No Limit ($0.50/$1.00 USD) - 2025/02/07 15:07:00 WET [2025/02/07 10:07:00 ET]
Table 'Vitja II' 6-max Seat #4 is the button
Seat 1: vitalik_sw ($100 in chips) 
Seat 4: poker_soul11 ($135 in chips) 
Seat 6: Alinyr ($100.50 in chips) 
Alinyr: posts small blind $0.50
vitalik_sw: posts big blind $1
*** HOLE CARDS ***
poker_soul11: folds 
Alinyr: folds 
Uncalled bet ($0.50) returned to vitalik_sw
vitalik_sw collected $1 from pot
vitalik_sw: doesn't show hand 
*** SUMMARY ***
Total pot $1 | Rake $0 
Seat 1: vitalik_sw (big blind) collected ($1)
Seat 4: poker_soul11 (button) folded before Flop (didn't bet)
Seat 6: Alinyr (small blind) folded before Flop



PokerStars Hand #254750060430:  Hold'em No Limit ($0.50/$1.00 USD) - 2025/02/07 15:07:09 WET [2025/02/07 10:07:09 ET]
Table 'Vitja II' 6-max Seat #6 is the button
Seat 1: vitalik_sw ($100.50 in chips) 
Seat 4: poker_soul11 ($135 in chips) 
Seat 6: Alinyr ($100 in chips) 
vitalik_sw: posts small blind $0.50
poker_soul11: posts big blind $1
*** HOLE CARDS ***
Alinyr: raises $1.50 to $2.50
vitalik_sw: folds 
poker_soul11: folds 
Uncalled bet ($1.50) returned to Alinyr
Alinyr collected $2.50 from pot
Alinyr: doesn't show hand 
*** SUMMARY ***
Total pot $2.50 | Rake $0 
Seat 1: vitalik_sw (small blind) folded before Flop
Seat 4: poker_soul11 (big blind) folded before Flop
Seat 6: Alinyr (button) collected ($2.50)



PokerStars Hand #254750065426:  Hold'em No Limit ($0.50/$1.00 USD) - 2025/02/07 15:07:35 WET [2025/02/07 10:07:35 ET]
Table 'Vitja II' 6-max Seat #4 is the button
Seat 6: Alinyr ($101.50 in chips) is sitting out
Seat 1: vitalik_sw ($100 in chips) 
Seat 4: poker_soul11 ($134 in chips) 
poker_soul11: posts small blind $0.50
Alinyr: is sitting out 
vitalik_sw: posts big blind $1
*** HOLE CARDS ***
poker_soul11: folds 
Uncalled bet ($0.50) returned to vitalik_sw
vitalik_sw collected $1 from pot
vitalik_sw: doesn't show hand 
*** SUMMARY ***
Total pot $1 | Rake $0 
Seat 6: Alinyr
Seat 1: vitalik_sw (big blind) collected ($1)
Seat 4: poker_soul11 (button) (small blind) folded before Flop



PokerStars Hand #254750068569:  Hold'em No Limit ($0.50/$1.00 USD) - 2025/02/07 15:07:51 WET [2025/02/07 10:07:51 ET]
Table 'Vitja II' 6-max Seat #1 is the button
Seat 6: Alinyr ($101.50 in chips) is sitting out
Seat 1: vitalik_sw ($100.50 in chips) 
Seat 4: poker_soul11 ($133.50 in chips) 
vitalik_sw: posts small blind $0.50
poker_soul11: posts big blind $1
*** HOLE CARDS ***
vitalik_sw: raises $1.50 to $2.50
poker_soul11: folds 
Uncalled bet ($1.50) returned to vitalik_sw
vitalik_sw collected $2 from pot
vitalik_sw: doesn't show hand 
*** SUMMARY ***
Total pot $2 | Rake $0 
Seat 6: Alinyr
Seat 1: vitalik_sw (button) (small blind) collected ($2)
Seat 4: poker_soul11 (big blind) folded before Flop



PokerStars Hand #254753392886:  Hold'em No Limit ($0.50/$1.00 USD) - 2025/02/07 19:00:50 WET [2025/02/07 14:00:50 ET]
Table 'Vitja II' 6-max Seat #5 is the button
Seat 4: laloo246 ($100 in chips) is sitting out
Seat 1: ImaPeppaPig ($100.50 in chips) 
Seat 3: vadjkeee ($100 in chips) 
Seat 5: worker0k ($100 in chips) 
Seat 6: michasia ($100 in chips) 
michasia: posts small blind $0.50
ImaPeppaPig: posts big blind $1
*** HOLE CARDS ***
vadjkeee: raises $1.50 to $2.50
worker0k: folds 
michasia: folds 
ImaPeppaPig: calls $1.50
*** FLOP *** [6h 6c Ad]
ImaPeppaPig: checks 
laloo246 leaves the table
vadjkeee: checks 
*** TURN *** [6h 6c Ad] [7h]
ImaPeppaPig: checks 
vadjkeee: bets $3.92
ImaPeppaPig: folds 
Uncalled bet ($3.92) returned to vadjkeee
vadjkeee collected $5.22 from pot
vadjkeee: doesn't show hand 
*** SUMMARY ***
Total pot $5.50 | Rake $0.28 
Board [6h 6c Ad 7h]
Seat 4: laloo246
Seat 1: ImaPeppaPig (big blind) folded on the Turn
Seat 3: vadjkeee collected ($5.22)
Seat 5: worker0k (button) folded before Flop (didn't bet)
Seat 6: michasia (small blind) folded before Flop



PokerStars Hand #254753405798:  Hold'em No Limit ($0.50/$1.00 USD) - 2025/02/07 19:01:42 WET [2025/02/07 14:01:42 ET]
Table 'Vitja II' 6-max Seat #6 is the button
Seat 1: ImaPeppaPig ($100 in chips) 
Seat 3: vadjkeee ($102.72 in chips) 
Seat 5: worker0k ($100 in chips) 
Seat 6: michasia ($100 in chips) 
ImaPeppaPig: posts small blind $0.50
vadjkeee: posts big blind $1
*** HOLE CARDS ***
worker0k: folds 
michasia: folds 
ImaPeppaPig: raises $3 to $4
vadjkeee: folds 
Uncalled bet ($3) returned to ImaPeppaPig
ImaPeppaPig collected $2 from pot
ImaPeppaPig: doesn't show hand 
*** SUMMARY ***
Total pot $2 | Rake $0 
Seat 1: ImaPeppaPig (small blind) collected ($2)
Seat 3: vadjkeee (big blind) folded before Flop
Seat 5: worker0k folded before Flop (didn't bet)
Seat 6: michasia (button) folded before Flop (didn't bet)



PokerStars Hand #254753410885:  Hold'em No Limit ($0.50/$1.00 USD) - 2025/02/07 19:02:00 WET [2025/02/07 14:02:00 ET]
Table 'Vitja II' 6-max Seat #1 is the button
Seat 1: ImaPeppaPig ($101 in chips) 
Seat 3: vadjkeee ($101.72 in chips) 
Seat 5: worker0k ($100 in chips) 
Seat 6: michasia ($100 in chips) 
vadjkeee: posts small blind $0.50
worker0k: posts big blind $1
*** HOLE CARDS ***
michasia: raises $1.80 to $2.80
ImaPeppaPig: folds 
vadjkeee: folds 
worker0k: folds 
Uncalled bet ($1.80) returned to michasia
michasia collected $2.50 from pot
michasia: doesn't show hand 
*** SUMMARY ***
Total pot $2.50 | Rake $0 
Seat 1: ImaPeppaPig (button) folded before Flop (didn't bet)
Seat 3: vadjkeee (small blind) folded before Flop
Seat 5: worker0k (big blind) folded before Flop
Seat 6: michasia collected ($2.50)



PokerStars Hand #254753413644:  Hold'em No Limit ($0.50/$1.00 USD) - 2025/02/07 19:02:11 WET [2025/02/07 14:02:11 ET]
Table 'Vitja II' 6-max Seat #3 is the button
Seat 6: michasia ($101.50 in chips) is sitting out
Seat 1: ImaPeppaPig ($101 in chips) 
Seat 3: vadjkeee ($101.22 in chips) 
Seat 5: worker0k ($100 in chips) 
worker0k: posts small blind $0.50
michasia: is sitting out 
ImaPeppaPig: posts big blind $1
*** HOLE CARDS ***
vadjkeee: raises $1.50 to $2.50
michasia leaves the table
worker0k: folds 
ImaPeppaPig: folds 
Uncalled bet ($1.50) returned to vadjkeee
vadjkeee collected $2.50 from pot
vadjkeee: doesn't show hand 
*** SUMMARY ***
Total pot $2.50 | Rake $0 
Seat 6: michasia
Seat 1: ImaPeppaPig (big blind) folded before Flop
Seat 3: vadjkeee (button) collected ($2.50)
Seat 5: worker0k (small blind) folded before Flop



PokerStars Hand #254753416100:  Hold'em No Limit ($0.50/$1.00 USD) - 2025/02/07 19:02:21 WET [2025/02/07 14:02:21 ET]
Table 'Vitja II' 6-max Seat #5 is the button
Seat 1: ImaPeppaPig ($100 in chips) 
Seat 3: vadjkeee ($102.72 in chips) 
Seat 5: worker0k ($100 in chips) 
ImaPeppaPig: posts small blind $0.50
vadjkeee: posts big blind $1
*** HOLE CARDS ***
worker0k: folds 
ImaPeppaPig: raises $2 to $3
vadjkeee: raises $6 to $9
ImaPeppaPig: raises $14 to $23
vadjkeee: folds 
Uncalled bet ($14) returned to ImaPeppaPig
ImaPeppaPig collected $18 from pot
ImaPeppaPig: doesn't show hand 
*** SUMMARY ***
Total pot $18 | Rake $0 
Seat 1: ImaPeppaPig (small blind) collected ($18)
Seat 3: vadjkeee (big blind) folded before Flop
Seat 5: worker0k (button) folded before Flop (didn't bet)



PokerStars Hand #254753422640:  Hold'em No Limit ($0.50/$1.00 USD) - 2025/02/07 19:02:44 WET [2025/02/07 14:02:44 ET]
Table 'Vitja II' 6-max Seat #1 is the button
Seat 1: ImaPeppaPig ($109 in chips) 
Seat 3: vadjkeee ($100 in chips) 
Seat 5: worker0k ($100 in chips) 
vadjkeee: posts small blind $0.50
worker0k: posts big blind $1
*** HOLE CARDS ***
ImaPeppaPig: folds 
vadjkeee: raises $2 to $3
worker0k: folds 
Uncalled bet ($2) returned to vadjkeee
vadjkeee collected $2 from pot
vadjkeee: doesn't show hand 
*** SUMMARY ***
Total pot $2 | Rake $0 
Seat 1: ImaPeppaPig (button) folded before Flop (didn't bet)
Seat 3: vadjkeee (small blind) collected ($2)
Seat 5: worker0k (big blind) folded before Flop



PokerStars Hand #254753424780:  Hold'em No Limit ($0.50/$1.00 USD) - 2025/02/07 19:02:51 WET [2025/02/07 14:02:51 ET]
Table 'Vitja II' 6-max Seat #3 is the button
Seat 1: ImaPeppaPig ($109 in chips) 
Seat 3: vadjkeee ($101 in chips) 
Seat 5: worker0k ($100 in chips) 
worker0k: posts small blind $0.50
ImaPeppaPig: posts big blind $1
*** HOLE CARDS ***
vadjkeee: folds 
worker0k: folds 
Uncalled bet ($0.50) returned to ImaPeppaPig
ImaPeppaPig collected $1 from pot
ImaPeppaPig: doesn't show hand 
*** SUMMARY ***
Total pot $1 | Rake $0 
Seat 1: ImaPeppaPig (big blind) collected ($1)
Seat 3: vadjkeee (button) folded before Flop (didn't bet)
Seat 5: worker0k (small blind) folded before Flop



PokerStars Hand #254753426414:  Hold'em No Limit ($0.50/$1.00 USD) - 2025/02/07 19:02:57 WET [2025/02/07 14:02:57 ET]
Table 'Vitja II' 6-max Seat #1 is the button
Seat 1: ImaPeppaPig ($109.50 in chips) 
Seat 3: vadjkeee ($101 in chips) 
ImaPeppaPig: posts small blind $0.50
worker0k leaves the table
vadjkeee: posts big blind $1
*** HOLE CARDS ***
ImaPeppaPig: raises $1.50 to $2.50
vadjkeee: calls $1.50
*** FLOP *** [Js 5s Kh]
vadjkeee: checks 
ImaPeppaPig: bets $3
vadjkeee: folds 
Uncalled bet ($3) returned to ImaPeppaPig
ImaPeppaPig collected $4.75 from pot
ImaPeppaPig: doesn't show hand 
*** SUMMARY ***
Total pot $5 | Rake $0.25 
Board [Js 5s Kh]
Seat 1: ImaPeppaPig (button) (small blind) collected ($4.75)
Seat 3: vadjkeee (big blind) folded on the Flop



PokerStars Hand #254753435284:  Hold'em No Limit ($0.50/$1.00 USD) - 2025/02/07 19:03:28 WET [2025/02/07 14:03:28 ET]
Table 'Vitja II' 6-max Seat #3 is the button
Seat 1: ImaPeppaPig ($111.75 in chips) 
Seat 3: vadjkeee ($100 in chips) 
vadjkeee: posts small blind $0.50
ImaPeppaPig: posts big blind $1
*** HOLE CARDS ***
vadjkeee: folds 
Uncalled bet ($0.50) returned to ImaPeppaPig
ImaPeppaPig collected $1 from pot
ImaPeppaPig: doesn't show hand 
*** SUMMARY ***
Total pot $1 | Rake $0 
Seat 1: ImaPeppaPig (big blind) collected ($1)
Seat 3: vadjkeee (button) (small blind) folded before Flop



PokerStars Hand #254753439176:  Hold'em No Limit ($0.50/$1.00 USD) - 2025/02/07 19:03:42 WET [2025/02/07 14:03:42 ET]
Table 'Vitja II' 6-max Seat #1 is the button
Seat 1: ImaPeppaPig ($112.25 in chips) 
Seat 3: vadjkeee ($100 in chips) 
ImaPeppaPig: posts small blind $0.50
vadjkeee: posts big blind $1
*** HOLE CARDS ***
ImaPeppaPig: raises $1.50 to $2.50
vadjkeee: raises $9.50 to $12
ImaPeppaPig: raises $13.20 to $25.20
vadjkeee: folds 
Uncalled bet ($13.20) returned to ImaPeppaPig
ImaPeppaPig collected $24 from pot
ImaPeppaPig: doesn't show hand 
*** SUMMARY ***
Total pot $24 | Rake $0 
Seat 1: ImaPeppaPig (button) (small blind) collected ($24)
Seat 3: vadjkeee (big blind) folded before Flop



PokerStars Hand #254753445316:  Hold'em No Limit ($0.50/$1.00 USD) - 2025/02/07 19:04:04 WET [2025/02/07 14:04:04 ET]
Table 'Vitja II' 6-max Seat #3 is the button
Seat 1: ImaPeppaPig ($124.25 in chips) 
Seat 3: vadjkeee ($100 in chips) 
vadjkeee: posts small blind $0.50
ImaPeppaPig: posts big blind $1
*** HOLE CARDS ***
vadjkeee: raises $1.50 to $2.50
ImaPeppaPig: folds 
Uncalled bet ($1.50) returned to vadjkeee
vadjkeee collected $2 from pot
vadjkeee: doesn't show hand 
*** SUMMARY ***
Total pot $2 | Rake $0 
Seat 1: ImaPeppaPig (big blind) folded before Flop
Seat 3: vadjkeee (button) (small blind) collected ($2)



