PokerStars Hand #254749380433:  Hold'em No Limit ($0.50/$1.00 USD) - 2025/02/07 14:04:15 WET [2025/02/07 9:04:15 ET]
Table 'Kerstin II' 6-max Seat #4 is the button
Seat 5: BallerXOne ($100 in chips) is sitting out
Seat 1: poker_soul11 ($100.50 in chips) 
Seat 2: AngelovAlexMKD ($100 in chips) 
Seat 3: 2cute4me2 ($100 in chips) 
Seat 4: gudrozd ($100 in chips) 
poker_soul11: posts small blind $0.50
AngelovAlexMKD: posts big blind $1
*** HOLE CARDS ***
2cute4me2: folds 
gudrozd: raises $1.50 to $2.50
poker_soul11: folds 
AngelovAlexMKD: folds 
Uncalled bet ($1.50) returned to gudrozd
gudrozd collected $2.50 from pot
gudrozd: doesn't show hand 
*** SUMMARY ***
Total pot $2.50 | Rake $0 
Seat 5: BallerXOne
Seat 1: poker_soul11 (small blind) folded before Flop
Seat 2: AngelovAlexMKD (big blind) folded before Flop
Seat 3: 2cute4me2 folded before Flop (didn't bet)
Seat 4: gudrozd (button) collected ($2.50)



PokerStars Hand #254749384449:  Hold'em No Limit ($0.50/$1.00 USD) - 2025/02/07 14:04:39 WET [2025/02/07 9:04:39 ET]
Table 'Kerstin II' 6-max Seat #1 is the button
Seat 5: BallerXOne ($100 in chips) is sitting out
Seat 1: poker_soul11 ($100 in chips) 
Seat 2: AngelovAlexMKD ($100 in chips) 
Seat 3: 2cute4me2 ($100 in chips) 
Seat 4: gudrozd ($101.50 in chips) 
AngelovAlexMKD: posts small blind $0.50
2cute4me2: posts big blind $1
BallerXOne: sits out 
*** HOLE CARDS ***
gudrozd: folds 
poker_soul11: folds 
AngelovAlexMKD: folds 
Uncalled bet ($0.50) returned to 2cute4me2
2cute4me2 collected $1 from pot
2cute4me2: doesn't show hand 
*** SUMMARY ***
Total pot $1 | Rake $0 
Seat 5: BallerXOne
Seat 1: poker_soul11 (button) folded before Flop (didn't bet)
Seat 2: AngelovAlexMKD (small blind) folded before Flop
Seat 3: 2cute4me2 (big blind) collected ($1)
Seat 4: gudrozd folded before Flop (didn't bet)



PokerStars Hand #254749386889:  Hold'em No Limit ($0.50/$1.00 USD) - 2025/02/07 14:04:53 WET [2025/02/07 9:04:53 ET]
Table 'Kerstin II' 6-max Seat #2 is the button
Seat 5: BallerXOne ($100 in chips) is sitting out
Seat 1: poker_soul11 ($100 in chips) 
Seat 2: AngelovAlexMKD ($100 in chips) 
Seat 3: 2cute4me2 ($100.50 in chips) 
Seat 4: gudrozd ($101.50 in chips) 
2cute4me2: posts small blind $0.50
gudrozd: posts big blind $1
BallerXOne: sits out 
*** HOLE CARDS ***
poker_soul11: folds 
AngelovAlexMKD: folds 
2cute4me2: raises $2 to $3
gudrozd: folds 
Uncalled bet ($2) returned to 2cute4me2
2cute4me2 collected $2 from pot
2cute4me2: doesn't show hand 
*** SUMMARY ***
Total pot $2 | Rake $0 
Seat 5: BallerXOne
Seat 1: poker_soul11 folded before Flop (didn't bet)
Seat 2: AngelovAlexMKD (button) folded before Flop (didn't bet)
Seat 3: 2cute4me2 (small blind) collected ($2)
Seat 4: gudrozd (big blind) folded before Flop



PokerStars Hand #254749388928:  Hold'em No Limit ($0.50/$1.00 USD) - 2025/02/07 14:05:04 WET [2025/02/07 9:05:04 ET]
Table 'Kerstin II' 6-max Seat #3 is the button
Seat 1: poker_soul11 ($100 in chips) 
Seat 2: AngelovAlexMKD ($100 in chips) 
Seat 3: 2cute4me2 ($101.50 in chips) 
Seat 4: gudrozd ($100.50 in chips) 
Seat 5: BallerXOne ($100 in chips) 
gudrozd: posts small blind $0.50
BallerXOne: posts big blind $1
*** HOLE CARDS ***
poker_soul11: folds 
AngelovAlexMKD: folds 
2cute4me2: folds 
gudrozd: folds 
Uncalled bet ($0.50) returned to BallerXOne
BallerXOne collected $1 from pot
BallerXOne: doesn't show hand 
*** SUMMARY ***
Total pot $1 | Rake $0 
Seat 1: poker_soul11 folded before Flop (didn't bet)
Seat 2: AngelovAlexMKD folded before Flop (didn't bet)
Seat 3: 2cute4me2 (button) folded before Flop (didn't bet)
Seat 4: gudrozd (small blind) folded before Flop
Seat 5: BallerXOne (big blind) collected ($1)



PokerStars Hand #254749390778:  Hold'em No Limit ($0.50/$1.00 USD) - 2025/02/07 14:05:15 WET [2025/02/07 9:05:15 ET]
Table 'Kerstin II' 6-max Seat #4 is the button
Seat 1: poker_soul11 ($100 in chips) 
Seat 2: AngelovAlexMKD ($100 in chips) 
Seat 3: 2cute4me2 ($101.50 in chips) 
Seat 4: gudrozd ($100 in chips) 
Seat 5: BallerXOne ($100.50 in chips) 
BallerXOne: posts small blind $0.50
poker_soul11: posts big blind $1
*** HOLE CARDS ***
AngelovAlexMKD: raises $1.25 to $2.25
2cute4me2: folds 
gudrozd: folds 
BallerXOne: folds 
poker_soul11: calls $1.25
*** FLOP *** [Qd 3d 5c]
7bekon7 joins the table at seat #6 
poker_soul11: checks 
AngelovAlexMKD: checks 
*** TURN *** [Qd 3d 5c] [6d]
poker_soul11: bets $3.56
AngelovAlexMKD: folds 
Uncalled bet ($3.56) returned to poker_soul11
poker_soul11 collected $4.75 from pot
poker_soul11: doesn't show hand 
*** SUMMARY ***
Total pot $5 | Rake $0.25 
Board [Qd 3d 5c 6d]
Seat 1: poker_soul11 (big blind) collected ($4.75)
Seat 2: AngelovAlexMKD folded on the Turn
Seat 3: 2cute4me2 folded before Flop (didn't bet)
Seat 4: gudrozd (button) folded before Flop (didn't bet)
Seat 5: BallerXOne (small blind) folded before Flop



PokerStars Hand #254749401027:  Hold'em No Limit ($0.50/$1.00 USD) - 2025/02/07 14:06:14 WET [2025/02/07 9:06:14 ET]
Table 'Kerstin II' 6-max Seat #5 is the button
Seat 6: 7bekon7 ($100 in chips) is sitting out
Seat 1: poker_soul11 ($102.50 in chips) 
Seat 2: AngelovAlexMKD ($100 in chips) 
Seat 3: 2cute4me2 ($101.50 in chips) 
Seat 4: gudrozd ($100 in chips) 
Seat 5: BallerXOne ($100 in chips) 
poker_soul11: posts small blind $0.50
AngelovAlexMKD: posts big blind $1
*** HOLE CARDS ***
2cute4me2: folds 
gudrozd: raises $1.50 to $2.50
BallerXOne: folds 
poker_soul11: folds 
AngelovAlexMKD: raises $8.50 to $11
gudrozd: calls $8.50
*** FLOP *** [2s 7d Jd]
AngelovAlexMKD: bets $10.69
gudrozd: calls $10.69
*** TURN *** [2s 7d Jd] [2d]
AngelovAlexMKD: checks 
gudrozd: checks 
*** RIVER *** [2s 7d Jd 2d] [8h]
AngelovAlexMKD: bets $27.52
gudrozd: raises $50.79 to $78.31 and is all-in
AngelovAlexMKD: folds 
Uncalled bet ($50.79) returned to gudrozd
gudrozd collected $96.42 from pot
gudrozd: doesn't show hand 
*** SUMMARY ***
Total pot $98.92 | Rake $2.50 
Board [2s 7d Jd 2d 8h]
Seat 6: 7bekon7
Seat 1: poker_soul11 (small blind) folded before Flop
Seat 2: AngelovAlexMKD (big blind) folded on the River
Seat 3: 2cute4me2 folded before Flop (didn't bet)
Seat 4: gudrozd collected ($96.42)
Seat 5: BallerXOne (button) folded before Flop (didn't bet)



PokerStars Hand #254749422245:  Hold'em No Limit ($0.50/$1.00 USD) - 2025/02/07 14:08:15 WET [2025/02/07 9:08:15 ET]
Table 'Kerstin II' 6-max Seat #1 is the button
Seat 6: 7bekon7 ($100 in chips) is sitting out
Seat 1: poker_soul11 ($102 in chips) 
Seat 2: AngelovAlexMKD ($100 in chips) 
Seat 3: 2cute4me2 ($101.50 in chips) 
Seat 4: gudrozd ($147.21 in chips) 
Seat 5: BallerXOne ($100 in chips) 
AngelovAlexMKD: posts small blind $0.50
2cute4me2: posts big blind $1
7bekon7: sits out 
*** HOLE CARDS ***
gudrozd: folds 
BallerXOne: folds 
poker_soul11: folds 
AngelovAlexMKD: raises $2 to $3
2cute4me2: raises $6 to $9
AngelovAlexMKD: raises $14 to $23
2cute4me2: folds 
Uncalled bet ($14) returned to AngelovAlexMKD
AngelovAlexMKD collected $18 from pot
AngelovAlexMKD: doesn't show hand 
*** SUMMARY ***
Total pot $18 | Rake $0 
Seat 6: 7bekon7
Seat 1: poker_soul11 (button) folded before Flop (didn't bet)
Seat 2: AngelovAlexMKD (small blind) collected ($18)
Seat 3: 2cute4me2 (big blind) folded before Flop
Seat 4: gudrozd folded before Flop (didn't bet)
Seat 5: BallerXOne folded before Flop (didn't bet)



PokerStars Hand #254749428679:  Hold'em No Limit ($0.50/$1.00 USD) - 2025/02/07 14:08:52 WET [2025/02/07 9:08:52 ET]
Table 'Kerstin II' 6-max Seat #2 is the button
Seat 4: gudrozd ($147.21 in chips) is sitting out
Seat 6: 7bekon7 ($100 in chips) is sitting out
Seat 1: poker_soul11 ($102 in chips) 
Seat 2: AngelovAlexMKD ($109 in chips) 
Seat 3: 2cute4me2 ($100 in chips) 
Seat 5: BallerXOne ($100 in chips) 
2cute4me2: posts small blind $0.50
gudrozd: is sitting out 
BallerXOne: posts big blind $1
7bekon7: sits out 
*** HOLE CARDS ***
gudrozd leaves the table
poker_soul11: raises $1.20 to $2.20
AngelovAlexMKD: folds 
2cute4me2: folds 
BallerXOne: folds 
Uncalled bet ($1.20) returned to poker_soul11
poker_soul11 collected $2.50 from pot
poker_soul11: doesn't show hand 
*** SUMMARY ***
Total pot $2.50 | Rake $0 
Seat 4: gudrozd
Seat 6: 7bekon7
Seat 1: poker_soul11 collected ($2.50)
Seat 2: AngelovAlexMKD (button) folded before Flop (didn't bet)
Seat 3: 2cute4me2 (small blind) folded before Flop
Seat 5: BallerXOne (big blind) folded before Flop



PokerStars Hand #254749431788:  Hold'em No Limit ($0.50/$1.00 USD) - 2025/02/07 14:09:09 WET [2025/02/07 9:09:09 ET]
Table 'Kerstin II' 6-max Seat #3 is the button
Seat 1: poker_soul11 ($103.50 in chips) 
Seat 2: AngelovAlexMKD ($109 in chips) 
Seat 3: 2cute4me2 ($100 in chips) 
Seat 5: BallerXOne ($100 in chips) 
Seat 6: 7bekon7 ($100 in chips) 
BallerXOne: posts small blind $0.50
7bekon7: posts big blind $1
*** HOLE CARDS ***
dr.prelo joins the table at seat #4 
poker_soul11: folds 
AngelovAlexMKD: raises $1.50 to $2.50
2cute4me2: folds 
BallerXOne: folds 
7bekon7: folds 
Uncalled bet ($1.50) returned to AngelovAlexMKD
AngelovAlexMKD collected $2.50 from pot
AngelovAlexMKD: doesn't show hand 
*** SUMMARY ***
Total pot $2.50 | Rake $0 
Seat 1: poker_soul11 folded before Flop (didn't bet)
Seat 2: AngelovAlexMKD collected ($2.50)
Seat 3: 2cute4me2 (button) folded before Flop (didn't bet)
Seat 5: BallerXOne (small blind) folded before Flop
Seat 6: 7bekon7 (big blind) folded before Flop



PokerStars Hand #254749435701:  Hold'em No Limit ($0.50/$1.00 USD) - 2025/02/07 14:09:32 WET [2025/02/07 9:09:32 ET]
Table 'Kerstin II' 6-max Seat #5 is the button
Seat 1: poker_soul11 ($103.50 in chips) 
Seat 2: AngelovAlexMKD ($110.50 in chips) 
Seat 3: 2cute4me2 ($100 in chips) 
Seat 4: dr.prelo ($100 in chips) 
Seat 5: BallerXOne ($100 in chips) 
Seat 6: 7bekon7 ($100 in chips) 
7bekon7: posts small blind $0.50
poker_soul11: posts big blind $1
dr.prelo: posts big blind $1
*** HOLE CARDS ***
AngelovAlexMKD: folds 
2cute4me2: folds 
dr.prelo: checks 
BallerXOne: folds 
7bekon7: folds 
poker_soul11: checks 
*** FLOP *** [6c 4c Qc]
poker_soul11: checks 
dr.prelo: checks 
*** TURN *** [6c 4c Qc] [5h]
poker_soul11: checks 
dr.prelo: checks 
*** RIVER *** [6c 4c Qc 5h] [6s]
poker_soul11: bets $2.98
dr.prelo: folds 
Uncalled bet ($2.98) returned to poker_soul11
poker_soul11 collected $2.38 from pot
poker_soul11: doesn't show hand 
*** SUMMARY ***
Total pot $2.50 | Rake $0.12 
Board [6c 4c Qc 5h 6s]
Seat 1: poker_soul11 (big blind) collected ($2.38)
Seat 2: AngelovAlexMKD folded before Flop (didn't bet)
Seat 3: 2cute4me2 folded before Flop (didn't bet)
Seat 4: dr.prelo folded on the River (didn't bet)
Seat 5: BallerXOne (button) folded before Flop (didn't bet)
Seat 6: 7bekon7 (small blind) folded before Flop



PokerStars Hand #254749450509:  Hold'em No Limit ($0.50/$1.00 USD) - 2025/02/07 14:10:57 WET [2025/02/07 9:10:57 ET]
Table 'Kerstin II' 6-max Seat #6 is the button
Seat 1: poker_soul11 ($104.88 in chips) 
Seat 2: AngelovAlexMKD ($110.50 in chips) 
Seat 3: 2cute4me2 ($100 in chips) 
Seat 4: dr.prelo ($99 in chips) 
Seat 5: BallerXOne ($100 in chips) 
Seat 6: 7bekon7 ($100 in chips) 
poker_soul11: posts small blind $0.50
AngelovAlexMKD: posts big blind $1
*** HOLE CARDS ***
2cute4me2: raises $1.20 to $2.20
dr.prelo: folds 
BallerXOne: folds 
7bekon7: folds 
poker_soul11: folds 
AngelovAlexMKD: folds 
Uncalled bet ($1.20) returned to 2cute4me2
2cute4me2 collected $2.50 from pot
2cute4me2: doesn't show hand 
*** SUMMARY ***
Total pot $2.50 | Rake $0 
Seat 1: poker_soul11 (small blind) folded before Flop
Seat 2: AngelovAlexMKD (big blind) folded before Flop
Seat 3: 2cute4me2 collected ($2.50)
Seat 4: dr.prelo folded before Flop (didn't bet)
Seat 5: BallerXOne folded before Flop (didn't bet)
Seat 6: 7bekon7 (button) folded before Flop (didn't bet)



PokerStars Hand #254749453785:  Hold'em No Limit ($0.50/$1.00 USD) - 2025/02/07 14:11:15 WET [2025/02/07 9:11:15 ET]
Table 'Kerstin II' 6-max Seat #1 is the button
Seat 1: poker_soul11 ($104.38 in chips) 
Seat 2: AngelovAlexMKD ($109.50 in chips) 
Seat 3: 2cute4me2 ($101.50 in chips) 
Seat 4: dr.prelo ($99 in chips) 
Seat 5: BallerXOne ($100 in chips) 
Seat 6: 7bekon7 ($100 in chips) 
AngelovAlexMKD: posts small blind $0.50
2cute4me2: posts big blind $1
*** HOLE CARDS ***
dr.prelo: raises $2 to $3
BallerXOne: folds 
7bekon7: folds 
poker_soul11: calls $3
AngelovAlexMKD: folds 
2cute4me2: folds 
*** FLOP *** [Qc 2d Ts]
dr.prelo: bets $2.56
poker_soul11: calls $2.56
*** TURN *** [Qc 2d Ts] [9c]
dr.prelo: checks 
poker_soul11: bets $3.96
dr.prelo: folds 
Uncalled bet ($3.96) returned to poker_soul11
poker_soul11 collected $11.99 from pot
poker_soul11: doesn't show hand 
*** SUMMARY ***
Total pot $12.62 | Rake $0.63 
Board [Qc 2d Ts 9c]
Seat 1: poker_soul11 (button) collected ($11.99)
Seat 2: AngelovAlexMKD (small blind) folded before Flop
Seat 3: 2cute4me2 (big blind) folded before Flop
Seat 4: dr.prelo folded on the Turn
Seat 5: BallerXOne folded before Flop (didn't bet)
Seat 6: 7bekon7 folded before Flop (didn't bet)



PokerStars Hand #254749465929:  Hold'em No Limit ($0.50/$1.00 USD) - 2025/02/07 14:12:24 WET [2025/02/07 9:12:24 ET]
Table 'Kerstin II' 6-max Seat #2 is the button
Seat 1: poker_soul11 ($110.81 in chips) 
Seat 2: AngelovAlexMKD ($109 in chips) 
Seat 3: 2cute4me2 ($100.50 in chips) 
Seat 4: dr.prelo ($93.44 in chips) 
Seat 5: BallerXOne ($100 in chips) 
Seat 6: 7bekon7 ($100 in chips) 
2cute4me2: posts small blind $0.50
dr.prelo: posts big blind $1
*** HOLE CARDS ***
BallerXOne: folds 
7bekon7: raises $1.25 to $2.25
poker_soul11: folds 
AngelovAlexMKD: folds 
2cute4me2: folds 
dr.prelo: calls $1.25
*** FLOP *** [6s Ks Ac]
dr.prelo: checks 
7bekon7: bets $1.19
dr.prelo: calls $1.19
*** TURN *** [6s Ks Ac] [2h]
dr.prelo: checks 
7bekon7: bets $5.26
dr.prelo: calls $5.26
*** RIVER *** [6s Ks Ac 2h] [Qd]
dr.prelo: checks 
7bekon7: bets $4.25
dr.prelo: calls $4.25
*** SHOW DOWN ***
7bekon7: shows [Ah Jh] (a pair of Aces)
dr.prelo: mucks hand 
7bekon7 collected $25.08 from pot
*** SUMMARY ***
Total pot $26.40 | Rake $1.32 
Board [6s Ks Ac 2h Qd]
Seat 1: poker_soul11 folded before Flop (didn't bet)
Seat 2: AngelovAlexMKD (button) folded before Flop (didn't bet)
Seat 3: 2cute4me2 (small blind) folded before Flop
Seat 4: dr.prelo (big blind) mucked
Seat 5: BallerXOne folded before Flop (didn't bet)
Seat 6: 7bekon7 showed [Ah Jh] and won ($25.08) with a pair of Aces



PokerStars Hand #254749473642:  Hold'em No Limit ($0.50/$1.00 USD) - 2025/02/07 14:13:07 WET [2025/02/07 9:13:07 ET]
Table 'Kerstin II' 6-max Seat #3 is the button
Seat 1: poker_soul11 ($110.81 in chips) 
Seat 2: AngelovAlexMKD ($109 in chips) 
Seat 3: 2cute4me2 ($100 in chips) 
Seat 4: dr.prelo ($80.49 in chips) 
Seat 5: BallerXOne ($100 in chips) 
Seat 6: 7bekon7 ($112.13 in chips) 
dr.prelo: posts small blind $0.50
BallerXOne: posts big blind $1
*** HOLE CARDS ***
7bekon7: folds 
poker_soul11: folds 
AngelovAlexMKD: folds 
2cute4me2: folds 
dr.prelo: folds 
Uncalled bet ($0.50) returned to BallerXOne
dr.prelo leaves the table
7bekon7 leaves the table
BallerXOne collected $1 from pot
BallerXOne: doesn't show hand 
*** SUMMARY ***
Total pot $1 | Rake $0 
Seat 1: poker_soul11 folded before Flop (didn't bet)
Seat 2: AngelovAlexMKD folded before Flop (didn't bet)
Seat 3: 2cute4me2 (button) folded before Flop (didn't bet)
Seat 4: dr.prelo (small blind) folded before Flop
Seat 5: BallerXOne (big blind) collected ($1)
Seat 6: 7bekon7 folded before Flop (didn't bet)



PokerStars Hand #254749475242:  Hold'em No Limit ($0.50/$1.00 USD) - 2025/02/07 14:13:16 WET [2025/02/07 9:13:16 ET]
Table 'Kerstin II' 6-max Seat #5 is the button
Seat 1: poker_soul11 ($110.81 in chips) 
Seat 2: AngelovAlexMKD ($109 in chips) 
Seat 3: 2cute4me2 ($100 in chips) 
Seat 5: BallerXOne ($100.50 in chips) 
poker_soul11: posts small blind $0.50
AngelovAlexMKD: posts big blind $1
*** HOLE CARDS ***
2cute4me2: folds 
BallerXOne: folds 
poker_soul11: raises $2 to $3
AngelovAlexMKD: raises $6 to $9
poker_soul11: folds 
Uncalled bet ($6) returned to AngelovAlexMKD
AngelovAlexMKD collected $6 from pot
AngelovAlexMKD: doesn't show hand 
*** SUMMARY ***
Total pot $6 | Rake $0 
Seat 1: poker_soul11 (small blind) folded before Flop
Seat 2: AngelovAlexMKD (big blind) collected ($6)
Seat 3: 2cute4me2 folded before Flop (didn't bet)
Seat 5: BallerXOne (button) folded before Flop (didn't bet)



PokerStars Hand #254749479223:  Hold'em No Limit ($0.50/$1.00 USD) - 2025/02/07 14:13:39 WET [2025/02/07 9:13:39 ET]
Table 'Kerstin II' 6-max Seat #1 is the button
Seat 3: 2cute4me2 ($100 in chips) is sitting out
Seat 1: poker_soul11 ($107.81 in chips) 
Seat 2: AngelovAlexMKD ($112 in chips) 
Seat 5: BallerXOne ($100.50 in chips) 
AngelovAlexMKD: posts small blind $0.50
2cute4me2: is sitting out 
BallerXOne: posts big blind $1
*** HOLE CARDS ***
poker_soul11: folds 
AngelovAlexMKD: folds 
Uncalled bet ($0.50) returned to BallerXOne
BallerXOne collected $1 from pot
BallerXOne: doesn't show hand 
*** SUMMARY ***
Total pot $1 | Rake $0 
Seat 3: 2cute4me2
Seat 1: poker_soul11 (button) folded before Flop (didn't bet)
Seat 2: AngelovAlexMKD (small blind) folded before Flop
Seat 5: BallerXOne (big blind) collected ($1)



PokerStars Hand #254749481753:  Hold'em No Limit ($0.50/$1.00 USD) - 2025/02/07 14:13:54 WET [2025/02/07 9:13:54 ET]
Table 'Kerstin II' 6-max Seat #2 is the button
Seat 3: 2cute4me2 ($100 in chips) is sitting out
Seat 1: poker_soul11 ($107.81 in chips) 
Seat 2: AngelovAlexMKD ($111.50 in chips) 
Seat 5: BallerXOne ($101 in chips) 
BallerXOne: posts small blind $0.50
poker_soul11: posts big blind $1
*** HOLE CARDS ***
AngelovAlexMKD: folds 
BallerXOne: raises $2 to $3
2cute4me2 leaves the table
poker_soul11: calls $2
*** FLOP *** [3d 9h Qd]
BallerXOne: bets $1.43
poker_soul11: folds 
Uncalled bet ($1.43) returned to BallerXOne
BallerXOne collected $5.70 from pot
BallerXOne: doesn't show hand 
*** SUMMARY ***
Total pot $6 | Rake $0.30 
Board [3d 9h Qd]
Seat 3: 2cute4me2
Seat 1: poker_soul11 (big blind) folded on the Flop
Seat 2: AngelovAlexMKD (button) folded before Flop (didn't bet)
Seat 5: BallerXOne (small blind) collected ($5.70)



PokerStars Hand #254749488109:  Hold'em No Limit ($0.50/$1.00 USD) - 2025/02/07 14:14:30 WET [2025/02/07 9:14:30 ET]
Table 'Kerstin II' 6-max Seat #5 is the button
Seat 1: poker_soul11 ($104.81 in chips) 
Seat 2: AngelovAlexMKD ($111.50 in chips) 
Seat 5: BallerXOne ($103.70 in chips) 
poker_soul11: posts small blind $0.50
AngelovAlexMKD: posts big blind $1
*** HOLE CARDS ***
BallerXOne: raises $1.50 to $2.50
poker_soul11: folds 
AngelovAlexMKD: raises $8.50 to $11
Unipoker11 joins the table at seat #3 
BallerXOne: folds 
Uncalled bet ($8.50) returned to AngelovAlexMKD
Unipoker11 leaves the table
AngelovAlexMKD collected $5.50 from pot
AngelovAlexMKD: doesn't show hand 
*** SUMMARY ***
Total pot $5.50 | Rake $0 
Seat 1: poker_soul11 (small blind) folded before Flop
Seat 2: AngelovAlexMKD (big blind) collected ($5.50)
Seat 5: BallerXOne (button) folded before Flop



PokerStars Hand #254749491532:  Hold'em No Limit ($0.50/$1.00 USD) - 2025/02/07 14:14:49 WET [2025/02/07 9:14:49 ET]
Table 'Kerstin II' 6-max Seat #1 is the button
Seat 1: poker_soul11 ($104.31 in chips) 
Seat 2: AngelovAlexMKD ($114.50 in chips) 
Seat 5: BallerXOne ($101.20 in chips) 
AngelovAlexMKD: posts small blind $0.50
BallerXOne: posts big blind $1
*** HOLE CARDS ***
poker_soul11: folds 
AngelovAlexMKD: raises $2 to $3
Unipoker11 joins the table at seat #6 
BallerXOne: calls $2
*** FLOP *** [Ad 2c 6c]
AngelovAlexMKD: bets $1.88
BallerXOne: calls $1.88
*** TURN *** [Ad 2c 6c] [9s]
AngelovAlexMKD: checks 
yanbra6.10 joins the table at seat #3 
yanbra6.10 is disconnected 
BGS013 joins the table at seat #4 
BallerXOne: checks 
*** RIVER *** [Ad 2c 6c 9s] [9h]
AngelovAlexMKD: bets $13.91
BallerXOne: folds 
Uncalled bet ($13.91) returned to AngelovAlexMKD
AngelovAlexMKD collected $9.15 from pot
AngelovAlexMKD: doesn't show hand 
*** SUMMARY ***
Total pot $9.76 | Rake $0.61 
Board [Ad 2c 6c 9s 9h]
Seat 1: poker_soul11 (button) folded before Flop (didn't bet)
Seat 2: AngelovAlexMKD (small blind) collected ($9.15)
Seat 5: BallerXOne (big blind) folded on the River



PokerStars Hand #254749502016:  Hold'em No Limit ($0.50/$1.00 USD) - 2025/02/07 14:15:48 WET [2025/02/07 9:15:48 ET]
Table 'Kerstin II' 6-max Seat #2 is the button
Seat 3: yanbra6.10 ($100 in chips) is sitting out
Seat 4: BGS013 ($100 in chips) is sitting out
Seat 1: poker_soul11 ($104.31 in chips) 
Seat 2: AngelovAlexMKD ($118.77 in chips) 
Seat 5: BallerXOne ($100 in chips) 
Seat 6: Unipoker11 ($100 in chips) 
BallerXOne: posts small blind $0.50
Unipoker11: posts big blind $1
*** HOLE CARDS ***
poker_soul11: folds 
AngelovAlexMKD: raises $1.50 to $2.50
BallerXOne: folds 
Unipoker11: folds 
Uncalled bet ($1.50) returned to AngelovAlexMKD
AngelovAlexMKD collected $2.50 from pot
AngelovAlexMKD: doesn't show hand 
*** SUMMARY ***
Total pot $2.50 | Rake $0 
Seat 3: yanbra6.10
Seat 4: BGS013
Seat 1: poker_soul11 folded before Flop (didn't bet)
Seat 2: AngelovAlexMKD (button) collected ($2.50)
Seat 5: BallerXOne (small blind) folded before Flop
Seat 6: Unipoker11 (big blind) folded before Flop



PokerStars Hand #254749504652:  Hold'em No Limit ($0.50/$1.00 USD) - 2025/02/07 14:16:03 WET [2025/02/07 9:16:03 ET]
Table 'Kerstin II' 6-max Seat #5 is the button
Seat 4: BGS013 ($100 in chips) is sitting out
Seat 1: poker_soul11 ($104.31 in chips) 
Seat 2: AngelovAlexMKD ($120.27 in chips) 
Seat 3: yanbra6.10 ($100 in chips) 
Seat 5: BallerXOne ($100 in chips) 
Seat 6: Unipoker11 ($100 in chips) 
Unipoker11: posts small blind $0.50
poker_soul11: posts big blind $1
yanbra6.10: posts big blind $1
BGS013: sits out 
*** HOLE CARDS ***
AngelovAlexMKD: folds 
yanbra6.10: checks 
BallerXOne: folds 
Unipoker11: raises $5 to $6
poker_soul11: folds 
yanbra6.10: folds 
Uncalled bet ($5) returned to Unipoker11
Unipoker11 collected $3 from pot
Unipoker11: doesn't show hand 
*** SUMMARY ***
Total pot $3 | Rake $0 
Seat 4: BGS013
Seat 1: poker_soul11 (big blind) folded before Flop
Seat 2: AngelovAlexMKD folded before Flop (didn't bet)
Seat 3: yanbra6.10 folded before Flop (didn't bet)
Seat 5: BallerXOne (button) folded before Flop (didn't bet)
Seat 6: Unipoker11 (small blind) collected ($3)



PokerStars Hand #254749509991:  Hold'em No Limit ($0.50/$1.00 USD) - 2025/02/07 14:16:33 WET [2025/02/07 9:16:33 ET]
Table 'Kerstin II' 6-max Seat #6 is the button
Seat 4: BGS013 ($100 in chips) is sitting out
Seat 1: poker_soul11 ($103.31 in chips) 
Seat 2: AngelovAlexMKD ($120.27 in chips) 
Seat 3: yanbra6.10 ($99 in chips) 
Seat 5: BallerXOne ($100 in chips) 
Seat 6: Unipoker11 ($102 in chips) 
poker_soul11: posts small blind $0.50
AngelovAlexMKD: posts big blind $1
BGS013: sits out 
*** HOLE CARDS ***
yanbra6.10: folds 
BallerXOne: folds 
Unipoker11: raises $1.50 to $2.50
poker_soul11: folds 
AngelovAlexMKD: folds 
Uncalled bet ($1.50) returned to Unipoker11
Unipoker11 collected $2.50 from pot
Unipoker11: doesn't show hand 
*** SUMMARY ***
Total pot $2.50 | Rake $0 
Seat 4: BGS013
Seat 1: poker_soul11 (small blind) folded before Flop
Seat 2: AngelovAlexMKD (big blind) folded before Flop
Seat 3: yanbra6.10 folded before Flop (didn't bet)
Seat 5: BallerXOne folded before Flop (didn't bet)
Seat 6: Unipoker11 (button) collected ($2.50)



PokerStars Hand #254749512914:  Hold'em No Limit ($0.50/$1.00 USD) - 2025/02/07 14:16:50 WET [2025/02/07 9:16:50 ET]
Table 'Kerstin II' 6-max Seat #1 is the button
Seat 4: BGS013 ($100 in chips) is sitting out
Seat 1: poker_soul11 ($102.81 in chips) 
Seat 2: AngelovAlexMKD ($119.27 in chips) 
Seat 3: yanbra6.10 ($99 in chips) 
Seat 5: BallerXOne ($100 in chips) 
Seat 6: Unipoker11 ($103.50 in chips) 
AngelovAlexMKD: posts small blind $0.50
yanbra6.10: posts big blind $1
BGS013: sits out 
*** HOLE CARDS ***
BallerXOne: folds 
Unipoker11: folds 
poker_soul11: folds 
AngelovAlexMKD: folds 
Uncalled bet ($0.50) returned to yanbra6.10
yanbra6.10 collected $1 from pot
*** SUMMARY ***
Total pot $1 | Rake $0 
Seat 4: BGS013
Seat 1: poker_soul11 (button) folded before Flop (didn't bet)
Seat 2: AngelovAlexMKD (small blind) folded before Flop
Seat 3: yanbra6.10 (big blind) collected ($1)
Seat 5: BallerXOne folded before Flop (didn't bet)
Seat 6: Unipoker11 folded before Flop (didn't bet)



PokerStars Hand #254749517114:  Hold'em No Limit ($0.50/$1.00 USD) - 2025/02/07 14:17:14 WET [2025/02/07 9:17:14 ET]
Table 'Kerstin II' 6-max Seat #2 is the button
Seat 1: poker_soul11 ($102.81 in chips) 
Seat 2: AngelovAlexMKD ($118.77 in chips) 
Seat 3: yanbra6.10 ($99.50 in chips) 
Seat 4: BGS013 ($100 in chips) 
Seat 5: BallerXOne ($100 in chips) 
Seat 6: Unipoker11 ($103.50 in chips) 
yanbra6.10: posts small blind $0.50
BGS013: posts big blind $1
*** HOLE CARDS ***
BallerXOne: folds 
Unipoker11: folds 
poker_soul11: folds 
AngelovAlexMKD: folds 
yanbra6.10: raises $1 to $2
BGS013: raises $6 to $8
yanbra6.10: folds 
Uncalled bet ($6) returned to BGS013
BGS013 collected $4 from pot
BGS013: doesn't show hand 
*** SUMMARY ***
Total pot $4 | Rake $0 
Seat 1: poker_soul11 folded before Flop (didn't bet)
Seat 2: AngelovAlexMKD (button) folded before Flop (didn't bet)
Seat 3: yanbra6.10 (small blind) folded before Flop
Seat 4: BGS013 (big blind) collected ($4)
Seat 5: BallerXOne folded before Flop (didn't bet)
Seat 6: Unipoker11 folded before Flop (didn't bet)



PokerStars Hand #254749521734:  Hold'em No Limit ($0.50/$1.00 USD) - 2025/02/07 14:17:39 WET [2025/02/07 9:17:39 ET]
Table 'Kerstin II' 6-max Seat #3 is the button
Seat 1: poker_soul11 ($102.81 in chips) 
Seat 2: AngelovAlexMKD ($118.77 in chips) 
Seat 3: yanbra6.10 ($97.50 in chips) 
Seat 4: BGS013 ($102 in chips) 
Seat 5: BallerXOne ($100 in chips) 
Seat 6: Unipoker11 ($103.50 in chips) 
BGS013: posts small blind $0.50
BallerXOne: posts big blind $1
*** HOLE CARDS ***
Unipoker11: folds 
poker_soul11: folds 
AngelovAlexMKD: raises $1.50 to $2.50
yanbra6.10: folds 
BGS013: folds 
BallerXOne: calls $1.50
*** FLOP *** [2c 6c 9c]
BallerXOne: checks 
AngelovAlexMKD: bets $1.72
BallerXOne: folds 
Uncalled bet ($1.72) returned to AngelovAlexMKD
AngelovAlexMKD collected $5.15 from pot
AngelovAlexMKD: doesn't show hand 
*** SUMMARY ***
Total pot $5.50 | Rake $0.35 
Board [2c 6c 9c]
Seat 1: poker_soul11 folded before Flop (didn't bet)
Seat 2: AngelovAlexMKD collected ($5.15)
Seat 3: yanbra6.10 (button) folded before Flop (didn't bet)
Seat 4: BGS013 (small blind) folded before Flop
Seat 5: BallerXOne (big blind) folded on the Flop
Seat 6: Unipoker11 folded before Flop (didn't bet)



PokerStars Hand #254749528297:  Hold'em No Limit ($0.50/$1.00 USD) - 2025/02/07 14:18:16 WET [2025/02/07 9:18:16 ET]
Table 'Kerstin II' 6-max Seat #4 is the button
Seat 1: poker_soul11 ($102.81 in chips) 
Seat 2: AngelovAlexMKD ($121.42 in chips) 
Seat 3: yanbra6.10 ($97.50 in chips) 
Seat 4: BGS013 ($101.50 in chips) 
Seat 5: BallerXOne ($100 in chips) 
Seat 6: Unipoker11 ($103.50 in chips) 
BallerXOne: posts small blind $0.50
Unipoker11: posts big blind $1
*** HOLE CARDS ***
poker_soul11: folds 
AngelovAlexMKD: raises $1.25 to $2.25
yanbra6.10: calls $2.25
BGS013: folds 
BallerXOne: folds 
Unipoker11: folds 
*** FLOP *** [4h Jd Qc]
AngelovAlexMKD: checks 
yanbra6.10: bets $2.55
AngelovAlexMKD: calls $2.55
*** TURN *** [4h Jd Qc] [5h]
AngelovAlexMKD: checks 
yanbra6.10: checks 
*** RIVER *** [4h Jd Qc 5h] [Ah]
AngelovAlexMKD: bets $15.81
yanbra6.10: folds 
Uncalled bet ($15.81) returned to AngelovAlexMKD
AngelovAlexMKD collected $10.40 from pot
AngelovAlexMKD: doesn't show hand 
*** SUMMARY ***
Total pot $11.10 | Rake $0.70 
Board [4h Jd Qc 5h Ah]
Seat 1: poker_soul11 folded before Flop (didn't bet)
Seat 2: AngelovAlexMKD collected ($10.40)
Seat 3: yanbra6.10 folded on the River
Seat 4: BGS013 (button) folded before Flop (didn't bet)
Seat 5: BallerXOne (small blind) folded before Flop
Seat 6: Unipoker11 (big blind) folded before Flop



PokerStars Hand #254749539165:  Hold'em No Limit ($0.50/$1.00 USD) - 2025/02/07 14:19:17 WET [2025/02/07 9:19:17 ET]
Table 'Kerstin II' 6-max Seat #5 is the button
Seat 1: poker_soul11 ($102.81 in chips) is sitting out
Seat 2: AngelovAlexMKD ($127.02 in chips) 
Seat 3: yanbra6.10 ($92.70 in chips) 
Seat 4: BGS013 ($101.50 in chips) 
Seat 5: BallerXOne ($100 in chips) 
Seat 6: Unipoker11 ($102.50 in chips) 
Unipoker11: posts small blind $0.50
poker_soul11: is sitting out 
AngelovAlexMKD: posts big blind $1
*** HOLE CARDS ***
yanbra6.10: calls $1
poker_soul11 leaves the table
BGS013: folds 
BallerXOne: raises $4 to $5
gig.gyty joins the table at seat #1 
Unipoker11: folds 
AngelovAlexMKD: folds 
yanbra6.10: calls $4
*** FLOP *** [2s 8s 8h]
yanbra6.10: checks 
BallerXOne: bets $3
yanbra6.10: folds 
Uncalled bet ($3) returned to BallerXOne
BallerXOne collected $10.92 from pot
BallerXOne: doesn't show hand 
*** SUMMARY ***
Total pot $11.50 | Rake $0.58 
Board [2s 8s 8h]
Seat 1: poker_soul11
Seat 2: AngelovAlexMKD (big blind) folded before Flop
Seat 3: yanbra6.10 folded on the Flop
Seat 4: BGS013 folded before Flop (didn't bet)
Seat 5: BallerXOne (button) collected ($10.92)
Seat 6: Unipoker11 (small blind) folded before Flop



PokerStars Hand #254749546925:  Hold'em No Limit ($0.50/$1.00 USD) - 2025/02/07 14:20:01 WET [2025/02/07 9:20:01 ET]
Table 'Kerstin II' 6-max Seat #6 is the button
Seat 1: gig.gyty ($100 in chips) is sitting out
Seat 2: AngelovAlexMKD ($126.02 in chips) 
Seat 3: yanbra6.10 ($87.70 in chips) 
Seat 4: BGS013 ($101.50 in chips) 
Seat 5: BallerXOne ($105.92 in chips) 
Seat 6: Unipoker11 ($102 in chips) 
AngelovAlexMKD: posts small blind $0.50
yanbra6.10: posts big blind $1
*** HOLE CARDS ***
BGS013: folds 
BallerXOne: raises $1.50 to $2.50
Unipoker11: folds 
AngelovAlexMKD: folds 
yanbra6.10: folds 
Uncalled bet ($1.50) returned to BallerXOne
BallerXOne collected $2.50 from pot
BallerXOne: doesn't show hand 
*** SUMMARY ***
Total pot $2.50 | Rake $0 
Seat 1: gig.gyty
Seat 2: AngelovAlexMKD (small blind) folded before Flop
Seat 3: yanbra6.10 (big blind) folded before Flop
Seat 4: BGS013 folded before Flop (didn't bet)
Seat 5: BallerXOne collected ($2.50)
Seat 6: Unipoker11 (button) folded before Flop (didn't bet)



PokerStars Hand #254749549854:  Hold'em No Limit ($0.50/$1.00 USD) - 2025/02/07 14:20:17 WET [2025/02/07 9:20:17 ET]
Table 'Kerstin II' 6-max Seat #2 is the button
Seat 1: gig.gyty ($100 in chips) is sitting out
Seat 2: AngelovAlexMKD ($125.52 in chips) 
Seat 3: yanbra6.10 ($86.70 in chips) 
Seat 4: BGS013 ($101.50 in chips) 
Seat 5: BallerXOne ($107.42 in chips) 
Seat 6: Unipoker11 ($102 in chips) 
yanbra6.10: posts small blind $0.50
BGS013: posts big blind $1
gig.gyty: sits out 
*** HOLE CARDS ***
BallerXOne: raises $1.50 to $2.50
Unipoker11: folds 
AngelovAlexMKD: folds 
yanbra6.10: raises $2.50 to $5
BGS013: folds 
BallerXOne: calls $2.50
*** FLOP *** [Ts 9d Js]
yanbra6.10: checks 
BallerXOne: checks 
*** TURN *** [Ts 9d Js] [6c]
yanbra6.10: bets $3
BallerXOne: calls $3
*** RIVER *** [Ts 9d Js 6c] [3h]
yanbra6.10: bets $8.70
BallerXOne: calls $8.70
*** SHOW DOWN ***
yanbra6.10: shows [Ac Qh] (high card Ace)
BallerXOne: shows [Ad Td] (a pair of Tens)
BallerXOne collected $32.68 from pot
*** SUMMARY ***
Total pot $34.40 | Rake $1.72 
Board [Ts 9d Js 6c 3h]
Seat 1: gig.gyty
Seat 2: AngelovAlexMKD (button) folded before Flop (didn't bet)
Seat 3: yanbra6.10 (small blind) showed [Ac Qh] and lost with high card Ace
Seat 4: BGS013 (big blind) folded before Flop
Seat 5: BallerXOne showed [Ad Td] and won ($32.68) with a pair of Tens
Seat 6: Unipoker11 folded before Flop (didn't bet)



PokerStars Hand #254749563772:  Hold'em No Limit ($0.50/$1.00 USD) - 2025/02/07 14:21:35 WET [2025/02/07 9:21:35 ET]
Table 'Kerstin II' 6-max Seat #3 is the button
Seat 1: gig.gyty ($100 in chips) is sitting out
Seat 2: AngelovAlexMKD ($125.52 in chips) 
Seat 3: yanbra6.10 ($70 in chips) 
Seat 4: BGS013 ($100.50 in chips) 
Seat 5: BallerXOne ($123.40 in chips) 
Seat 6: Unipoker11 ($102 in chips) 
BGS013: posts small blind $0.50
BallerXOne: posts big blind $1
gig.gyty: sits out 
*** HOLE CARDS ***
Unipoker11: folds 
Unipoker11 leaves the table
AngelovAlexMKD: folds 
Unipoker11 joins the table at seat #6 
yanbra6.10: folds 
BGS013: raises $2 to $3
BallerXOne: folds 
Uncalled bet ($2) returned to BGS013
BGS013 collected $2 from pot
BGS013: doesn't show hand 
*** SUMMARY ***
Total pot $2 | Rake $0 
Seat 1: gig.gyty
Seat 2: AngelovAlexMKD folded before Flop (didn't bet)
Seat 3: yanbra6.10 (button) folded before Flop (didn't bet)
Seat 4: BGS013 (small blind) collected ($2)
Seat 5: BallerXOne (big blind) folded before Flop
Seat 6: Unipoker11 folded before Flop (didn't bet)



PokerStars Hand #254749566986:  Hold'em No Limit ($0.50/$1.00 USD) - 2025/02/07 14:21:53 WET [2025/02/07 9:21:53 ET]
Table 'Kerstin II' 6-max Seat #4 is the button
Seat 1: gig.gyty ($100 in chips) is sitting out
Seat 2: AngelovAlexMKD ($125.52 in chips) 
Seat 3: yanbra6.10 ($99.56 in chips) 
Seat 4: BGS013 ($101.50 in chips) 
Seat 5: BallerXOne ($122.40 in chips) 
Seat 6: Unipoker11 ($102 in chips) 
BallerXOne: posts small blind $0.50
Unipoker11: posts big blind $1
gig.gyty: sits out 
*** HOLE CARDS ***
AngelovAlexMKD: folds 
yanbra6.10: folds 
BGS013: folds 
BallerXOne: raises $2 to $3
Unipoker11: calls $2
*** FLOP *** [2s 5s Js]
BallerXOne: checks 
Unipoker11: checks 
*** TURN *** [2s 5s Js] [8s]
BallerXOne: bets $4.28
yanbra6.10 is disconnected 
Unipoker11: folds 
Uncalled bet ($4.28) returned to BallerXOne
BallerXOne collected $5.70 from pot
BallerXOne: doesn't show hand 
*** SUMMARY ***
Total pot $6 | Rake $0.30 
Board [2s 5s Js 8s]
Seat 1: gig.gyty
Seat 2: AngelovAlexMKD folded before Flop (didn't bet)
Seat 3: yanbra6.10 folded before Flop (didn't bet)
Seat 4: BGS013 (button) folded before Flop (didn't bet)
Seat 5: BallerXOne (small blind) collected ($5.70)
Seat 6: Unipoker11 (big blind) folded on the Turn



PokerStars Hand #254749578126:  Hold'em No Limit ($0.50/$1.00 USD) - 2025/02/07 14:22:56 WET [2025/02/07 9:22:56 ET]
Table 'Kerstin II' 6-max Seat #5 is the button
Seat 1: gig.gyty ($100 in chips) 
Seat 2: AngelovAlexMKD ($125.52 in chips) 
Seat 3: yanbra6.10 ($99.56 in chips) 
Seat 4: BGS013 ($101.50 in chips) 
Seat 5: BallerXOne ($125.10 in chips) 
Seat 6: Unipoker11 ($100 in chips) 
Unipoker11: posts small blind $0.50
gig.gyty: posts big blind $1
*** HOLE CARDS ***
AngelovAlexMKD: folds 
yanbra6.10 has timed out while disconnected
yanbra6.10: folds 
BGS013: folds 
BallerXOne: folds 
Unipoker11: folds 
Uncalled bet ($0.50) returned to gig.gyty
gig.gyty collected $1 from pot
gig.gyty: doesn't show hand 
*** SUMMARY ***
Total pot $1 | Rake $0 
Seat 1: gig.gyty (big blind) collected ($1)
Seat 2: AngelovAlexMKD folded before Flop (didn't bet)
Seat 3: yanbra6.10 folded before Flop (didn't bet)
Seat 4: BGS013 folded before Flop (didn't bet)
Seat 5: BallerXOne (button) folded before Flop (didn't bet)
Seat 6: Unipoker11 (small blind) folded before Flop



PokerStars Hand #254749582651:  Hold'em No Limit ($0.50/$1.00 USD) - 2025/02/07 14:23:21 WET [2025/02/07 9:23:21 ET]
Table 'Kerstin II' 6-max Seat #6 is the button
Seat 3: yanbra6.10 ($99.56 in chips) is sitting out
Seat 1: gig.gyty ($100.50 in chips) 
Seat 2: AngelovAlexMKD ($125.52 in chips) 
Seat 4: BGS013 ($101.50 in chips) 
Seat 5: BallerXOne ($125.10 in chips) 
Seat 6: Unipoker11 ($100 in chips) 
gig.gyty: posts small blind $0.50
AngelovAlexMKD: posts big blind $1
*** HOLE CARDS ***
BGS013: folds 
BallerXOne: folds 
Unipoker11: raises $1.50 to $2.50
gig.gyty: folds 
AngelovAlexMKD: folds 
Uncalled bet ($1.50) returned to Unipoker11
Unipoker11 collected $2.50 from pot
Unipoker11: doesn't show hand 
*** SUMMARY ***
Total pot $2.50 | Rake $0 
Seat 3: yanbra6.10
Seat 1: gig.gyty (small blind) folded before Flop
Seat 2: AngelovAlexMKD (big blind) folded before Flop
Seat 4: BGS013 folded before Flop (didn't bet)
Seat 5: BallerXOne folded before Flop (didn't bet)
Seat 6: Unipoker11 (button) collected ($2.50)



PokerStars Hand #254749585180:  Hold'em No Limit ($0.50/$1.00 USD) - 2025/02/07 14:23:35 WET [2025/02/07 9:23:35 ET]
Table 'Kerstin II' 6-max Seat #1 is the button
Seat 1: gig.gyty ($100 in chips) 
Seat 2: AngelovAlexMKD ($124.52 in chips) 
Seat 3: yanbra6.10 ($99.56 in chips) 
Seat 4: BGS013 ($101.50 in chips) 
Seat 5: BallerXOne ($125.10 in chips) 
Seat 6: Unipoker11 ($101.50 in chips) 
AngelovAlexMKD: posts small blind $0.50
yanbra6.10: posts big blind $1
*** HOLE CARDS ***
BGS013: folds 
BallerXOne: raises $1.50 to $2.50
Unipoker11: folds 
gig.gyty: folds 
AngelovAlexMKD: folds 
yanbra6.10: calls $1.50
*** FLOP *** [4h Jc 2s]
yanbra6.10: checks 
BallerXOne: bets $1.31
yanbra6.10: folds 
Uncalled bet ($1.31) returned to BallerXOne
BallerXOne collected $5.22 from pot
BallerXOne: doesn't show hand 
*** SUMMARY ***
Total pot $5.50 | Rake $0.28 
Board [4h Jc 2s]
Seat 1: gig.gyty (button) folded before Flop (didn't bet)
Seat 2: AngelovAlexMKD (small blind) folded before Flop
Seat 3: yanbra6.10 (big blind) folded on the Flop
Seat 4: BGS013 folded before Flop (didn't bet)
Seat 5: BallerXOne collected ($5.22)
Seat 6: Unipoker11 folded before Flop (didn't bet)



PokerStars Hand #254749592256:  Hold'em No Limit ($0.50/$1.00 USD) - 2025/02/07 14:24:14 WET [2025/02/07 9:24:14 ET]
Table 'Kerstin II' 6-max Seat #2 is the button
Seat 1: gig.gyty ($100 in chips) 
Seat 2: AngelovAlexMKD ($124.02 in chips) 
Seat 3: yanbra6.10 ($97.06 in chips) 
Seat 4: BGS013 ($101.50 in chips) 
Seat 5: BallerXOne ($127.82 in chips) 
Seat 6: Unipoker11 ($101.50 in chips) 
yanbra6.10: posts small blind $0.50
BGS013: posts big blind $1
*** HOLE CARDS ***
BallerXOne: folds 
Unipoker11: folds 
gig.gyty: folds 
AngelovAlexMKD: folds 
yanbra6.10: calls $0.50
BGS013: checks 
*** FLOP *** [7c 9s 3d]
yanbra6.10: checks 
BGS013: bets $2.41
yanbra6.10: calls $2.41
*** TURN *** [7c 9s 3d] [Js]
yanbra6.10: checks 
BGS013: bets $10
yanbra6.10: calls $10
*** RIVER *** [7c 9s 3d Js] [Jc]
yanbra6.10: checks 
BGS013: checks 
*** SHOW DOWN ***
yanbra6.10: shows [As 3s] (two pair, Jacks and Threes)
BGS013: shows [7s 9h] (two pair, Jacks and Nines)
BGS013 collected $25.48 from pot
*** SUMMARY ***
Total pot $26.82 | Rake $1.34 
Board [7c 9s 3d Js Jc]
Seat 1: gig.gyty folded before Flop (didn't bet)
Seat 2: AngelovAlexMKD (button) folded before Flop (didn't bet)
Seat 3: yanbra6.10 (small blind) showed [As 3s] and lost with two pair, Jacks and Threes
Seat 4: BGS013 (big blind) showed [7s 9h] and won ($25.48) with two pair, Jacks and Nines
Seat 5: BallerXOne folded before Flop (didn't bet)
Seat 6: Unipoker11 folded before Flop (didn't bet)



PokerStars Hand #254749597925:  Hold'em No Limit ($0.50/$1.00 USD) - 2025/02/07 14:24:46 WET [2025/02/07 9:24:46 ET]
Table 'Kerstin II' 6-max Seat #3 is the button
Seat 1: gig.gyty ($100 in chips) 
Seat 2: AngelovAlexMKD ($124.02 in chips) 
Seat 3: yanbra6.10 ($83.65 in chips) 
Seat 4: BGS013 ($113.57 in chips) 
Seat 5: BallerXOne ($127.82 in chips) 
Seat 6: Unipoker11 ($101.50 in chips) 
BGS013: posts small blind $0.50
BallerXOne: posts big blind $1
*** HOLE CARDS ***
Unipoker11: folds 
gig.gyty: folds 
AngelovAlexMKD: raises $1.50 to $2.50
yanbra6.10: folds 
BGS013: folds 
BallerXOne: folds 
Uncalled bet ($1.50) returned to AngelovAlexMKD
AngelovAlexMKD collected $2.50 from pot
AngelovAlexMKD: doesn't show hand 
*** SUMMARY ***
Total pot $2.50 | Rake $0 
Seat 1: gig.gyty folded before Flop (didn't bet)
Seat 2: AngelovAlexMKD collected ($2.50)
Seat 3: yanbra6.10 (button) folded before Flop (didn't bet)
Seat 4: BGS013 (small blind) folded before Flop
Seat 5: BallerXOne (big blind) folded before Flop
Seat 6: Unipoker11 folded before Flop (didn't bet)



PokerStars Hand #254749600407:  Hold'em No Limit ($0.50/$1.00 USD) - 2025/02/07 14:24:59 WET [2025/02/07 9:24:59 ET]
Table 'Kerstin II' 6-max Seat #4 is the button
Seat 1: gig.gyty ($100 in chips) 
Seat 2: AngelovAlexMKD ($125.52 in chips) 
Seat 3: yanbra6.10 ($83.65 in chips) 
Seat 4: BGS013 ($113.07 in chips) 
Seat 5: BallerXOne ($126.82 in chips) 
Seat 6: Unipoker11 ($101.50 in chips) 
BallerXOne: posts small blind $0.50
Unipoker11: posts big blind $1
*** HOLE CARDS ***
gig.gyty: folds 
AngelovAlexMKD: folds 
yanbra6.10: raises $2 to $3
BGS013: folds 
BallerXOne: folds 
Unipoker11: calls $2
*** FLOP *** [Jh 9c 8h]
Unipoker11: checks 
yanbra6.10: bets $4
Unipoker11: folds 
Uncalled bet ($4) returned to yanbra6.10
yanbra6.10 collected $6.10 from pot
*** SUMMARY ***
Total pot $6.50 | Rake $0.40 
Board [Jh 9c 8h]
Seat 1: gig.gyty folded before Flop (didn't bet)
Seat 2: AngelovAlexMKD folded before Flop (didn't bet)
Seat 3: yanbra6.10 collected ($6.10)
Seat 4: BGS013 (button) folded before Flop (didn't bet)
Seat 5: BallerXOne (small blind) folded before Flop
Seat 6: Unipoker11 (big blind) folded on the Flop



PokerStars Hand #254749606303:  Hold'em No Limit ($0.50/$1.00 USD) - 2025/02/07 14:25:33 WET [2025/02/07 9:25:33 ET]
Table 'Kerstin II' 6-max Seat #5 is the button
Seat 1: gig.gyty ($100 in chips) is sitting out
Seat 2: AngelovAlexMKD ($125.52 in chips) 
Seat 3: yanbra6.10 ($86.75 in chips) 
Seat 4: BGS013 ($113.07 in chips) 
Seat 5: BallerXOne ($126.32 in chips) 
Seat 6: Unipoker11 ($100 in chips) 
Unipoker11: posts small blind $0.50
gig.gyty: is sitting out 
AngelovAlexMKD: posts big blind $1
*** HOLE CARDS ***
yanbra6.10: folds 
BGS013: folds 
BallerXOne: folds 
Unipoker11: folds 
Uncalled bet ($0.50) returned to AngelovAlexMKD
gig.gyty leaves the table
AngelovAlexMKD collected $1 from pot
AngelovAlexMKD: doesn't show hand 
*** SUMMARY ***
Total pot $1 | Rake $0 
Seat 1: gig.gyty
Seat 2: AngelovAlexMKD (big blind) collected ($1)
Seat 3: yanbra6.10 folded before Flop (didn't bet)
Seat 4: BGS013 folded before Flop (didn't bet)
Seat 5: BallerXOne (button) folded before Flop (didn't bet)
Seat 6: Unipoker11 (small blind) folded before Flop



PokerStars Hand #254749608062:  Hold'em No Limit ($0.50/$1.00 USD) - 2025/02/07 14:25:43 WET [2025/02/07 9:25:43 ET]
Table 'Kerstin II' 6-max Seat #6 is the button
Seat 2: AngelovAlexMKD ($126.02 in chips) 
Seat 3: yanbra6.10 ($86.75 in chips) 
Seat 4: BGS013 ($113.07 in chips) 
Seat 5: BallerXOne ($126.32 in chips) 
Seat 6: Unipoker11 ($100 in chips) 
AngelovAlexMKD: posts small blind $0.50
yanbra6.10: posts big blind $1
*** HOLE CARDS ***
BGS013: folds 
BallerXOne: folds 
Unipoker11: raises $1.50 to $2.50
AngelovAlexMKD: folds 
yanbra6.10: calls $1.50
*** FLOP *** [8d 5c Qc]
yanbra6.10: checks 
Unipoker11: bets $1.30
yanbra6.10: calls $1.30
*** TURN *** [8d 5c Qc] [Qd]
yanbra6.10: checks 
b2k-Snick joins the table at seat #1 
Unipoker11: checks 
*** RIVER *** [8d 5c Qc Qd] [Qs]
yanbra6.10: bets $2.95
Unipoker11: folds 
Uncalled bet ($2.95) returned to yanbra6.10
yanbra6.10 collected $7.60 from pot
*** SUMMARY ***
Total pot $8.10 | Rake $0.50 
Board [8d 5c Qc Qd Qs]
Seat 2: AngelovAlexMKD (small blind) folded before Flop
Seat 3: yanbra6.10 (big blind) collected ($7.60)
Seat 4: BGS013 folded before Flop (didn't bet)
Seat 5: BallerXOne folded before Flop (didn't bet)
Seat 6: Unipoker11 (button) folded on the River



PokerStars Hand #254749617796:  Hold'em No Limit ($0.50/$1.00 USD) - 2025/02/07 14:26:36 WET [2025/02/07 9:26:36 ET]
Table 'Kerstin II' 6-max Seat #2 is the button
Seat 1: b2k-Snick ($100 in chips) is sitting out
Seat 2: AngelovAlexMKD ($125.52 in chips) 
Seat 3: yanbra6.10 ($90.55 in chips) 
Seat 4: BGS013 ($113.07 in chips) 
Seat 5: BallerXOne ($126.32 in chips) 
Seat 6: Unipoker11 ($100 in chips) 
yanbra6.10: posts small blind $0.50
BGS013: posts big blind $1
b2k-Snick: sits out 
*** HOLE CARDS ***
BallerXOne: folds 
Unipoker11: raises $1.30 to $2.30
AngelovAlexMKD: folds 
yanbra6.10: calls $1.80
BGS013: folds 
*** FLOP *** [6d 9d Jc]
yanbra6.10: bets $2
Unipoker11: calls $2
*** TURN *** [6d 9d Jc] [Kd]
yanbra6.10: bets $3
Unipoker11: calls $3
*** RIVER *** [6d 9d Jc Kd] [Tc]
yanbra6.10: bets $7.41
Unipoker11: folds 
Uncalled bet ($7.41) returned to yanbra6.10
yanbra6.10 collected $14.62 from pot
*** SUMMARY ***
Total pot $15.60 | Rake $0.98 
Board [6d 9d Jc Kd Tc]
Seat 1: b2k-Snick
Seat 2: AngelovAlexMKD (button) folded before Flop (didn't bet)
Seat 3: yanbra6.10 (small blind) collected ($14.62)
Seat 4: BGS013 (big blind) folded before Flop
Seat 5: BallerXOne folded before Flop (didn't bet)
Seat 6: Unipoker11 folded on the River



PokerStars Hand #254749628668:  Hold'em No Limit ($0.50/$1.00 USD) - 2025/02/07 14:27:36 WET [2025/02/07 9:27:36 ET]
Table 'Kerstin II' 6-max Seat #3 is the button
Seat 1: b2k-Snick ($100 in chips) is sitting out
Seat 2: AngelovAlexMKD ($125.52 in chips) 
Seat 3: yanbra6.10 ($97.87 in chips) 
Seat 4: BGS013 ($112.07 in chips) 
Seat 5: BallerXOne ($126.32 in chips) 
Seat 6: Unipoker11 ($100 in chips) 
BGS013: posts small blind $0.50
BallerXOne: posts big blind $1
b2k-Snick: sits out 
*** HOLE CARDS ***
Unipoker11: folds 
AngelovAlexMKD: folds 
yanbra6.10: folds 
BGS013: folds 
Uncalled bet ($0.50) returned to BallerXOne
BallerXOne collected $1 from pot
BallerXOne: doesn't show hand 
*** SUMMARY ***
Total pot $1 | Rake $0 
Seat 1: b2k-Snick
Seat 2: AngelovAlexMKD folded before Flop (didn't bet)
Seat 3: yanbra6.10 (button) folded before Flop (didn't bet)
Seat 4: BGS013 (small blind) folded before Flop
Seat 5: BallerXOne (big blind) collected ($1)
Seat 6: Unipoker11 folded before Flop (didn't bet)



PokerStars Hand #254749630456:  Hold'em No Limit ($0.50/$1.00 USD) - 2025/02/07 14:27:46 WET [2025/02/07 9:27:46 ET]
Table 'Kerstin II' 6-max Seat #4 is the button
Seat 1: b2k-Snick ($100 in chips) is sitting out
Seat 2: AngelovAlexMKD ($125.52 in chips) 
Seat 3: yanbra6.10 ($97.87 in chips) 
Seat 4: BGS013 ($111.57 in chips) 
Seat 5: BallerXOne ($126.82 in chips) 
Seat 6: Unipoker11 ($100 in chips) 
BallerXOne: posts small blind $0.50
Unipoker11: posts big blind $1
b2k-Snick: sits out 
*** HOLE CARDS ***
AngelovAlexMKD: folds 
yanbra6.10: folds 
BGS013: folds 
BallerXOne: raises $2 to $3
Unipoker11: calls $2
*** FLOP *** [4c Jc Js]
BallerXOne: bets $1.43
Unipoker11: calls $1.43
*** TURN *** [4c Jc Js] [3s]
BallerXOne: checks 
Unipoker11: checks 
*** RIVER *** [4c Jc Js 3s] [2h]
BallerXOne: bets $2.11
Unipoker11: raises $12.64 to $14.75
BallerXOne: calls $12.64
*** SHOW DOWN ***
Unipoker11: shows [Jd Qc] (three of a kind, Jacks)
BallerXOne: mucks hand 
Unipoker11 collected $36.44 from pot
*** SUMMARY ***
Total pot $38.36 | Rake $1.92 
Board [4c Jc Js 3s 2h]
Seat 1: b2k-Snick
Seat 2: AngelovAlexMKD folded before Flop (didn't bet)
Seat 3: yanbra6.10 folded before Flop (didn't bet)
Seat 4: BGS013 (button) folded before Flop (didn't bet)
Seat 5: BallerXOne (small blind) mucked
Seat 6: Unipoker11 (big blind) showed [Jd Qc] and won ($36.44) with three of a kind, Jacks



PokerStars Hand #254749648929:  Hold'em No Limit ($0.50/$1.00 USD) - 2025/02/07 14:29:30 WET [2025/02/07 9:29:30 ET]
Table 'Kerstin II' 6-max Seat #5 is the button
Seat 1: b2k-Snick ($100 in chips) 
Seat 2: AngelovAlexMKD ($125.52 in chips) 
Seat 3: yanbra6.10 ($97.87 in chips) 
Seat 4: BGS013 ($111.57 in chips) 
Seat 5: BallerXOne ($107.64 in chips) 
Seat 6: Unipoker11 ($117.26 in chips) 
Unipoker11: posts small blind $0.50
b2k-Snick: posts big blind $1
*** HOLE CARDS ***
AngelovAlexMKD: folds 
yanbra6.10: calls $1
BGS013: folds 
BallerXOne: folds 
Unipoker11: calls $0.50
b2k-Snick: checks 
*** FLOP *** [4s 9h Jc]
Unipoker11: checks 
b2k-Snick: checks 
yanbra6.10: checks 
*** TURN *** [4s 9h Jc] [6d]
Unipoker11: bets $1.43
b2k-Snick: calls $1.43
yanbra6.10: calls $1.43
*** RIVER *** [4s 9h Jc 6d] [Td]
Unipoker11: checks 
b2k-Snick: bets $5
yanbra6.10: folds 
Unipoker11: folds 
Uncalled bet ($5) returned to b2k-Snick
b2k-Snick collected $6.93 from pot
b2k-Snick: doesn't show hand 
*** SUMMARY ***
Total pot $7.29 | Rake $0.36 
Board [4s 9h Jc 6d Td]
Seat 1: b2k-Snick (big blind) collected ($6.93)
Seat 2: AngelovAlexMKD folded before Flop (didn't bet)
Seat 3: yanbra6.10 folded on the River
Seat 4: BGS013 folded before Flop (didn't bet)
Seat 5: BallerXOne (button) folded before Flop (didn't bet)
Seat 6: Unipoker11 (small blind) folded on the River



PokerStars Hand #254749661793:  Hold'em No Limit ($0.50/$1.00 USD) - 2025/02/07 14:30:41 WET [2025/02/07 9:30:41 ET]
Table 'Kerstin II' 6-max Seat #6 is the button
Seat 1: b2k-Snick ($104.50 in chips) 
Seat 2: AngelovAlexMKD ($125.52 in chips) 
Seat 3: yanbra6.10 ($95.44 in chips) 
Seat 4: BGS013 ($111.57 in chips) 
Seat 5: BallerXOne ($107.64 in chips) 
Seat 6: Unipoker11 ($114.83 in chips) 
b2k-Snick: posts small blind $0.50
AngelovAlexMKD: posts big blind $1
*** HOLE CARDS ***
yanbra6.10: raises $1 to $2
BGS013: folds 
BallerXOne: folds 
Unipoker11: folds 
b2k-Snick: raises $8 to $10
AngelovAlexMKD: folds 
yanbra6.10: folds 
Uncalled bet ($8) returned to b2k-Snick
b2k-Snick collected $5 from pot
b2k-Snick: doesn't show hand 
*** SUMMARY ***
Total pot $5 | Rake $0 
Seat 1: b2k-Snick (small blind) collected ($5)
Seat 2: AngelovAlexMKD (big blind) folded before Flop
Seat 3: yanbra6.10 folded before Flop
Seat 4: BGS013 folded before Flop (didn't bet)
Seat 5: BallerXOne folded before Flop (didn't bet)
Seat 6: Unipoker11 (button) folded before Flop (didn't bet)



PokerStars Hand #254749666015:  Hold'em No Limit ($0.50/$1.00 USD) - 2025/02/07 14:31:04 WET [2025/02/07 9:31:04 ET]
Table 'Kerstin II' 6-max Seat #1 is the button
Seat 1: b2k-Snick ($107.50 in chips) 
Seat 2: AngelovAlexMKD ($124.52 in chips) 
Seat 3: yanbra6.10 ($93.44 in chips) 
Seat 4: BGS013 ($111.57 in chips) 
Seat 5: BallerXOne ($107.64 in chips) 
Seat 6: Unipoker11 ($114.83 in chips) 
AngelovAlexMKD: posts small blind $0.50
yanbra6.10: posts big blind $1
*** HOLE CARDS ***
BGS013: folds 
BallerXOne: folds 
Unipoker11: folds 
b2k-Snick: folds 
AngelovAlexMKD: raises $2 to $3
yanbra6.10: calls $2
*** FLOP *** [Ah Js Tc]
AngelovAlexMKD: bets $1.88
yanbra6.10: calls $1.88
*** TURN *** [Ah Js Tc] [9s]
AngelovAlexMKD: bets $6.12
yanbra6.10: calls $6.12
*** RIVER *** [Ah Js Tc 9s] [Kc]
AngelovAlexMKD: bets $13.79
yanbra6.10: raises $68.65 to $82.44 and is all-in
AngelovAlexMKD: folds 
Uncalled bet ($68.65) returned to yanbra6.10
yanbra6.10 collected $46.48 from pot
*** SUMMARY ***
Total pot $49.58 | Rake $3.10 
Board [Ah Js Tc 9s Kc]
Seat 1: b2k-Snick (button) folded before Flop (didn't bet)
Seat 2: AngelovAlexMKD (small blind) folded on the River
Seat 3: yanbra6.10 (big blind) collected ($46.48)
Seat 4: BGS013 folded before Flop (didn't bet)
Seat 5: BallerXOne folded before Flop (didn't bet)
Seat 6: Unipoker11 folded before Flop (didn't bet)



PokerStars Hand #254749673640:  Hold'em No Limit ($0.50/$1.00 USD) - 2025/02/07 14:31:46 WET [2025/02/07 9:31:46 ET]
Table 'Kerstin II' 6-max Seat #2 is the button
Seat 1: b2k-Snick ($107.50 in chips) 
Seat 2: AngelovAlexMKD ($100 in chips) 
Seat 3: yanbra6.10 ($115.13 in chips) 
Seat 4: BGS013 ($111.57 in chips) 
Seat 5: BallerXOne ($107.64 in chips) 
Seat 6: Unipoker11 ($114.83 in chips) 
yanbra6.10: posts small blind $0.50
BGS013: posts big blind $1
*** HOLE CARDS ***
BallerXOne: folds 
Unipoker11: raises $1 to $2
b2k-Snick: folds 
AngelovAlexMKD: folds 
yanbra6.10: calls $1.50
BGS013: folds 
*** FLOP *** [Jd 3s Ac]
yanbra6.10: checks 
Unipoker11: bets $1.19
yanbra6.10: calls $1.19
*** TURN *** [Jd 3s Ac] [Ad]
yanbra6.10: checks 
Unipoker11: checks 
*** RIVER *** [Jd 3s Ac Ad] [9s]
yanbra6.10: bets $2
Unipoker11: calls $2
*** SHOW DOWN ***
yanbra6.10: shows [Tc 9c] (two pair, Aces and Nines)
Unipoker11: shows [Kd Jh] (two pair, Aces and Jacks)
Unipoker11 collected $10.81 from pot
*** SUMMARY ***
Total pot $11.38 | Rake $0.57 
Board [Jd 3s Ac Ad 9s]
Seat 1: b2k-Snick folded before Flop (didn't bet)
Seat 2: AngelovAlexMKD (button) folded before Flop (didn't bet)
Seat 3: yanbra6.10 (small blind) showed [Tc 9c] and lost with two pair, Aces and Nines
Seat 4: BGS013 (big blind) folded before Flop
Seat 5: BallerXOne folded before Flop (didn't bet)
Seat 6: Unipoker11 showed [Kd Jh] and won ($10.81) with two pair, Aces and Jacks



PokerStars Hand #254749683066:  Hold'em No Limit ($0.50/$1.00 USD) - 2025/02/07 14:32:38 WET [2025/02/07 9:32:38 ET]
Table 'Kerstin II' 6-max Seat #4 is the button
Seat 3: yanbra6.10 ($109.94 in chips) is sitting out
Seat 1: b2k-Snick ($107.50 in chips) 
Seat 2: AngelovAlexMKD ($100 in chips) 
Seat 4: BGS013 ($110.57 in chips) 
Seat 5: BallerXOne ($107.64 in chips) 
Seat 6: Unipoker11 ($120.45 in chips) 
BallerXOne: posts small blind $0.50
Unipoker11: posts big blind $1
*** HOLE CARDS ***
b2k-Snick: folds 
AngelovAlexMKD: folds 
yanbra6.10 is disconnected 
BGS013: folds 
BallerXOne: raises $2 to $3
Unipoker11: raises $6 to $9
BallerXOne: calls $6
*** FLOP *** [Kh Js 6h]
BallerXOne: checks 
Unipoker11: checks 
*** TURN *** [Kh Js 6h] [Ac]
BallerXOne: checks 
Unipoker11: bets $11.46
BallerXOne: folds 
Uncalled bet ($11.46) returned to Unipoker11
Unipoker11 collected $17.10 from pot
Unipoker11: doesn't show hand 
*** SUMMARY ***
Total pot $18 | Rake $0.90 
Board [Kh Js 6h Ac]
Seat 3: yanbra6.10
Seat 1: b2k-Snick folded before Flop (didn't bet)
Seat 2: AngelovAlexMKD folded before Flop (didn't bet)
Seat 4: BGS013 (button) folded before Flop (didn't bet)
Seat 5: BallerXOne (small blind) folded on the Turn
Seat 6: Unipoker11 (big blind) collected ($17.10)



PokerStars Hand #254749699679:  Hold'em No Limit ($0.50/$1.00 USD) - 2025/02/07 14:34:09 WET [2025/02/07 9:34:09 ET]
Table 'Kerstin II' 6-max Seat #5 is the button
Seat 3: yanbra6.10 ($109.94 in chips) is sitting out
Seat 1: b2k-Snick ($107.50 in chips) 
Seat 2: AngelovAlexMKD ($100 in chips) 
Seat 4: BGS013 ($110.57 in chips) 
Seat 5: BallerXOne ($100 in chips) 
Seat 6: Unipoker11 ($128.55 in chips) 
Unipoker11: posts small blind $0.50
b2k-Snick: posts big blind $1
*** HOLE CARDS ***
AngelovAlexMKD: folds 
BGS013: folds 
BallerXOne: raises $1.50 to $2.50
Unipoker11: folds 
b2k-Snick: calls $1.50
*** FLOP *** [2d 4s Tc]
b2k-Snick: checks 
BallerXOne: bets $3.92
b2k-Snick: calls $3.92
*** TURN *** [2d 4s Tc] [8h]
b2k-Snick: checks 
BallerXOne: checks 
*** RIVER *** [2d 4s Tc 8h] [6s]
b2k-Snick: bets $4.18
BallerXOne: calls $4.18
*** SHOW DOWN ***
b2k-Snick: shows [Ks Th] (a pair of Tens)
BallerXOne: mucks hand 
b2k-Snick collected $20.62 from pot
*** SUMMARY ***
Total pot $21.70 | Rake $1.08 
Board [2d 4s Tc 8h 6s]
Seat 3: yanbra6.10
Seat 1: b2k-Snick (big blind) showed [Ks Th] and won ($20.62) with a pair of Tens
Seat 2: AngelovAlexMKD folded before Flop (didn't bet)
Seat 4: BGS013 folded before Flop (didn't bet)
Seat 5: BallerXOne (button) mucked
Seat 6: Unipoker11 (small blind) folded before Flop



PokerStars Hand #254749709144:  Hold'em No Limit ($0.50/$1.00 USD) - 2025/02/07 14:35:00 WET [2025/02/07 9:35:00 ET]
Table 'Kerstin II' 6-max Seat #6 is the button
Seat 1: b2k-Snick ($117.52 in chips) 
Seat 2: AngelovAlexMKD ($100 in chips) 
Seat 3: yanbra6.10 ($109.94 in chips) 
Seat 4: BGS013 ($110.57 in chips) 
Seat 5: BallerXOne ($100 in chips) 
Seat 6: Unipoker11 ($128.05 in chips) 
b2k-Snick: posts small blind $0.50
AngelovAlexMKD: posts big blind $1
*** HOLE CARDS ***
yanbra6.10: calls $1
BGS013: folds 
BallerXOne: folds 
Unipoker11: raises $3 to $4
b2k-Snick: folds 
AngelovAlexMKD: folds 
yanbra6.10: raises $5 to $9
Unipoker11: calls $5
*** FLOP *** [Ts Qs 6s]
yanbra6.10: bets $5
Unipoker11: folds 
Uncalled bet ($5) returned to yanbra6.10
yanbra6.10 collected $18.28 from pot
*** SUMMARY ***
Total pot $19.50 | Rake $1.22 
Board [Ts Qs 6s]
Seat 1: b2k-Snick (small blind) folded before Flop
Seat 2: AngelovAlexMKD (big blind) folded before Flop
Seat 3: yanbra6.10 collected ($18.28)
Seat 4: BGS013 folded before Flop (didn't bet)
Seat 5: BallerXOne folded before Flop (didn't bet)
Seat 6: Unipoker11 (button) folded on the Flop



PokerStars Hand #254749718993:  Hold'em No Limit ($0.50/$1.00 USD) - 2025/02/07 14:35:54 WET [2025/02/07 9:35:54 ET]
Table 'Kerstin II' 6-max Seat #1 is the button
Seat 1: b2k-Snick ($117.02 in chips) 
Seat 2: AngelovAlexMKD ($100 in chips) 
Seat 3: yanbra6.10 ($119.22 in chips) 
Seat 4: BGS013 ($110.57 in chips) 
Seat 5: BallerXOne ($100 in chips) 
Seat 6: Unipoker11 ($119.05 in chips) 
AngelovAlexMKD: posts small blind $0.50
yanbra6.10: posts big blind $1
*** HOLE CARDS ***
BGS013: raises $1 to $2
BallerXOne: folds 
Unipoker11: folds 
b2k-Snick: folds 
AngelovAlexMKD: folds 
yanbra6.10: folds 
Uncalled bet ($1) returned to BGS013
BGS013 collected $2.50 from pot
BGS013: doesn't show hand 
*** SUMMARY ***
Total pot $2.50 | Rake $0 
Seat 1: b2k-Snick (button) folded before Flop (didn't bet)
Seat 2: AngelovAlexMKD (small blind) folded before Flop
Seat 3: yanbra6.10 (big blind) folded before Flop
Seat 4: BGS013 collected ($2.50)
Seat 5: BallerXOne folded before Flop (didn't bet)
Seat 6: Unipoker11 folded before Flop (didn't bet)



PokerStars Hand #254749724611:  Hold'em No Limit ($0.50/$1.00 USD) - 2025/02/07 14:36:24 WET [2025/02/07 9:36:24 ET]
Table 'Kerstin II' 6-max Seat #2 is the button
Seat 3: yanbra6.10 ($118.22 in chips) is sitting out
Seat 1: b2k-Snick ($117.02 in chips) 
Seat 2: AngelovAlexMKD ($100 in chips) 
Seat 4: BGS013 ($112.07 in chips) 
Seat 5: BallerXOne ($100 in chips) 
Seat 6: Unipoker11 ($119.05 in chips) 
BGS013: posts small blind $0.50
BallerXOne: posts big blind $1
*** HOLE CARDS ***
Unipoker11: folds 
yanbra6.10 is disconnected 
b2k-Snick: folds 
AngelovAlexMKD: raises $1.50 to $2.50
BGS013: folds 
BallerXOne: raises $8.50 to $11
AngelovAlexMKD: folds 
Uncalled bet ($8.50) returned to BallerXOne
BallerXOne collected $5.50 from pot
BallerXOne: doesn't show hand 
*** SUMMARY ***
Total pot $5.50 | Rake $0 
Seat 3: yanbra6.10
Seat 1: b2k-Snick folded before Flop (didn't bet)
Seat 2: AngelovAlexMKD (button) folded before Flop
Seat 4: BGS013 (small blind) folded before Flop
Seat 5: BallerXOne (big blind) collected ($5.50)
Seat 6: Unipoker11 folded before Flop (didn't bet)



PokerStars Hand #254749729678:  Hold'em No Limit ($0.50/$1.00 USD) - 2025/02/07 14:36:51 WET [2025/02/07 9:36:51 ET]
Table 'Kerstin II' 6-max Seat #4 is the button
Seat 3: yanbra6.10 ($118.22 in chips) is sitting out
Seat 1: b2k-Snick ($117.02 in chips) 
Seat 2: AngelovAlexMKD ($100 in chips) 
Seat 4: BGS013 ($111.57 in chips) 
Seat 5: BallerXOne ($103 in chips) 
Seat 6: Unipoker11 ($119.05 in chips) 
BallerXOne: posts small blind $0.50
Unipoker11: posts big blind $1
*** HOLE CARDS ***
b2k-Snick: folds 
AngelovAlexMKD: folds 
BGS013: raises $1.50 to $2.50
b2k-Snick leaves the table
BallerXOne: folds 
Unipoker11: folds 
Uncalled bet ($1.50) returned to BGS013
BGS013 collected $2.50 from pot
BGS013: doesn't show hand 
*** SUMMARY ***
Total pot $2.50 | Rake $0 
Seat 3: yanbra6.10
Seat 1: b2k-Snick folded before Flop (didn't bet)
Seat 2: AngelovAlexMKD folded before Flop (didn't bet)
Seat 4: BGS013 (button) collected ($2.50)
Seat 5: BallerXOne (small blind) folded before Flop
Seat 6: Unipoker11 (big blind) folded before Flop



PokerStars Hand #254749732663:  Hold'em No Limit ($0.50/$1.00 USD) - 2025/02/07 14:37:08 WET [2025/02/07 9:37:08 ET]
Table 'Kerstin II' 6-max Seat #5 is the button
Seat 3: yanbra6.10 ($118.22 in chips) is sitting out
Seat 2: AngelovAlexMKD ($100 in chips) 
Seat 4: BGS013 ($113.07 in chips) 
Seat 5: BallerXOne ($102.50 in chips) 
Seat 6: Unipoker11 ($118.05 in chips) 
Unipoker11: posts small blind $0.50
AngelovAlexMKD: posts big blind $1
*** HOLE CARDS ***
BGS013: folds 
BallerXOne: folds 
Unipoker11: folds 
Uncalled bet ($0.50) returned to AngelovAlexMKD
AngelovAlexMKD collected $1 from pot
AngelovAlexMKD: doesn't show hand 
*** SUMMARY ***
Total pot $1 | Rake $0 
Seat 3: yanbra6.10
Seat 2: AngelovAlexMKD (big blind) collected ($1)
Seat 4: BGS013 folded before Flop (didn't bet)
Seat 5: BallerXOne (button) folded before Flop (didn't bet)
Seat 6: Unipoker11 (small blind) folded before Flop



PokerStars Hand #254749734396:  Hold'em No Limit ($0.50/$1.00 USD) - 2025/02/07 14:37:17 WET [2025/02/07 9:37:17 ET]
Table 'Kerstin II' 6-max Seat #6 is the button
Seat 3: yanbra6.10 ($118.22 in chips) is sitting out
Seat 2: AngelovAlexMKD ($100.50 in chips) 
Seat 4: BGS013 ($113.07 in chips) 
Seat 5: BallerXOne ($102.50 in chips) 
Seat 6: Unipoker11 ($117.55 in chips) 
AngelovAlexMKD: posts small blind $0.50
BGS013: posts big blind $1
*** HOLE CARDS ***
BallerXOne: folds 
Unipoker11: folds 
AngelovAlexMKD: folds 
Uncalled bet ($0.50) returned to BGS013
BGS013 collected $1 from pot
BGS013: doesn't show hand 
*** SUMMARY ***
Total pot $1 | Rake $0 
Seat 3: yanbra6.10
Seat 2: AngelovAlexMKD (small blind) folded before Flop
Seat 4: BGS013 (big blind) collected ($1)
Seat 5: BallerXOne folded before Flop (didn't bet)
Seat 6: Unipoker11 (button) folded before Flop (didn't bet)



PokerStars Hand #254749738980:  Hold'em No Limit ($0.50/$1.00 USD) - 2025/02/07 14:37:41 WET [2025/02/07 9:37:41 ET]
Table 'Kerstin II' 6-max Seat #2 is the button
Seat 3: yanbra6.10 ($118.22 in chips) is sitting out
Seat 5: BallerXOne ($102.50 in chips) is sitting out
Seat 2: AngelovAlexMKD ($100 in chips) 
Seat 4: BGS013 ($113.57 in chips) 
Seat 6: Unipoker11 ($117.55 in chips) 
BGS013: posts small blind $0.50
BallerXOne: is sitting out 
Unipoker11: posts big blind $1
*** HOLE CARDS ***
BallerXOne leaves the table
AngelovAlexMKD: folds 
BGS013: folds 
Uncalled bet ($0.50) returned to Unipoker11
Unipoker11 collected $1 from pot
Unipoker11: doesn't show hand 
*** SUMMARY ***
Total pot $1 | Rake $0 
Seat 3: yanbra6.10
Seat 5: BallerXOne
Seat 2: AngelovAlexMKD (button) folded before Flop (didn't bet)
Seat 4: BGS013 (small blind) folded before Flop
Seat 6: Unipoker11 (big blind) collected ($1)



PokerStars Hand #254749740517:  Hold'em No Limit ($0.50/$1.00 USD) - 2025/02/07 14:37:50 WET [2025/02/07 9:37:50 ET]
Table 'Kerstin II' 6-max Seat #4 is the button
Seat 3: yanbra6.10 ($118.22 in chips) is sitting out
Seat 2: AngelovAlexMKD ($100 in chips) 
Seat 4: BGS013 ($113.07 in chips) 
Seat 6: Unipoker11 ($118.05 in chips) 
Unipoker11: posts small blind $0.50
AngelovAlexMKD: posts big blind $1
*** HOLE CARDS ***
BGS013: folds 
Unipoker11: folds 
Uncalled bet ($0.50) returned to AngelovAlexMKD
AngelovAlexMKD collected $1 from pot
AngelovAlexMKD: doesn't show hand 
*** SUMMARY ***
Total pot $1 | Rake $0 
Seat 3: yanbra6.10
Seat 2: AngelovAlexMKD (big blind) collected ($1)
Seat 4: BGS013 (button) folded before Flop (didn't bet)
Seat 6: Unipoker11 (small blind) folded before Flop



PokerStars Hand #254749741975:  Hold'em No Limit ($0.50/$1.00 USD) - 2025/02/07 14:37:58 WET [2025/02/07 9:37:58 ET]
Table 'Kerstin II' 6-max Seat #6 is the button
Seat 3: yanbra6.10 ($118.22 in chips) is sitting out
Seat 2: AngelovAlexMKD ($100.50 in chips) 
Seat 4: BGS013 ($113.07 in chips) 
Seat 6: Unipoker11 ($117.55 in chips) 
AngelovAlexMKD: posts small blind $0.50
BGS013: posts big blind $1
*** HOLE CARDS ***
Unipoker11: folds 
AngelovAlexMKD: folds 
Uncalled bet ($0.50) returned to BGS013
BGS013 collected $1 from pot
BGS013: doesn't show hand 
*** SUMMARY ***
Total pot $1 | Rake $0 
Seat 3: yanbra6.10
Seat 2: AngelovAlexMKD (small blind) folded before Flop
Seat 4: BGS013 (big blind) collected ($1)
Seat 6: Unipoker11 (button) folded before Flop (didn't bet)



PokerStars Hand #254749744202:  Hold'em No Limit ($0.50/$1.00 USD) - 2025/02/07 14:38:10 WET [2025/02/07 9:38:10 ET]
Table 'Kerstin II' 6-max Seat #2 is the button
Seat 3: yanbra6.10 ($118.22 in chips) is sitting out
Seat 2: AngelovAlexMKD ($100 in chips) 
Seat 4: BGS013 ($113.57 in chips) 
Seat 6: Unipoker11 ($117.55 in chips) 
BGS013: posts small blind $0.50
Unipoker11: posts big blind $1
*** HOLE CARDS ***
AngelovAlexMKD: raises $1.50 to $2.50
BGS013: folds 
Unipoker11: folds 
Uncalled bet ($1.50) returned to AngelovAlexMKD
AngelovAlexMKD collected $2.50 from pot
AngelovAlexMKD: doesn't show hand 
*** SUMMARY ***
Total pot $2.50 | Rake $0 
Seat 3: yanbra6.10
Seat 2: AngelovAlexMKD (button) collected ($2.50)
Seat 4: BGS013 (small blind) folded before Flop
Seat 6: Unipoker11 (big blind) folded before Flop



PokerStars Hand #254749825270:  Hold'em No Limit ($0.50/$1.00 USD) - 2025/02/07 14:45:23 WET [2025/02/07 9:45:23 ET]
Table 'Kerstin II' 6-max Seat #4 is the button
Seat 1: easy_sarcasm ($100 in chips) 
Seat 2: AngelovAlexMKD ($100 in chips) 
Seat 3: evandrohanna ($206.75 in chips) 
Seat 4: b2k-Snick ($115.52 in chips) 
Seat 5: kvcsszblcs ($125.09 in chips) 
Seat 6: Pippa83 ($100 in chips) 
kvcsszblcs: posts small blind $0.50
Pippa83: posts big blind $1
*** HOLE CARDS ***
easy_sarcasm: raises $2 to $3
AngelovAlexMKD: folds 
evandrohanna: folds 
b2k-Snick: raises $6 to $9
kvcsszblcs: folds 
Pippa83: folds 
easy_sarcasm: folds 
Uncalled bet ($6) returned to b2k-Snick
b2k-Snick collected $7.50 from pot
b2k-Snick: doesn't show hand 
*** SUMMARY ***
Total pot $7.50 | Rake $0 
Seat 1: easy_sarcasm folded before Flop
Seat 2: AngelovAlexMKD folded before Flop (didn't bet)
Seat 3: evandrohanna folded before Flop (didn't bet)
Seat 4: b2k-Snick (button) collected ($7.50)
Seat 5: kvcsszblcs (small blind) folded before Flop
Seat 6: Pippa83 (big blind) folded before Flop



PokerStars Hand #254749829190:  Hold'em No Limit ($0.50/$1.00 USD) - 2025/02/07 14:45:43 WET [2025/02/07 9:45:43 ET]
Table 'Kerstin II' 6-max Seat #5 is the button
Seat 1: easy_sarcasm ($100 in chips) 
Seat 2: AngelovAlexMKD ($100 in chips) 
Seat 3: evandrohanna ($206.75 in chips) 
Seat 4: b2k-Snick ($120.02 in chips) 
Seat 5: kvcsszblcs ($124.59 in chips) 
Seat 6: Pippa83 ($100 in chips) 
Pippa83: posts small blind $0.50
easy_sarcasm: posts big blind $1
*** HOLE CARDS ***
AngelovAlexMKD: folds 
evandrohanna: raises $2 to $3
b2k-Snick: folds 
kvcsszblcs: folds 
Pippa83: folds 
easy_sarcasm: folds 
Uncalled bet ($2) returned to evandrohanna
evandrohanna collected $2.50 from pot
*** SUMMARY ***
Total pot $2.50 | Rake $0 
Seat 1: easy_sarcasm (big blind) folded before Flop
Seat 2: AngelovAlexMKD folded before Flop (didn't bet)
Seat 3: evandrohanna collected ($2.50)
Seat 4: b2k-Snick folded before Flop (didn't bet)
Seat 5: kvcsszblcs (button) folded before Flop (didn't bet)
Seat 6: Pippa83 (small blind) folded before Flop



PokerStars Hand #254749833234:  Hold'em No Limit ($0.50/$1.00 USD) - 2025/02/07 14:46:05 WET [2025/02/07 9:46:05 ET]
Table 'Kerstin II' 6-max Seat #6 is the button
Seat 1: easy_sarcasm ($100 in chips) 
Seat 2: AngelovAlexMKD ($100 in chips) 
Seat 3: evandrohanna ($208.25 in chips) 
Seat 4: b2k-Snick ($120.02 in chips) 
Seat 5: kvcsszblcs ($124.59 in chips) 
Seat 6: Pippa83 ($100 in chips) 
easy_sarcasm: posts small blind $0.50
AngelovAlexMKD: posts big blind $1
*** HOLE CARDS ***
evandrohanna: folds 
b2k-Snick: folds 
kvcsszblcs: folds 
Pippa83: raises $1.50 to $2.50
easy_sarcasm: folds 
AngelovAlexMKD: calls $1.50
*** FLOP *** [Kc 6h 2c]
AngelovAlexMKD: checks 
Pippa83: bets $1.72
AngelovAlexMKD: calls $1.72
*** TURN *** [Kc 6h 2c] [Jh]
AngelovAlexMKD: checks 
Pippa83: checks 
*** RIVER *** [Kc 6h 2c Jh] [Jd]
AngelovAlexMKD: checks 
Pippa83: bets $12.74
AngelovAlexMKD: folds 
Uncalled bet ($12.74) returned to Pippa83
Pippa83 collected $8.49 from pot
Pippa83: doesn't show hand 
*** SUMMARY ***
Total pot $8.94 | Rake $0.45 
Board [Kc 6h 2c Jh Jd]
Seat 1: easy_sarcasm (small blind) folded before Flop
Seat 2: AngelovAlexMKD (big blind) folded on the River
Seat 3: evandrohanna folded before Flop (didn't bet)
Seat 4: b2k-Snick folded before Flop (didn't bet)
Seat 5: kvcsszblcs folded before Flop (didn't bet)
Seat 6: Pippa83 (button) collected ($8.49)



PokerStars Hand #254749858343:  Hold'em No Limit ($0.50/$1.00 USD) - 2025/02/07 14:48:14 WET [2025/02/07 9:48:14 ET]
Table 'Kerstin II' 6-max Seat #1 is the button
Seat 1: easy_sarcasm ($100 in chips) 
Seat 2: AngelovAlexMKD ($100 in chips) 
Seat 3: evandrohanna ($208.25 in chips) 
Seat 4: b2k-Snick ($120.02 in chips) 
Seat 5: kvcsszblcs ($124.59 in chips) 
Seat 6: Pippa83 ($104.27 in chips) 
AngelovAlexMKD: posts small blind $0.50
evandrohanna: posts big blind $1
*** HOLE CARDS ***
b2k-Snick: raises $1.10 to $2.10
kvcsszblcs: folds 
Pippa83: folds 
easy_sarcasm: folds 
AngelovAlexMKD: folds 
evandrohanna: calls $1.10
*** FLOP *** [4c Qc 8d]
evandrohanna: checks 
b2k-Snick: bets $3
evandrohanna: folds 
Uncalled bet ($3) returned to b2k-Snick
b2k-Snick collected $4.46 from pot
b2k-Snick: doesn't show hand 
*** SUMMARY ***
Total pot $4.70 | Rake $0.24 
Board [4c Qc 8d]
Seat 1: easy_sarcasm (button) folded before Flop (didn't bet)
Seat 2: AngelovAlexMKD (small blind) folded before Flop
Seat 3: evandrohanna (big blind) folded on the Flop
Seat 4: b2k-Snick collected ($4.46)
Seat 5: kvcsszblcs folded before Flop (didn't bet)
Seat 6: Pippa83 folded before Flop (didn't bet)



PokerStars Hand #254749862990:  Hold'em No Limit ($0.50/$1.00 USD) - 2025/02/07 14:48:39 WET [2025/02/07 9:48:39 ET]
Table 'Kerstin II' 6-max Seat #2 is the button
Seat 1: easy_sarcasm ($100 in chips) 
Seat 2: AngelovAlexMKD ($100 in chips) 
Seat 3: evandrohanna ($206.15 in chips) 
Seat 4: b2k-Snick ($122.38 in chips) 
Seat 5: kvcsszblcs ($124.59 in chips) 
Seat 6: Pippa83 ($104.27 in chips) 
evandrohanna: posts small blind $0.50
b2k-Snick: posts big blind $1
*** HOLE CARDS ***
kvcsszblcs: folds 
Pippa83: raises $1.20 to $2.20
easy_sarcasm: folds 
AngelovAlexMKD: calls $2.20
evandrohanna: folds 
b2k-Snick: calls $1.20
*** FLOP *** [7c Qc Qh]
b2k-Snick: checks 
Pippa83: checks 
AngelovAlexMKD: checks 
*** TURN *** [7c Qc Qh] [9d]
b2k-Snick: bets $5.50
Pippa83: folds 
AngelovAlexMKD: folds 
Uncalled bet ($5.50) returned to b2k-Snick
b2k-Snick collected $6.74 from pot
b2k-Snick: doesn't show hand 
*** SUMMARY ***
Total pot $7.10 | Rake $0.36 
Board [7c Qc Qh 9d]
Seat 1: easy_sarcasm folded before Flop (didn't bet)
Seat 2: AngelovAlexMKD (button) folded on the Turn
Seat 3: evandrohanna (small blind) folded before Flop
Seat 4: b2k-Snick (big blind) collected ($6.74)
Seat 5: kvcsszblcs folded before Flop (didn't bet)
Seat 6: Pippa83 folded on the Turn



PokerStars Hand #254749874989:  Hold'em No Limit ($0.50/$1.00 USD) - 2025/02/07 14:49:42 WET [2025/02/07 9:49:42 ET]
Table 'Kerstin II' 6-max Seat #3 is the button
Seat 1: easy_sarcasm ($100 in chips) 
Seat 2: AngelovAlexMKD ($100 in chips) 
Seat 3: evandrohanna ($205.65 in chips) 
Seat 4: b2k-Snick ($126.92 in chips) 
Seat 5: kvcsszblcs ($124.59 in chips) 
Seat 6: Pippa83 ($102.07 in chips) 
b2k-Snick: posts small blind $0.50
kvcsszblcs: posts big blind $1
*** HOLE CARDS ***
Pippa83: raises $1.20 to $2.20
easy_sarcasm: folds 
AngelovAlexMKD: folds 
evandrohanna: folds 
b2k-Snick: folds 
evandrohanna leaves the table
kvcsszblcs: folds 
Uncalled bet ($1.20) returned to Pippa83
Pippa83 collected $2.50 from pot
Pippa83: doesn't show hand 
*** SUMMARY ***
Total pot $2.50 | Rake $0 
Seat 1: easy_sarcasm folded before Flop (didn't bet)
Seat 2: AngelovAlexMKD folded before Flop (didn't bet)
Seat 3: evandrohanna (button) folded before Flop (didn't bet)
Seat 4: b2k-Snick (small blind) folded before Flop
Seat 5: kvcsszblcs (big blind) folded before Flop
Seat 6: Pippa83 collected ($2.50)



PokerStars Hand #254749877810:  Hold'em No Limit ($0.50/$1.00 USD) - 2025/02/07 14:49:56 WET [2025/02/07 9:49:56 ET]
Table 'Kerstin II' 6-max Seat #4 is the button
Seat 1: easy_sarcasm ($100 in chips) 
Seat 2: AngelovAlexMKD ($100 in chips) 
Seat 4: b2k-Snick ($126.42 in chips) 
Seat 5: kvcsszblcs ($123.59 in chips) 
Seat 6: Pippa83 ($103.57 in chips) 
kvcsszblcs: posts small blind $0.50
Pippa83: posts big blind $1
*** HOLE CARDS ***
easy_sarcasm: folds 
AngelovAlexMKD: folds 
b2k-Snick: folds 
kvcsszblcs: folds 
Uncalled bet ($0.50) returned to Pippa83
Pippa83 collected $1 from pot
Pippa83: doesn't show hand 
*** SUMMARY ***
Total pot $1 | Rake $0 
Seat 1: easy_sarcasm folded before Flop (didn't bet)
Seat 2: AngelovAlexMKD folded before Flop (didn't bet)
Seat 4: b2k-Snick (button) folded before Flop (didn't bet)
Seat 5: kvcsszblcs (small blind) folded before Flop
Seat 6: Pippa83 (big blind) collected ($1)



PokerStars Hand #254749879989:  Hold'em No Limit ($0.50/$1.00 USD) - 2025/02/07 14:50:08 WET [2025/02/07 9:50:08 ET]
Table 'Kerstin II' 6-max Seat #5 is the button
Seat 1: easy_sarcasm ($100 in chips) 
Seat 2: AngelovAlexMKD ($100 in chips) 
Seat 4: b2k-Snick ($126.42 in chips) 
Seat 5: kvcsszblcs ($123.09 in chips) 
Seat 6: Pippa83 ($104.07 in chips) 
Pippa83: posts small blind $0.50
easy_sarcasm: posts big blind $1
*** HOLE CARDS ***
AngelovAlexMKD: folds 
b2k-Snick: folds 
kvcsszblcs: raises $1.25 to $2.25
Pippa83: folds 
easy_sarcasm: folds 
Uncalled bet ($1.25) returned to kvcsszblcs
kvcsszblcs collected $2.50 from pot
kvcsszblcs: doesn't show hand 
*** SUMMARY ***
Total pot $2.50 | Rake $0 
Seat 1: easy_sarcasm (big blind) folded before Flop
Seat 2: AngelovAlexMKD folded before Flop (didn't bet)
Seat 4: b2k-Snick folded before Flop (didn't bet)
Seat 5: kvcsszblcs (button) collected ($2.50)
Seat 6: Pippa83 (small blind) folded before Flop



PokerStars Hand #254749883331:  Hold'em No Limit ($0.50/$1.00 USD) - 2025/02/07 14:50:26 WET [2025/02/07 9:50:26 ET]
Table 'Kerstin II' 6-max Seat #6 is the button
Seat 1: easy_sarcasm ($100 in chips) 
Seat 2: AngelovAlexMKD ($100 in chips) 
Seat 4: b2k-Snick ($126.42 in chips) 
Seat 5: kvcsszblcs ($124.59 in chips) 
Seat 6: Pippa83 ($103.57 in chips) 
easy_sarcasm: posts small blind $0.50
AngelovAlexMKD: posts big blind $1
*** HOLE CARDS ***
b2k-Snick: folds 
kvcsszblcs: folds 
Pippa83: folds 
easy_sarcasm: folds 
Uncalled bet ($0.50) returned to AngelovAlexMKD
AngelovAlexMKD collected $1 from pot
AngelovAlexMKD: doesn't show hand 
*** SUMMARY ***
Total pot $1 | Rake $0 
Seat 1: easy_sarcasm (small blind) folded before Flop
Seat 2: AngelovAlexMKD (big blind) collected ($1)
Seat 4: b2k-Snick folded before Flop (didn't bet)
Seat 5: kvcsszblcs folded before Flop (didn't bet)
Seat 6: Pippa83 (button) folded before Flop (didn't bet)



PokerStars Hand #254749884655:  Hold'em No Limit ($0.50/$1.00 USD) - 2025/02/07 14:50:33 WET [2025/02/07 9:50:33 ET]
Table 'Kerstin II' 6-max Seat #1 is the button
Seat 4: b2k-Snick ($126.42 in chips) is sitting out
Seat 1: easy_sarcasm ($100 in chips) 
Seat 2: AngelovAlexMKD ($100.50 in chips) 
Seat 5: kvcsszblcs ($124.59 in chips) 
Seat 6: Pippa83 ($103.57 in chips) 
AngelovAlexMKD: posts small blind $0.50
b2k-Snick: is sitting out 
kvcsszblcs: posts big blind $1
*** HOLE CARDS ***
Pippa83: folds 
easy_sarcasm: raises $1.20 to $2.20
YeeesMan joins the table at seat #3 
AngelovAlexMKD: folds 
kvcsszblcs: folds 
Uncalled bet ($1.20) returned to easy_sarcasm
easy_sarcasm collected $2.50 from pot
YeeesMan leaves the table
*** SUMMARY ***
Total pot $2.50 | Rake $0 
Seat 4: b2k-Snick
Seat 1: easy_sarcasm (button) collected ($2.50)
Seat 2: AngelovAlexMKD (small blind) folded before Flop
Seat 5: kvcsszblcs (big blind) folded before Flop
Seat 6: Pippa83 folded before Flop (didn't bet)



PokerStars Hand #254749887649:  Hold'em No Limit ($0.50/$1.00 USD) - 2025/02/07 14:50:48 WET [2025/02/07 9:50:48 ET]
Table 'Kerstin II' 6-max Seat #2 is the button
Seat 4: b2k-Snick ($126.42 in chips) is sitting out
Seat 1: easy_sarcasm ($101.50 in chips) 
Seat 2: AngelovAlexMKD ($100 in chips) 
Seat 5: kvcsszblcs ($123.59 in chips) 
Seat 6: Pippa83 ($103.57 in chips) 
kvcsszblcs: posts small blind $0.50
Pippa83: posts big blind $1
*** HOLE CARDS ***
easy_sarcasm: folds 
AngelovAlexMKD: raises $1.50 to $2.50
kvcsszblcs: folds 
Pippa83: raises $9.50 to $12
AngelovAlexMKD: folds 
Uncalled bet ($9.50) returned to Pippa83
Pippa83 collected $5.50 from pot
Pippa83: doesn't show hand 
*** SUMMARY ***
Total pot $5.50 | Rake $0 
Seat 4: b2k-Snick
Seat 1: easy_sarcasm folded before Flop (didn't bet)
Seat 2: AngelovAlexMKD (button) folded before Flop
Seat 5: kvcsszblcs (small blind) folded before Flop
Seat 6: Pippa83 (big blind) collected ($5.50)



PokerStars Hand #254749891582:  Hold'em No Limit ($0.50/$1.00 USD) - 2025/02/07 14:51:09 WET [2025/02/07 9:51:09 ET]
Table 'Kerstin II' 6-max Seat #5 is the button
Seat 1: easy_sarcasm ($101.50 in chips) is sitting out
Seat 4: b2k-Snick ($126.42 in chips) is sitting out
Seat 2: AngelovAlexMKD ($100 in chips) 
Seat 5: kvcsszblcs ($123.09 in chips) 
Seat 6: Pippa83 ($106.57 in chips) 
Pippa83: posts small blind $0.50
easy_sarcasm: is sitting out 
AngelovAlexMKD: posts big blind $1
*** HOLE CARDS ***
easy_sarcasm leaves the table
kvcsszblcs: folds 
Pippa83: raises $2 to $3
b2k-Snick leaves the table
AngelovAlexMKD: folds 
Uncalled bet ($2) returned to Pippa83
Pippa83 collected $2 from pot
Pippa83: doesn't show hand 
*** SUMMARY ***
Total pot $2 | Rake $0 
Seat 1: easy_sarcasm
Seat 4: b2k-Snick
Seat 2: AngelovAlexMKD (big blind) folded before Flop
Seat 5: kvcsszblcs (button) folded before Flop (didn't bet)
Seat 6: Pippa83 (small blind) collected ($2)



PokerStars Hand #254749894286:  Hold'em No Limit ($0.50/$1.00 USD) - 2025/02/07 14:51:23 WET [2025/02/07 9:51:23 ET]
Table 'Kerstin II' 6-max Seat #2 is the button
Seat 5: kvcsszblcs ($123.09 in chips) is sitting out
Seat 2: AngelovAlexMKD ($100 in chips) 
Seat 6: Pippa83 ($107.57 in chips) 
AngelovAlexMKD: posts small blind $0.50
kvcsszblcs: is sitting out 
Pippa83: posts big blind $1
*** HOLE CARDS ***
kvcsszblcs leaves the table
AngelovAlexMKD: raises $1.50 to $2.50
Pippa83: calls $1.50
*** FLOP *** [9h 8s 5s]
Pippa83: checks 
AngelovAlexMKD: bets $2.38
Pippa83: raises $5.12 to $7.50
Gjeneral66 joins the table at seat #3 
Gjeneral66 is disconnected 
AngelovAlexMKD: folds 
Uncalled bet ($5.12) returned to Pippa83
Pippa83 collected $9.27 from pot
Pippa83: doesn't show hand 
*** SUMMARY ***
Total pot $9.76 | Rake $0.49 
Board [9h 8s 5s]
Seat 5: kvcsszblcs
Seat 2: AngelovAlexMKD (button) (small blind) folded on the Flop
Seat 6: Pippa83 (big blind) collected ($9.27)



PokerStars Hand #254749903990:  Hold'em No Limit ($0.50/$1.00 USD) - 2025/02/07 14:52:15 WET [2025/02/07 9:52:15 ET]
Table 'Kerstin II' 6-max Seat #6 is the button
Seat 2: AngelovAlexMKD ($100 in chips) 
Seat 3: Gjeneral66 ($55.16 in chips) 
Seat 6: Pippa83 ($111.96 in chips) 
AngelovAlexMKD: posts small blind $0.50
Gjeneral66: posts big blind $1
*** HOLE CARDS ***
Pippa83: folds 
AngelovAlexMKD: raises $2 to $3
Gjeneral66: folds 
Uncalled bet ($2) returned to AngelovAlexMKD
AngelovAlexMKD collected $2 from pot
AngelovAlexMKD: doesn't show hand 
*** SUMMARY ***
Total pot $2 | Rake $0 
Seat 2: AngelovAlexMKD (small blind) collected ($2)
Seat 3: Gjeneral66 (big blind) folded before Flop
Seat 6: Pippa83 (button) folded before Flop (didn't bet)



PokerStars Hand #254749906445:  Hold'em No Limit ($0.50/$1.00 USD) - 2025/02/07 14:52:28 WET [2025/02/07 9:52:28 ET]
Table 'Kerstin II' 6-max Seat #2 is the button
Seat 2: AngelovAlexMKD ($101 in chips) 
Seat 3: Gjeneral66 ($54.16 in chips) 
Seat 6: Pippa83 ($111.96 in chips) 
Gjeneral66: posts small blind $0.50
Pippa83: posts big blind $1
*** HOLE CARDS ***
AngelovAlexMKD: folds 
Gjeneral66: folds 
Uncalled bet ($0.50) returned to Pippa83
Pippa83 collected $1 from pot
Pippa83: doesn't show hand 
*** SUMMARY ***
Total pot $1 | Rake $0 
Seat 2: AngelovAlexMKD (button) folded before Flop (didn't bet)
Seat 3: Gjeneral66 (small blind) folded before Flop
Seat 6: Pippa83 (big blind) collected ($1)



PokerStars Hand #254749908312:  Hold'em No Limit ($0.50/$1.00 USD) - 2025/02/07 14:52:38 WET [2025/02/07 9:52:38 ET]
Table 'Kerstin II' 6-max Seat #3 is the button
Seat 2: AngelovAlexMKD ($101 in chips) 
Seat 3: Gjeneral66 ($53.66 in chips) 
Seat 6: Pippa83 ($112.46 in chips) 
Pippa83: posts small blind $0.50
AngelovAlexMKD: posts big blind $1
*** HOLE CARDS ***
Gjeneral66: folds 
Pippa83: folds 
Uncalled bet ($0.50) returned to AngelovAlexMKD
AngelovAlexMKD collected $1 from pot
AngelovAlexMKD: doesn't show hand 
*** SUMMARY ***
Total pot $1 | Rake $0 
Seat 2: AngelovAlexMKD (big blind) collected ($1)
Seat 3: Gjeneral66 (button) folded before Flop (didn't bet)
Seat 6: Pippa83 (small blind) folded before Flop



PokerStars Hand #254749909997:  Hold'em No Limit ($0.50/$1.00 USD) - 2025/02/07 14:52:46 WET [2025/02/07 9:52:46 ET]
Table 'Kerstin II' 6-max Seat #6 is the button
Seat 2: AngelovAlexMKD ($101.50 in chips) 
Seat 3: Gjeneral66 ($53.66 in chips) 
Seat 6: Pippa83 ($111.96 in chips) 
AngelovAlexMKD: posts small blind $0.50
Gjeneral66: posts big blind $1
*** HOLE CARDS ***
Pippa83: folds 
AngelovAlexMKD: folds 
Uncalled bet ($0.50) returned to Gjeneral66
Gjeneral66 collected $1 from pot
*** SUMMARY ***
Total pot $1 | Rake $0 
Seat 2: AngelovAlexMKD (small blind) folded before Flop
Seat 3: Gjeneral66 (big blind) collected ($1)
Seat 6: Pippa83 (button) folded before Flop (didn't bet)



PokerStars Hand #254749911934:  Hold'em No Limit ($0.50/$1.00 USD) - 2025/02/07 14:52:57 WET [2025/02/07 9:52:57 ET]
Table 'Kerstin II' 6-max Seat #2 is the button
Seat 2: AngelovAlexMKD ($101 in chips) 
Seat 3: Gjeneral66 ($54.16 in chips) 
Seat 6: Pippa83 ($111.96 in chips) 
Gjeneral66: posts small blind $0.50
Pippa83: posts big blind $1
*** HOLE CARDS ***
AngelovAlexMKD: folds 
Gjeneral66: folds 
Uncalled bet ($0.50) returned to Pippa83
Pippa83 collected $1 from pot
Pippa83: doesn't show hand 
*** SUMMARY ***
Total pot $1 | Rake $0 
Seat 2: AngelovAlexMKD (button) folded before Flop (didn't bet)
Seat 3: Gjeneral66 (small blind) folded before Flop
Seat 6: Pippa83 (big blind) collected ($1)



PokerStars Hand #254749913319:  Hold'em No Limit ($0.50/$1.00 USD) - 2025/02/07 14:53:05 WET [2025/02/07 9:53:05 ET]
Table 'Kerstin II' 6-max Seat #3 is the button
Seat 2: AngelovAlexMKD ($101 in chips) 
Seat 3: Gjeneral66 ($53.66 in chips) 
Seat 6: Pippa83 ($112.46 in chips) 
Pippa83: posts small blind $0.50
AngelovAlexMKD: posts big blind $1
*** HOLE CARDS ***
Gjeneral66: raises $1.50 to $2.50
Pippa83: folds 
AngelovAlexMKD: calls $1.50
*** FLOP *** [Qd 2s Ts]
AngelovAlexMKD: checks 
Gjeneral66: bets $2.61
AngelovAlexMKD: calls $2.61
*** TURN *** [Qd 2s Ts] [8s]
AngelovAlexMKD: checks 
Gjeneral66: bets $5.09
AngelovAlexMKD: calls $5.09
*** RIVER *** [Qd 2s Ts 8s] [5c]
AngelovAlexMKD: checks 
Gjeneral66: checks 
*** SHOW DOWN ***
AngelovAlexMKD: shows [2h Qh] (two pair, Queens and Deuces)
Gjeneral66: mucks hand 
AngelovAlexMKD collected $19.65 from pot
*** SUMMARY ***
Total pot $20.90 | Rake $1.25 
Board [Qd 2s Ts 8s 5c]
Seat 2: AngelovAlexMKD (big blind) showed [2h Qh] and won ($19.65) with two pair, Queens and Deuces
Seat 3: Gjeneral66 (button) mucked
Seat 6: Pippa83 (small blind) folded before Flop



PokerStars Hand #254749923430:  Hold'em No Limit ($0.50/$1.00 USD) - 2025/02/07 14:53:58 WET [2025/02/07 9:53:58 ET]
Table 'Kerstin II' 6-max Seat #6 is the button
Seat 2: AngelovAlexMKD ($110.45 in chips) 
Seat 3: Gjeneral66 ($43.46 in chips) 
Seat 6: Pippa83 ($111.96 in chips) 
AngelovAlexMKD: posts small blind $0.50
Gjeneral66: posts big blind $1
*** HOLE CARDS ***
Pippa83: raises $1.50 to $2.50
AngelovAlexMKD: folds 
Gjeneral66: folds 
Uncalled bet ($1.50) returned to Pippa83
Pippa83 collected $2.50 from pot
Pippa83: doesn't show hand 
*** SUMMARY ***
Total pot $2.50 | Rake $0 
Seat 2: AngelovAlexMKD (small blind) folded before Flop
Seat 3: Gjeneral66 (big blind) folded before Flop
Seat 6: Pippa83 (button) collected ($2.50)



PokerStars Hand #254749925328:  Hold'em No Limit ($0.50/$1.00 USD) - 2025/02/07 14:54:07 WET [2025/02/07 9:54:07 ET]
Table 'Kerstin II' 6-max Seat #2 is the button
Seat 2: AngelovAlexMKD ($109.95 in chips) 
Seat 3: Gjeneral66 ($42.46 in chips) 
Seat 6: Pippa83 ($113.46 in chips) 
Gjeneral66: posts small blind $0.50
Pippa83: posts big blind $1
*** HOLE CARDS ***
AngelovAlexMKD: folds 
Gjeneral66: folds 
Uncalled bet ($0.50) returned to Pippa83
Pippa83 collected $1 from pot
Pippa83: doesn't show hand 
*** SUMMARY ***
Total pot $1 | Rake $0 
Seat 2: AngelovAlexMKD (button) folded before Flop (didn't bet)
Seat 3: Gjeneral66 (small blind) folded before Flop
Seat 6: Pippa83 (big blind) collected ($1)



PokerStars Hand #254749926657:  Hold'em No Limit ($0.50/$1.00 USD) - 2025/02/07 14:54:14 WET [2025/02/07 9:54:14 ET]
Table 'Kerstin II' 6-max Seat #3 is the button
Seat 2: AngelovAlexMKD ($109.95 in chips) 
Seat 3: Gjeneral66 ($41.96 in chips) 
Seat 6: Pippa83 ($113.96 in chips) 
Pippa83: posts small blind $0.50
AngelovAlexMKD: posts big blind $1
*** HOLE CARDS ***
Gjeneral66: folds 
Pippa83: folds 
Uncalled bet ($0.50) returned to AngelovAlexMKD
AngelovAlexMKD collected $1 from pot
AngelovAlexMKD: doesn't show hand 
*** SUMMARY ***
Total pot $1 | Rake $0 
Seat 2: AngelovAlexMKD (big blind) collected ($1)
Seat 3: Gjeneral66 (button) folded before Flop (didn't bet)
Seat 6: Pippa83 (small blind) folded before Flop



PokerStars Hand #254749928110:  Hold'em No Limit ($0.50/$1.00 USD) - 2025/02/07 14:54:22 WET [2025/02/07 9:54:22 ET]
Table 'Kerstin II' 6-max Seat #6 is the button
Seat 2: AngelovAlexMKD ($110.45 in chips) 
Seat 3: Gjeneral66 ($41.96 in chips) 
Seat 6: Pippa83 ($113.46 in chips) 
AngelovAlexMKD: posts small blind $0.50
Gjeneral66: posts big blind $1
*** HOLE CARDS ***
Pippa83: folds 
AngelovAlexMKD: folds 
Uncalled bet ($0.50) returned to Gjeneral66
Gjeneral66 collected $1 from pot
*** SUMMARY ***
Total pot $1 | Rake $0 
Seat 2: AngelovAlexMKD (small blind) folded before Flop
Seat 3: Gjeneral66 (big blind) collected ($1)
Seat 6: Pippa83 (button) folded before Flop (didn't bet)



PokerStars Hand #254749929852:  Hold'em No Limit ($0.50/$1.00 USD) - 2025/02/07 14:54:32 WET [2025/02/07 9:54:32 ET]
Table 'Kerstin II' 6-max Seat #2 is the button
Seat 2: AngelovAlexMKD ($109.95 in chips) 
Seat 3: Gjeneral66 ($42.46 in chips) 
Seat 6: Pippa83 ($113.46 in chips) 
Gjeneral66: posts small blind $0.50
Pippa83: posts big blind $1
*** HOLE CARDS ***
AngelovAlexMKD: folds 
Gjeneral66: raises $2 to $3
Pippa83: calls $2
*** FLOP *** [5h Qs 7s]
Gjeneral66: checks 
Pippa83: checks 
*** TURN *** [5h Qs 7s] [5s]
Gjeneral66: checks 
Pippa83: bets $2.50
Gjeneral66: calls $2.50
*** RIVER *** [5h Qs 7s 5s] [5c]
Gjeneral66: checks 
Pippa83: bets $7.84
Gjeneral66: calls $7.84
*** SHOW DOWN ***
Pippa83: shows [5d 4d] (four of a kind, Fives)
Gjeneral66: mucks hand 
Pippa83 collected $25.68 from pot
*** SUMMARY ***
Total pot $26.68 | Rake $1 
Board [5h Qs 7s 5s 5c]
Seat 2: AngelovAlexMKD (button) folded before Flop (didn't bet)
Seat 3: Gjeneral66 (small blind) mucked
Seat 6: Pippa83 (big blind) showed [5d 4d] and won ($25.68) with four of a kind, Fives



PokerStars Hand #254749940287:  Hold'em No Limit ($0.50/$1.00 USD) - 2025/02/07 14:55:31 WET [2025/02/07 9:55:31 ET]
Table 'Kerstin II' 6-max Seat #3 is the button
Seat 2: AngelovAlexMKD ($109.95 in chips) 
Seat 3: Gjeneral66 ($29.12 in chips) 
Seat 6: Pippa83 ($125.80 in chips) 
Pippa83: posts small blind $0.50
AngelovAlexMKD: posts big blind $1
*** HOLE CARDS ***
Gjeneral66: folds 
Pippa83: raises $2 to $3
AngelovAlexMKD: calls $2
*** FLOP *** [Kd 4s 5h]
Pippa83: bets $1.88
AngelovAlexMKD: raises $4.73 to $6.61
Pippa83: folds 
Uncalled bet ($4.73) returned to AngelovAlexMKD
AngelovAlexMKD collected $9.15 from pot
AngelovAlexMKD: doesn't show hand 
*** SUMMARY ***
Total pot $9.76 | Rake $0.61 
Board [Kd 4s 5h]
Seat 2: AngelovAlexMKD (big blind) collected ($9.15)
Seat 3: Gjeneral66 (button) folded before Flop (didn't bet)
Seat 6: Pippa83 (small blind) folded on the Flop



PokerStars Hand #254749945359:  Hold'em No Limit ($0.50/$1.00 USD) - 2025/02/07 14:56:04 WET [2025/02/07 9:56:04 ET]
Table 'Kerstin II' 6-max Seat #6 is the button
Seat 2: AngelovAlexMKD ($114.22 in chips) 
Seat 3: Gjeneral66 ($29.12 in chips) 
Seat 6: Pippa83 ($120.92 in chips) 
AngelovAlexMKD: posts small blind $0.50
Gjeneral66: posts big blind $1
*** HOLE CARDS ***
Pippa83: folds 
AngelovAlexMKD: folds 
Uncalled bet ($0.50) returned to Gjeneral66
Gjeneral66 collected $1 from pot
*** SUMMARY ***
Total pot $1 | Rake $0 
Seat 2: AngelovAlexMKD (small blind) folded before Flop
Seat 3: Gjeneral66 (big blind) collected ($1)
Seat 6: Pippa83 (button) folded before Flop (didn't bet)



PokerStars Hand #254749947026:  Hold'em No Limit ($0.50/$1.00 USD) - 2025/02/07 14:56:15 WET [2025/02/07 9:56:15 ET]
Table 'Kerstin II' 6-max Seat #2 is the button
Seat 2: AngelovAlexMKD ($113.72 in chips) 
Seat 3: Gjeneral66 ($29.62 in chips) 
Seat 6: Pippa83 ($120.92 in chips) 
Gjeneral66: posts small blind $0.50
Pippa83: posts big blind $1
*** HOLE CARDS ***
AngelovAlexMKD: folds 
Gjeneral66: raises $2 to $3
Pippa83: folds 
Uncalled bet ($2) returned to Gjeneral66
Gjeneral66 collected $2 from pot
*** SUMMARY ***
Total pot $2 | Rake $0 
Seat 2: AngelovAlexMKD (button) folded before Flop (didn't bet)
Seat 3: Gjeneral66 (small blind) collected ($2)
Seat 6: Pippa83 (big blind) folded before Flop



PokerStars Hand #254749949093:  Hold'em No Limit ($0.50/$1.00 USD) - 2025/02/07 14:56:28 WET [2025/02/07 9:56:28 ET]
Table 'Kerstin II' 6-max Seat #3 is the button
Seat 2: AngelovAlexMKD ($113.72 in chips) 
Seat 3: Gjeneral66 ($30.62 in chips) 
Seat 6: Pippa83 ($119.92 in chips) 
Pippa83: posts small blind $0.50
AngelovAlexMKD: posts big blind $1
*** HOLE CARDS ***
Gjeneral66: raises $1.50 to $2.50
Pippa83: folds 
AngelovAlexMKD: calls $1.50
*** FLOP *** [Qs 7s Qc]
AngelovAlexMKD: checks 
Gjeneral66: bets $1.88
AngelovAlexMKD: raises $4.49 to $6.37
Gjeneral66: folds 
Uncalled bet ($4.49) returned to AngelovAlexMKD
AngelovAlexMKD collected $8.68 from pot
AngelovAlexMKD: doesn't show hand 
*** SUMMARY ***
Total pot $9.26 | Rake $0.58 
Board [Qs 7s Qc]
Seat 2: AngelovAlexMKD (big blind) collected ($8.68)
Seat 3: Gjeneral66 (button) folded on the Flop
Seat 6: Pippa83 (small blind) folded before Flop



PokerStars Hand #254749956553:  Hold'em No Limit ($0.50/$1.00 USD) - 2025/02/07 14:57:16 WET [2025/02/07 9:57:16 ET]
Table 'Kerstin II' 6-max Seat #6 is the button
Seat 2: AngelovAlexMKD ($118.02 in chips) 
Seat 3: Gjeneral66 ($26.24 in chips) 
Seat 6: Pippa83 ($119.42 in chips) 
AngelovAlexMKD: posts small blind $0.50
Gjeneral66: posts big blind $1
*** HOLE CARDS ***
Pippa83: raises $1.50 to $2.50
AngelovAlexMKD: folds 
Gjeneral66: calls $1.50
*** FLOP *** [8h 8c Qd]
Gjeneral66: checks 
Pippa83: bets $1.31
Gjeneral66: folds 
Uncalled bet ($1.31) returned to Pippa83
Pippa83 collected $5.22 from pot
Pippa83: doesn't show hand 
*** SUMMARY ***
Total pot $5.50 | Rake $0.28 
Board [8h 8c Qd]
Seat 2: AngelovAlexMKD (small blind) folded before Flop
Seat 3: Gjeneral66 (big blind) folded on the Flop
Seat 6: Pippa83 (button) collected ($5.22)



PokerStars Hand #254749961506:  Hold'em No Limit ($0.50/$1.00 USD) - 2025/02/07 14:57:48 WET [2025/02/07 9:57:48 ET]
Table 'Kerstin II' 6-max Seat #2 is the button
Seat 2: AngelovAlexMKD ($117.52 in chips) 
Seat 3: Gjeneral66 ($23.74 in chips) 
Seat 6: Pippa83 ($122.14 in chips) 
Gjeneral66: posts small blind $0.50
Pippa83: posts big blind $1
*** HOLE CARDS ***
AngelovAlexMKD: folds 
Gjeneral66: folds 
Uncalled bet ($0.50) returned to Pippa83
Pippa83 collected $1 from pot
Pippa83: doesn't show hand 
*** SUMMARY ***
Total pot $1 | Rake $0 
Seat 2: AngelovAlexMKD (button) folded before Flop (didn't bet)
Seat 3: Gjeneral66 (small blind) folded before Flop
Seat 6: Pippa83 (big blind) collected ($1)



PokerStars Hand #254749962638:  Hold'em No Limit ($0.50/$1.00 USD) - 2025/02/07 14:57:56 WET [2025/02/07 9:57:56 ET]
Table 'Kerstin II' 6-max Seat #3 is the button
Seat 2: AngelovAlexMKD ($117.52 in chips) 
Seat 3: Gjeneral66 ($23.24 in chips) 
Seat 6: Pippa83 ($122.64 in chips) 
Pippa83: posts small blind $0.50
AngelovAlexMKD: posts big blind $1
*** HOLE CARDS ***
Gjeneral66: folds 
Pippa83: raises $2 to $3
AngelovAlexMKD: folds 
Uncalled bet ($2) returned to Pippa83
Pippa83 collected $2 from pot
Pippa83: doesn't show hand 
*** SUMMARY ***
Total pot $2 | Rake $0 
Seat 2: AngelovAlexMKD (big blind) folded before Flop
Seat 3: Gjeneral66 (button) folded before Flop (didn't bet)
Seat 6: Pippa83 (small blind) collected ($2)



PokerStars Hand #254749965513:  Hold'em No Limit ($0.50/$1.00 USD) - 2025/02/07 14:58:14 WET [2025/02/07 9:58:14 ET]
Table 'Kerstin II' 6-max Seat #6 is the button
Seat 2: AngelovAlexMKD ($116.52 in chips) 
Seat 3: Gjeneral66 ($23.24 in chips) 
Seat 6: Pippa83 ($123.64 in chips) 
AngelovAlexMKD: posts small blind $0.50
Gjeneral66: posts big blind $1
*** HOLE CARDS ***
Pippa83: raises $1.50 to $2.50
AngelovAlexMKD: folds 
Gjeneral66: folds 
Uncalled bet ($1.50) returned to Pippa83
Pippa83 collected $2.50 from pot
Pippa83: doesn't show hand 
*** SUMMARY ***
Total pot $2.50 | Rake $0 
Seat 2: AngelovAlexMKD (small blind) folded before Flop
Seat 3: Gjeneral66 (big blind) folded before Flop
Seat 6: Pippa83 (button) collected ($2.50)



PokerStars Hand #254749968638:  Hold'em No Limit ($0.50/$1.00 USD) - 2025/02/07 14:58:34 WET [2025/02/07 9:58:34 ET]
Table 'Kerstin II' 6-max Seat #2 is the button
Seat 2: AngelovAlexMKD ($116.02 in chips) 
Seat 3: Gjeneral66 ($22.24 in chips) 
Seat 6: Pippa83 ($125.14 in chips) 
Gjeneral66: posts small blind $0.50
Pippa83: posts big blind $1
*** HOLE CARDS ***
AngelovAlexMKD: folds 
Gjeneral66: folds 
Uncalled bet ($0.50) returned to Pippa83
Pippa83 collected $1 from pot
Pippa83: doesn't show hand 
*** SUMMARY ***
Total pot $1 | Rake $0 
Seat 2: AngelovAlexMKD (button) folded before Flop (didn't bet)
Seat 3: Gjeneral66 (small blind) folded before Flop
Seat 6: Pippa83 (big blind) collected ($1)



PokerStars Hand #254749970570:  Hold'em No Limit ($0.50/$1.00 USD) - 2025/02/07 14:58:46 WET [2025/02/07 9:58:46 ET]
Table 'Kerstin II' 6-max Seat #3 is the button
Seat 2: AngelovAlexMKD ($116.02 in chips) 
Seat 3: Gjeneral66 ($21.74 in chips) 
Seat 6: Pippa83 ($125.64 in chips) 
Pippa83: posts small blind $0.50
AngelovAlexMKD: posts big blind $1
*** HOLE CARDS ***
Gjeneral66: raises $1.50 to $2.50
Pippa83: folds 
AngelovAlexMKD: raises $7 to $9.50
Gjeneral66: raises $12.24 to $21.74 and is all-in
AngelovAlexMKD: calls $12.24
*** FLOP *** [2d Jc As]
*** TURN *** [2d Jc As] [7d]
*** RIVER *** [2d Jc As 7d] [Ks]
*** SHOW DOWN ***
AngelovAlexMKD: shows [Ad Kc] (two pair, Aces and Kings)
Gjeneral66: shows [Th Ac] (a pair of Aces)
AngelovAlexMKD collected $42.73 from pot
*** SUMMARY ***
Total pot $43.98 | Rake $1.25 
Board [2d Jc As 7d Ks]
Seat 2: AngelovAlexMKD (big blind) showed [Ad Kc] and won ($42.73) with two pair, Aces and Kings
Seat 3: Gjeneral66 (button) showed [Th Ac] and lost with a pair of Aces
Seat 6: Pippa83 (small blind) folded before Flop



PokerStars Hand #254749976322:  Hold'em No Limit ($0.50/$1.00 USD) - 2025/02/07 14:59:24 WET [2025/02/07 9:59:24 ET]
Table 'Kerstin II' 6-max Seat #2 is the button
Seat 2: AngelovAlexMKD ($137.01 in chips) 
Seat 6: Pippa83 ($125.14 in chips) 
Gjeneral66 leaves the table
AngelovAlexMKD: posts small blind $0.50
Pippa83: posts big blind $1
*** HOLE CARDS ***
AngelovAlexMKD: folds 
Uncalled bet ($0.50) returned to Pippa83
Pippa83 collected $1 from pot
Pippa83: doesn't show hand 
*** SUMMARY ***
Total pot $1 | Rake $0 
Seat 2: AngelovAlexMKD (button) (small blind) folded before Flop
Seat 6: Pippa83 (big blind) collected ($1)



