PokerStars Hand #254754641778:  Hold'em No Limit ($0.50/$1.00 USD) - 2025/02/07 20:14:56 WET [2025/02/07 15:14:56 ET]
Table 'Biela II' 6-max Seat #5 is the button
Seat 2: ImaPeppaPig ($100 in chips) is sitting out
Seat 1: XneferX ($100 in chips) 
Seat 3: TgSena ($19.50 in chips) 
Seat 4: EasyGamerrr ($101 in chips) 
Seat 5: EvilReality ($100 in chips) 
Seat 6: EBoshered ($100 in chips) 
EBoshered: posts small blind $0.50
XneferX: posts big blind $1
ImaPeppaPig: sits out 
*** HOLE CARDS ***
TgSena: raises $2 to $3
EasyGamerrr: folds 
EvilReality: folds 
EBoshered: folds 
XneferX: folds 
Uncalled bet ($2) returned to TgSena
TgSena collected $2.50 from pot
*** SUMMARY ***
Total pot $2.50 | Rake $0 
Seat 2: ImaPeppaPig
Seat 1: XneferX (big blind) folded before Flop
Seat 3: TgSena collected ($2.50)
Seat 4: EasyGamerrr folded before Flop (didn't bet)
Seat 5: EvilReality (button) folded before Flop (didn't bet)
Seat 6: EBoshered (small blind) folded before Flop



PokerStars Hand #254754647428:  Hold'em No Limit ($0.50/$1.00 USD) - 2025/02/07 20:15:15 WET [2025/02/07 15:15:15 ET]
Table 'Biela II' 6-max Seat #6 is the button
Seat 1: XneferX ($100 in chips) 
Seat 2: ImaPeppaPig ($100 in chips) 
Seat 3: TgSena ($21 in chips) 
Seat 4: EasyGamerrr ($101 in chips) 
Seat 5: EvilReality ($100 in chips) 
Seat 6: EBoshered ($100 in chips) 
XneferX: posts small blind $0.50
ImaPeppaPig: posts big blind $1
*** HOLE CARDS ***
TgSena: folds 
EasyGamerrr: raises $1 to $2
EvilReality: folds 
EBoshered: folds 
XneferX: folds 
ImaPeppaPig: folds 
Uncalled bet ($1) returned to EasyGamerrr
EasyGamerrr collected $2.50 from pot
EasyGamerrr: doesn't show hand 
*** SUMMARY ***
Total pot $2.50 | Rake $0 
Seat 1: XneferX (small blind) folded before Flop
Seat 2: ImaPeppaPig (big blind) folded before Flop
Seat 3: TgSena folded before Flop (didn't bet)
Seat 4: EasyGamerrr collected ($2.50)
Seat 5: EvilReality folded before Flop (didn't bet)
Seat 6: EBoshered (button) folded before Flop (didn't bet)



PokerStars Hand #254754652054:  Hold'em No Limit ($0.50/$1.00 USD) - 2025/02/07 20:15:30 WET [2025/02/07 15:15:30 ET]
Table 'Biela II' 6-max Seat #1 is the button
Seat 1: XneferX ($100 in chips) 
Seat 2: ImaPeppaPig ($100 in chips) 
Seat 3: TgSena ($21 in chips) 
Seat 4: EasyGamerrr ($102.50 in chips) 
Seat 5: EvilReality ($100 in chips) 
Seat 6: EBoshered ($100 in chips) 
ImaPeppaPig: posts small blind $0.50
TgSena: posts big blind $1
*** HOLE CARDS ***
EasyGamerrr: raises $1 to $2
EvilReality: folds 
EBoshered: folds 
XneferX: raises $4 to $6
ImaPeppaPig: folds 
TgSena: calls $5
EasyGamerrr: raises $18 to $24
XneferX: raises $76 to $100 and is all-in
TgSena: folds 
EasyGamerrr: folds 
Uncalled bet ($76) returned to XneferX
XneferX collected $54.50 from pot
XneferX: doesn't show hand 
*** SUMMARY ***
Total pot $54.50 | Rake $0 
Seat 1: XneferX (button) collected ($54.50)
Seat 2: ImaPeppaPig (small blind) folded before Flop
Seat 3: TgSena (big blind) folded before Flop
Seat 4: EasyGamerrr folded before Flop
Seat 5: EvilReality folded before Flop (didn't bet)
Seat 6: EBoshered folded before Flop (didn't bet)



PokerStars Hand #254754672604:  Hold'em No Limit ($0.50/$1.00 USD) - 2025/02/07 20:16:39 WET [2025/02/07 15:16:39 ET]
Table 'Biela II' 6-max Seat #2 is the button
Seat 1: XneferX ($130.50 in chips) 
Seat 2: ImaPeppaPig ($100 in chips) 
Seat 3: TgSena ($15 in chips) 
Seat 4: EasyGamerrr ($100 in chips) 
Seat 5: EvilReality ($100 in chips) 
Seat 6: EBoshered ($100 in chips) 
TgSena: posts small blind $0.50
EasyGamerrr: posts big blind $1
*** HOLE CARDS ***
EvilReality: folds 
EBoshered: folds 
XneferX: folds 
ImaPeppaPig: folds 
TgSena: calls $0.50
EasyGamerrr: raises $7 to $8
TgSena: raises $7 to $15 and is all-in
EasyGamerrr: calls $7
*** FLOP *** [3d Js Qh]
*** TURN *** [3d Js Qh] [Th]
*** RIVER *** [3d Js Qh Th] [5c]
*** SHOW DOWN ***
TgSena: shows [Qs Tc] (two pair, Queens and Tens)
EasyGamerrr: shows [8h Ah] (high card Ace)
TgSena collected $28.50 from pot
*** SUMMARY ***
Total pot $30 | Rake $1.50 
Board [3d Js Qh Th 5c]
Seat 1: XneferX folded before Flop (didn't bet)
Seat 2: ImaPeppaPig (button) folded before Flop (didn't bet)
Seat 3: TgSena (small blind) showed [Qs Tc] and won ($28.50) with two pair, Queens and Tens
Seat 4: EasyGamerrr (big blind) showed [8h Ah] and lost with high card Ace
Seat 5: EvilReality folded before Flop (didn't bet)
Seat 6: EBoshered folded before Flop (didn't bet)



PokerStars Hand #254754684434:  Hold'em No Limit ($0.50/$1.00 USD) - 2025/02/07 20:17:18 WET [2025/02/07 15:17:18 ET]
Table 'Biela II' 6-max Seat #3 is the button
Seat 1: XneferX ($130.50 in chips) 
Seat 2: ImaPeppaPig ($100 in chips) 
Seat 3: TgSena ($28.50 in chips) 
Seat 4: EasyGamerrr ($100 in chips) 
Seat 5: EvilReality ($100 in chips) 
Seat 6: EBoshered ($100 in chips) 
EasyGamerrr: posts small blind $0.50
EvilReality: posts big blind $1
*** HOLE CARDS ***
EBoshered: folds 
XneferX: folds 
ImaPeppaPig: folds 
TgSena: folds 
EasyGamerrr: folds 
Uncalled bet ($0.50) returned to EvilReality
EvilReality collected $1 from pot
EvilReality: doesn't show hand 
*** SUMMARY ***
Total pot $1 | Rake $0 
Seat 1: XneferX folded before Flop (didn't bet)
Seat 2: ImaPeppaPig folded before Flop (didn't bet)
Seat 3: TgSena (button) folded before Flop (didn't bet)
Seat 4: EasyGamerrr (small blind) folded before Flop
Seat 5: EvilReality (big blind) collected ($1)
Seat 6: EBoshered folded before Flop (didn't bet)



PokerStars Hand #254754688982:  Hold'em No Limit ($0.50/$1.00 USD) - 2025/02/07 20:17:33 WET [2025/02/07 15:17:33 ET]
Table 'Biela II' 6-max Seat #4 is the button
Seat 1: XneferX ($130.50 in chips) 
Seat 2: ImaPeppaPig ($100 in chips) 
Seat 3: TgSena ($28.50 in chips) 
Seat 4: EasyGamerrr ($100 in chips) 
Seat 5: EvilReality ($100.50 in chips) 
Seat 6: EBoshered ($100 in chips) 
EvilReality: posts small blind $0.50
EBoshered: posts big blind $1
*** HOLE CARDS ***
XneferX: folds 
ImaPeppaPig: raises $1.50 to $2.50
TgSena: folds 
EasyGamerrr: folds 
EvilReality: folds 
EBoshered: folds 
Uncalled bet ($1.50) returned to ImaPeppaPig
ImaPeppaPig collected $2.50 from pot
ImaPeppaPig: doesn't show hand 
*** SUMMARY ***
Total pot $2.50 | Rake $0 
Seat 1: XneferX folded before Flop (didn't bet)
Seat 2: ImaPeppaPig collected ($2.50)
Seat 3: TgSena folded before Flop (didn't bet)
Seat 4: EasyGamerrr (button) folded before Flop (didn't bet)
Seat 5: EvilReality (small blind) folded before Flop
Seat 6: EBoshered (big blind) folded before Flop



PokerStars Hand #254754694179:  Hold'em No Limit ($0.50/$1.00 USD) - 2025/02/07 20:17:50 WET [2025/02/07 15:17:50 ET]
Table 'Biela II' 6-max Seat #5 is the button
Seat 1: XneferX ($130.50 in chips) 
Seat 2: ImaPeppaPig ($101.50 in chips) 
Seat 3: TgSena ($28.50 in chips) 
Seat 4: EasyGamerrr ($100 in chips) 
Seat 5: EvilReality ($100 in chips) 
Seat 6: EBoshered ($100 in chips) 
EBoshered: posts small blind $0.50
XneferX: posts big blind $1
*** HOLE CARDS ***
ImaPeppaPig: folds 
TgSena: folds 
EasyGamerrr: folds 
EvilReality: folds 
EBoshered: raises $2 to $3
XneferX: calls $2
*** FLOP *** [Tc 2h Qs]
EBoshered: bets $1.88
XneferX: folds 
Uncalled bet ($1.88) returned to EBoshered
EBoshered collected $5.70 from pot
EBoshered: doesn't show hand 
*** SUMMARY ***
Total pot $6 | Rake $0.30 
Board [Tc 2h Qs]
Seat 1: XneferX (big blind) folded on the Flop
Seat 2: ImaPeppaPig folded before Flop (didn't bet)
Seat 3: TgSena folded before Flop (didn't bet)
Seat 4: EasyGamerrr folded before Flop (didn't bet)
Seat 5: EvilReality (button) folded before Flop (didn't bet)
Seat 6: EBoshered (small blind) collected ($5.70)



PokerStars Hand #254754709909:  Hold'em No Limit ($0.50/$1.00 USD) - 2025/02/07 20:18:41 WET [2025/02/07 15:18:41 ET]
Table 'Biela II' 6-max Seat #6 is the button
Seat 1: XneferX ($127.50 in chips) 
Seat 2: ImaPeppaPig ($101.50 in chips) 
Seat 3: TgSena ($28.50 in chips) 
Seat 4: EasyGamerrr ($100 in chips) 
Seat 5: EvilReality ($100 in chips) 
Seat 6: EBoshered ($102.70 in chips) 
XneferX: posts small blind $0.50
ImaPeppaPig: posts big blind $1
*** HOLE CARDS ***
TgSena: calls $1
EasyGamerrr: folds 
EvilReality: folds 
EBoshered: raises $3 to $4
XneferX: folds 
ImaPeppaPig: folds 
TgSena: calls $3
*** FLOP *** [4d 4h Kc]
TgSena: checks 
EBoshered: bets $2.98
TgSena: folds 
Uncalled bet ($2.98) returned to EBoshered
EBoshered collected $9.02 from pot
EBoshered: doesn't show hand 
*** SUMMARY ***
Total pot $9.50 | Rake $0.48 
Board [4d 4h Kc]
Seat 1: XneferX (small blind) folded before Flop
Seat 2: ImaPeppaPig (big blind) folded before Flop
Seat 3: TgSena folded on the Flop
Seat 4: EasyGamerrr folded before Flop (didn't bet)
Seat 5: EvilReality folded before Flop (didn't bet)
Seat 6: EBoshered (button) collected ($9.02)



PokerStars Hand #254754719661:  Hold'em No Limit ($0.50/$1.00 USD) - 2025/02/07 20:19:13 WET [2025/02/07 15:19:13 ET]
Table 'Biela II' 6-max Seat #1 is the button
Seat 1: XneferX ($127 in chips) 
Seat 2: ImaPeppaPig ($100.50 in chips) 
Seat 3: TgSena ($24.50 in chips) 
Seat 4: EasyGamerrr ($100 in chips) 
Seat 5: EvilReality ($100 in chips) 
Seat 6: EBoshered ($107.72 in chips) 
ImaPeppaPig: posts small blind $0.50
TgSena: posts big blind $1
*** HOLE CARDS ***
EasyGamerrr: raises $1 to $2
EvilReality: folds 
EBoshered: folds 
XneferX: folds 
ImaPeppaPig: folds 
TgSena: calls $1
*** FLOP *** [2s Ks 5d]
TgSena: checks 
EasyGamerrr: bets $1.41
TgSena: calls $1.41
*** TURN *** [2s Ks 5d] [5h]
TgSena: checks 
EasyGamerrr: checks 
*** RIVER *** [2s Ks 5d 5h] [2c]
TgSena: checks 
EasyGamerrr: bets $5.21
TgSena: calls $5.21
*** SHOW DOWN ***
EasyGamerrr: shows [Kc 8c] (two pair, Kings and Fives)
TgSena: mucks hand 
EasyGamerrr collected $16.85 from pot
*** SUMMARY ***
Total pot $17.74 | Rake $0.89 
Board [2s Ks 5d 5h 2c]
Seat 1: XneferX (button) folded before Flop (didn't bet)
Seat 2: ImaPeppaPig (small blind) folded before Flop
Seat 3: TgSena (big blind) mucked
Seat 4: EasyGamerrr showed [Kc 8c] and won ($16.85) with two pair, Kings and Fives
Seat 5: EvilReality folded before Flop (didn't bet)
Seat 6: EBoshered folded before Flop (didn't bet)



PokerStars Hand #254754734526:  Hold'em No Limit ($0.50/$1.00 USD) - 2025/02/07 20:20:02 WET [2025/02/07 15:20:02 ET]
Table 'Biela II' 6-max Seat #2 is the button
Seat 1: XneferX ($127 in chips) 
Seat 2: ImaPeppaPig ($100 in chips) 
Seat 3: TgSena ($15.88 in chips) 
Seat 4: EasyGamerrr ($108.23 in chips) 
Seat 5: EvilReality ($100 in chips) 
Seat 6: EBoshered ($107.72 in chips) 
TgSena: posts small blind $0.50
EasyGamerrr: posts big blind $1
*** HOLE CARDS ***
EvilReality: folds 
EBoshered: folds 
XneferX: folds 
ImaPeppaPig: folds 
TgSena: calls $0.50
EasyGamerrr: checks 
*** FLOP *** [Kd 8c 3c]
TgSena: checks 
EasyGamerrr: checks 
*** TURN *** [Kd 8c 3c] [Ad]
TgSena: bets $2
EasyGamerrr: folds 
Uncalled bet ($2) returned to TgSena
TgSena collected $1.90 from pot
*** SUMMARY ***
Total pot $2 | Rake $0.10 
Board [Kd 8c 3c Ad]
Seat 1: XneferX folded before Flop (didn't bet)
Seat 2: ImaPeppaPig (button) folded before Flop (didn't bet)
Seat 3: TgSena (small blind) collected ($1.90)
Seat 4: EasyGamerrr (big blind) folded on the Turn
Seat 5: EvilReality folded before Flop (didn't bet)
Seat 6: EBoshered folded before Flop (didn't bet)



PokerStars Hand #254754752463:  Hold'em No Limit ($0.50/$1.00 USD) - 2025/02/07 20:21:01 WET [2025/02/07 15:21:01 ET]
Table 'Biela II' 6-max Seat #3 is the button
Seat 1: XneferX ($127 in chips) 
Seat 2: ImaPeppaPig ($100 in chips) 
Seat 3: TgSena ($16.78 in chips) 
Seat 4: EasyGamerrr ($107.23 in chips) 
Seat 5: EvilReality ($100 in chips) 
Seat 6: EBoshered ($107.72 in chips) 
EasyGamerrr: posts small blind $0.50
EvilReality: posts big blind $1
*** HOLE CARDS ***
EBoshered: raises $1.20 to $2.20
XneferX: folds 
ImaPeppaPig: raises $4.80 to $7
TgSena: folds 
EasyGamerrr: folds 
EvilReality: folds 
EBoshered: folds 
Uncalled bet ($4.80) returned to ImaPeppaPig
ImaPeppaPig collected $5.90 from pot
ImaPeppaPig: doesn't show hand 
*** SUMMARY ***
Total pot $5.90 | Rake $0 
Seat 1: XneferX folded before Flop (didn't bet)
Seat 2: ImaPeppaPig collected ($5.90)
Seat 3: TgSena (button) folded before Flop (didn't bet)
Seat 4: EasyGamerrr (small blind) folded before Flop
Seat 5: EvilReality (big blind) folded before Flop
Seat 6: EBoshered folded before Flop



PokerStars Hand #254754759910:  Hold'em No Limit ($0.50/$1.00 USD) - 2025/02/07 20:21:25 WET [2025/02/07 15:21:25 ET]
Table 'Biela II' 6-max Seat #4 is the button
Seat 1: XneferX ($127 in chips) 
Seat 2: ImaPeppaPig ($103.70 in chips) 
Seat 3: TgSena ($16.78 in chips) 
Seat 4: EasyGamerrr ($106.73 in chips) 
Seat 5: EvilReality ($100 in chips) 
Seat 6: EBoshered ($105.52 in chips) 
EvilReality: posts small blind $0.50
EBoshered: posts big blind $1
*** HOLE CARDS ***
XneferX: folds 
ImaPeppaPig: folds 
TgSena: folds 
EasyGamerrr: folds 
EvilReality: raises $2 to $3
EBoshered: calls $2
*** FLOP *** [8d As 6d]
EvilReality: bets $1.88
EBoshered: calls $1.88
*** TURN *** [8d As 6d] [Js]
EvilReality: checks 
EBoshered: bets $12.50
EvilReality: folds 
Uncalled bet ($12.50) returned to EBoshered
EBoshered collected $9.27 from pot
EBoshered: doesn't show hand 
*** SUMMARY ***
Total pot $9.76 | Rake $0.49 
Board [8d As 6d Js]
Seat 1: XneferX folded before Flop (didn't bet)
Seat 2: ImaPeppaPig folded before Flop (didn't bet)
Seat 3: TgSena folded before Flop (didn't bet)
Seat 4: EasyGamerrr (button) folded before Flop (didn't bet)
Seat 5: EvilReality (small blind) folded on the Turn
Seat 6: EBoshered (big blind) collected ($9.27)



PokerStars Hand #254754782101:  Hold'em No Limit ($0.50/$1.00 USD) - 2025/02/07 20:22:38 WET [2025/02/07 15:22:38 ET]
Table 'Biela II' 6-max Seat #5 is the button
Seat 1: XneferX ($127 in chips) 
Seat 2: ImaPeppaPig ($103.70 in chips) 
Seat 3: TgSena ($16.78 in chips) 
Seat 4: EasyGamerrr ($106.73 in chips) 
Seat 5: EvilReality ($100 in chips) 
Seat 6: EBoshered ($109.91 in chips) 
EBoshered: posts small blind $0.50
XneferX: posts big blind $1
*** HOLE CARDS ***
ImaPeppaPig: folds 
TgSena: folds 
EasyGamerrr: folds 
EvilReality: folds 
EBoshered: raises $2 to $3
XneferX: calls $2
*** FLOP *** [4s Qd 4c]
EBoshered: checks 
XneferX: checks 
*** TURN *** [4s Qd 4c] [7h]
EBoshered: bets $1.88
XneferX: folds 
Uncalled bet ($1.88) returned to EBoshered
EBoshered collected $5.70 from pot
EBoshered: doesn't show hand 
*** SUMMARY ***
Total pot $6 | Rake $0.30 
Board [4s Qd 4c 7h]
Seat 1: XneferX (big blind) folded on the Turn
Seat 2: ImaPeppaPig folded before Flop (didn't bet)
Seat 3: TgSena folded before Flop (didn't bet)
Seat 4: EasyGamerrr folded before Flop (didn't bet)
Seat 5: EvilReality (button) folded before Flop (didn't bet)
Seat 6: EBoshered (small blind) collected ($5.70)



PokerStars Hand #254754798544:  Hold'em No Limit ($0.50/$1.00 USD) - 2025/02/07 20:23:32 WET [2025/02/07 15:23:32 ET]
Table 'Biela II' 6-max Seat #6 is the button
Seat 1: XneferX ($124 in chips) 
Seat 2: ImaPeppaPig ($103.70 in chips) 
Seat 3: TgSena ($16.78 in chips) 
Seat 4: EasyGamerrr ($106.73 in chips) 
Seat 5: EvilReality ($100 in chips) 
Seat 6: EBoshered ($112.61 in chips) 
XneferX: posts small blind $0.50
ImaPeppaPig: posts big blind $1
*** HOLE CARDS ***
TgSena: folds 
EasyGamerrr: raises $1 to $2
EvilReality: folds 
EBoshered: folds 
XneferX: folds 
ImaPeppaPig: folds 
Uncalled bet ($1) returned to EasyGamerrr
EasyGamerrr collected $2.50 from pot
EasyGamerrr: doesn't show hand 
*** SUMMARY ***
Total pot $2.50 | Rake $0 
Seat 1: XneferX (small blind) folded before Flop
Seat 2: ImaPeppaPig (big blind) folded before Flop
Seat 3: TgSena folded before Flop (didn't bet)
Seat 4: EasyGamerrr collected ($2.50)
Seat 5: EvilReality folded before Flop (didn't bet)
Seat 6: EBoshered (button) folded before Flop (didn't bet)



PokerStars Hand #254754803845:  Hold'em No Limit ($0.50/$1.00 USD) - 2025/02/07 20:23:49 WET [2025/02/07 15:23:49 ET]
Table 'Biela II' 6-max Seat #1 is the button
Seat 1: XneferX ($123.50 in chips) 
Seat 2: ImaPeppaPig ($102.70 in chips) 
Seat 3: TgSena ($16.78 in chips) 
Seat 4: EasyGamerrr ($108.23 in chips) 
Seat 5: EvilReality ($100 in chips) 
Seat 6: EBoshered ($112.61 in chips) 
ImaPeppaPig: posts small blind $0.50
TgSena: posts big blind $1
*** HOLE CARDS ***
EasyGamerrr: folds 
EvilReality: folds 
EBoshered: folds 
XneferX: folds 
ImaPeppaPig: raises $2 to $3
TgSena: calls $2
*** FLOP *** [As Td Kd]
ImaPeppaPig: checks 
TgSena: checks 
*** TURN *** [As Td Kd] [Ad]
ImaPeppaPig: checks 
TgSena: bets $3
ImaPeppaPig: calls $3
*** RIVER *** [As Td Kd Ad] [9c]
ImaPeppaPig: checks 
TgSena: bets $3
ImaPeppaPig: calls $3
*** SHOW DOWN ***
TgSena: shows [Jd Ah] (three of a kind, Aces)
ImaPeppaPig: mucks hand 
TgSena collected $17.10 from pot
*** SUMMARY ***
Total pot $18 | Rake $0.90 
Board [As Td Kd Ad 9c]
Seat 1: XneferX (button) folded before Flop (didn't bet)
Seat 2: ImaPeppaPig (small blind) mucked
Seat 3: TgSena (big blind) showed [Jd Ah] and won ($17.10) with three of a kind, Aces
Seat 4: EasyGamerrr folded before Flop (didn't bet)
Seat 5: EvilReality folded before Flop (didn't bet)
Seat 6: EBoshered folded before Flop (didn't bet)



PokerStars Hand #254754817917:  Hold'em No Limit ($0.50/$1.00 USD) - 2025/02/07 20:24:36 WET [2025/02/07 15:24:36 ET]
Table 'Biela II' 6-max Seat #2 is the button
Seat 1: XneferX ($123.50 in chips) 
Seat 2: ImaPeppaPig ($100 in chips) 
Seat 3: TgSena ($24.88 in chips) 
Seat 4: EasyGamerrr ($108.23 in chips) 
Seat 5: EvilReality ($100 in chips) 
Seat 6: EBoshered ($112.61 in chips) 
TgSena: posts small blind $0.50
EasyGamerrr: posts big blind $1
*** HOLE CARDS ***
EvilReality: folds 
EBoshered: folds 
XneferX: folds 
ImaPeppaPig: raises $1.50 to $2.50
TgSena: calls $2
EasyGamerrr: folds 
*** FLOP *** [4s 6c 5h]
TgSena: checks 
ImaPeppaPig: checks 
*** TURN *** [4s 6c 5h] [6d]
TgSena: checks 
ImaPeppaPig: checks 
*** RIVER *** [4s 6c 5h 6d] [9s]
TgSena: checks 
ImaPeppaPig: bets $3
TgSena: calls $3
*** SHOW DOWN ***
ImaPeppaPig: shows [9c Kd] (two pair, Nines and Sixes)
TgSena: mucks hand 
ImaPeppaPig collected $11.40 from pot
*** SUMMARY ***
Total pot $12 | Rake $0.60 
Board [4s 6c 5h 6d 9s]
Seat 1: XneferX folded before Flop (didn't bet)
Seat 2: ImaPeppaPig (button) showed [9c Kd] and won ($11.40) with two pair, Nines and Sixes
Seat 3: TgSena (small blind) mucked
Seat 4: EasyGamerrr (big blind) folded before Flop
Seat 5: EvilReality folded before Flop (didn't bet)
Seat 6: EBoshered folded before Flop (didn't bet)



PokerStars Hand #254754829067:  Hold'em No Limit ($0.50/$1.00 USD) - 2025/02/07 20:25:12 WET [2025/02/07 15:25:12 ET]
Table 'Biela II' 6-max Seat #3 is the button
Seat 1: XneferX ($123.50 in chips) 
Seat 2: ImaPeppaPig ($105.90 in chips) 
Seat 3: TgSena ($19.38 in chips) 
Seat 4: EasyGamerrr ($107.23 in chips) 
Seat 5: EvilReality ($100 in chips) 
Seat 6: EBoshered ($112.61 in chips) 
EasyGamerrr: posts small blind $0.50
EvilReality: posts big blind $1
*** HOLE CARDS ***
EBoshered: folds 
XneferX: folds 
ImaPeppaPig: raises $1.50 to $2.50
TgSena: calls $2.50
EasyGamerrr: folds 
EvilReality: folds 
*** FLOP *** [2h 7s Ks]
ImaPeppaPig: bets $1.92
TgSena: calls $1.92
*** TURN *** [2h 7s Ks] [3d]
ImaPeppaPig: bets $5.11
TgSena: raises $9.85 to $14.96 and is all-in
ImaPeppaPig: folds 
Uncalled bet ($9.85) returned to TgSena
TgSena collected $19.53 from pot
*** SUMMARY ***
Total pot $20.56 | Rake $1.03 
Board [2h 7s Ks 3d]
Seat 1: XneferX folded before Flop (didn't bet)
Seat 2: ImaPeppaPig folded on the Turn
Seat 3: TgSena (button) collected ($19.53)
Seat 4: EasyGamerrr (small blind) folded before Flop
Seat 5: EvilReality (big blind) folded before Flop
Seat 6: EBoshered folded before Flop (didn't bet)



PokerStars Hand #254754841536:  Hold'em No Limit ($0.50/$1.00 USD) - 2025/02/07 20:25:53 WET [2025/02/07 15:25:53 ET]
Table 'Biela II' 6-max Seat #4 is the button
Seat 1: XneferX ($123.50 in chips) 
Seat 2: ImaPeppaPig ($100 in chips) 
Seat 3: TgSena ($29.38 in chips) 
Seat 4: EasyGamerrr ($106.73 in chips) 
Seat 5: EvilReality ($100 in chips) 
Seat 6: EBoshered ($112.61 in chips) 
EvilReality: posts small blind $0.50
EBoshered: posts big blind $1
*** HOLE CARDS ***
XneferX: folds 
ImaPeppaPig: folds 
TgSena: folds 
EasyGamerrr: folds 
EvilReality: folds 
Uncalled bet ($0.50) returned to EBoshered
EBoshered collected $1 from pot
EBoshered: doesn't show hand 
*** SUMMARY ***
Total pot $1 | Rake $0 
Seat 1: XneferX folded before Flop (didn't bet)
Seat 2: ImaPeppaPig folded before Flop (didn't bet)
Seat 3: TgSena folded before Flop (didn't bet)
Seat 4: EasyGamerrr (button) folded before Flop (didn't bet)
Seat 5: EvilReality (small blind) folded before Flop
Seat 6: EBoshered (big blind) collected ($1)



PokerStars Hand #254754846053:  Hold'em No Limit ($0.50/$1.00 USD) - 2025/02/07 20:26:08 WET [2025/02/07 15:26:08 ET]
Table 'Biela II' 6-max Seat #5 is the button
Seat 1: XneferX ($123.50 in chips) 
Seat 2: ImaPeppaPig ($100 in chips) 
Seat 3: TgSena ($29.38 in chips) 
Seat 4: EasyGamerrr ($106.73 in chips) 
Seat 5: EvilReality ($100 in chips) 
Seat 6: EBoshered ($113.11 in chips) 
EBoshered: posts small blind $0.50
XneferX: posts big blind $1
*** HOLE CARDS ***
ImaPeppaPig: folds 
TgSena: folds 
EasyGamerrr: folds 
EvilReality: folds 
EBoshered: raises $2 to $3
XneferX: folds 
Uncalled bet ($2) returned to EBoshered
EBoshered collected $2 from pot
EBoshered: doesn't show hand 
*** SUMMARY ***
Total pot $2 | Rake $0 
Seat 1: XneferX (big blind) folded before Flop
Seat 2: ImaPeppaPig folded before Flop (didn't bet)
Seat 3: TgSena folded before Flop (didn't bet)
Seat 4: EasyGamerrr folded before Flop (didn't bet)
Seat 5: EvilReality (button) folded before Flop (didn't bet)
Seat 6: EBoshered (small blind) collected ($2)



PokerStars Hand #254754851881:  Hold'em No Limit ($0.50/$1.00 USD) - 2025/02/07 20:26:27 WET [2025/02/07 15:26:27 ET]
Table 'Biela II' 6-max Seat #6 is the button
Seat 1: XneferX ($122.50 in chips) 
Seat 2: ImaPeppaPig ($100 in chips) 
Seat 3: TgSena ($29.38 in chips) 
Seat 4: EasyGamerrr ($106.73 in chips) 
Seat 5: EvilReality ($100 in chips) 
Seat 6: EBoshered ($114.11 in chips) 
XneferX: posts small blind $0.50
ImaPeppaPig: posts big blind $1
*** HOLE CARDS ***
TgSena: folds 
EasyGamerrr: folds 
EvilReality: folds 
EBoshered: raises $1.50 to $2.50
XneferX: folds 
ImaPeppaPig: folds 
Uncalled bet ($1.50) returned to EBoshered
EBoshered collected $2.50 from pot
EBoshered: doesn't show hand 
*** SUMMARY ***
Total pot $2.50 | Rake $0 
Seat 1: XneferX (small blind) folded before Flop
Seat 2: ImaPeppaPig (big blind) folded before Flop
Seat 3: TgSena folded before Flop (didn't bet)
Seat 4: EasyGamerrr folded before Flop (didn't bet)
Seat 5: EvilReality folded before Flop (didn't bet)
Seat 6: EBoshered (button) collected ($2.50)



PokerStars Hand #254754865073:  Hold'em No Limit ($0.50/$1.00 USD) - 2025/02/07 20:27:10 WET [2025/02/07 15:27:10 ET]
Table 'Biela II' 6-max Seat #1 is the button
Seat 1: XneferX ($122 in chips) 
Seat 2: ImaPeppaPig ($100 in chips) 
Seat 3: TgSena ($29.38 in chips) 
Seat 4: EasyGamerrr ($106.73 in chips) 
Seat 5: EvilReality ($100 in chips) 
Seat 6: EBoshered ($115.61 in chips) 
ImaPeppaPig: posts small blind $0.50
TgSena: posts big blind $1
*** HOLE CARDS ***
EasyGamerrr: folds 
EvilReality: folds 
EBoshered: folds 
XneferX: raises $1.77 to $2.77
ImaPeppaPig: folds 
TgSena: folds 
Uncalled bet ($1.77) returned to XneferX
XneferX collected $2.50 from pot
XneferX: doesn't show hand 
*** SUMMARY ***
Total pot $2.50 | Rake $0 
Seat 1: XneferX (button) collected ($2.50)
Seat 2: ImaPeppaPig (small blind) folded before Flop
Seat 3: TgSena (big blind) folded before Flop
Seat 4: EasyGamerrr folded before Flop (didn't bet)
Seat 5: EvilReality folded before Flop (didn't bet)
Seat 6: EBoshered folded before Flop (didn't bet)



PokerStars Hand #254754871953:  Hold'em No Limit ($0.50/$1.00 USD) - 2025/02/07 20:27:32 WET [2025/02/07 15:27:32 ET]
Table 'Biela II' 6-max Seat #2 is the button
Seat 1: XneferX ($123.50 in chips) 
Seat 2: ImaPeppaPig ($100 in chips) 
Seat 3: TgSena ($28.38 in chips) 
Seat 4: EasyGamerrr ($106.73 in chips) 
Seat 5: EvilReality ($100 in chips) 
Seat 6: EBoshered ($115.61 in chips) 
TgSena: posts small blind $0.50
EasyGamerrr: posts big blind $1
*** HOLE CARDS ***
EvilReality: folds 
EBoshered: folds 
XneferX: folds 
ImaPeppaPig: raises $1.50 to $2.50
TgSena: folds 
EasyGamerrr: calls $1.50
*** FLOP *** [4h Jc Kc]
EasyGamerrr: checks 
ImaPeppaPig: checks 
*** TURN *** [4h Jc Kc] [Ts]
EasyGamerrr: bets $7.05
ImaPeppaPig: raises $19.95 to $27
EasyGamerrr: folds 
Uncalled bet ($19.95) returned to ImaPeppaPig
ImaPeppaPig collected $18.62 from pot
ImaPeppaPig: doesn't show hand 
*** SUMMARY ***
Total pot $19.60 | Rake $0.98 
Board [4h Jc Kc Ts]
Seat 1: XneferX folded before Flop (didn't bet)
Seat 2: ImaPeppaPig (button) collected ($18.62)
Seat 3: TgSena (small blind) folded before Flop
Seat 4: EasyGamerrr (big blind) folded on the Turn
Seat 5: EvilReality folded before Flop (didn't bet)
Seat 6: EBoshered folded before Flop (didn't bet)



PokerStars Hand #254754894504:  Hold'em No Limit ($0.50/$1.00 USD) - 2025/02/07 20:28:46 WET [2025/02/07 15:28:46 ET]
Table 'Biela II' 6-max Seat #3 is the button
Seat 1: XneferX ($123.50 in chips) 
Seat 2: ImaPeppaPig ($109.07 in chips) 
Seat 3: TgSena ($27.88 in chips) 
Seat 4: EasyGamerrr ($100 in chips) 
Seat 5: EvilReality ($100 in chips) 
Seat 6: EBoshered ($115.61 in chips) 
EasyGamerrr: posts small blind $0.50
EvilReality: posts big blind $1
*** HOLE CARDS ***
EBoshered: folds 
XneferX: raises $1.10 to $2.10
ImaPeppaPig: folds 
TgSena: folds 
EasyGamerrr: folds 
EvilReality: folds 
Uncalled bet ($1.10) returned to XneferX
XneferX collected $2.50 from pot
XneferX: doesn't show hand 
*** SUMMARY ***
Total pot $2.50 | Rake $0 
Seat 1: XneferX collected ($2.50)
Seat 2: ImaPeppaPig folded before Flop (didn't bet)
Seat 3: TgSena (button) folded before Flop (didn't bet)
Seat 4: EasyGamerrr (small blind) folded before Flop
Seat 5: EvilReality (big blind) folded before Flop
Seat 6: EBoshered folded before Flop (didn't bet)



PokerStars Hand #254754899893:  Hold'em No Limit ($0.50/$1.00 USD) - 2025/02/07 20:29:04 WET [2025/02/07 15:29:04 ET]
Table 'Biela II' 6-max Seat #4 is the button
Seat 1: XneferX ($125 in chips) 
Seat 2: ImaPeppaPig ($109.07 in chips) 
Seat 3: TgSena ($27.88 in chips) 
Seat 4: EasyGamerrr ($100 in chips) 
Seat 5: EvilReality ($100 in chips) 
Seat 6: EBoshered ($115.61 in chips) 
EvilReality: posts small blind $0.50
EBoshered: posts big blind $1
*** HOLE CARDS ***
XneferX: folds 
ImaPeppaPig: folds 
TgSena: raises $1.50 to $2.50
EasyGamerrr: folds 
EvilReality: folds 
EBoshered: calls $1.50
*** FLOP *** [6c 3h 7d]
EBoshered: checks 
TgSena: bets $2.61
EBoshered: raises $110.50 to $113.11 and is all-in
TgSena: folds 
Uncalled bet ($110.50) returned to EBoshered
EBoshered collected $10.18 from pot
EBoshered: doesn't show hand 
*** SUMMARY ***
Total pot $10.72 | Rake $0.54 
Board [6c 3h 7d]
Seat 1: XneferX folded before Flop (didn't bet)
Seat 2: ImaPeppaPig folded before Flop (didn't bet)
Seat 3: TgSena folded on the Flop
Seat 4: EasyGamerrr (button) folded before Flop (didn't bet)
Seat 5: EvilReality (small blind) folded before Flop
Seat 6: EBoshered (big blind) collected ($10.18)



PokerStars Hand #254754911530:  Hold'em No Limit ($0.50/$1.00 USD) - 2025/02/07 20:29:42 WET [2025/02/07 15:29:42 ET]
Table 'Biela II' 6-max Seat #5 is the button
Seat 1: XneferX ($125 in chips) 
Seat 2: ImaPeppaPig ($109.07 in chips) 
Seat 3: TgSena ($22.77 in chips) 
Seat 4: EasyGamerrr ($100 in chips) 
Seat 5: EvilReality ($100 in chips) 
Seat 6: EBoshered ($120.68 in chips) 
EBoshered: posts small blind $0.50
XneferX: posts big blind $1
*** HOLE CARDS ***
ImaPeppaPig: folds 
TgSena: folds 
EasyGamerrr: raises $1.50 to $2.50
EvilReality: raises $5 to $7.50
EBoshered: folds 
XneferX: folds 
EasyGamerrr: raises $92.50 to $100 and is all-in
EvilReality: folds 
Uncalled bet ($92.50) returned to EasyGamerrr
EasyGamerrr collected $16.50 from pot
EasyGamerrr: doesn't show hand 
*** SUMMARY ***
Total pot $16.50 | Rake $0 
Seat 1: XneferX (big blind) folded before Flop
Seat 2: ImaPeppaPig folded before Flop (didn't bet)
Seat 3: TgSena folded before Flop (didn't bet)
Seat 4: EasyGamerrr collected ($16.50)
Seat 5: EvilReality (button) folded before Flop
Seat 6: EBoshered (small blind) folded before Flop



PokerStars Hand #254754925091:  Hold'em No Limit ($0.50/$1.00 USD) - 2025/02/07 20:30:27 WET [2025/02/07 15:30:27 ET]
Table 'Biela II' 6-max Seat #6 is the button
Seat 1: XneferX ($124 in chips) 
Seat 2: ImaPeppaPig ($109.07 in chips) 
Seat 3: TgSena ($22.77 in chips) 
Seat 4: EasyGamerrr ($109 in chips) 
Seat 5: EvilReality ($100 in chips) 
Seat 6: EBoshered ($120.18 in chips) 
XneferX: posts small blind $0.50
ImaPeppaPig: posts big blind $1
*** HOLE CARDS ***
TgSena: raises $1 to $2
EasyGamerrr: folds 
EvilReality: raises $3 to $5
EBoshered: folds 
XneferX: raises $10 to $15
ImaPeppaPig: folds 
TgSena: folds 
EvilReality: folds 
Uncalled bet ($10) returned to XneferX
XneferX collected $13 from pot
XneferX: doesn't show hand 
*** SUMMARY ***
Total pot $13 | Rake $0 
Seat 1: XneferX (small blind) collected ($13)
Seat 2: ImaPeppaPig (big blind) folded before Flop
Seat 3: TgSena folded before Flop
Seat 4: EasyGamerrr folded before Flop (didn't bet)
Seat 5: EvilReality folded before Flop
Seat 6: EBoshered (button) folded before Flop (didn't bet)



PokerStars Hand #254754935198:  Hold'em No Limit ($0.50/$1.00 USD) - 2025/02/07 20:30:59 WET [2025/02/07 15:30:59 ET]
Table 'Biela II' 6-max Seat #1 is the button
Seat 1: XneferX ($132 in chips) 
Seat 2: ImaPeppaPig ($108.07 in chips) 
Seat 3: TgSena ($20.77 in chips) 
Seat 4: EasyGamerrr ($109 in chips) 
Seat 5: EvilReality ($100 in chips) 
Seat 6: EBoshered ($120.18 in chips) 
ImaPeppaPig: posts small blind $0.50
TgSena: posts big blind $1
*** HOLE CARDS ***
EasyGamerrr: folds 
EvilReality: folds 
EBoshered: raises $1.20 to $2.20
XneferX: folds 
ImaPeppaPig: folds 
TgSena: calls $1.20
*** FLOP *** [7c Qc 4h]
TgSena: checks 
EBoshered: bets $1.54
TgSena: calls $1.54
*** TURN *** [7c Qc 4h] [4s]
TgSena: checks 
EBoshered: checks 
*** RIVER *** [7c Qc 4h 4s] [4c]
TgSena: bets $3
EBoshered: calls $3
*** SHOW DOWN ***
TgSena: shows [8d Qd] (a full house, Fours full of Queens)
EBoshered: mucks hand 
TgSena collected $13.28 from pot
*** SUMMARY ***
Total pot $13.98 | Rake $0.70 
Board [7c Qc 4h 4s 4c]
Seat 1: XneferX (button) folded before Flop (didn't bet)
Seat 2: ImaPeppaPig (small blind) folded before Flop
Seat 3: TgSena (big blind) showed [8d Qd] and won ($13.28) with a full house, Fours full of Queens
Seat 4: EasyGamerrr folded before Flop (didn't bet)
Seat 5: EvilReality folded before Flop (didn't bet)
Seat 6: EBoshered mucked



PokerStars Hand #254754947364:  Hold'em No Limit ($0.50/$1.00 USD) - 2025/02/07 20:31:39 WET [2025/02/07 15:31:39 ET]
Table 'Biela II' 6-max Seat #2 is the button
Seat 1: XneferX ($132 in chips) 
Seat 2: ImaPeppaPig ($107.57 in chips) 
Seat 3: TgSena ($27.31 in chips) 
Seat 4: EasyGamerrr ($109 in chips) 
Seat 5: EvilReality ($100 in chips) 
Seat 6: EBoshered ($113.44 in chips) 
TgSena: posts small blind $0.50
EasyGamerrr: posts big blind $1
*** HOLE CARDS ***
EvilReality: folds 
EBoshered: folds 
XneferX: raises $1.30 to $2.30
ImaPeppaPig: folds 
TgSena: folds 
EasyGamerrr: folds 
Uncalled bet ($1.30) returned to XneferX
XneferX collected $2.50 from pot
XneferX: doesn't show hand 
*** SUMMARY ***
Total pot $2.50 | Rake $0 
Seat 1: XneferX collected ($2.50)
Seat 2: ImaPeppaPig (button) folded before Flop (didn't bet)
Seat 3: TgSena (small blind) folded before Flop
Seat 4: EasyGamerrr (big blind) folded before Flop
Seat 5: EvilReality folded before Flop (didn't bet)
Seat 6: EBoshered folded before Flop (didn't bet)



PokerStars Hand #254754953535:  Hold'em No Limit ($0.50/$1.00 USD) - 2025/02/07 20:31:59 WET [2025/02/07 15:31:59 ET]
Table 'Biela II' 6-max Seat #3 is the button
Seat 1: XneferX ($133.50 in chips) 
Seat 2: ImaPeppaPig ($107.57 in chips) 
Seat 3: TgSena ($26.81 in chips) 
Seat 4: EasyGamerrr ($108 in chips) 
Seat 5: EvilReality ($100 in chips) 
Seat 6: EBoshered ($113.44 in chips) 
EasyGamerrr: posts small blind $0.50
EvilReality: posts big blind $1
*** HOLE CARDS ***
EBoshered: folds 
XneferX: raises $1.10 to $2.10
ImaPeppaPig: raises $4.90 to $7
TgSena: folds 
EasyGamerrr: folds 
EvilReality: folds 
XneferX: raises $15 to $22
ImaPeppaPig: raises $85.57 to $107.57 and is all-in
XneferX: folds 
Uncalled bet ($85.57) returned to ImaPeppaPig
ImaPeppaPig collected $45.50 from pot
ImaPeppaPig: doesn't show hand 
*** SUMMARY ***
Total pot $45.50 | Rake $0 
Seat 1: XneferX folded before Flop
Seat 2: ImaPeppaPig collected ($45.50)
Seat 3: TgSena (button) folded before Flop (didn't bet)
Seat 4: EasyGamerrr (small blind) folded before Flop
Seat 5: EvilReality (big blind) folded before Flop
Seat 6: EBoshered folded before Flop (didn't bet)



PokerStars Hand #254754966263:  Hold'em No Limit ($0.50/$1.00 USD) - 2025/02/07 20:32:41 WET [2025/02/07 15:32:41 ET]
Table 'Biela II' 6-max Seat #4 is the button
Seat 1: XneferX ($111.50 in chips) 
Seat 2: ImaPeppaPig ($131.07 in chips) 
Seat 3: TgSena ($26.81 in chips) 
Seat 4: EasyGamerrr ($107.50 in chips) 
Seat 5: EvilReality ($100 in chips) 
Seat 6: EBoshered ($113.44 in chips) 
EvilReality: posts small blind $0.50
EBoshered: posts big blind $1
*** HOLE CARDS ***
XneferX: folds 
ImaPeppaPig: raises $1.50 to $2.50
TgSena: calls $2.50
EasyGamerrr: folds 
EvilReality: folds 
EBoshered: raises $10.50 to $13
ImaPeppaPig: folds 
TgSena: folds 
Uncalled bet ($10.50) returned to EBoshered
EBoshered collected $8 from pot
EBoshered: doesn't show hand 
*** SUMMARY ***
Total pot $8 | Rake $0 
Seat 1: XneferX folded before Flop (didn't bet)
Seat 2: ImaPeppaPig folded before Flop
Seat 3: TgSena folded before Flop
Seat 4: EasyGamerrr (button) folded before Flop (didn't bet)
Seat 5: EvilReality (small blind) folded before Flop
Seat 6: EBoshered (big blind) collected ($8)



PokerStars Hand #254754976151:  Hold'em No Limit ($0.50/$1.00 USD) - 2025/02/07 20:33:13 WET [2025/02/07 15:33:13 ET]
Table 'Biela II' 6-max Seat #5 is the button
Seat 1: XneferX ($111.50 in chips) 
Seat 2: ImaPeppaPig ($128.57 in chips) 
Seat 3: TgSena ($24.31 in chips) 
Seat 4: EasyGamerrr ($107.50 in chips) 
Seat 5: EvilReality ($100 in chips) 
Seat 6: EBoshered ($118.94 in chips) 
EBoshered: posts small blind $0.50
XneferX: posts big blind $1
*** HOLE CARDS ***
ImaPeppaPig: folds 
TgSena: calls $1
EasyGamerrr: folds 
EvilReality: folds 
EBoshered: calls $0.50
XneferX: checks 
*** FLOP *** [Th 4c 9h]
EBoshered: bets $2.14
XneferX: calls $2.14
TgSena: calls $2.14
*** TURN *** [Th 4c 9h] [6h]
EBoshered: bets $6.71
XneferX: folds 
TgSena: calls $6.71
*** RIVER *** [Th 4c 9h 6h] [7h]
EBoshered: checks 
TgSena: checks 
*** SHOW DOWN ***
EBoshered: shows [4h 5h] (a flush, Ten high)
TgSena: mucks hand 
EBoshered collected $21.70 from pot
*** SUMMARY ***
Total pot $22.84 | Rake $1.14 
Board [Th 4c 9h 6h 7h]
Seat 1: XneferX (big blind) folded on the Turn
Seat 2: ImaPeppaPig folded before Flop (didn't bet)
Seat 3: TgSena mucked
Seat 4: EasyGamerrr folded before Flop (didn't bet)
Seat 5: EvilReality (button) folded before Flop (didn't bet)
Seat 6: EBoshered (small blind) showed [4h 5h] and won ($21.70) with a flush, Ten high



PokerStars Hand #254755000302:  Hold'em No Limit ($0.50/$1.00 USD) - 2025/02/07 20:34:32 WET [2025/02/07 15:34:32 ET]
Table 'Biela II' 6-max Seat #6 is the button
Seat 1: XneferX ($108.36 in chips) 
Seat 2: ImaPeppaPig ($128.57 in chips) 
Seat 3: TgSena ($14.46 in chips) 
Seat 4: EasyGamerrr ($107.50 in chips) 
Seat 5: EvilReality ($100 in chips) 
Seat 6: EBoshered ($130.79 in chips) 
XneferX: posts small blind $0.50
ImaPeppaPig: posts big blind $1
*** HOLE CARDS ***
TgSena: folds 
EasyGamerrr: folds 
EvilReality: folds 
EBoshered: raises $1.50 to $2.50
XneferX: folds 
ImaPeppaPig: folds 
Uncalled bet ($1.50) returned to EBoshered
EBoshered collected $2.50 from pot
EBoshered: doesn't show hand 
*** SUMMARY ***
Total pot $2.50 | Rake $0 
Seat 1: XneferX (small blind) folded before Flop
Seat 2: ImaPeppaPig (big blind) folded before Flop
Seat 3: TgSena folded before Flop (didn't bet)
Seat 4: EasyGamerrr folded before Flop (didn't bet)
Seat 5: EvilReality folded before Flop (didn't bet)
Seat 6: EBoshered (button) collected ($2.50)



PokerStars Hand #254755009360:  Hold'em No Limit ($0.50/$1.00 USD) - 2025/02/07 20:35:02 WET [2025/02/07 15:35:02 ET]
Table 'Biela II' 6-max Seat #1 is the button
Seat 1: XneferX ($107.86 in chips) 
Seat 2: ImaPeppaPig ($127.57 in chips) 
Seat 3: TgSena ($14.46 in chips) 
Seat 4: EasyGamerrr ($107.50 in chips) 
Seat 5: EvilReality ($100 in chips) 
Seat 6: EBoshered ($132.29 in chips) 
ImaPeppaPig: posts small blind $0.50
TgSena: posts big blind $1
*** HOLE CARDS ***
EasyGamerrr: folds 
EvilReality: folds 
EBoshered: raises $1.50 to $2.50
XneferX: folds 
ImaPeppaPig: folds 
TgSena: calls $1.50
*** FLOP *** [As 9d Jd]
TgSena: checks 
EBoshered: checks 
*** TURN *** [As 9d Jd] [7c]
TgSena: checks 
EBoshered: checks 
*** RIVER *** [As 9d Jd 7c] [Ac]
TgSena: bets $2
EBoshered: calls $2
*** SHOW DOWN ***
TgSena: shows [Jh 6d] (two pair, Aces and Jacks)
EBoshered: mucks hand 
TgSena collected $9.02 from pot
*** SUMMARY ***
Total pot $9.50 | Rake $0.48 
Board [As 9d Jd 7c Ac]
Seat 1: XneferX (button) folded before Flop (didn't bet)
Seat 2: ImaPeppaPig (small blind) folded before Flop
Seat 3: TgSena (big blind) showed [Jh 6d] and won ($9.02) with two pair, Aces and Jacks
Seat 4: EasyGamerrr folded before Flop (didn't bet)
Seat 5: EvilReality folded before Flop (didn't bet)
Seat 6: EBoshered mucked



PokerStars Hand #254755021646:  Hold'em No Limit ($0.50/$1.00 USD) - 2025/02/07 20:35:42 WET [2025/02/07 15:35:42 ET]
Table 'Biela II' 6-max Seat #2 is the button
Seat 1: XneferX ($107.86 in chips) 
Seat 2: ImaPeppaPig ($127.07 in chips) 
Seat 3: TgSena ($18.98 in chips) 
Seat 4: EasyGamerrr ($107.50 in chips) 
Seat 5: EvilReality ($100 in chips) 
Seat 6: EBoshered ($127.79 in chips) 
TgSena: posts small blind $0.50
EasyGamerrr: posts big blind $1
*** HOLE CARDS ***
EvilReality: folds 
EBoshered: raises $1.50 to $2.50
XneferX: folds 
ImaPeppaPig: folds 
TgSena: calls $2
EasyGamerrr: folds 
*** FLOP *** [9c 9d 5h]
TgSena: checks 
EBoshered: bets $1.88
TgSena: calls $1.88
*** TURN *** [9c 9d 5h] [9h]
TgSena: checks 
EBoshered: checks 
*** RIVER *** [9c 9d 5h 9h] [Kd]
TgSena: bets $4.64
EBoshered: calls $4.64
*** SHOW DOWN ***
TgSena: shows [Ac 9s] (four of a kind, Nines)
EBoshered: mucks hand 
TgSena collected $18.09 from pot
*** SUMMARY ***
Total pot $19.04 | Rake $0.95 
Board [9c 9d 5h 9h Kd]
Seat 1: XneferX folded before Flop (didn't bet)
Seat 2: ImaPeppaPig (button) folded before Flop (didn't bet)
Seat 3: TgSena (small blind) showed [Ac 9s] and won ($18.09) with four of a kind, Nines
Seat 4: EasyGamerrr (big blind) folded before Flop
Seat 5: EvilReality folded before Flop (didn't bet)
Seat 6: EBoshered mucked



PokerStars Hand #254755030397:  Hold'em No Limit ($0.50/$1.00 USD) - 2025/02/07 20:36:10 WET [2025/02/07 15:36:10 ET]
Table 'Biela II' 6-max Seat #3 is the button
Seat 1: XneferX ($107.86 in chips) 
Seat 2: ImaPeppaPig ($127.07 in chips) 
Seat 3: TgSena ($28.05 in chips) 
Seat 4: EasyGamerrr ($106.50 in chips) 
Seat 5: EvilReality ($100 in chips) 
Seat 6: EBoshered ($118.77 in chips) 
EasyGamerrr: posts small blind $0.50
EvilReality: posts big blind $1
*** HOLE CARDS ***
EBoshered: raises $1.20 to $2.20
XneferX: folds 
ImaPeppaPig: folds 
TgSena: folds 
EasyGamerrr: folds 
EvilReality: calls $1.20
*** FLOP *** [6h 5c 8s]
EvilReality: checks 
EBoshered: checks 
*** TURN *** [6h 5c 8s] [5h]
EvilReality: bets $3.49
EBoshered: folds 
Uncalled bet ($3.49) returned to EvilReality
EvilReality collected $4.66 from pot
EvilReality: doesn't show hand 
*** SUMMARY ***
Total pot $4.90 | Rake $0.24 
Board [6h 5c 8s 5h]
Seat 1: XneferX folded before Flop (didn't bet)
Seat 2: ImaPeppaPig folded before Flop (didn't bet)
Seat 3: TgSena (button) folded before Flop (didn't bet)
Seat 4: EasyGamerrr (small blind) folded before Flop
Seat 5: EvilReality (big blind) collected ($4.66)
Seat 6: EBoshered folded on the Turn



PokerStars Hand #254755043154:  Hold'em No Limit ($0.50/$1.00 USD) - 2025/02/07 20:36:51 WET [2025/02/07 15:36:51 ET]
Table 'Biela II' 6-max Seat #4 is the button
Seat 1: XneferX ($107.86 in chips) 
Seat 2: ImaPeppaPig ($127.07 in chips) 
Seat 3: TgSena ($28.05 in chips) 
Seat 4: EasyGamerrr ($106 in chips) 
Seat 5: EvilReality ($102.46 in chips) 
Seat 6: EBoshered ($116.57 in chips) 
EvilReality: posts small blind $0.50
EBoshered: posts big blind $1
*** HOLE CARDS ***
XneferX: folds 
ImaPeppaPig: folds 
TgSena: folds 
EasyGamerrr: folds 
EvilReality: folds 
Uncalled bet ($0.50) returned to EBoshered
EBoshered collected $1 from pot
EBoshered: doesn't show hand 
*** SUMMARY ***
Total pot $1 | Rake $0 
Seat 1: XneferX folded before Flop (didn't bet)
Seat 2: ImaPeppaPig folded before Flop (didn't bet)
Seat 3: TgSena folded before Flop (didn't bet)
Seat 4: EasyGamerrr (button) folded before Flop (didn't bet)
Seat 5: EvilReality (small blind) folded before Flop
Seat 6: EBoshered (big blind) collected ($1)



PokerStars Hand #254755049404:  Hold'em No Limit ($0.50/$1.00 USD) - 2025/02/07 20:37:12 WET [2025/02/07 15:37:12 ET]
Table 'Biela II' 6-max Seat #5 is the button
Seat 1: XneferX ($107.86 in chips) 
Seat 2: ImaPeppaPig ($127.07 in chips) 
Seat 3: TgSena ($28.05 in chips) 
Seat 4: EasyGamerrr ($106 in chips) 
Seat 5: EvilReality ($101.96 in chips) 
Seat 6: EBoshered ($117.07 in chips) 
EBoshered: posts small blind $0.50
XneferX: posts big blind $1
*** HOLE CARDS ***
ImaPeppaPig: raises $1.50 to $2.50
TgSena: folds 
EasyGamerrr: folds 
EvilReality: folds 
EBoshered: folds 
XneferX: calls $1.50
*** FLOP *** [2h 8s As]
XneferX: checks 
ImaPeppaPig: bets $2
XneferX: folds 
Uncalled bet ($2) returned to ImaPeppaPig
ImaPeppaPig collected $5.22 from pot
ImaPeppaPig: doesn't show hand 
*** SUMMARY ***
Total pot $5.50 | Rake $0.28 
Board [2h 8s As]
Seat 1: XneferX (big blind) folded on the Flop
Seat 2: ImaPeppaPig collected ($5.22)
Seat 3: TgSena folded before Flop (didn't bet)
Seat 4: EasyGamerrr folded before Flop (didn't bet)
Seat 5: EvilReality (button) folded before Flop (didn't bet)
Seat 6: EBoshered (small blind) folded before Flop



PokerStars Hand #254755061383:  Hold'em No Limit ($0.50/$1.00 USD) - 2025/02/07 20:37:51 WET [2025/02/07 15:37:51 ET]
Table 'Biela II' 6-max Seat #6 is the button
Seat 1: XneferX ($105.36 in chips) 
Seat 2: ImaPeppaPig ($129.79 in chips) 
Seat 3: TgSena ($28.05 in chips) 
Seat 4: EasyGamerrr ($106 in chips) 
Seat 5: EvilReality ($101.96 in chips) 
Seat 6: EBoshered ($116.57 in chips) 
XneferX: posts small blind $0.50
ImaPeppaPig: posts big blind $1
*** HOLE CARDS ***
TgSena: calls $1
EasyGamerrr: folds 
EvilReality: folds 
EBoshered: raises $3.50 to $4.50
XneferX: folds 
ImaPeppaPig: folds 
TgSena: calls $3.50
*** FLOP *** [7h 8c Ah]
TgSena: checks 
EBoshered: bets $3.29
TgSena: calls $3.29
*** TURN *** [7h 8c Ah] [4s]
TgSena: checks 
EBoshered: checks 
*** RIVER *** [7h 8c Ah 4s] [7d]
TgSena: bets $16.23
EBoshered: folds 
Uncalled bet ($16.23) returned to TgSena
TgSena collected $16.23 from pot
*** SUMMARY ***
Total pot $17.08 | Rake $0.85 
Board [7h 8c Ah 4s 7d]
Seat 1: XneferX (small blind) folded before Flop
Seat 2: ImaPeppaPig (big blind) folded before Flop
Seat 3: TgSena collected ($16.23)
Seat 4: EasyGamerrr folded before Flop (didn't bet)
Seat 5: EvilReality folded before Flop (didn't bet)
Seat 6: EBoshered (button) folded on the River



PokerStars Hand #254755089442:  Hold'em No Limit ($0.50/$1.00 USD) - 2025/02/07 20:39:22 WET [2025/02/07 15:39:22 ET]
Table 'Biela II' 6-max Seat #1 is the button
Seat 1: XneferX ($104.86 in chips) 
Seat 2: ImaPeppaPig ($128.79 in chips) 
Seat 3: TgSena ($36.49 in chips) 
Seat 4: EasyGamerrr ($106 in chips) 
Seat 5: EvilReality ($101.96 in chips) 
Seat 6: EBoshered ($108.78 in chips) 
ImaPeppaPig: posts small blind $0.50
TgSena: posts big blind $1
*** HOLE CARDS ***
EasyGamerrr: folds 
EvilReality: folds 
EBoshered: folds 
XneferX: folds 
ImaPeppaPig: raises $2 to $3
TgSena: folds 
Uncalled bet ($2) returned to ImaPeppaPig
ImaPeppaPig collected $2 from pot
ImaPeppaPig: doesn't show hand 
*** SUMMARY ***
Total pot $2 | Rake $0 
Seat 1: XneferX (button) folded before Flop (didn't bet)
Seat 2: ImaPeppaPig (small blind) collected ($2)
Seat 3: TgSena (big blind) folded before Flop
Seat 4: EasyGamerrr folded before Flop (didn't bet)
Seat 5: EvilReality folded before Flop (didn't bet)
Seat 6: EBoshered folded before Flop (didn't bet)



PokerStars Hand #254755095877:  Hold'em No Limit ($0.50/$1.00 USD) - 2025/02/07 20:39:43 WET [2025/02/07 15:39:43 ET]
Table 'Biela II' 6-max Seat #2 is the button
Seat 1: XneferX ($104.86 in chips) 
Seat 2: ImaPeppaPig ($129.79 in chips) 
Seat 3: TgSena ($35.49 in chips) 
Seat 4: EasyGamerrr ($106 in chips) 
Seat 5: EvilReality ($101.96 in chips) 
Seat 6: EBoshered ($108.78 in chips) 
TgSena: posts small blind $0.50
EasyGamerrr: posts big blind $1
*** HOLE CARDS ***
EvilReality: folds 
EBoshered: raises $1.50 to $2.50
XneferX: folds 
ImaPeppaPig: folds 
TgSena: folds 
EasyGamerrr: raises $9.50 to $12
EBoshered: folds 
Uncalled bet ($9.50) returned to EasyGamerrr
EasyGamerrr collected $5.50 from pot
EasyGamerrr: doesn't show hand 
*** SUMMARY ***
Total pot $5.50 | Rake $0 
Seat 1: XneferX folded before Flop (didn't bet)
Seat 2: ImaPeppaPig (button) folded before Flop (didn't bet)
Seat 3: TgSena (small blind) folded before Flop
Seat 4: EasyGamerrr (big blind) collected ($5.50)
Seat 5: EvilReality folded before Flop (didn't bet)
Seat 6: EBoshered folded before Flop



PokerStars Hand #254755101752:  Hold'em No Limit ($0.50/$1.00 USD) - 2025/02/07 20:40:02 WET [2025/02/07 15:40:02 ET]
Table 'Biela II' 6-max Seat #3 is the button
Seat 1: XneferX ($104.86 in chips) 
Seat 2: ImaPeppaPig ($129.79 in chips) 
Seat 3: TgSena ($34.99 in chips) 
Seat 4: EasyGamerrr ($109 in chips) 
Seat 5: EvilReality ($101.96 in chips) 
Seat 6: EBoshered ($106.28 in chips) 
EasyGamerrr: posts small blind $0.50
EvilReality: posts big blind $1
*** HOLE CARDS ***
EBoshered: folds 
XneferX: raises $1.10 to $2.10
ImaPeppaPig: raises $4.90 to $7
TgSena: folds 
EasyGamerrr: folds 
EvilReality: folds 
XneferX: calls $4.90
*** FLOP *** [9h Tc 7s]
XneferX: checks 
ImaPeppaPig: checks 
*** TURN *** [9h Tc 7s] [Td]
XneferX: checks 
ImaPeppaPig: checks 
*** RIVER *** [9h Tc 7s Td] [9d]
XneferX: checks 
ImaPeppaPig: checks 
*** SHOW DOWN ***
XneferX: shows [6h 6s] (two pair, Tens and Nines)
ImaPeppaPig: shows [Ad Ah] (two pair, Aces and Tens)
ImaPeppaPig collected $14.72 from pot
*** SUMMARY ***
Total pot $15.50 | Rake $0.78 
Board [9h Tc 7s Td 9d]
Seat 1: XneferX showed [6h 6s] and lost with two pair, Tens and Nines
Seat 2: ImaPeppaPig showed [Ad Ah] and won ($14.72) with two pair, Aces and Tens
Seat 3: TgSena (button) folded before Flop (didn't bet)
Seat 4: EasyGamerrr (small blind) folded before Flop
Seat 5: EvilReality (big blind) folded before Flop
Seat 6: EBoshered folded before Flop (didn't bet)



PokerStars Hand #254755136865:  Hold'em No Limit ($0.50/$1.00 USD) - 2025/02/07 20:41:56 WET [2025/02/07 15:41:56 ET]
Table 'Biela II' 6-max Seat #4 is the button
Seat 6: EBoshered ($106.28 in chips) is sitting out
Seat 1: XneferX ($100 in chips) 
Seat 2: ImaPeppaPig ($137.51 in chips) 
Seat 3: TgSena ($34.99 in chips) 
Seat 4: EasyGamerrr ($108.50 in chips) 
Seat 5: EvilReality ($100.96 in chips) 
EvilReality: posts small blind $0.50
EBoshered: is sitting out 
XneferX: posts big blind $1
*** HOLE CARDS ***
EBoshered leaves the table
ImaPeppaPig: folds 
TgSena: folds 
EasyGamerrr: folds 
EvilReality: raises $2 to $3
XneferX: folds 
Uncalled bet ($2) returned to EvilReality
EvilReality collected $2 from pot
EvilReality: doesn't show hand 
*** SUMMARY ***
Total pot $2 | Rake $0 
Seat 6: EBoshered
Seat 1: XneferX (big blind) folded before Flop
Seat 2: ImaPeppaPig folded before Flop (didn't bet)
Seat 3: TgSena folded before Flop (didn't bet)
Seat 4: EasyGamerrr (button) folded before Flop (didn't bet)
Seat 5: EvilReality (small blind) collected ($2)



PokerStars Hand #254755146690:  Hold'em No Limit ($0.50/$1.00 USD) - 2025/02/07 20:42:29 WET [2025/02/07 15:42:29 ET]
Table 'Biela II' 6-max Seat #5 is the button
Seat 1: XneferX ($100 in chips) 
Seat 2: ImaPeppaPig ($137.51 in chips) 
Seat 3: TgSena ($34.99 in chips) 
Seat 4: EasyGamerrr ($108.50 in chips) 
Seat 5: EvilReality ($101.96 in chips) 
XneferX: posts small blind $0.50
ImaPeppaPig: posts big blind $1
*** HOLE CARDS ***
TgSena: folds 
EasyGamerrr: folds 
EvilReality: folds 
socito joins the table at seat #6 
XneferX: raises $2 to $3
ImaPeppaPig: raises $7 to $10
XneferX: folds 
Uncalled bet ($7) returned to ImaPeppaPig
ImaPeppaPig collected $6 from pot
ImaPeppaPig: doesn't show hand 
*** SUMMARY ***
Total pot $6 | Rake $0 
Seat 1: XneferX (small blind) folded before Flop
Seat 2: ImaPeppaPig (big blind) collected ($6)
Seat 3: TgSena folded before Flop (didn't bet)
Seat 4: EasyGamerrr folded before Flop (didn't bet)
Seat 5: EvilReality (button) folded before Flop (didn't bet)



PokerStars Hand #254755158804:  Hold'em No Limit ($0.50/$1.00 USD) - 2025/02/07 20:43:08 WET [2025/02/07 15:43:08 ET]
Table 'Biela II' 6-max Seat #1 is the button
Seat 6: socito ($100 in chips) is sitting out
Seat 1: XneferX ($100 in chips) 
Seat 2: ImaPeppaPig ($140.51 in chips) 
Seat 3: TgSena ($34.99 in chips) 
Seat 4: EasyGamerrr ($108.50 in chips) 
Seat 5: EvilReality ($101.96 in chips) 
ImaPeppaPig: posts small blind $0.50
TgSena: posts big blind $1
socito: sits out 
*** HOLE CARDS ***
EasyGamerrr: folds 
EvilReality: raises $1 to $2
XneferX: folds 
ImaPeppaPig: folds 
TgSena: calls $1
*** FLOP *** [7c 7d 4c]
TgSena: checks 
EvilReality: bets $3
TgSena: calls $3
*** TURN *** [7c 7d 4c] [As]
TgSena: checks 
EvilReality: bets $4
TgSena: folds 
Uncalled bet ($4) returned to EvilReality
EvilReality collected $9.98 from pot
EvilReality: doesn't show hand 
*** SUMMARY ***
Total pot $10.50 | Rake $0.52 
Board [7c 7d 4c As]
Seat 6: socito
Seat 1: XneferX (button) folded before Flop (didn't bet)
Seat 2: ImaPeppaPig (small blind) folded before Flop
Seat 3: TgSena (big blind) folded on the Turn
Seat 4: EasyGamerrr folded before Flop (didn't bet)
Seat 5: EvilReality collected ($9.98)



PokerStars Hand #254755169730:  Hold'em No Limit ($0.50/$1.00 USD) - 2025/02/07 20:43:44 WET [2025/02/07 15:43:44 ET]
Table 'Biela II' 6-max Seat #2 is the button
Seat 4: EasyGamerrr ($108.50 in chips) is sitting out
Seat 6: socito ($100 in chips) is sitting out
Seat 1: XneferX ($100 in chips) 
Seat 2: ImaPeppaPig ($140.01 in chips) 
Seat 3: TgSena ($29.99 in chips) 
Seat 5: EvilReality ($106.94 in chips) 
TgSena: posts small blind $0.50
EasyGamerrr: is sitting out 
EvilReality: posts big blind $1
socito: sits out 
*** HOLE CARDS ***
XneferX: folds 
ImaPeppaPig: raises $1.50 to $2.50
EasyGamerrr leaves the table
TgSena: calls $2
EvilReality: folds 
*** FLOP *** [5d 7s Kd]
TgSena: checks 
ImaPeppaPig: bets $2
TgSena: calls $2
*** TURN *** [5d 7s Kd] [2s]
TgSena: checks 
henri789 joins the table at seat #4 
ImaPeppaPig: checks 
*** RIVER *** [5d 7s Kd 2s] [Ks]
TgSena: checks 
ImaPeppaPig: checks 
*** SHOW DOWN ***
TgSena: shows [6d Jd] (a pair of Kings)
ImaPeppaPig: shows [8d As] (a pair of Kings - Ace kicker)
ImaPeppaPig collected $9.50 from pot
*** SUMMARY ***
Total pot $10 | Rake $0.50 
Board [5d 7s Kd 2s Ks]
Seat 4: EasyGamerrr
Seat 6: socito
Seat 1: XneferX folded before Flop (didn't bet)
Seat 2: ImaPeppaPig (button) showed [8d As] and won ($9.50) with a pair of Kings
Seat 3: TgSena (small blind) showed [6d Jd] and lost with a pair of Kings
Seat 5: EvilReality (big blind) folded before Flop



PokerStars Hand #254755180512:  Hold'em No Limit ($0.50/$1.00 USD) - 2025/02/07 20:44:19 WET [2025/02/07 15:44:19 ET]
Table 'Biela II' 6-max Seat #3 is the button
Seat 4: henri789 ($100 in chips) is sitting out
Seat 1: XneferX ($100 in chips) 
Seat 2: ImaPeppaPig ($145.01 in chips) 
Seat 3: TgSena ($25.49 in chips) 
Seat 5: EvilReality ($105.94 in chips) 
Seat 6: socito ($100 in chips) 
EvilReality: posts small blind $0.50
socito: posts big blind $1
*** HOLE CARDS ***
XneferX: folds 
ImaPeppaPig: raises $1.50 to $2.50
TgSena: folds 
EvilReality: folds 
socito: folds 
Uncalled bet ($1.50) returned to ImaPeppaPig
ImaPeppaPig collected $2.50 from pot
ImaPeppaPig: doesn't show hand 
*** SUMMARY ***
Total pot $2.50 | Rake $0 
Seat 4: henri789
Seat 1: XneferX folded before Flop (didn't bet)
Seat 2: ImaPeppaPig collected ($2.50)
Seat 3: TgSena (button) folded before Flop (didn't bet)
Seat 5: EvilReality (small blind) folded before Flop
Seat 6: socito (big blind) folded before Flop



PokerStars Hand #254755184316:  Hold'em No Limit ($0.50/$1.00 USD) - 2025/02/07 20:44:32 WET [2025/02/07 15:44:32 ET]
Table 'Biela II' 6-max Seat #5 is the button
Seat 4: henri789 ($100 in chips) is sitting out
Seat 1: XneferX ($100 in chips) 
Seat 2: ImaPeppaPig ($146.51 in chips) 
Seat 3: TgSena ($25.49 in chips) 
Seat 5: EvilReality ($105.44 in chips) 
Seat 6: socito ($100 in chips) 
socito: posts small blind $0.50
XneferX: posts big blind $1
henri789: sits out 
*** HOLE CARDS ***
ImaPeppaPig: folds 
TgSena: folds 
EvilReality: folds 
socito: raises $2 to $3
XneferX: folds 
Uncalled bet ($2) returned to socito
socito collected $2 from pot
socito: doesn't show hand 
*** SUMMARY ***
Total pot $2 | Rake $0 
Seat 4: henri789
Seat 1: XneferX (big blind) folded before Flop
Seat 2: ImaPeppaPig folded before Flop (didn't bet)
Seat 3: TgSena folded before Flop (didn't bet)
Seat 5: EvilReality (button) folded before Flop (didn't bet)
Seat 6: socito (small blind) collected ($2)



PokerStars Hand #254755189838:  Hold'em No Limit ($0.50/$1.00 USD) - 2025/02/07 20:44:50 WET [2025/02/07 15:44:50 ET]
Table 'Biela II' 6-max Seat #6 is the button
Seat 4: henri789 ($100 in chips) is sitting out
Seat 1: XneferX ($100 in chips) 
Seat 2: ImaPeppaPig ($146.51 in chips) 
Seat 3: TgSena ($25.49 in chips) 
Seat 5: EvilReality ($105.44 in chips) 
Seat 6: socito ($101 in chips) 
XneferX: posts small blind $0.50
ImaPeppaPig: posts big blind $1
henri789: sits out 
*** HOLE CARDS ***
TgSena: folds 
EvilReality: folds 
socito: folds 
XneferX: raises $2 to $3
ImaPeppaPig: folds 
Uncalled bet ($2) returned to XneferX
XneferX collected $2 from pot
XneferX: doesn't show hand 
*** SUMMARY ***
Total pot $2 | Rake $0 
Seat 4: henri789
Seat 1: XneferX (small blind) collected ($2)
Seat 2: ImaPeppaPig (big blind) folded before Flop
Seat 3: TgSena folded before Flop (didn't bet)
Seat 5: EvilReality folded before Flop (didn't bet)
Seat 6: socito (button) folded before Flop (didn't bet)



PokerStars Hand #254755197789:  Hold'em No Limit ($0.50/$1.00 USD) - 2025/02/07 20:45:16 WET [2025/02/07 15:45:16 ET]
Table 'Biela II' 6-max Seat #1 is the button
Seat 4: henri789 ($100 in chips) is sitting out
Seat 1: XneferX ($101 in chips) 
Seat 2: ImaPeppaPig ($145.51 in chips) 
Seat 3: TgSena ($25.49 in chips) 
Seat 5: EvilReality ($105.44 in chips) 
Seat 6: socito ($101 in chips) 
ImaPeppaPig: posts small blind $0.50
TgSena: posts big blind $1
henri789: sits out 
*** HOLE CARDS ***
EvilReality: raises $1 to $2
socito: folds 
XneferX: folds 
ImaPeppaPig: folds 
TgSena: calls $1
*** FLOP *** [8d 3s 5s]
TgSena: checks 
EvilReality: checks 
*** TURN *** [8d 3s 5s] [Qd]
TgSena: checks 
EvilReality: bets $1.50
TgSena: calls $1.50
*** RIVER *** [8d 3s 5s Qd] [Ac]
TgSena: checks 
EvilReality: checks 
*** SHOW DOWN ***
TgSena: shows [Jd Ts] (high card Ace)
EvilReality: shows [2s 2c] (a pair of Deuces)
EvilReality collected $7.12 from pot
*** SUMMARY ***
Total pot $7.50 | Rake $0.38 
Board [8d 3s 5s Qd Ac]
Seat 4: henri789
Seat 1: XneferX (button) folded before Flop (didn't bet)
Seat 2: ImaPeppaPig (small blind) folded before Flop
Seat 3: TgSena (big blind) showed [Jd Ts] and lost with high card Ace
Seat 5: EvilReality showed [2s 2c] and won ($7.12) with a pair of Deuces
Seat 6: socito folded before Flop (didn't bet)



PokerStars Hand #254755211850:  Hold'em No Limit ($0.50/$1.00 USD) - 2025/02/07 20:46:03 WET [2025/02/07 15:46:03 ET]
Table 'Biela II' 6-max Seat #2 is the button
Seat 1: XneferX ($101 in chips) 
Seat 2: ImaPeppaPig ($145.01 in chips) 
Seat 3: TgSena ($21.99 in chips) 
Seat 4: henri789 ($100 in chips) 
Seat 5: EvilReality ($109.06 in chips) 
Seat 6: socito ($101 in chips) 
TgSena: posts small blind $0.50
henri789: posts big blind $1
*** HOLE CARDS ***
EvilReality: raises $1 to $2
socito: folds 
XneferX: folds 
ImaPeppaPig: folds 
TgSena: raises $5 to $7
henri789: folds 
EvilReality: folds 
Uncalled bet ($5) returned to TgSena
TgSena collected $5 from pot
*** SUMMARY ***
Total pot $5 | Rake $0 
Seat 1: XneferX folded before Flop (didn't bet)
Seat 2: ImaPeppaPig (button) folded before Flop (didn't bet)
Seat 3: TgSena (small blind) collected ($5)
Seat 4: henri789 (big blind) folded before Flop
Seat 5: EvilReality folded before Flop
Seat 6: socito folded before Flop (didn't bet)



PokerStars Hand #254755219448:  Hold'em No Limit ($0.50/$1.00 USD) - 2025/02/07 20:46:28 WET [2025/02/07 15:46:28 ET]
Table 'Biela II' 6-max Seat #3 is the button
Seat 1: XneferX ($101 in chips) 
Seat 2: ImaPeppaPig ($145.01 in chips) 
Seat 3: TgSena ($24.99 in chips) 
Seat 4: henri789 ($100 in chips) 
Seat 5: EvilReality ($107.06 in chips) 
Seat 6: socito ($101 in chips) 
henri789: posts small blind $0.50
EvilReality: posts big blind $1
*** HOLE CARDS ***
socito: folds 
XneferX: folds 
ImaPeppaPig: folds 
TgSena: folds 
henri789: raises $2 to $3
EvilReality: calls $2
*** FLOP *** [Ac 8s 3s]
henri789: bets $1.88
EvilReality: folds 
Uncalled bet ($1.88) returned to henri789
henri789 collected $5.70 from pot
henri789: doesn't show hand 
*** SUMMARY ***
Total pot $6 | Rake $0.30 
Board [Ac 8s 3s]
Seat 1: XneferX folded before Flop (didn't bet)
Seat 2: ImaPeppaPig folded before Flop (didn't bet)
Seat 3: TgSena (button) folded before Flop (didn't bet)
Seat 4: henri789 (small blind) collected ($5.70)
Seat 5: EvilReality (big blind) folded on the Flop
Seat 6: socito folded before Flop (didn't bet)



PokerStars Hand #254755236466:  Hold'em No Limit ($0.50/$1.00 USD) - 2025/02/07 20:47:24 WET [2025/02/07 15:47:24 ET]
Table 'Biela II' 6-max Seat #4 is the button
Seat 1: XneferX ($101 in chips) 
Seat 2: ImaPeppaPig ($145.01 in chips) 
Seat 3: TgSena ($24.99 in chips) 
Seat 4: henri789 ($102.70 in chips) 
Seat 5: EvilReality ($104.06 in chips) 
Seat 6: socito ($101 in chips) 
EvilReality: posts small blind $0.50
socito: posts big blind $1
*** HOLE CARDS ***
XneferX: raises $1.10 to $2.10
ImaPeppaPig: folds 
TgSena: folds 
henri789: folds 
EvilReality: folds 
socito: folds 
Uncalled bet ($1.10) returned to XneferX
XneferX collected $2.50 from pot
XneferX: doesn't show hand 
*** SUMMARY ***
Total pot $2.50 | Rake $0 
Seat 1: XneferX collected ($2.50)
Seat 2: ImaPeppaPig folded before Flop (didn't bet)
Seat 3: TgSena folded before Flop (didn't bet)
Seat 4: henri789 (button) folded before Flop (didn't bet)
Seat 5: EvilReality (small blind) folded before Flop
Seat 6: socito (big blind) folded before Flop



PokerStars Hand #254755239987:  Hold'em No Limit ($0.50/$1.00 USD) - 2025/02/07 20:47:35 WET [2025/02/07 15:47:35 ET]
Table 'Biela II' 6-max Seat #5 is the button
Seat 1: XneferX ($102.50 in chips) 
Seat 2: ImaPeppaPig ($145.01 in chips) 
Seat 3: TgSena ($24.99 in chips) 
Seat 4: henri789 ($102.70 in chips) 
Seat 5: EvilReality ($103.56 in chips) 
Seat 6: socito ($100 in chips) 
socito: posts small blind $0.50
XneferX: posts big blind $1
*** HOLE CARDS ***
ImaPeppaPig: folds 
TgSena: folds 
henri789: folds 
EvilReality: folds 
socito: raises $2 to $3
XneferX: folds 
Uncalled bet ($2) returned to socito
socito collected $2 from pot
socito: doesn't show hand 
*** SUMMARY ***
Total pot $2 | Rake $0 
Seat 1: XneferX (big blind) folded before Flop
Seat 2: ImaPeppaPig folded before Flop (didn't bet)
Seat 3: TgSena folded before Flop (didn't bet)
Seat 4: henri789 folded before Flop (didn't bet)
Seat 5: EvilReality (button) folded before Flop (didn't bet)
Seat 6: socito (small blind) collected ($2)



PokerStars Hand #254755247609:  Hold'em No Limit ($0.50/$1.00 USD) - 2025/02/07 20:48:00 WET [2025/02/07 15:48:00 ET]
Table 'Biela II' 6-max Seat #6 is the button
Seat 1: XneferX ($101.50 in chips) 
Seat 2: ImaPeppaPig ($145.01 in chips) 
Seat 3: TgSena ($24.99 in chips) 
Seat 4: henri789 ($102.70 in chips) 
Seat 5: EvilReality ($103.56 in chips) 
Seat 6: socito ($101 in chips) 
XneferX: posts small blind $0.50
ImaPeppaPig: posts big blind $1
*** HOLE CARDS ***
TgSena: raises $1 to $2
henri789: raises $4 to $6
EvilReality: folds 
socito: folds 
XneferX: folds 
ImaPeppaPig: folds 
TgSena: calls $4
*** FLOP *** [5s 4d 8c]
TgSena: checks 
henri789: bets $25.64
TgSena: calls $18.99 and is all-in
Uncalled bet ($6.65) returned to henri789
*** TURN *** [5s 4d 8c] [Ts]
*** RIVER *** [5s 4d 8c Ts] [4c]
*** SHOW DOWN ***
TgSena: shows [As 7h] (a pair of Fours)
henri789: shows [Qh Kd] (a pair of Fours - lower kicker)
TgSena collected $48.98 from pot
*** SUMMARY ***
Total pot $51.48 | Rake $2.50 
Board [5s 4d 8c Ts 4c]
Seat 1: XneferX (small blind) folded before Flop
Seat 2: ImaPeppaPig (big blind) folded before Flop
Seat 3: TgSena showed [As 7h] and won ($48.98) with a pair of Fours
Seat 4: henri789 showed [Qh Kd] and lost with a pair of Fours
Seat 5: EvilReality folded before Flop (didn't bet)
Seat 6: socito (button) folded before Flop (didn't bet)



PokerStars Hand #254755264972:  Hold'em No Limit ($0.50/$1.00 USD) - 2025/02/07 20:48:57 WET [2025/02/07 15:48:57 ET]
Table 'Biela II' 6-max Seat #1 is the button
Seat 1: XneferX ($101 in chips) 
Seat 2: ImaPeppaPig ($144.01 in chips) 
Seat 3: TgSena ($48.98 in chips) 
Seat 4: henri789 ($100 in chips) 
Seat 5: EvilReality ($103.56 in chips) 
Seat 6: socito ($101 in chips) 
ImaPeppaPig: posts small blind $0.50
TgSena: posts big blind $1
*** HOLE CARDS ***
henri789: folds 
EvilReality: folds 
socito: raises $1.50 to $2.50
XneferX: folds 
ImaPeppaPig: folds 
TgSena: calls $1.50
*** FLOP *** [4h 9d Td]
TgSena: checks 
socito: checks 
*** TURN *** [4h 9d Td] [Kh]
TgSena: checks 
socito: bets $3.92
TgSena: calls $3.92
*** RIVER *** [4h 9d Td Kh] [Jh]
TgSena: checks 
socito: checks 
*** SHOW DOWN ***
TgSena: shows [3s 9c] (a pair of Nines)
socito: shows [Ks Ac] (a pair of Kings)
socito collected $12.67 from pot
*** SUMMARY ***
Total pot $13.34 | Rake $0.67 
Board [4h 9d Td Kh Jh]
Seat 1: XneferX (button) folded before Flop (didn't bet)
Seat 2: ImaPeppaPig (small blind) folded before Flop
Seat 3: TgSena (big blind) showed [3s 9c] and lost with a pair of Nines
Seat 4: henri789 folded before Flop (didn't bet)
Seat 5: EvilReality folded before Flop (didn't bet)
Seat 6: socito showed [Ks Ac] and won ($12.67) with a pair of Kings



PokerStars Hand #254755277352:  Hold'em No Limit ($0.50/$1.00 USD) - 2025/02/07 20:49:39 WET [2025/02/07 15:49:39 ET]
Table 'Biela II' 6-max Seat #2 is the button
Seat 1: XneferX ($101 in chips) 
Seat 2: ImaPeppaPig ($143.51 in chips) 
Seat 3: TgSena ($42.56 in chips) 
Seat 4: henri789 ($100 in chips) 
Seat 5: EvilReality ($103.56 in chips) 
Seat 6: socito ($107.25 in chips) 
TgSena: posts small blind $0.50
henri789: posts big blind $1
*** HOLE CARDS ***
EvilReality: folds 
socito: folds 
XneferX: folds 
ImaPeppaPig: folds 
TgSena: folds 
Uncalled bet ($0.50) returned to henri789
henri789 collected $1 from pot
henri789: doesn't show hand 
*** SUMMARY ***
Total pot $1 | Rake $0 
Seat 1: XneferX folded before Flop (didn't bet)
Seat 2: ImaPeppaPig (button) folded before Flop (didn't bet)
Seat 3: TgSena (small blind) folded before Flop
Seat 4: henri789 (big blind) collected ($1)
Seat 5: EvilReality folded before Flop (didn't bet)
Seat 6: socito folded before Flop (didn't bet)



PokerStars Hand #254755282266:  Hold'em No Limit ($0.50/$1.00 USD) - 2025/02/07 20:49:55 WET [2025/02/07 15:49:55 ET]
Table 'Biela II' 6-max Seat #3 is the button
Seat 1: XneferX ($101 in chips) 
Seat 2: ImaPeppaPig ($143.51 in chips) 
Seat 3: TgSena ($42.06 in chips) 
Seat 4: henri789 ($100.50 in chips) 
Seat 5: EvilReality ($103.56 in chips) 
Seat 6: socito ($107.25 in chips) 
henri789: posts small blind $0.50
EvilReality: posts big blind $1
*** HOLE CARDS ***
socito: folds 
XneferX: raises $1.10 to $2.10
ImaPeppaPig: folds 
TgSena: folds 
henri789: folds 
EvilReality: folds 
Uncalled bet ($1.10) returned to XneferX
XneferX collected $2.50 from pot
XneferX: doesn't show hand 
*** SUMMARY ***
Total pot $2.50 | Rake $0 
Seat 1: XneferX collected ($2.50)
Seat 2: ImaPeppaPig folded before Flop (didn't bet)
Seat 3: TgSena (button) folded before Flop (didn't bet)
Seat 4: henri789 (small blind) folded before Flop
Seat 5: EvilReality (big blind) folded before Flop
Seat 6: socito folded before Flop (didn't bet)



PokerStars Hand #254755288451:  Hold'em No Limit ($0.50/$1.00 USD) - 2025/02/07 20:50:15 WET [2025/02/07 15:50:15 ET]
Table 'Biela II' 6-max Seat #4 is the button
Seat 1: XneferX ($102.50 in chips) 
Seat 2: ImaPeppaPig ($143.51 in chips) 
Seat 3: TgSena ($42.06 in chips) 
Seat 4: henri789 ($100 in chips) 
Seat 5: EvilReality ($102.56 in chips) 
Seat 6: socito ($107.25 in chips) 
EvilReality: posts small blind $0.50
socito: posts big blind $1
*** HOLE CARDS ***
XneferX: raises $1.10 to $2.10
ImaPeppaPig: folds 
TgSena: raises $5.70 to $7.80
henri789: folds 
EvilReality: folds 
socito: folds 
XneferX: calls $5.70
*** FLOP *** [9s 9d Ac]
XneferX: checks 
TgSena: bets $8.12
XneferX: folds 
Uncalled bet ($8.12) returned to TgSena
TgSena collected $16.24 from pot
*** SUMMARY ***
Total pot $17.10 | Rake $0.86 
Board [9s 9d Ac]
Seat 1: XneferX folded on the Flop
Seat 2: ImaPeppaPig folded before Flop (didn't bet)
Seat 3: TgSena collected ($16.24)
Seat 4: henri789 (button) folded before Flop (didn't bet)
Seat 5: EvilReality (small blind) folded before Flop
Seat 6: socito (big blind) folded before Flop



PokerStars Hand #254755312297:  Hold'em No Limit ($0.50/$1.00 USD) - 2025/02/07 20:51:35 WET [2025/02/07 15:51:35 ET]
Table 'Biela II' 6-max Seat #5 is the button
Seat 1: XneferX ($100 in chips) 
Seat 2: ImaPeppaPig ($143.51 in chips) 
Seat 3: TgSena ($50.50 in chips) 
Seat 4: henri789 ($100 in chips) 
Seat 5: EvilReality ($102.06 in chips) 
Seat 6: socito ($106.25 in chips) 
socito: posts small blind $0.50
XneferX: posts big blind $1
*** HOLE CARDS ***
ImaPeppaPig: folds 
TgSena: folds 
henri789: folds 
EvilReality: folds 
socito: folds 
Uncalled bet ($0.50) returned to XneferX
XneferX collected $1 from pot
XneferX: doesn't show hand 
TgSena leaves the table
*** SUMMARY ***
Total pot $1 | Rake $0 
Seat 1: XneferX (big blind) collected ($1)
Seat 2: ImaPeppaPig folded before Flop (didn't bet)
Seat 3: TgSena folded before Flop (didn't bet)
Seat 4: henri789 folded before Flop (didn't bet)
Seat 5: EvilReality (button) folded before Flop (didn't bet)
Seat 6: socito (small blind) folded before Flop



PokerStars Hand #254755316685:  Hold'em No Limit ($0.50/$1.00 USD) - 2025/02/07 20:51:49 WET [2025/02/07 15:51:49 ET]
Table 'Biela II' 6-max Seat #6 is the button
Seat 1: XneferX ($100.50 in chips) 
Seat 2: ImaPeppaPig ($143.51 in chips) 
Seat 4: henri789 ($100 in chips) 
Seat 5: EvilReality ($102.06 in chips) 
Seat 6: socito ($105.75 in chips) 
XneferX: posts small blind $0.50
ImaPeppaPig: posts big blind $1
*** HOLE CARDS ***
henri789: folds 
EvilReality: raises $1.50 to $2.50
socito: folds 
XneferX: folds 
ImaPeppaPig: raises $10.50 to $13
EvilReality: raises $17 to $30
ImaPeppaPig: folds 
Uncalled bet ($17) returned to EvilReality
EvilReality collected $26.50 from pot
EvilReality: doesn't show hand 
*** SUMMARY ***
Total pot $26.50 | Rake $0 
Seat 1: XneferX (small blind) folded before Flop
Seat 2: ImaPeppaPig (big blind) folded before Flop
Seat 4: henri789 folded before Flop (didn't bet)
Seat 5: EvilReality collected ($26.50)
Seat 6: socito (button) folded before Flop (didn't bet)



PokerStars Hand #254755328020:  Hold'em No Limit ($0.50/$1.00 USD) - 2025/02/07 20:52:27 WET [2025/02/07 15:52:27 ET]
Table 'Biela II' 6-max Seat #1 is the button
Seat 1: XneferX ($100 in chips) 
Seat 2: ImaPeppaPig ($130.51 in chips) 
Seat 4: henri789 ($100 in chips) 
Seat 5: EvilReality ($115.56 in chips) 
Seat 6: socito ($105.75 in chips) 
ImaPeppaPig: posts small blind $0.50
henri789: posts big blind $1
*** HOLE CARDS ***
EvilReality: folds 
socito: folds 
XneferX: folds 
ImaPeppaPig: folds 
Uncalled bet ($0.50) returned to henri789
EvilReality leaves the table
henri789 collected $1 from pot
henri789: doesn't show hand 
*** SUMMARY ***
Total pot $1 | Rake $0 
Seat 1: XneferX (button) folded before Flop (didn't bet)
Seat 2: ImaPeppaPig (small blind) folded before Flop
Seat 4: henri789 (big blind) collected ($1)
Seat 5: EvilReality folded before Flop (didn't bet)
Seat 6: socito folded before Flop (didn't bet)



PokerStars Hand #254755330229:  Hold'em No Limit ($0.50/$1.00 USD) - 2025/02/07 20:52:34 WET [2025/02/07 15:52:34 ET]
Table 'Biela II' 6-max Seat #2 is the button
Seat 1: XneferX ($100 in chips) 
Seat 2: ImaPeppaPig ($130.01 in chips) 
Seat 4: henri789 ($100.50 in chips) 
Seat 6: socito ($105.75 in chips) 
henri789: posts small blind $0.50
socito: posts big blind $1
*** HOLE CARDS ***
XneferX: raises $1.30 to $2.30
ImaPeppaPig: folds 
henri789: folds 
socito: folds 
Uncalled bet ($1.30) returned to XneferX
XneferX collected $2.50 from pot
XneferX: doesn't show hand 
*** SUMMARY ***
Total pot $2.50 | Rake $0 
Seat 1: XneferX collected ($2.50)
Seat 2: ImaPeppaPig (button) folded before Flop (didn't bet)
Seat 4: henri789 (small blind) folded before Flop
Seat 6: socito (big blind) folded before Flop



PokerStars Hand #254755334577:  Hold'em No Limit ($0.50/$1.00 USD) - 2025/02/07 20:52:49 WET [2025/02/07 15:52:49 ET]
Table 'Biela II' 6-max Seat #4 is the button
Seat 1: XneferX ($101.50 in chips) is sitting out
Seat 2: ImaPeppaPig ($130.01 in chips) 
Seat 4: henri789 ($100 in chips) 
Seat 6: socito ($104.75 in chips) 
socito: posts small blind $0.50
ImaPeppaPig: posts big blind $1
*** HOLE CARDS ***
XneferX leaves the table
henri789: folds 
socito: raises $2 to $3
henri789 leaves the table
ImaPeppaPig: raises $7 to $10
socito: folds 
Uncalled bet ($7) returned to ImaPeppaPig
ImaPeppaPig collected $6 from pot
ImaPeppaPig: doesn't show hand 
*** SUMMARY ***
Total pot $6 | Rake $0 
Seat 1: XneferX
Seat 2: ImaPeppaPig (big blind) collected ($6)
Seat 4: henri789 (button) folded before Flop (didn't bet)
Seat 6: socito (small blind) folded before Flop



