PokerStars Hand #254751779923:  Hold'em No Limit ($0.50/$1.00 USD) - 2025/02/07 17:18:10 WET [2025/02/07 12:18:10 ET]
Table 'Imhotep II' 6-max Seat #3 is the button
Seat 2: stephaned815 ($0 in chips) is sitting out
Seat 1: Pippa83 ($100 in chips) 
Seat 3: sta$igk ($112.51 in chips) 
Seat 4: b2k-Snick ($100 in chips) 
Seat 5: paramourx ($100 in chips) 
Seat 6: Rysiff ($100 in chips) 
b2k-Snick: posts small blind $0.50
paramourx: posts big blind $1
*** HOLE CARDS ***
Rysiff: folds 
Pippa83: folds 
sta$igk: folds 
b2k-Snick: folds 
Uncalled bet ($0.50) returned to paramourx
paramourx collected $1 from pot
paramourx: doesn't show hand 
*** SUMMARY ***
Total pot $1 | Rake $0 
Seat 2: stephaned815
Seat 1: Pippa83 folded before Flop (didn't bet)
Seat 3: sta$igk (button) folded before Flop (didn't bet)
Seat 4: b2k-Snick (small blind) folded before Flop
Seat 5: paramourx (big blind) collected ($1)
Seat 6: Rysiff folded before Flop (didn't bet)



PokerStars Hand #254751782162:  Hold'em No Limit ($0.50/$1.00 USD) - 2025/02/07 17:18:19 WET [2025/02/07 12:18:19 ET]
Table 'Imhotep II' 6-max Seat #4 is the button
Seat 2: stephaned815 ($0 in chips) is sitting out
Seat 1: Pippa83 ($100 in chips) 
Seat 3: sta$igk ($112.51 in chips) 
Seat 4: b2k-Snick ($100 in chips) 
Seat 5: paramourx ($100.50 in chips) 
Seat 6: Rysiff ($100 in chips) 
paramourx: posts small blind $0.50
Rysiff: posts big blind $1
*** HOLE CARDS ***
Pippa83: raises $1.20 to $2.20
sta$igk: folds 
b2k-Snick: raises $5.30 to $7.50
paramourx: folds 
Rysiff: folds 
Pippa83: folds 
Uncalled bet ($5.30) returned to b2k-Snick
b2k-Snick collected $5.90 from pot
b2k-Snick: doesn't show hand 
*** SUMMARY ***
Total pot $5.90 | Rake $0 
Seat 2: stephaned815
Seat 1: Pippa83 folded before Flop
Seat 3: sta$igk folded before Flop (didn't bet)
Seat 4: b2k-Snick (button) collected ($5.90)
Seat 5: paramourx (small blind) folded before Flop
Seat 6: Rysiff (big blind) folded before Flop



PokerStars Hand #254751785964:  Hold'em No Limit ($0.50/$1.00 USD) - 2025/02/07 17:18:34 WET [2025/02/07 12:18:34 ET]
Table 'Imhotep II' 6-max Seat #5 is the button
Seat 2: stephaned815 ($0 in chips) is sitting out
Seat 1: Pippa83 ($100 in chips) 
Seat 3: sta$igk ($112.51 in chips) 
Seat 4: b2k-Snick ($103.70 in chips) 
Seat 5: paramourx ($100 in chips) 
Seat 6: Rysiff ($100 in chips) 
Rysiff: posts small blind $0.50
Pippa83: posts big blind $1
*** HOLE CARDS ***
sta$igk: folds 
b2k-Snick: folds 
paramourx: raises $2 to $3
Rysiff: folds 
Pippa83: folds 
Uncalled bet ($2) returned to paramourx
paramourx collected $2.50 from pot
paramourx: doesn't show hand 
*** SUMMARY ***
Total pot $2.50 | Rake $0 
Seat 2: stephaned815
Seat 1: Pippa83 (big blind) folded before Flop
Seat 3: sta$igk folded before Flop (didn't bet)
Seat 4: b2k-Snick folded before Flop (didn't bet)
Seat 5: paramourx (button) collected ($2.50)
Seat 6: Rysiff (small blind) folded before Flop



PokerStars Hand #254751789047:  Hold'em No Limit ($0.50/$1.00 USD) - 2025/02/07 17:18:46 WET [2025/02/07 12:18:46 ET]
Table 'Imhotep II' 6-max Seat #6 is the button
Seat 2: stephaned815 ($0 in chips) is sitting out
Seat 1: Pippa83 ($100 in chips) 
Seat 3: sta$igk ($112.51 in chips) 
Seat 4: b2k-Snick ($103.70 in chips) 
Seat 5: paramourx ($101.50 in chips) 
Seat 6: Rysiff ($100 in chips) 
Pippa83: posts small blind $0.50
sta$igk: posts big blind $1
*** HOLE CARDS ***
b2k-Snick: raises $1.50 to $2.50
paramourx: raises $5.50 to $8
Rysiff: folds 
Pippa83: folds 
sta$igk: folds 
b2k-Snick: raises $15 to $23
paramourx: calls $15
*** FLOP *** [3d 2h 5d]
b2k-Snick: bets $15
paramourx: calls $15
*** TURN *** [3d 2h 5d] [8c]
b2k-Snick: bets $65.70 and is all-in
paramourx: calls $63.50 and is all-in
Uncalled bet ($2.20) returned to b2k-Snick
*** RIVER *** [3d 2h 5d 8c] [Jh]
*** SHOW DOWN ***
b2k-Snick: shows [Ks Ad] (high card Ace)
paramourx: shows [Qd Qh] (a pair of Queens)
paramourx collected $202 from pot
*** SUMMARY ***
Total pot $204.50 | Rake $2.50 
Board [3d 2h 5d 8c Jh]
Seat 2: stephaned815
Seat 1: Pippa83 (small blind) folded before Flop
Seat 3: sta$igk (big blind) folded before Flop
Seat 4: b2k-Snick showed [Ks Ad] and lost with high card Ace
Seat 5: paramourx showed [Qd Qh] and won ($202) with a pair of Queens
Seat 6: Rysiff (button) folded before Flop (didn't bet)



PokerStars Hand #254751812248:  Hold'em No Limit ($0.50/$1.00 USD) - 2025/02/07 17:20:17 WET [2025/02/07 12:20:17 ET]
Table 'Imhotep II' 6-max Seat #1 is the button
Seat 2: stephaned815 ($0 in chips) is sitting out
Seat 1: Pippa83 ($100 in chips) 
Seat 3: sta$igk ($111.51 in chips) 
Seat 4: b2k-Snick ($100 in chips) 
Seat 5: paramourx ($202 in chips) 
Seat 6: Rysiff ($100 in chips) 
sta$igk: posts small blind $0.50
b2k-Snick: posts big blind $1
*** HOLE CARDS ***
paramourx: raises $2 to $3
Rysiff: folds 
Pippa83: folds 
sta$igk: folds 
b2k-Snick: folds 
Uncalled bet ($2) returned to paramourx
paramourx collected $2.50 from pot
paramourx: doesn't show hand 
*** SUMMARY ***
Total pot $2.50 | Rake $0 
Seat 2: stephaned815
Seat 1: Pippa83 (button) folded before Flop (didn't bet)
Seat 3: sta$igk (small blind) folded before Flop
Seat 4: b2k-Snick (big blind) folded before Flop
Seat 5: paramourx collected ($2.50)
Seat 6: Rysiff folded before Flop (didn't bet)



PokerStars Hand #254751815441:  Hold'em No Limit ($0.50/$1.00 USD) - 2025/02/07 17:20:29 WET [2025/02/07 12:20:29 ET]
Table 'Imhotep II' 6-max Seat #3 is the button
Seat 2: stephaned815 ($0 in chips) is sitting out
Seat 1: Pippa83 ($100 in chips) 
Seat 3: sta$igk ($111.01 in chips) 
Seat 4: b2k-Snick ($100 in chips) 
Seat 5: paramourx ($203.50 in chips) 
Seat 6: Rysiff ($100 in chips) 
b2k-Snick: posts small blind $0.50
paramourx: posts big blind $1
*** HOLE CARDS ***
Rysiff: folds 
Pippa83: folds 
sta$igk: raises $1.50 to $2.50
Rysiff leaves the table
b2k-Snick: folds 
paramourx: folds 
Uncalled bet ($1.50) returned to sta$igk
sta$igk collected $2.50 from pot
sta$igk: doesn't show hand 
*** SUMMARY ***
Total pot $2.50 | Rake $0 
Seat 2: stephaned815
Seat 1: Pippa83 folded before Flop (didn't bet)
Seat 3: sta$igk (button) collected ($2.50)
Seat 4: b2k-Snick (small blind) folded before Flop
Seat 5: paramourx (big blind) folded before Flop
Seat 6: Rysiff folded before Flop (didn't bet)



PokerStars Hand #254751818697:  Hold'em No Limit ($0.50/$1.00 USD) - 2025/02/07 17:20:42 WET [2025/02/07 12:20:42 ET]
Table 'Imhotep II' 6-max Seat #4 is the button
Seat 2: stephaned815 ($0 in chips) is sitting out
Seat 1: Pippa83 ($100 in chips) 
Seat 3: sta$igk ($112.51 in chips) 
Seat 4: b2k-Snick ($100 in chips) 
Seat 5: paramourx ($202.50 in chips) 
paramourx: posts small blind $0.50
Pippa83: posts big blind $1
*** HOLE CARDS ***
sta$igk: raises $1.50 to $2.50
stephaned815 leaves the table
b2k-Snick: raises $5 to $7.50
paramourx: folds 
Pippa83: folds 
sta$igk: folds 
Uncalled bet ($5) returned to b2k-Snick
b2k-Snick collected $6.50 from pot
b2k-Snick: doesn't show hand 
*** SUMMARY ***
Total pot $6.50 | Rake $0 
Seat 2: stephaned815
Seat 1: Pippa83 (big blind) folded before Flop
Seat 3: sta$igk folded before Flop
Seat 4: b2k-Snick (button) collected ($6.50)
Seat 5: paramourx (small blind) folded before Flop



PokerStars Hand #254751822621:  Hold'em No Limit ($0.50/$1.00 USD) - 2025/02/07 17:20:57 WET [2025/02/07 12:20:57 ET]
Table 'Imhotep II' 6-max Seat #5 is the button
Seat 1: Pippa83 ($100 in chips) 
Seat 3: sta$igk ($110.01 in chips) 
Seat 4: b2k-Snick ($104 in chips) 
Seat 5: paramourx ($202 in chips) 
Pippa83: posts small blind $0.50
sta$igk: posts big blind $1
*** HOLE CARDS ***
b2k-Snick: folds 
paramourx: folds 
Pippa83: folds 
Uncalled bet ($0.50) returned to sta$igk
sta$igk collected $1 from pot
sta$igk: doesn't show hand 
*** SUMMARY ***
Total pot $1 | Rake $0 
Seat 1: Pippa83 (small blind) folded before Flop
Seat 3: sta$igk (big blind) collected ($1)
Seat 4: b2k-Snick folded before Flop (didn't bet)
Seat 5: paramourx (button) folded before Flop (didn't bet)



PokerStars Hand #254751824498:  Hold'em No Limit ($0.50/$1.00 USD) - 2025/02/07 17:21:04 WET [2025/02/07 12:21:04 ET]
Table 'Imhotep II' 6-max Seat #1 is the button
Seat 1: Pippa83 ($100 in chips) 
Seat 3: sta$igk ($110.51 in chips) 
Seat 4: b2k-Snick ($104 in chips) 
Seat 5: paramourx ($202 in chips) 
sta$igk: posts small blind $0.50
b2k-Snick: posts big blind $1
*** HOLE CARDS ***
paramourx: raises $2 to $3
Pippa83: raises $6 to $9
sta$igk: folds 
b2k-Snick: folds 
paramourx: raises $16 to $25
Pippa83: folds 
Uncalled bet ($16) returned to paramourx
sta$igk leaves the table
paramourx collected $19.50 from pot
paramourx: doesn't show hand 
*** SUMMARY ***
Total pot $19.50 | Rake $0 
Seat 1: Pippa83 (button) folded before Flop
Seat 3: sta$igk (small blind) folded before Flop
Seat 4: b2k-Snick (big blind) folded before Flop
Seat 5: paramourx collected ($19.50)



PokerStars Hand #254751834403:  Hold'em No Limit ($0.50/$1.00 USD) - 2025/02/07 17:21:42 WET [2025/02/07 12:21:42 ET]
Table 'Imhotep II' 6-max Seat #4 is the button
Seat 1: Pippa83 ($100 in chips) 
Seat 4: b2k-Snick ($103 in chips) 
Seat 5: paramourx ($212.50 in chips) 
paramourx: posts small blind $0.50
Pippa83: posts big blind $1
*** HOLE CARDS ***
b2k-Snick: folds 
paramourx: raises $2 to $3
Pippa83: calls $2
*** FLOP *** [3h Ac 8s]
MaikonAll joins the table at seat #2 
paramourx: bets $1.77
Pippa83: calls $1.77
*** TURN *** [3h Ac 8s] [4c]
paramourx: bets $14.04
Pippa83: calls $14.04
*** RIVER *** [3h Ac 8s 4c] [7h]
paramourx: checks 
Pippa83: checks 
*** SHOW DOWN ***
paramourx: shows [Ah Js] (a pair of Aces)
Pippa83: mucks hand 
paramourx collected $36.62 from pot
*** SUMMARY ***
Total pot $37.62 | Rake $1 
Board [3h Ac 8s 4c 7h]
Seat 1: Pippa83 (big blind) mucked
Seat 4: b2k-Snick (button) folded before Flop (didn't bet)
Seat 5: paramourx (small blind) showed [Ah Js] and won ($36.62) with a pair of Aces



PokerStars Hand #254751855817:  Hold'em No Limit ($0.50/$1.00 USD) - 2025/02/07 17:23:06 WET [2025/02/07 12:23:06 ET]
Table 'Imhotep II' 6-max Seat #5 is the button
Seat 1: Pippa83 ($100 in chips) 
Seat 2: MaikonAll ($100 in chips) 
Seat 4: b2k-Snick ($103 in chips) 
Seat 5: paramourx ($230.31 in chips) 
Pippa83: posts small blind $0.50
MaikonAll: posts big blind $1
*** HOLE CARDS ***
b2k-Snick: folds 
paramourx: raises $2 to $3
Pippa83: folds 
MaikonAll: raises $9 to $12
paramourx: calls $9
*** FLOP *** [6h 6s 7c]
MaikonAll: bets $11.75
paramourx: folds 
Uncalled bet ($11.75) returned to MaikonAll
MaikonAll collected $23.50 from pot
MaikonAll: doesn't show hand 
*** SUMMARY ***
Total pot $24.50 | Rake $1 
Board [6h 6s 7c]
Seat 1: Pippa83 (small blind) folded before Flop
Seat 2: MaikonAll (big blind) collected ($23.50)
Seat 4: b2k-Snick folded before Flop (didn't bet)
Seat 5: paramourx (button) folded on the Flop



PokerStars Hand #254751871610:  Hold'em No Limit ($0.50/$1.00 USD) - 2025/02/07 17:24:07 WET [2025/02/07 12:24:07 ET]
Table 'Imhotep II' 6-max Seat #1 is the button
Seat 1: Pippa83 ($100 in chips) 
Seat 2: MaikonAll ($111.50 in chips) 
Seat 4: b2k-Snick ($103 in chips) 
Seat 5: paramourx ($218.31 in chips) 
MaikonAll: posts small blind $0.50
b2k-Snick: posts big blind $1
*** HOLE CARDS ***
paramourx: folds 
Pippa83: raises $1.50 to $2.50
MaikonAll: folds 
b2k-Snick: calls $1.50
*** FLOP *** [3c Qc Ks]
b2k-Snick: checks 
Pippa83: checks 
*** TURN *** [3c Qc Ks] [Kc]
b2k-Snick: bets $4.50
Pippa83: folds 
Uncalled bet ($4.50) returned to b2k-Snick
b2k-Snick collected $5.22 from pot
b2k-Snick: doesn't show hand 
*** SUMMARY ***
Total pot $5.50 | Rake $0.28 
Board [3c Qc Ks Kc]
Seat 1: Pippa83 (button) folded on the Turn
Seat 2: MaikonAll (small blind) folded before Flop
Seat 4: b2k-Snick (big blind) collected ($5.22)
Seat 5: paramourx folded before Flop (didn't bet)



PokerStars Hand #254751879853:  Hold'em No Limit ($0.50/$1.00 USD) - 2025/02/07 17:24:39 WET [2025/02/07 12:24:39 ET]
Table 'Imhotep II' 6-max Seat #2 is the button
Seat 1: Pippa83 ($100 in chips) 
Seat 2: MaikonAll ($111 in chips) 
Seat 4: b2k-Snick ($105.72 in chips) 
Seat 5: paramourx ($218.31 in chips) 
b2k-Snick: posts small blind $0.50
paramourx: posts big blind $1
*** HOLE CARDS ***
Pippa83: folds 
Pippa83 leaves the table
MoRsCeReBruM joins the table at seat #1 
MaikonAll has timed out
MaikonAll: folds 
b2k-Snick: raises $2 to $3
paramourx: raises $6 to $9
b2k-Snick: folds 
Uncalled bet ($6) returned to paramourx
paramourx collected $6 from pot
paramourx: doesn't show hand 
*** SUMMARY ***
Total pot $6 | Rake $0 
Seat 1: Pippa83 folded before Flop (didn't bet)
Seat 2: MaikonAll (button) folded before Flop (didn't bet)
Seat 4: b2k-Snick (small blind) folded before Flop
Seat 5: paramourx (big blind) collected ($6)



PokerStars Hand #254751889419:  Hold'em No Limit ($0.50/$1.00 USD) - 2025/02/07 17:25:15 WET [2025/02/07 12:25:15 ET]
Table 'Imhotep II' 6-max Seat #4 is the button
Seat 1: MoRsCeReBruM ($100 in chips) 
Seat 2: MaikonAll ($111 in chips) 
Seat 4: b2k-Snick ($102.72 in chips) 
Seat 5: paramourx ($221.31 in chips) 
paramourx: posts small blind $0.50
MoRsCeReBruM: posts big blind $1
*** HOLE CARDS ***
MaikonAll: folds 
b2k-Snick: folds 
paramourx: folds 
Uncalled bet ($0.50) returned to MoRsCeReBruM
MoRsCeReBruM collected $1 from pot
MoRsCeReBruM: doesn't show hand 
*** SUMMARY ***
Total pot $1 | Rake $0 
Seat 1: MoRsCeReBruM (big blind) collected ($1)
Seat 2: MaikonAll folded before Flop (didn't bet)
Seat 4: b2k-Snick (button) folded before Flop (didn't bet)
Seat 5: paramourx (small blind) folded before Flop



PokerStars Hand #254751892436:  Hold'em No Limit ($0.50/$1.00 USD) - 2025/02/07 17:25:27 WET [2025/02/07 12:25:27 ET]
Table 'Imhotep II' 6-max Seat #5 is the button
Seat 1: MoRsCeReBruM ($100.50 in chips) 
Seat 2: MaikonAll ($111 in chips) 
Seat 4: b2k-Snick ($102.72 in chips) 
Seat 5: paramourx ($220.81 in chips) 
MoRsCeReBruM: posts small blind $0.50
MaikonAll: posts big blind $1
*** HOLE CARDS ***
b2k-Snick: folds 
paramourx: folds 
MoRsCeReBruM: folds 
Uncalled bet ($0.50) returned to MaikonAll
MaikonAll collected $1 from pot
MaikonAll: doesn't show hand 
*** SUMMARY ***
Total pot $1 | Rake $0 
Seat 1: MoRsCeReBruM (small blind) folded before Flop
Seat 2: MaikonAll (big blind) collected ($1)
Seat 4: b2k-Snick folded before Flop (didn't bet)
Seat 5: paramourx (button) folded before Flop (didn't bet)



PokerStars Hand #254751897561:  Hold'em No Limit ($0.50/$1.00 USD) - 2025/02/07 17:25:47 WET [2025/02/07 12:25:47 ET]
Table 'Imhotep II' 6-max Seat #1 is the button
Seat 1: MoRsCeReBruM ($100 in chips) 
Seat 2: MaikonAll ($111.50 in chips) 
Seat 4: b2k-Snick ($102.72 in chips) 
Seat 5: paramourx ($220.81 in chips) 
MaikonAll: posts small blind $0.50
b2k-Snick: posts big blind $1
*** HOLE CARDS ***
paramourx: folds 
MoRsCeReBruM: folds 
MaikonAll: folds 
Uncalled bet ($0.50) returned to b2k-Snick
b2k-Snick collected $1 from pot
b2k-Snick: doesn't show hand 
*** SUMMARY ***
Total pot $1 | Rake $0 
Seat 1: MoRsCeReBruM (button) folded before Flop (didn't bet)
Seat 2: MaikonAll (small blind) folded before Flop
Seat 4: b2k-Snick (big blind) collected ($1)
Seat 5: paramourx folded before Flop (didn't bet)



PokerStars Hand #254751900671:  Hold'em No Limit ($0.50/$1.00 USD) - 2025/02/07 17:25:59 WET [2025/02/07 12:25:59 ET]
Table 'Imhotep II' 6-max Seat #2 is the button
Seat 1: MoRsCeReBruM ($100 in chips) 
Seat 2: MaikonAll ($111 in chips) 
Seat 4: b2k-Snick ($103.22 in chips) 
Seat 5: paramourx ($220.81 in chips) 
b2k-Snick: posts small blind $0.50
paramourx: posts big blind $1
*** HOLE CARDS ***
MoRsCeReBruM: folds 
MaikonAll: folds 
b2k-Snick: raises $2 to $3
paramourx: folds 
Uncalled bet ($2) returned to b2k-Snick
b2k-Snick collected $2 from pot
b2k-Snick: doesn't show hand 
*** SUMMARY ***
Total pot $2 | Rake $0 
Seat 1: MoRsCeReBruM folded before Flop (didn't bet)
Seat 2: MaikonAll (button) folded before Flop (didn't bet)
Seat 4: b2k-Snick (small blind) collected ($2)
Seat 5: paramourx (big blind) folded before Flop



PokerStars Hand #254751904909:  Hold'em No Limit ($0.50/$1.00 USD) - 2025/02/07 17:26:15 WET [2025/02/07 12:26:15 ET]
Table 'Imhotep II' 6-max Seat #4 is the button
Seat 1: MoRsCeReBruM ($100 in chips) 
Seat 2: MaikonAll ($111 in chips) 
Seat 4: b2k-Snick ($104.22 in chips) 
Seat 5: paramourx ($219.81 in chips) 
paramourx: posts small blind $0.50
MoRsCeReBruM: posts big blind $1
*** HOLE CARDS ***
MaikonAll: folds 
b2k-Snick: folds 
paramourx: folds 
Uncalled bet ($0.50) returned to MoRsCeReBruM
MoRsCeReBruM collected $1 from pot
MoRsCeReBruM: doesn't show hand 
*** SUMMARY ***
Total pot $1 | Rake $0 
Seat 1: MoRsCeReBruM (big blind) collected ($1)
Seat 2: MaikonAll folded before Flop (didn't bet)
Seat 4: b2k-Snick (button) folded before Flop (didn't bet)
Seat 5: paramourx (small blind) folded before Flop



PokerStars Hand #254751908186:  Hold'em No Limit ($0.50/$1.00 USD) - 2025/02/07 17:26:28 WET [2025/02/07 12:26:28 ET]
Table 'Imhotep II' 6-max Seat #5 is the button
Seat 1: MoRsCeReBruM ($100.50 in chips) 
Seat 2: MaikonAll ($111 in chips) 
Seat 4: b2k-Snick ($104.22 in chips) 
Seat 5: paramourx ($219.31 in chips) 
MoRsCeReBruM: posts small blind $0.50
MaikonAll: posts big blind $1
*** HOLE CARDS ***
b2k-Snick: folds 
paramourx: folds 
MoRsCeReBruM: folds 
Uncalled bet ($0.50) returned to MaikonAll
MaikonAll collected $1 from pot
MaikonAll: doesn't show hand 
*** SUMMARY ***
Total pot $1 | Rake $0 
Seat 1: MoRsCeReBruM (small blind) folded before Flop
Seat 2: MaikonAll (big blind) collected ($1)
Seat 4: b2k-Snick folded before Flop (didn't bet)
Seat 5: paramourx (button) folded before Flop (didn't bet)



PokerStars Hand #254751910246:  Hold'em No Limit ($0.50/$1.00 USD) - 2025/02/07 17:26:36 WET [2025/02/07 12:26:36 ET]
Table 'Imhotep II' 6-max Seat #1 is the button
Seat 1: MoRsCeReBruM ($100 in chips) 
Seat 2: MaikonAll ($111.50 in chips) 
Seat 4: b2k-Snick ($104.22 in chips) 
Seat 5: paramourx ($219.31 in chips) 
MaikonAll: posts small blind $0.50
b2k-Snick: posts big blind $1
*** HOLE CARDS ***
paramourx: raises $2 to $3
MoRsCeReBruM: folds 
MaikonAll: folds 
b2k-Snick: folds 
Uncalled bet ($2) returned to paramourx
paramourx collected $2.50 from pot
paramourx: doesn't show hand 
*** SUMMARY ***
Total pot $2.50 | Rake $0 
Seat 1: MoRsCeReBruM (button) folded before Flop (didn't bet)
Seat 2: MaikonAll (small blind) folded before Flop
Seat 4: b2k-Snick (big blind) folded before Flop
Seat 5: paramourx collected ($2.50)



PokerStars Hand #254751916526:  Hold'em No Limit ($0.50/$1.00 USD) - 2025/02/07 17:27:01 WET [2025/02/07 12:27:01 ET]
Table 'Imhotep II' 6-max Seat #2 is the button
Seat 5: paramourx ($220.81 in chips) is sitting out
Seat 1: MoRsCeReBruM ($100 in chips) 
Seat 2: MaikonAll ($111 in chips) 
Seat 4: b2k-Snick ($103.22 in chips) 
b2k-Snick: posts small blind $0.50
paramourx: is sitting out 
MoRsCeReBruM: posts big blind $1
*** HOLE CARDS ***
paramourx leaves the table
MaikonAll: raises $1.50 to $2.50
b2k-Snick: folds 
MoRsCeReBruM: folds 
Uncalled bet ($1.50) returned to MaikonAll
MaikonAll collected $2.50 from pot
MaikonAll: doesn't show hand 
*** SUMMARY ***
Total pot $2.50 | Rake $0 
Seat 5: paramourx
Seat 1: MoRsCeReBruM (big blind) folded before Flop
Seat 2: MaikonAll (button) collected ($2.50)
Seat 4: b2k-Snick (small blind) folded before Flop



PokerStars Hand #254751922552:  Hold'em No Limit ($0.50/$1.00 USD) - 2025/02/07 17:27:24 WET [2025/02/07 12:27:24 ET]
Table 'Imhotep II' 6-max Seat #4 is the button
Seat 1: MoRsCeReBruM ($100 in chips) 
Seat 2: MaikonAll ($112.50 in chips) 
Seat 4: b2k-Snick ($102.72 in chips) 
MoRsCeReBruM: posts small blind $0.50
MaikonAll: posts big blind $1
*** HOLE CARDS ***
b2k-Snick: folds 
MoRsCeReBruM: raises $2 to $3
MaikonAll: raises $6 to $9
MoRsCeReBruM: folds 
Uncalled bet ($6) returned to MaikonAll
MaikonAll collected $6 from pot
MaikonAll: doesn't show hand 
*** SUMMARY ***
Total pot $6 | Rake $0 
Seat 1: MoRsCeReBruM (small blind) folded before Flop
Seat 2: MaikonAll (big blind) collected ($6)
Seat 4: b2k-Snick (button) folded before Flop (didn't bet)



PokerStars Hand #254751933209:  Hold'em No Limit ($0.50/$1.00 USD) - 2025/02/07 17:28:06 WET [2025/02/07 12:28:06 ET]
Table 'Imhotep II' 6-max Seat #1 is the button
Seat 1: MoRsCeReBruM ($100 in chips) 
Seat 2: MaikonAll ($115.50 in chips) 
Seat 4: b2k-Snick ($102.72 in chips) 
MaikonAll: posts small blind $0.50
b2k-Snick: posts big blind $1
*** HOLE CARDS ***
MoRsCeReBruM: raises $1.50 to $2.50
MaikonAll: raises $8.50 to $11
b2k-Snick: folds 
MoRsCeReBruM: folds 
Uncalled bet ($8.50) returned to MaikonAll
MaikonAll collected $6 from pot
MaikonAll: doesn't show hand 
*** SUMMARY ***
Total pot $6 | Rake $0 
Seat 1: MoRsCeReBruM (button) folded before Flop
Seat 2: MaikonAll (small blind) collected ($6)
Seat 4: b2k-Snick (big blind) folded before Flop



PokerStars Hand #254751939107:  Hold'em No Limit ($0.50/$1.00 USD) - 2025/02/07 17:28:30 WET [2025/02/07 12:28:30 ET]
Table 'Imhotep II' 6-max Seat #2 is the button
Seat 1: MoRsCeReBruM ($100 in chips) 
Seat 2: MaikonAll ($119 in chips) 
Seat 4: b2k-Snick ($101.72 in chips) 
b2k-Snick: posts small blind $0.50
MoRsCeReBruM: posts big blind $1
*** HOLE CARDS ***
MaikonAll: raises $1.50 to $2.50
b2k-Snick: folds 
MoRsCeReBruM: folds 
Uncalled bet ($1.50) returned to MaikonAll
MaikonAll collected $2.50 from pot
MaikonAll: doesn't show hand 
*** SUMMARY ***
Total pot $2.50 | Rake $0 
Seat 1: MoRsCeReBruM (big blind) folded before Flop
Seat 2: MaikonAll (button) collected ($2.50)
Seat 4: b2k-Snick (small blind) folded before Flop



PokerStars Hand #254751942130:  Hold'em No Limit ($0.50/$1.00 USD) - 2025/02/07 17:28:41 WET [2025/02/07 12:28:41 ET]
Table 'Imhotep II' 6-max Seat #4 is the button
Seat 1: MoRsCeReBruM ($100 in chips) 
Seat 2: MaikonAll ($120.50 in chips) 
Seat 4: b2k-Snick ($101.22 in chips) 
MoRsCeReBruM: posts small blind $0.50
MaikonAll: posts big blind $1
*** HOLE CARDS ***
b2k-Snick: raises $1.50 to $2.50
MoRsCeReBruM: raises $8.50 to $11
MaikonAll: folds 
b2k-Snick: calls $8.50
*** FLOP *** [5h 6s Ts]
MoRsCeReBruM: checks 
b2k-Snick: bets $4.84
MoRsCeReBruM: calls $4.84
*** TURN *** [5h 6s Ts] [7h]
MoRsCeReBruM: checks 
b2k-Snick: bets $10.45
MoRsCeReBruM: calls $10.45
*** RIVER *** [5h 6s Ts 7h] [9h]
MoRsCeReBruM: checks 
b2k-Snick: bets $17.35
MoRsCeReBruM: raises $56.36 to $73.71 and is all-in
b2k-Snick: calls $56.36
*** SHOW DOWN ***
MoRsCeReBruM: shows [7c 8c] (a straight, Six to Ten)
b2k-Snick: shows [7s 8s] (a straight, Six to Ten)
MoRsCeReBruM collected $100 from pot
b2k-Snick collected $100 from pot
*** SUMMARY ***
Total pot $201 | Rake $1 
Board [5h 6s Ts 7h 9h]
Seat 1: MoRsCeReBruM (small blind) showed [7c 8c] and won ($100) with a straight, Six to Ten
Seat 2: MaikonAll (big blind) folded before Flop
Seat 4: b2k-Snick (button) showed [7s 8s] and won ($100) with a straight, Six to Ten



PokerStars Hand #254751972371:  Hold'em No Limit ($0.50/$1.00 USD) - 2025/02/07 17:30:39 WET [2025/02/07 12:30:39 ET]
Table 'Imhotep II' 6-max Seat #1 is the button
Seat 1: MoRsCeReBruM ($100 in chips) 
Seat 2: MaikonAll ($119.50 in chips) 
Seat 4: b2k-Snick ($101.22 in chips) 
MaikonAll: posts small blind $0.50
b2k-Snick: posts big blind $1
*** HOLE CARDS ***
MoRsCeReBruM: folds 
MaikonAll: folds 
Uncalled bet ($0.50) returned to b2k-Snick
b2k-Snick collected $1 from pot
b2k-Snick: doesn't show hand 
*** SUMMARY ***
Total pot $1 | Rake $0 
Seat 1: MoRsCeReBruM (button) folded before Flop (didn't bet)
Seat 2: MaikonAll (small blind) folded before Flop
Seat 4: b2k-Snick (big blind) collected ($1)



PokerStars Hand #254751976801:  Hold'em No Limit ($0.50/$1.00 USD) - 2025/02/07 17:30:56 WET [2025/02/07 12:30:56 ET]
Table 'Imhotep II' 6-max Seat #2 is the button
Seat 1: MoRsCeReBruM ($100 in chips) 
Seat 2: MaikonAll ($119 in chips) 
Seat 4: b2k-Snick ($101.72 in chips) 
b2k-Snick: posts small blind $0.50
MoRsCeReBruM: posts big blind $1
*** HOLE CARDS ***
MaikonAll: folds 
b2k-Snick: raises $2 to $3
MoRsCeReBruM: folds 
Uncalled bet ($2) returned to b2k-Snick
b2k-Snick collected $2 from pot
b2k-Snick: doesn't show hand 
*** SUMMARY ***
Total pot $2 | Rake $0 
Seat 1: MoRsCeReBruM (big blind) folded before Flop
Seat 2: MaikonAll (button) folded before Flop (didn't bet)
Seat 4: b2k-Snick (small blind) collected ($2)



PokerStars Hand #254751980322:  Hold'em No Limit ($0.50/$1.00 USD) - 2025/02/07 17:31:09 WET [2025/02/07 12:31:09 ET]
Table 'Imhotep II' 6-max Seat #4 is the button
Seat 1: MoRsCeReBruM ($100 in chips) 
Seat 2: MaikonAll ($119 in chips) 
Seat 4: b2k-Snick ($102.72 in chips) 
MoRsCeReBruM: posts small blind $0.50
MaikonAll: posts big blind $1
*** HOLE CARDS ***
b2k-Snick: folds 
MoRsCeReBruM: raises $2 to $3
MaikonAll: folds 
Uncalled bet ($2) returned to MoRsCeReBruM
MoRsCeReBruM collected $2 from pot
MoRsCeReBruM: doesn't show hand 
*** SUMMARY ***
Total pot $2 | Rake $0 
Seat 1: MoRsCeReBruM (small blind) collected ($2)
Seat 2: MaikonAll (big blind) folded before Flop
Seat 4: b2k-Snick (button) folded before Flop (didn't bet)



PokerStars Hand #254751985941:  Hold'em No Limit ($0.50/$1.00 USD) - 2025/02/07 17:31:31 WET [2025/02/07 12:31:31 ET]
Table 'Imhotep II' 6-max Seat #1 is the button
Seat 1: MoRsCeReBruM ($101 in chips) 
Seat 2: MaikonAll ($118 in chips) 
Seat 4: b2k-Snick ($102.72 in chips) 
MaikonAll: posts small blind $0.50
b2k-Snick: posts big blind $1
*** HOLE CARDS ***
MoRsCeReBruM: folds 
MoRsCeReBruM leaves the table
MaikonAll: raises $2 to $3
b2k-Snick: folds 
Uncalled bet ($2) returned to MaikonAll
MaikonAll collected $2 from pot
MaikonAll: doesn't show hand 
*** SUMMARY ***
Total pot $2 | Rake $0 
Seat 1: MoRsCeReBruM (button) folded before Flop (didn't bet)
Seat 2: MaikonAll (small blind) collected ($2)
Seat 4: b2k-Snick (big blind) folded before Flop



PokerStars Hand #254751989239:  Hold'em No Limit ($0.50/$1.00 USD) - 2025/02/07 17:31:44 WET [2025/02/07 12:31:44 ET]
Table 'Imhotep II' 6-max Seat #4 is the button
Seat 2: MaikonAll ($119 in chips) 
Seat 4: b2k-Snick ($101.72 in chips) 
b2k-Snick: posts small blind $0.50
MaikonAll: posts big blind $1
*** HOLE CARDS ***
b2k-Snick: raises $1.50 to $2.50
MaikonAll: folds 
Uncalled bet ($1.50) returned to b2k-Snick
b2k-Snick collected $2 from pot
b2k-Snick: doesn't show hand 
*** SUMMARY ***
Total pot $2 | Rake $0 
Seat 2: MaikonAll (big blind) folded before Flop
Seat 4: b2k-Snick (button) (small blind) collected ($2)



PokerStars Hand #254751991554:  Hold'em No Limit ($0.50/$1.00 USD) - 2025/02/07 17:31:52 WET [2025/02/07 12:31:52 ET]
Table 'Imhotep II' 6-max Seat #2 is the button
Seat 2: MaikonAll ($118 in chips) 
Seat 4: b2k-Snick ($102.72 in chips) 
MaikonAll: posts small blind $0.50
b2k-Snick: posts big blind $1
*** HOLE CARDS ***
MaikonAll: raises $1.50 to $2.50
b2k-Snick: folds 
Uncalled bet ($1.50) returned to MaikonAll
MaikonAll collected $2 from pot
MaikonAll: doesn't show hand 
*** SUMMARY ***
Total pot $2 | Rake $0 
Seat 2: MaikonAll (button) (small blind) collected ($2)
Seat 4: b2k-Snick (big blind) folded before Flop



PokerStars Hand #254752233948:  Hold'em No Limit ($0.50/$1.00 USD) - 2025/02/07 17:47:20 WET [2025/02/07 12:47:20 ET]
Table 'Imhotep II' 6-max Seat #5 is the button
Seat 2: S3MPR3IGUAL ($100 in chips) is sitting out
Seat 1: Oli3579 ($106.57 in chips) 
Seat 4: Gjeneral66 ($45.99 in chips) 
Seat 5: ioannisus ($97 in chips) 
Seat 6: chelsea16730 ($26.47 in chips) 
chelsea16730: posts small blind $0.50
Oli3579: posts big blind $1
S3MPR3IGUAL: sits out 
*** HOLE CARDS ***
Gjeneral66: raises $1.50 to $2.50
ioannisus: folds 
chelsea16730: calls $2
Oli3579: calls $1.50
*** FLOP *** [3s Kd Ts]
chelsea16730: checks 
Oli3579: checks 
Gjeneral66: bets $4.65
ZinePablo joins the table at seat #3 
chelsea16730: calls $4.65
Oli3579: calls $4.65
*** TURN *** [3s Kd Ts] [9c]
chelsea16730: checks 
Oli3579: checks 
Gjeneral66: checks 
*** RIVER *** [3s Kd Ts 9c] [3d]
chelsea16730: checks 
Oli3579: checks 
Gjeneral66: checks 
*** SHOW DOWN ***
chelsea16730: shows [As Td] (two pair, Tens and Threes)
Oli3579: mucks hand 
Gjeneral66: mucks hand 
chelsea16730 collected $20.45 from pot
*** SUMMARY ***
Total pot $21.45 | Rake $1 
Board [3s Kd Ts 9c 3d]
Seat 2: S3MPR3IGUAL
Seat 1: Oli3579 (big blind) mucked
Seat 4: Gjeneral66 mucked
Seat 5: ioannisus (button) folded before Flop (didn't bet)
Seat 6: chelsea16730 (small blind) showed [As Td] and won ($20.45) with two pair, Tens and Threes



PokerStars Hand #254752253092:  Hold'em No Limit ($0.50/$1.00 USD) - 2025/02/07 17:48:31 WET [2025/02/07 12:48:31 ET]
Table 'Imhotep II' 6-max Seat #6 is the button
Seat 3: ZinePablo ($100 in chips) is sitting out
Seat 1: Oli3579 ($100 in chips) 
Seat 2: S3MPR3IGUAL ($100 in chips) 
Seat 4: Gjeneral66 ($38.84 in chips) 
Seat 5: ioannisus ($97 in chips) 
Seat 6: chelsea16730 ($39.77 in chips) 
Oli3579: posts small blind $0.50
S3MPR3IGUAL: posts big blind $1
ZinePablo: sits out 
*** HOLE CARDS ***
Gjeneral66: folds 
ioannisus: folds 
chelsea16730: folds 
Oli3579: folds 
Uncalled bet ($0.50) returned to S3MPR3IGUAL
S3MPR3IGUAL collected $1 from pot
S3MPR3IGUAL: doesn't show hand 
*** SUMMARY ***
Total pot $1 | Rake $0 
Seat 3: ZinePablo
Seat 1: Oli3579 (small blind) folded before Flop
Seat 2: S3MPR3IGUAL (big blind) collected ($1)
Seat 4: Gjeneral66 folded before Flop (didn't bet)
Seat 5: ioannisus folded before Flop (didn't bet)
Seat 6: chelsea16730 (button) folded before Flop (didn't bet)



PokerStars Hand #254752255779:  Hold'em No Limit ($0.50/$1.00 USD) - 2025/02/07 17:48:41 WET [2025/02/07 12:48:41 ET]
Table 'Imhotep II' 6-max Seat #1 is the button
Seat 1: Oli3579 ($100 in chips) 
Seat 2: S3MPR3IGUAL ($100.50 in chips) 
Seat 3: ZinePablo ($100 in chips) 
Seat 4: Gjeneral66 ($38.84 in chips) 
Seat 5: ioannisus ($97 in chips) 
Seat 6: chelsea16730 ($39.77 in chips) 
S3MPR3IGUAL: posts small blind $0.50
ZinePablo: posts big blind $1
*** HOLE CARDS ***
Gjeneral66: folds 
ioannisus: folds 
chelsea16730: calls $1
Oli3579: folds 
S3MPR3IGUAL: raises $3 to $4
ZinePablo: folds 
chelsea16730: raises $35.77 to $39.77 and is all-in
S3MPR3IGUAL: folds 
Uncalled bet ($35.77) returned to chelsea16730
chelsea16730 collected $9 from pot
*** SUMMARY ***
Total pot $9 | Rake $0 
Seat 1: Oli3579 (button) folded before Flop (didn't bet)
Seat 2: S3MPR3IGUAL (small blind) folded before Flop
Seat 3: ZinePablo (big blind) folded before Flop
Seat 4: Gjeneral66 folded before Flop (didn't bet)
Seat 5: ioannisus folded before Flop (didn't bet)
Seat 6: chelsea16730 collected ($9)



PokerStars Hand #254752261893:  Hold'em No Limit ($0.50/$1.00 USD) - 2025/02/07 17:49:04 WET [2025/02/07 12:49:04 ET]
Table 'Imhotep II' 6-max Seat #2 is the button
Seat 1: Oli3579 ($100 in chips) 
Seat 2: S3MPR3IGUAL ($100 in chips) 
Seat 3: ZinePablo ($100 in chips) 
Seat 4: Gjeneral66 ($38.84 in chips) 
Seat 5: ioannisus ($97 in chips) 
Seat 6: chelsea16730 ($44.77 in chips) 
ZinePablo: posts small blind $0.50
Gjeneral66: posts big blind $1
*** HOLE CARDS ***
ioannisus: folds 
chelsea16730: calls $1
Oli3579: folds 
S3MPR3IGUAL: folds 
ZinePablo: folds 
Gjeneral66: checks 
*** FLOP *** [9s Ac 9d]
Gjeneral66: checks 
chelsea16730: checks 
*** TURN *** [9s Ac 9d] [6s]
Gjeneral66: checks 
chelsea16730: checks 
*** RIVER *** [9s Ac 9d 6s] [Kc]
Gjeneral66: checks 
chelsea16730: checks 
*** SHOW DOWN ***
Gjeneral66: shows [Th Ad] (two pair, Aces and Nines)
chelsea16730: mucks hand 
Gjeneral66 collected $2.38 from pot
*** SUMMARY ***
Total pot $2.50 | Rake $0.12 
Board [9s Ac 9d 6s Kc]
Seat 1: Oli3579 folded before Flop (didn't bet)
Seat 2: S3MPR3IGUAL (button) folded before Flop (didn't bet)
Seat 3: ZinePablo (small blind) folded before Flop
Seat 4: Gjeneral66 (big blind) showed [Th Ad] and won ($2.38) with two pair, Aces and Nines
Seat 5: ioannisus folded before Flop (didn't bet)
Seat 6: chelsea16730 mucked



PokerStars Hand #254752271153:  Hold'em No Limit ($0.50/$1.00 USD) - 2025/02/07 17:49:38 WET [2025/02/07 12:49:38 ET]
Table 'Imhotep II' 6-max Seat #3 is the button
Seat 1: Oli3579 ($100 in chips) 
Seat 2: S3MPR3IGUAL ($100 in chips) 
Seat 3: ZinePablo ($100 in chips) 
Seat 4: Gjeneral66 ($40.22 in chips) 
Seat 5: ioannisus ($97 in chips) 
Seat 6: chelsea16730 ($43.77 in chips) 
Gjeneral66: posts small blind $0.50
ioannisus: posts big blind $1
*** HOLE CARDS ***
chelsea16730: calls $1
Oli3579: folds 
S3MPR3IGUAL: folds 
ZinePablo: folds 
Gjeneral66: calls $0.50
ioannisus: checks 
*** FLOP *** [9s 2c 6d]
Gjeneral66: checks 
ioannisus: checks 
chelsea16730: checks 
*** TURN *** [9s 2c 6d] [4c]
Gjeneral66: checks 
ioannisus: bets $2
chelsea16730: folds 
Gjeneral66: folds 
Uncalled bet ($2) returned to ioannisus
ioannisus collected $2.85 from pot
*** SUMMARY ***
Total pot $3 | Rake $0.15 
Board [9s 2c 6d 4c]
Seat 1: Oli3579 folded before Flop (didn't bet)
Seat 2: S3MPR3IGUAL folded before Flop (didn't bet)
Seat 3: ZinePablo (button) folded before Flop (didn't bet)
Seat 4: Gjeneral66 (small blind) folded on the Turn
Seat 5: ioannisus (big blind) collected ($2.85)
Seat 6: chelsea16730 folded on the Turn



PokerStars Hand #254752279342:  Hold'em No Limit ($0.50/$1.00 USD) - 2025/02/07 17:50:09 WET [2025/02/07 12:50:09 ET]
Table 'Imhotep II' 6-max Seat #4 is the button
Seat 1: Oli3579 ($100 in chips) 
Seat 2: S3MPR3IGUAL ($100 in chips) 
Seat 3: ZinePablo ($100 in chips) 
Seat 4: Gjeneral66 ($39.22 in chips) 
Seat 5: ioannisus ($98.85 in chips) 
Seat 6: chelsea16730 ($42.77 in chips) 
ioannisus: posts small blind $0.50
chelsea16730: posts big blind $1
*** HOLE CARDS ***
Oli3579: folds 
S3MPR3IGUAL: raises $1.20 to $2.20
ZinePablo: folds 
Gjeneral66: calls $2.20
ioannisus: folds 
chelsea16730: folds 
*** FLOP *** [Ah Ac Kh]
S3MPR3IGUAL: checks 
Gjeneral66: checks 
*** TURN *** [Ah Ac Kh] [8s]
S3MPR3IGUAL: checks 
Gjeneral66: checks 
*** RIVER *** [Ah Ac Kh 8s] [Ts]
S3MPR3IGUAL: checks 
Gjeneral66: checks 
*** SHOW DOWN ***
S3MPR3IGUAL: shows [2h 2c] (two pair, Aces and Deuces)
Gjeneral66: shows [6h 6c] (two pair, Aces and Sixes)
Gjeneral66 collected $5.60 from pot
*** SUMMARY ***
Total pot $5.90 | Rake $0.30 
Board [Ah Ac Kh 8s Ts]
Seat 1: Oli3579 folded before Flop (didn't bet)
Seat 2: S3MPR3IGUAL showed [2h 2c] and lost with two pair, Aces and Deuces
Seat 3: ZinePablo folded before Flop (didn't bet)
Seat 4: Gjeneral66 (button) showed [6h 6c] and won ($5.60) with two pair, Aces and Sixes
Seat 5: ioannisus (small blind) folded before Flop
Seat 6: chelsea16730 (big blind) folded before Flop



PokerStars Hand #254752291769:  Hold'em No Limit ($0.50/$1.00 USD) - 2025/02/07 17:50:56 WET [2025/02/07 12:50:56 ET]
Table 'Imhotep II' 6-max Seat #5 is the button
Seat 1: Oli3579 ($100 in chips) 
Seat 2: S3MPR3IGUAL ($100 in chips) 
Seat 3: ZinePablo ($100 in chips) 
Seat 4: Gjeneral66 ($42.62 in chips) 
Seat 5: ioannisus ($98.35 in chips) 
Seat 6: chelsea16730 ($41.77 in chips) 
chelsea16730: posts small blind $0.50
Oli3579: posts big blind $1
*** HOLE CARDS ***
S3MPR3IGUAL: raises $1.20 to $2.20
ZinePablo: folds 
Gjeneral66: folds 
ioannisus: calls $2.20
chelsea16730: folds 
Oli3579: folds 
*** FLOP *** [9h 2d Td]
S3MPR3IGUAL: checks 
ioannisus: bets $3.80
S3MPR3IGUAL: raises $8.20 to $12
ioannisus: calls $8.20
*** TURN *** [9h 2d Td] [4c]
S3MPR3IGUAL: checks 
ioannisus: checks 
*** RIVER *** [9h 2d Td 4c] [5h]
S3MPR3IGUAL: checks 
ioannisus: checks 
*** SHOW DOWN ***
S3MPR3IGUAL: shows [Jd Kc] (high card King)
ioannisus: shows [Kd Th] (a pair of Tens)
ioannisus collected $28.40 from pot
*** SUMMARY ***
Total pot $29.90 | Rake $1.50 
Board [9h 2d Td 4c 5h]
Seat 1: Oli3579 (big blind) folded before Flop
Seat 2: S3MPR3IGUAL showed [Jd Kc] and lost with high card King
Seat 3: ZinePablo folded before Flop (didn't bet)
Seat 4: Gjeneral66 folded before Flop (didn't bet)
Seat 5: ioannisus (button) showed [Kd Th] and won ($28.40) with a pair of Tens
Seat 6: chelsea16730 (small blind) folded before Flop



PokerStars Hand #254752305737:  Hold'em No Limit ($0.50/$1.00 USD) - 2025/02/07 17:51:49 WET [2025/02/07 12:51:49 ET]
Table 'Imhotep II' 6-max Seat #6 is the button
Seat 1: Oli3579 ($100 in chips) 
Seat 2: S3MPR3IGUAL ($100 in chips) 
Seat 3: ZinePablo ($100 in chips) 
Seat 4: Gjeneral66 ($42.62 in chips) 
Seat 5: ioannisus ($112.55 in chips) 
Seat 6: chelsea16730 ($41.27 in chips) 
Oli3579: posts small blind $0.50
S3MPR3IGUAL: posts big blind $1
*** HOLE CARDS ***
ZinePablo: folds 
Gjeneral66: folds 
ioannisus: folds 
chelsea16730: calls $1
Oli3579: raises $4.50 to $5.50
S3MPR3IGUAL: folds 
chelsea16730: folds 
Uncalled bet ($4.50) returned to Oli3579
Oli3579 collected $3 from pot
Oli3579: doesn't show hand 
*** SUMMARY ***
Total pot $3 | Rake $0 
Seat 1: Oli3579 (small blind) collected ($3)
Seat 2: S3MPR3IGUAL (big blind) folded before Flop
Seat 3: ZinePablo folded before Flop (didn't bet)
Seat 4: Gjeneral66 folded before Flop (didn't bet)
Seat 5: ioannisus folded before Flop (didn't bet)
Seat 6: chelsea16730 (button) folded before Flop



PokerStars Hand #254752310808:  Hold'em No Limit ($0.50/$1.00 USD) - 2025/02/07 17:52:08 WET [2025/02/07 12:52:08 ET]
Table 'Imhotep II' 6-max Seat #1 is the button
Seat 1: Oli3579 ($102 in chips) 
Seat 2: S3MPR3IGUAL ($100 in chips) 
Seat 3: ZinePablo ($100 in chips) 
Seat 4: Gjeneral66 ($42.62 in chips) 
Seat 5: ioannisus ($112.55 in chips) 
Seat 6: chelsea16730 ($40.27 in chips) 
S3MPR3IGUAL: posts small blind $0.50
ZinePablo: posts big blind $1
*** HOLE CARDS ***
Gjeneral66: raises $1.50 to $2.50
ioannisus: folds 
chelsea16730: folds 
Oli3579: raises $4.50 to $7
S3MPR3IGUAL: folds 
ZinePablo: folds 
Gjeneral66: calls $4.50
*** FLOP *** [3c 9d 2d]
Gjeneral66: checks 
Oli3579: bets $7.35
Gjeneral66: calls $7.35
*** TURN *** [3c 9d 2d] [3h]
Gjeneral66: checks 
Oli3579: checks 
*** RIVER *** [3c 9d 2d 3h] [3d]
Gjeneral66: bets $28.27 and is all-in
Oli3579: calls $28.27
*** SHOW DOWN ***
Gjeneral66: shows [9h 9c] (a full house, Nines full of Threes)
Oli3579: shows [Ad Td] (a flush, Ace high)
Gjeneral66 collected $84.24 from pot
*** SUMMARY ***
Total pot $86.74 | Rake $2.50 
Board [3c 9d 2d 3h 3d]
Seat 1: Oli3579 (button) showed [Ad Td] and lost with a flush, Ace high
Seat 2: S3MPR3IGUAL (small blind) folded before Flop
Seat 3: ZinePablo (big blind) folded before Flop
Seat 4: Gjeneral66 showed [9h 9c] and won ($84.24) with a full house, Nines full of Threes
Seat 5: ioannisus folded before Flop (didn't bet)
Seat 6: chelsea16730 folded before Flop (didn't bet)



PokerStars Hand #254752331081:  Hold'em No Limit ($0.50/$1.00 USD) - 2025/02/07 17:53:24 WET [2025/02/07 12:53:24 ET]
Table 'Imhotep II' 6-max Seat #2 is the button
Seat 1: Oli3579 ($100 in chips) 
Seat 2: S3MPR3IGUAL ($100 in chips) 
Seat 3: ZinePablo ($100 in chips) 
Seat 4: Gjeneral66 ($84.24 in chips) 
Seat 5: ioannisus ($112.55 in chips) 
Seat 6: chelsea16730 ($40.27 in chips) 
ZinePablo: posts small blind $0.50
Gjeneral66: posts big blind $1
*** HOLE CARDS ***
ioannisus: folds 
chelsea16730: calls $1
Oli3579: raises $2.50 to $3.50
S3MPR3IGUAL: folds 
ZinePablo: folds 
Gjeneral66: folds 
chelsea16730: calls $2.50
*** FLOP *** [8h 2d Tc]
chelsea16730: checks 
Oli3579: bets $4.04
chelsea16730: raises $32.73 to $36.77 and is all-in
Oli3579: calls $32.73
*** TURN *** [8h 2d Tc] [7c]
*** RIVER *** [8h 2d Tc 7c] [4c]
*** SHOW DOWN ***
chelsea16730: shows [Th Js] (a pair of Tens)
Oli3579: shows [Qd Ts] (a pair of Tens - Queen kicker)
Oli3579 collected $79.54 from pot
*** SUMMARY ***
Total pot $82.04 | Rake $2.50 
Board [8h 2d Tc 7c 4c]
Seat 1: Oli3579 showed [Qd Ts] and won ($79.54) with a pair of Tens
Seat 2: S3MPR3IGUAL (button) folded before Flop (didn't bet)
Seat 3: ZinePablo (small blind) folded before Flop
Seat 4: Gjeneral66 (big blind) folded before Flop
Seat 5: ioannisus folded before Flop (didn't bet)
Seat 6: chelsea16730 showed [Th Js] and lost with a pair of Tens



PokerStars Hand #254752343132:  Hold'em No Limit ($0.50/$1.00 USD) - 2025/02/07 17:54:09 WET [2025/02/07 12:54:09 ET]
Table 'Imhotep II' 6-max Seat #3 is the button
Seat 6: chelsea16730 ($0 in chips) is sitting out
Seat 1: Oli3579 ($139.27 in chips) 
Seat 2: S3MPR3IGUAL ($100 in chips) 
Seat 3: ZinePablo ($100 in chips) 
Seat 4: Gjeneral66 ($83.24 in chips) 
Seat 5: ioannisus ($112.55 in chips) 
Gjeneral66: posts small blind $0.50
ioannisus: posts big blind $1
*** HOLE CARDS ***
Oli3579: raises $1.25 to $2.25
S3MPR3IGUAL: folds 
chelsea16730 leaves the table
coeeeelho joins the table at seat #6 
ZinePablo: folds 
Gjeneral66: folds 
ioannisus: folds 
Uncalled bet ($1.25) returned to Oli3579
Oli3579 collected $2.50 from pot
Oli3579: doesn't show hand 
*** SUMMARY ***
Total pot $2.50 | Rake $0 
Seat 6: chelsea16730
Seat 1: Oli3579 collected ($2.50)
Seat 2: S3MPR3IGUAL folded before Flop (didn't bet)
Seat 3: ZinePablo (button) folded before Flop (didn't bet)
Seat 4: Gjeneral66 (small blind) folded before Flop
Seat 5: ioannisus (big blind) folded before Flop



PokerStars Hand #254752348167:  Hold'em No Limit ($0.50/$1.00 USD) - 2025/02/07 17:54:27 WET [2025/02/07 12:54:27 ET]
Table 'Imhotep II' 6-max Seat #4 is the button
Seat 1: Oli3579 ($140.77 in chips) 
Seat 2: S3MPR3IGUAL ($100 in chips) 
Seat 3: ZinePablo ($100 in chips) 
Seat 4: Gjeneral66 ($82.74 in chips) 
Seat 5: ioannisus ($111.55 in chips) 
Seat 6: coeeeelho ($100 in chips) 
ioannisus: posts small blind $0.50
coeeeelho: posts big blind $1
*** HOLE CARDS ***
Oli3579: folds 
S3MPR3IGUAL: folds 
ZinePablo: folds 
Gjeneral66: folds 
ioannisus: raises $1.60 to $2.60
coeeeelho: folds 
Uncalled bet ($1.60) returned to ioannisus
ioannisus collected $2 from pot
*** SUMMARY ***
Total pot $2 | Rake $0 
Seat 1: Oli3579 folded before Flop (didn't bet)
Seat 2: S3MPR3IGUAL folded before Flop (didn't bet)
Seat 3: ZinePablo folded before Flop (didn't bet)
Seat 4: Gjeneral66 (button) folded before Flop (didn't bet)
Seat 5: ioannisus (small blind) collected ($2)
Seat 6: coeeeelho (big blind) folded before Flop



PokerStars Hand #254752355522:  Hold'em No Limit ($0.50/$1.00 USD) - 2025/02/07 17:54:55 WET [2025/02/07 12:54:55 ET]
Table 'Imhotep II' 6-max Seat #5 is the button
Seat 1: Oli3579 ($140.77 in chips) 
Seat 2: S3MPR3IGUAL ($100 in chips) 
Seat 3: ZinePablo ($100 in chips) 
Seat 4: Gjeneral66 ($82.74 in chips) 
Seat 5: ioannisus ($112.55 in chips) 
Seat 6: coeeeelho ($100 in chips) 
coeeeelho: posts small blind $0.50
Oli3579: posts big blind $1
*** HOLE CARDS ***
S3MPR3IGUAL: folds 
ZinePablo: folds 
Gjeneral66: raises $1.50 to $2.50
ioannisus: folds 
coeeeelho: folds 
Oli3579: folds 
Uncalled bet ($1.50) returned to Gjeneral66
Gjeneral66 collected $2.50 from pot
*** SUMMARY ***
Total pot $2.50 | Rake $0 
Seat 1: Oli3579 (big blind) folded before Flop
Seat 2: S3MPR3IGUAL folded before Flop (didn't bet)
Seat 3: ZinePablo folded before Flop (didn't bet)
Seat 4: Gjeneral66 collected ($2.50)
Seat 5: ioannisus (button) folded before Flop (didn't bet)
Seat 6: coeeeelho (small blind) folded before Flop



PokerStars Hand #254752360217:  Hold'em No Limit ($0.50/$1.00 USD) - 2025/02/07 17:55:16 WET [2025/02/07 12:55:16 ET]
Table 'Imhotep II' 6-max Seat #6 is the button
Seat 1: Oli3579 ($139.77 in chips) 
Seat 2: S3MPR3IGUAL ($100 in chips) 
Seat 3: ZinePablo ($100 in chips) 
Seat 4: Gjeneral66 ($84.24 in chips) 
Seat 5: ioannisus ($112.55 in chips) 
Seat 6: coeeeelho ($100 in chips) 
Oli3579: posts small blind $0.50
S3MPR3IGUAL: posts big blind $1
*** HOLE CARDS ***
ZinePablo: folds 
Gjeneral66: folds 
ioannisus: folds 
coeeeelho: folds 
Oli3579: folds 
Uncalled bet ($0.50) returned to S3MPR3IGUAL
S3MPR3IGUAL collected $1 from pot
S3MPR3IGUAL: doesn't show hand 
*** SUMMARY ***
Total pot $1 | Rake $0 
Seat 1: Oli3579 (small blind) folded before Flop
Seat 2: S3MPR3IGUAL (big blind) collected ($1)
Seat 3: ZinePablo folded before Flop (didn't bet)
Seat 4: Gjeneral66 folded before Flop (didn't bet)
Seat 5: ioannisus folded before Flop (didn't bet)
Seat 6: coeeeelho (button) folded before Flop (didn't bet)



PokerStars Hand #254752363231:  Hold'em No Limit ($0.50/$1.00 USD) - 2025/02/07 17:55:32 WET [2025/02/07 12:55:32 ET]
Table 'Imhotep II' 6-max Seat #1 is the button
Seat 1: Oli3579 ($139.27 in chips) 
Seat 2: S3MPR3IGUAL ($100.50 in chips) 
Seat 3: ZinePablo ($100 in chips) 
Seat 4: Gjeneral66 ($84.24 in chips) 
Seat 5: ioannisus ($112.55 in chips) 
Seat 6: coeeeelho ($100 in chips) 
S3MPR3IGUAL: posts small blind $0.50
ZinePablo: posts big blind $1
*** HOLE CARDS ***
Gjeneral66: folds 
ioannisus: raises $1.60 to $2.60
coeeeelho: folds 
Oli3579: folds 
S3MPR3IGUAL: folds 
ZinePablo: folds 
Uncalled bet ($1.60) returned to ioannisus
ioannisus collected $2.50 from pot
*** SUMMARY ***
Total pot $2.50 | Rake $0 
Seat 1: Oli3579 (button) folded before Flop (didn't bet)
Seat 2: S3MPR3IGUAL (small blind) folded before Flop
Seat 3: ZinePablo (big blind) folded before Flop
Seat 4: Gjeneral66 folded before Flop (didn't bet)
Seat 5: ioannisus collected ($2.50)
Seat 6: coeeeelho folded before Flop (didn't bet)



PokerStars Hand #254752366378:  Hold'em No Limit ($0.50/$1.00 USD) - 2025/02/07 17:55:48 WET [2025/02/07 12:55:48 ET]
Table 'Imhotep II' 6-max Seat #2 is the button
Seat 1: Oli3579 ($139.27 in chips) 
Seat 2: S3MPR3IGUAL ($100 in chips) 
Seat 3: ZinePablo ($100 in chips) 
Seat 4: Gjeneral66 ($84.24 in chips) 
Seat 5: ioannisus ($114.05 in chips) 
Seat 6: coeeeelho ($100 in chips) 
ZinePablo: posts small blind $0.50
Gjeneral66: posts big blind $1
*** HOLE CARDS ***
ioannisus: folds 
coeeeelho: folds 
Oli3579: raises $1.25 to $2.25
S3MPR3IGUAL: folds 
ZinePablo: folds 
Gjeneral66: raises $8.75 to $11
Oli3579: calls $8.75
*** FLOP *** [Ts 8s 3h]
Gjeneral66: bets $8.75
Oli3579: calls $8.75
*** TURN *** [Ts 8s 3h] [8h]
Gjeneral66: bets $21.55
Oli3579: folds 
Uncalled bet ($21.55) returned to Gjeneral66
Gjeneral66 collected $38 from pot
*** SUMMARY ***
Total pot $40 | Rake $2 
Board [Ts 8s 3h 8h]
Seat 1: Oli3579 folded on the Turn
Seat 2: S3MPR3IGUAL (button) folded before Flop (didn't bet)
Seat 3: ZinePablo (small blind) folded before Flop
Seat 4: Gjeneral66 (big blind) collected ($38)
Seat 5: ioannisus folded before Flop (didn't bet)
Seat 6: coeeeelho folded before Flop (didn't bet)



PokerStars Hand #254752383107:  Hold'em No Limit ($0.50/$1.00 USD) - 2025/02/07 17:57:13 WET [2025/02/07 12:57:13 ET]
Table 'Imhotep II' 6-max Seat #3 is the button
Seat 1: Oli3579 ($119.52 in chips) 
Seat 2: S3MPR3IGUAL ($100 in chips) 
Seat 3: ZinePablo ($100 in chips) 
Seat 4: Gjeneral66 ($102.49 in chips) 
Seat 5: ioannisus ($114.05 in chips) 
Seat 6: coeeeelho ($100 in chips) 
Gjeneral66: posts small blind $0.50
ioannisus: posts big blind $1
*** HOLE CARDS ***
coeeeelho: folds 
Oli3579: folds 
S3MPR3IGUAL: folds 
ZinePablo: folds 
Gjeneral66: raises $2 to $3
ioannisus: folds 
Uncalled bet ($2) returned to Gjeneral66
Gjeneral66 collected $2 from pot
*** SUMMARY ***
Total pot $2 | Rake $0 
Seat 1: Oli3579 folded before Flop (didn't bet)
Seat 2: S3MPR3IGUAL folded before Flop (didn't bet)
Seat 3: ZinePablo (button) folded before Flop (didn't bet)
Seat 4: Gjeneral66 (small blind) collected ($2)
Seat 5: ioannisus (big blind) folded before Flop
Seat 6: coeeeelho folded before Flop (didn't bet)



PokerStars Hand #254752386239:  Hold'em No Limit ($0.50/$1.00 USD) - 2025/02/07 17:57:29 WET [2025/02/07 12:57:29 ET]
Table 'Imhotep II' 6-max Seat #4 is the button
Seat 1: Oli3579 ($119.52 in chips) 
Seat 2: S3MPR3IGUAL ($100 in chips) 
Seat 3: ZinePablo ($100 in chips) 
Seat 4: Gjeneral66 ($103.49 in chips) 
Seat 5: ioannisus ($113.05 in chips) 
Seat 6: coeeeelho ($100 in chips) 
ioannisus: posts small blind $0.50
coeeeelho: posts big blind $1
*** HOLE CARDS ***
Oli3579: raises $1.25 to $2.25
S3MPR3IGUAL: folds 
ZinePablo: folds 
Gjeneral66: folds 
ioannisus: folds 
coeeeelho: calls $1.25
*** FLOP *** [5c Kd Qh]
coeeeelho: checks 
Oli3579: bets $1.57
coeeeelho: raises $3.93 to $5.50
Oli3579: calls $3.93
*** TURN *** [5c Kd Qh] [7s]
coeeeelho: bets $11.40
Oli3579: calls $11.40
*** RIVER *** [5c Kd Qh 7s] [9h]
coeeeelho: bets $29
Oli3579: folds 
Uncalled bet ($29) returned to coeeeelho
coeeeelho collected $36.86 from pot
*** SUMMARY ***
Total pot $38.80 | Rake $1.94 
Board [5c Kd Qh 7s 9h]
Seat 1: Oli3579 folded on the River
Seat 2: S3MPR3IGUAL folded before Flop (didn't bet)
Seat 3: ZinePablo folded before Flop (didn't bet)
Seat 4: Gjeneral66 (button) folded before Flop (didn't bet)
Seat 5: ioannisus (small blind) folded before Flop
Seat 6: coeeeelho (big blind) collected ($36.86)



PokerStars Hand #254752406199:  Hold'em No Limit ($0.50/$1.00 USD) - 2025/02/07 17:59:10 WET [2025/02/07 12:59:10 ET]
Table 'Imhotep II' 6-max Seat #5 is the button
Seat 1: Oli3579 ($100.37 in chips) 
Seat 2: S3MPR3IGUAL ($100 in chips) 
Seat 3: ZinePablo ($100 in chips) 
Seat 4: Gjeneral66 ($103.49 in chips) 
Seat 5: ioannisus ($112.55 in chips) 
Seat 6: coeeeelho ($117.71 in chips) 
coeeeelho: posts small blind $0.50
Oli3579: posts big blind $1
*** HOLE CARDS ***
S3MPR3IGUAL: folds 
ZinePablo has timed out
ZinePablo: folds 
Gjeneral66: folds 
ioannisus: raises $1.60 to $2.60
coeeeelho: folds 
Oli3579: folds 
Uncalled bet ($1.60) returned to ioannisus
ioannisus collected $2.50 from pot
*** SUMMARY ***
Total pot $2.50 | Rake $0 
Seat 1: Oli3579 (big blind) folded before Flop
Seat 2: S3MPR3IGUAL folded before Flop (didn't bet)
Seat 3: ZinePablo folded before Flop (didn't bet)
Seat 4: Gjeneral66 folded before Flop (didn't bet)
Seat 5: ioannisus (button) collected ($2.50)
Seat 6: coeeeelho (small blind) folded before Flop



PokerStars Hand #254752412783:  Hold'em No Limit ($0.50/$1.00 USD) - 2025/02/07 17:59:44 WET [2025/02/07 12:59:44 ET]
Table 'Imhotep II' 6-max Seat #6 is the button
Seat 1: Oli3579 ($100 in chips) 
Seat 2: S3MPR3IGUAL ($100 in chips) 
Seat 3: ZinePablo ($100 in chips) 
Seat 4: Gjeneral66 ($103.49 in chips) 
Seat 5: ioannisus ($114.05 in chips) 
Seat 6: coeeeelho ($117.21 in chips) 
Oli3579: posts small blind $0.50
S3MPR3IGUAL: posts big blind $1
*** HOLE CARDS ***
ZinePablo: folds 
Gjeneral66: folds 
ioannisus: folds 
coeeeelho: raises $1.20 to $2.20
Oli3579: folds 
S3MPR3IGUAL: raises $8.80 to $11
coeeeelho: folds 
Uncalled bet ($8.80) returned to S3MPR3IGUAL
S3MPR3IGUAL collected $4.90 from pot
S3MPR3IGUAL: doesn't show hand 
*** SUMMARY ***
Total pot $4.90 | Rake $0 
Seat 1: Oli3579 (small blind) folded before Flop
Seat 2: S3MPR3IGUAL (big blind) collected ($4.90)
Seat 3: ZinePablo folded before Flop (didn't bet)
Seat 4: Gjeneral66 folded before Flop (didn't bet)
Seat 5: ioannisus folded before Flop (didn't bet)
Seat 6: coeeeelho (button) folded before Flop



PokerStars Hand #254752419685:  Hold'em No Limit ($0.50/$1.00 USD) - 2025/02/07 18:00:18 WET [2025/02/07 13:00:18 ET]
Table 'Imhotep II' 6-max Seat #1 is the button
Seat 1: Oli3579 ($100 in chips) 
Seat 2: S3MPR3IGUAL ($102.70 in chips) 
Seat 3: ZinePablo ($100 in chips) 
Seat 4: Gjeneral66 ($103.49 in chips) 
Seat 5: ioannisus ($114.05 in chips) 
Seat 6: coeeeelho ($115.01 in chips) 
S3MPR3IGUAL: posts small blind $0.50
ZinePablo: posts big blind $1
*** HOLE CARDS ***
Gjeneral66: folds 
ioannisus: folds 
coeeeelho: folds 
Oli3579: raises $1.25 to $2.25
S3MPR3IGUAL: raises $8.75 to $11
ZinePablo: folds 
Oli3579: calls $8.75
*** FLOP *** [2d 8d 3h]
S3MPR3IGUAL: bets $10.93
Oli3579: calls $10.93
*** TURN *** [2d 8d 3h] [5d]
S3MPR3IGUAL: checks 
Oli3579: checks 
*** RIVER *** [2d 8d 3h 5d] [8c]
S3MPR3IGUAL: checks 
Oli3579: checks 
*** SHOW DOWN ***
S3MPR3IGUAL: shows [9c Tc] (a pair of Eights)
Oli3579: shows [7s 7d] (two pair, Eights and Sevens)
Oli3579 collected $42.62 from pot
*** SUMMARY ***
Total pot $44.86 | Rake $2.24 
Board [2d 8d 3h 5d 8c]
Seat 1: Oli3579 (button) showed [7s 7d] and won ($42.62) with two pair, Eights and Sevens
Seat 2: S3MPR3IGUAL (small blind) showed [9c Tc] and lost with a pair of Eights
Seat 3: ZinePablo (big blind) folded before Flop
Seat 4: Gjeneral66 folded before Flop (didn't bet)
Seat 5: ioannisus folded before Flop (didn't bet)
Seat 6: coeeeelho folded before Flop (didn't bet)



PokerStars Hand #254752438489:  Hold'em No Limit ($0.50/$1.00 USD) - 2025/02/07 18:01:41 WET [2025/02/07 13:01:41 ET]
Table 'Imhotep II' 6-max Seat #2 is the button
Seat 1: Oli3579 ($120.69 in chips) 
Seat 2: S3MPR3IGUAL ($100 in chips) 
Seat 3: ZinePablo ($100 in chips) 
Seat 4: Gjeneral66 ($103.49 in chips) 
Seat 5: ioannisus ($114.05 in chips) 
Seat 6: coeeeelho ($115.01 in chips) 
ZinePablo: posts small blind $0.50
Gjeneral66: posts big blind $1
*** HOLE CARDS ***
ioannisus: folds 
coeeeelho: folds 
Oli3579: folds 
S3MPR3IGUAL: folds 
ZinePablo: folds 
Uncalled bet ($0.50) returned to Gjeneral66
Gjeneral66 collected $1 from pot
*** SUMMARY ***
Total pot $1 | Rake $0 
Seat 1: Oli3579 folded before Flop (didn't bet)
Seat 2: S3MPR3IGUAL (button) folded before Flop (didn't bet)
Seat 3: ZinePablo (small blind) folded before Flop
Seat 4: Gjeneral66 (big blind) collected ($1)
Seat 5: ioannisus folded before Flop (didn't bet)
Seat 6: coeeeelho folded before Flop (didn't bet)



PokerStars Hand #254752442900:  Hold'em No Limit ($0.50/$1.00 USD) - 2025/02/07 18:01:59 WET [2025/02/07 13:01:59 ET]
Table 'Imhotep II' 6-max Seat #3 is the button
Seat 1: Oli3579 ($120.69 in chips) 
Seat 2: S3MPR3IGUAL ($100 in chips) 
Seat 3: ZinePablo ($100 in chips) 
Seat 4: Gjeneral66 ($103.99 in chips) 
Seat 5: ioannisus ($114.05 in chips) 
Seat 6: coeeeelho ($115.01 in chips) 
Gjeneral66: posts small blind $0.50
ioannisus: posts big blind $1
*** HOLE CARDS ***
coeeeelho: raises $1.10 to $2.10
Oli3579: folds 
S3MPR3IGUAL: folds 
ZinePablo: folds 
Gjeneral66: folds 
ioannisus: folds 
Uncalled bet ($1.10) returned to coeeeelho
coeeeelho collected $2.50 from pot
*** SUMMARY ***
Total pot $2.50 | Rake $0 
Seat 1: Oli3579 folded before Flop (didn't bet)
Seat 2: S3MPR3IGUAL folded before Flop (didn't bet)
Seat 3: ZinePablo (button) folded before Flop (didn't bet)
Seat 4: Gjeneral66 (small blind) folded before Flop
Seat 5: ioannisus (big blind) folded before Flop
Seat 6: coeeeelho collected ($2.50)



PokerStars Hand #254752446368:  Hold'em No Limit ($0.50/$1.00 USD) - 2025/02/07 18:02:12 WET [2025/02/07 13:02:12 ET]
Table 'Imhotep II' 6-max Seat #4 is the button
Seat 1: Oli3579 ($120.69 in chips) 
Seat 2: S3MPR3IGUAL ($100 in chips) 
Seat 3: ZinePablo ($100 in chips) 
Seat 4: Gjeneral66 ($103.49 in chips) 
Seat 5: ioannisus ($113.05 in chips) 
Seat 6: coeeeelho ($116.51 in chips) 
ioannisus: posts small blind $0.50
coeeeelho: posts big blind $1
*** HOLE CARDS ***
Oli3579: folds 
S3MPR3IGUAL: folds 
ZinePablo: raises $1.50 to $2.50
Gjeneral66: folds 
ioannisus: folds 
coeeeelho: folds 
Uncalled bet ($1.50) returned to ZinePablo
ZinePablo collected $2.50 from pot
*** SUMMARY ***
Total pot $2.50 | Rake $0 
Seat 1: Oli3579 folded before Flop (didn't bet)
Seat 2: S3MPR3IGUAL folded before Flop (didn't bet)
Seat 3: ZinePablo collected ($2.50)
Seat 4: Gjeneral66 (button) folded before Flop (didn't bet)
Seat 5: ioannisus (small blind) folded before Flop
Seat 6: coeeeelho (big blind) folded before Flop



PokerStars Hand #254752449763:  Hold'em No Limit ($0.50/$1.00 USD) - 2025/02/07 18:02:25 WET [2025/02/07 13:02:25 ET]
Table 'Imhotep II' 6-max Seat #5 is the button
Seat 1: Oli3579 ($120.69 in chips) 
Seat 2: S3MPR3IGUAL ($100 in chips) 
Seat 3: ZinePablo ($101.50 in chips) 
Seat 4: Gjeneral66 ($103.49 in chips) 
Seat 5: ioannisus ($112.55 in chips) 
Seat 6: coeeeelho ($115.51 in chips) 
coeeeelho: posts small blind $0.50
Oli3579: posts big blind $1
*** HOLE CARDS ***
S3MPR3IGUAL: folds 
ZinePablo: folds 
Gjeneral66: raises $1.50 to $2.50
ioannisus: folds 
coeeeelho: folds 
Oli3579: calls $1.50
*** FLOP *** [Qh Ks 8d]
Oli3579: checks 
Gjeneral66: bets $2.61
Oli3579: folds 
Uncalled bet ($2.61) returned to Gjeneral66
Gjeneral66 collected $5.22 from pot
*** SUMMARY ***
Total pot $5.50 | Rake $0.28 
Board [Qh Ks 8d]
Seat 1: Oli3579 (big blind) folded on the Flop
Seat 2: S3MPR3IGUAL folded before Flop (didn't bet)
Seat 3: ZinePablo folded before Flop (didn't bet)
Seat 4: Gjeneral66 collected ($5.22)
Seat 5: ioannisus (button) folded before Flop (didn't bet)
Seat 6: coeeeelho (small blind) folded before Flop



PokerStars Hand #254752455999:  Hold'em No Limit ($0.50/$1.00 USD) - 2025/02/07 18:02:50 WET [2025/02/07 13:02:50 ET]
Table 'Imhotep II' 6-max Seat #6 is the button
Seat 1: Oli3579 ($118.19 in chips) 
Seat 2: S3MPR3IGUAL ($100 in chips) 
Seat 3: ZinePablo ($101.50 in chips) 
Seat 4: Gjeneral66 ($106.21 in chips) 
Seat 5: ioannisus ($112.55 in chips) 
Seat 6: coeeeelho ($115.01 in chips) 
Oli3579: posts small blind $0.50
S3MPR3IGUAL: posts big blind $1
*** HOLE CARDS ***
ZinePablo: folds 
Gjeneral66: folds 
ioannisus: folds 
coeeeelho: folds 
Oli3579: raises $2 to $3
S3MPR3IGUAL: folds 
Uncalled bet ($2) returned to Oli3579
Oli3579 collected $2 from pot
Oli3579: doesn't show hand 
*** SUMMARY ***
Total pot $2 | Rake $0 
Seat 1: Oli3579 (small blind) collected ($2)
Seat 2: S3MPR3IGUAL (big blind) folded before Flop
Seat 3: ZinePablo folded before Flop (didn't bet)
Seat 4: Gjeneral66 folded before Flop (didn't bet)
Seat 5: ioannisus folded before Flop (didn't bet)
Seat 6: coeeeelho (button) folded before Flop (didn't bet)



PokerStars Hand #254752462759:  Hold'em No Limit ($0.50/$1.00 USD) - 2025/02/07 18:03:17 WET [2025/02/07 13:03:17 ET]
Table 'Imhotep II' 6-max Seat #1 is the button
Seat 1: Oli3579 ($119.19 in chips) 
Seat 2: S3MPR3IGUAL ($100 in chips) 
Seat 3: ZinePablo ($101.50 in chips) 
Seat 4: Gjeneral66 ($106.21 in chips) 
Seat 5: ioannisus ($112.55 in chips) 
Seat 6: coeeeelho ($115.01 in chips) 
S3MPR3IGUAL: posts small blind $0.50
ZinePablo: posts big blind $1
*** HOLE CARDS ***
Gjeneral66: folds 
ioannisus: folds 
coeeeelho: raises $1.20 to $2.20
Oli3579: folds 
S3MPR3IGUAL: folds 
ZinePablo: folds 
Uncalled bet ($1.20) returned to coeeeelho
coeeeelho collected $2.50 from pot
*** SUMMARY ***
Total pot $2.50 | Rake $0 
Seat 1: Oli3579 (button) folded before Flop (didn't bet)
Seat 2: S3MPR3IGUAL (small blind) folded before Flop
Seat 3: ZinePablo (big blind) folded before Flop
Seat 4: Gjeneral66 folded before Flop (didn't bet)
Seat 5: ioannisus folded before Flop (didn't bet)
Seat 6: coeeeelho collected ($2.50)



PokerStars Hand #254752468097:  Hold'em No Limit ($0.50/$1.00 USD) - 2025/02/07 18:03:37 WET [2025/02/07 13:03:37 ET]
Table 'Imhotep II' 6-max Seat #2 is the button
Seat 1: Oli3579 ($119.19 in chips) 
Seat 2: S3MPR3IGUAL ($100 in chips) 
Seat 3: ZinePablo ($100.50 in chips) 
Seat 4: Gjeneral66 ($106.21 in chips) 
Seat 5: ioannisus ($112.55 in chips) 
Seat 6: coeeeelho ($116.51 in chips) 
ZinePablo: posts small blind $0.50
Gjeneral66: posts big blind $1
*** HOLE CARDS ***
ioannisus: folds 
coeeeelho: folds 
Oli3579: folds 
S3MPR3IGUAL: raises $1.20 to $2.20
ZinePablo: folds 
Gjeneral66: calls $1.20
*** FLOP *** [Qc Kh 5c]
Gjeneral66: checks 
S3MPR3IGUAL: checks 
*** TURN *** [Qc Kh 5c] [4h]
Gjeneral66: checks 
S3MPR3IGUAL: checks 
*** RIVER *** [Qc Kh 5c 4h] [6c]
Gjeneral66: bets $1
S3MPR3IGUAL: calls $1
*** SHOW DOWN ***
Gjeneral66: shows [Qh Js] (a pair of Queens)
S3MPR3IGUAL: mucks hand 
Gjeneral66 collected $6.56 from pot
*** SUMMARY ***
Total pot $6.90 | Rake $0.34 
Board [Qc Kh 5c 4h 6c]
Seat 1: Oli3579 folded before Flop (didn't bet)
Seat 2: S3MPR3IGUAL (button) mucked
Seat 3: ZinePablo (small blind) folded before Flop
Seat 4: Gjeneral66 (big blind) showed [Qh Js] and won ($6.56) with a pair of Queens
Seat 5: ioannisus folded before Flop (didn't bet)
Seat 6: coeeeelho folded before Flop (didn't bet)



PokerStars Hand #254752483894:  Hold'em No Limit ($0.50/$1.00 USD) - 2025/02/07 18:04:36 WET [2025/02/07 13:04:36 ET]
Table 'Imhotep II' 6-max Seat #3 is the button
Seat 1: Oli3579 ($119.19 in chips) 
Seat 2: S3MPR3IGUAL ($100 in chips) 
Seat 3: ZinePablo ($100 in chips) 
Seat 4: Gjeneral66 ($109.57 in chips) 
Seat 5: ioannisus ($112.55 in chips) 
Seat 6: coeeeelho ($116.51 in chips) 
Gjeneral66: posts small blind $0.50
ioannisus: posts big blind $1
*** HOLE CARDS ***
coeeeelho: raises $1.10 to $2.10
Oli3579: folds 
S3MPR3IGUAL: folds 
ZinePablo: folds 
Gjeneral66: raises $8.90 to $11
ioannisus: folds 
coeeeelho: calls $8.90
*** FLOP *** [Tc Ad Kd]
Gjeneral66: bets $7.75
coeeeelho: raises $15.50 to $23.25
Gjeneral66: calls $15.50
*** TURN *** [Tc Ad Kd] [8s]
Gjeneral66: checks 
coeeeelho: bets $26
Gjeneral66: calls $26
*** RIVER *** [Tc Ad Kd 8s] [6h]
Gjeneral66: checks 
coeeeelho: bets $55
Gjeneral66: calls $49.32 and is all-in
Uncalled bet ($5.68) returned to coeeeelho
*** SHOW DOWN ***
coeeeelho: shows [Qh Jh] (a straight, Ten to Ace)
Gjeneral66: shows [Qd Ac] (a pair of Aces)
coeeeelho collected $217.64 from pot
*** SUMMARY ***
Total pot $220.14 | Rake $2.50 
Board [Tc Ad Kd 8s 6h]
Seat 1: Oli3579 folded before Flop (didn't bet)
Seat 2: S3MPR3IGUAL folded before Flop (didn't bet)
Seat 3: ZinePablo (button) folded before Flop (didn't bet)
Seat 4: Gjeneral66 (small blind) showed [Qd Ac] and lost with a pair of Aces
Seat 5: ioannisus (big blind) folded before Flop
Seat 6: coeeeelho showed [Qh Jh] and won ($217.64) with a straight, Ten to Ace



PokerStars Hand #254752515678:  Hold'em No Limit ($0.50/$1.00 USD) - 2025/02/07 18:06:34 WET [2025/02/07 13:06:34 ET]
Table 'Imhotep II' 6-max Seat #5 is the button
Seat 4: Gjeneral66 ($0 in chips) is sitting out
Seat 1: Oli3579 ($119.19 in chips) 
Seat 2: S3MPR3IGUAL ($100 in chips) 
Seat 3: ZinePablo ($100 in chips) 
Seat 5: ioannisus ($111.55 in chips) 
Seat 6: coeeeelho ($224.58 in chips) 
coeeeelho: posts small blind $0.50
Oli3579: posts big blind $1
*** HOLE CARDS ***
S3MPR3IGUAL: folds 
Gjeneral66 leaves the table
ZinePablo: raises $1.50 to $2.50
ioannisus: calls $2.50
coeeeelho: folds 
Oli3579: folds 
*** FLOP *** [Tc 4c Kd]
S3MPR3IGUAL leaves the table
ZinePablo: bets $2.04
ioannisus: folds 
Uncalled bet ($2.04) returned to ZinePablo
ZinePablo collected $6.18 from pot
*** SUMMARY ***
Total pot $6.50 | Rake $0.32 
Board [Tc 4c Kd]
Seat 4: Gjeneral66
Seat 1: Oli3579 (big blind) folded before Flop
Seat 2: S3MPR3IGUAL folded before Flop (didn't bet)
Seat 3: ZinePablo collected ($6.18)
Seat 5: ioannisus (button) folded on the Flop
Seat 6: coeeeelho (small blind) folded before Flop



PokerStars Hand #254752521058:  Hold'em No Limit ($0.50/$1.00 USD) - 2025/02/07 18:06:54 WET [2025/02/07 13:06:54 ET]
Table 'Imhotep II' 6-max Seat #6 is the button
Seat 1: Oli3579 ($118.19 in chips) 
Seat 3: ZinePablo ($103.68 in chips) 
Seat 5: ioannisus ($109.05 in chips) 
Seat 6: coeeeelho ($224.08 in chips) 
Oli3579: posts small blind $0.50
ZinePablo: posts big blind $1
*** HOLE CARDS ***
ioannisus: raises $1.50 to $2.50
coeeeelho: raises $5 to $7.50
Oli3579: folds 
ZinePablo: folds 
ioannisus: calls $5
*** FLOP *** [5d 6s 8h]
ioannisus: checks 
coeeeelho: bets $3.92
ioannisus: calls $3.92
*** TURN *** [5d 6s 8h] [9d]
ioannisus: checks 
coeeeelho: checks 
*** RIVER *** [5d 6s 8h 9d] [As]
ioannisus: checks 
coeeeelho: checks 
*** SHOW DOWN ***
ioannisus: shows [3h Ah] (a pair of Aces)
coeeeelho: mucks hand 
ioannisus collected $23.34 from pot
*** SUMMARY ***
Total pot $24.34 | Rake $1 
Board [5d 6s 8h 9d As]
Seat 1: Oli3579 (small blind) folded before Flop
Seat 3: ZinePablo (big blind) folded before Flop
Seat 5: ioannisus showed [3h Ah] and won ($23.34) with a pair of Aces
Seat 6: coeeeelho (button) mucked



PokerStars Hand #254752536577:  Hold'em No Limit ($0.50/$1.00 USD) - 2025/02/07 18:07:51 WET [2025/02/07 13:07:51 ET]
Table 'Imhotep II' 6-max Seat #1 is the button
Seat 1: Oli3579 ($117.69 in chips) 
Seat 3: ZinePablo ($102.68 in chips) 
Seat 5: ioannisus ($120.97 in chips) 
Seat 6: coeeeelho ($212.66 in chips) 
ZinePablo: posts small blind $0.50
ioannisus: posts big blind $1
*** HOLE CARDS ***
coeeeelho: folds 
Paiiiiii joins the table at seat #2 
coeeeelho leaves the table
Oli3579: folds 
Paiiiiii is disconnected 
ZinePablo: folds 
Uncalled bet ($0.50) returned to ioannisus
ioannisus collected $1 from pot
*** SUMMARY ***
Total pot $1 | Rake $0 
Seat 1: Oli3579 (button) folded before Flop (didn't bet)
Seat 3: ZinePablo (small blind) folded before Flop
Seat 5: ioannisus (big blind) collected ($1)
Seat 6: coeeeelho folded before Flop (didn't bet)



PokerStars Hand #254752572956:  Hold'em No Limit ($0.50/$1.00 USD) - 2025/02/07 18:10:06 WET [2025/02/07 13:10:06 ET]
Table 'Imhotep II' 6-max Seat #5 is the button
Seat 3: ZinePablo ($102.18 in chips) is sitting out
Seat 1: Oli3579 ($117.69 in chips) 
Seat 2: Paiiiiii ($98.88 in chips) 
Seat 4: sltn ($105.02 in chips) 
Seat 5: ioannisus ($119.47 in chips) 
Seat 6: MoRsCeReBruM ($100 in chips) 
MoRsCeReBruM: posts small blind $0.50
Oli3579: posts big blind $1
ZinePablo: sits out 
*** HOLE CARDS ***
Paiiiiii: raises $2 to $3
sltn: folds 
ioannisus: folds 
MoRsCeReBruM: folds 
Oli3579: calls $2
*** FLOP *** [Kc 9h 3s]
Oli3579: checks 
Paiiiiii: bets $3.09
Oli3579: raises $6.16 to $9.25
Paiiiiii: folds 
Uncalled bet ($6.16) returned to Oli3579
Oli3579 collected $12.05 from pot
Oli3579: doesn't show hand 
*** SUMMARY ***
Total pot $12.68 | Rake $0.63 
Board [Kc 9h 3s]
Seat 3: ZinePablo
Seat 1: Oli3579 (big blind) collected ($12.05)
Seat 2: Paiiiiii folded on the Flop
Seat 4: sltn folded before Flop (didn't bet)
Seat 5: ioannisus (button) folded before Flop (didn't bet)
Seat 6: MoRsCeReBruM (small blind) folded before Flop



PokerStars Hand #254752580679:  Hold'em No Limit ($0.50/$1.00 USD) - 2025/02/07 18:10:35 WET [2025/02/07 13:10:35 ET]
Table 'Imhotep II' 6-max Seat #6 is the button
Seat 3: ZinePablo ($102.18 in chips) is sitting out
Seat 1: Oli3579 ($123.65 in chips) 
Seat 2: Paiiiiii ($92.79 in chips) 
Seat 4: sltn ($105.02 in chips) 
Seat 5: ioannisus ($119.47 in chips) 
Seat 6: MoRsCeReBruM ($100 in chips) 
Oli3579: posts small blind $0.50
Paiiiiii: posts big blind $1
ZinePablo: sits out 
*** HOLE CARDS ***
sltn: folds 
ioannisus: folds 
MoRsCeReBruM: raises $1.50 to $2.50
Oli3579: raises $8.50 to $11
Paiiiiii: calls $10
MoRsCeReBruM: folds 
*** FLOP *** [5c Ts 5s]
Oli3579: bets $11.65
Paiiiiii: calls $11.65
*** TURN *** [5c Ts 5s] [3c]
Oli3579: checks 
Paiiiiii: checks 
*** RIVER *** [5c Ts 5s 3c] [Qd]
Oli3579: checks 
Paiiiiii: checks 
*** SHOW DOWN ***
Oli3579: shows [9h 9d] (two pair, Nines and Fives)
Paiiiiii: shows [9c 9s] (two pair, Nines and Fives)
Oli3579 collected $22.71 from pot
Paiiiiii collected $22.70 from pot
*** SUMMARY ***
Total pot $47.80 | Rake $2.39 
Board [5c Ts 5s 3c Qd]
Seat 3: ZinePablo
Seat 1: Oli3579 (small blind) showed [9h 9d] and won ($22.71) with two pair, Nines and Fives
Seat 2: Paiiiiii (big blind) showed [9c 9s] and won ($22.70) with two pair, Nines and Fives
Seat 4: sltn folded before Flop (didn't bet)
Seat 5: ioannisus folded before Flop (didn't bet)
Seat 6: MoRsCeReBruM (button) folded before Flop



PokerStars Hand #254752597581:  Hold'em No Limit ($0.50/$1.00 USD) - 2025/02/07 18:11:38 WET [2025/02/07 13:11:38 ET]
Table 'Imhotep II' 6-max Seat #1 is the button
Seat 1: Oli3579 ($123.71 in chips) 
Seat 2: Paiiiiii ($92.84 in chips) 
Seat 3: ZinePablo ($102.18 in chips) 
Seat 4: sltn ($105.02 in chips) 
Seat 5: ioannisus ($119.47 in chips) 
Seat 6: MoRsCeReBruM ($100 in chips) 
Paiiiiii: posts small blind $0.50
ZinePablo: posts big blind $1
*** HOLE CARDS ***
sltn: folds 
ioannisus: folds 
MoRsCeReBruM: folds 
Oli3579: folds 
Paiiiiii: calls $0.50
ZinePablo: checks 
*** FLOP *** [6h Kd Th]
Paiiiiii: bets $1
ZinePablo: calls $1
*** TURN *** [6h Kd Th] [2s]
Paiiiiii: checks 
ZinePablo: bets $2.85
Paiiiiii: folds 
Uncalled bet ($2.85) returned to ZinePablo
ZinePablo collected $3.80 from pot
*** SUMMARY ***
Total pot $4 | Rake $0.20 
Board [6h Kd Th 2s]
Seat 1: Oli3579 (button) folded before Flop (didn't bet)
Seat 2: Paiiiiii (small blind) folded on the Turn
Seat 3: ZinePablo (big blind) collected ($3.80)
Seat 4: sltn folded before Flop (didn't bet)
Seat 5: ioannisus folded before Flop (didn't bet)
Seat 6: MoRsCeReBruM folded before Flop (didn't bet)



PokerStars Hand #254752608333:  Hold'em No Limit ($0.50/$1.00 USD) - 2025/02/07 18:12:18 WET [2025/02/07 13:12:18 ET]
Table 'Imhotep II' 6-max Seat #2 is the button
Seat 1: Oli3579 ($123.71 in chips) 
Seat 2: Paiiiiii ($90.84 in chips) 
Seat 3: ZinePablo ($103.98 in chips) 
Seat 4: sltn ($105.02 in chips) 
Seat 5: ioannisus ($119.47 in chips) 
Seat 6: MoRsCeReBruM ($100 in chips) 
ZinePablo: posts small blind $0.50
sltn: posts big blind $1
*** HOLE CARDS ***
ioannisus: folds 
MoRsCeReBruM: folds 
Oli3579: folds 
Paiiiiii: calls $1
ZinePablo: folds 
sltn: checks 
*** FLOP *** [8h Kh 3d]
sltn: checks 
Paiiiiii: checks 
*** TURN *** [8h Kh 3d] [Tc]
sltn: checks 
Paiiiiii: checks 
*** RIVER *** [8h Kh 3d Tc] [5d]
sltn: checks 
Paiiiiii: bets $2.38
sltn: calls $2.38
*** SHOW DOWN ***
Paiiiiii: shows [5s 3s] (two pair, Fives and Threes)
sltn: mucks hand 
Paiiiiii collected $6.90 from pot
*** SUMMARY ***
Total pot $7.26 | Rake $0.36 
Board [8h Kh 3d Tc 5d]
Seat 1: Oli3579 folded before Flop (didn't bet)
Seat 2: Paiiiiii (button) showed [5s 3s] and won ($6.90) with two pair, Fives and Threes
Seat 3: ZinePablo (small blind) folded before Flop
Seat 4: sltn (big blind) mucked
Seat 5: ioannisus folded before Flop (didn't bet)
Seat 6: MoRsCeReBruM folded before Flop (didn't bet)



PokerStars Hand #254752615705:  Hold'em No Limit ($0.50/$1.00 USD) - 2025/02/07 18:12:46 WET [2025/02/07 13:12:46 ET]
Table 'Imhotep II' 6-max Seat #3 is the button
Seat 1: Oli3579 ($123.71 in chips) 
Seat 2: Paiiiiii ($94.36 in chips) 
Seat 3: ZinePablo ($103.48 in chips) 
Seat 4: sltn ($101.64 in chips) 
Seat 5: ioannisus ($119.47 in chips) 
Seat 6: MoRsCeReBruM ($100 in chips) 
sltn: posts small blind $0.50
ioannisus: posts big blind $1
*** HOLE CARDS ***
MoRsCeReBruM: folds 
Oli3579: folds 
Paiiiiii: raises $2 to $3
ZinePablo: folds 
sltn: folds 
ioannisus: folds 
Uncalled bet ($2) returned to Paiiiiii
Paiiiiii collected $2.50 from pot
Paiiiiii: doesn't show hand 
*** SUMMARY ***
Total pot $2.50 | Rake $0 
Seat 1: Oli3579 folded before Flop (didn't bet)
Seat 2: Paiiiiii collected ($2.50)
Seat 3: ZinePablo (button) folded before Flop (didn't bet)
Seat 4: sltn (small blind) folded before Flop
Seat 5: ioannisus (big blind) folded before Flop
Seat 6: MoRsCeReBruM folded before Flop (didn't bet)



PokerStars Hand #254752620158:  Hold'em No Limit ($0.50/$1.00 USD) - 2025/02/07 18:13:02 WET [2025/02/07 13:13:02 ET]
Table 'Imhotep II' 6-max Seat #4 is the button
Seat 1: Oli3579 ($123.71 in chips) 
Seat 2: Paiiiiii ($95.86 in chips) 
Seat 3: ZinePablo ($103.48 in chips) 
Seat 4: sltn ($101.14 in chips) 
Seat 5: ioannisus ($118.47 in chips) 
Seat 6: MoRsCeReBruM ($100 in chips) 
ioannisus: posts small blind $0.50
MoRsCeReBruM: posts big blind $1
*** HOLE CARDS ***
Oli3579: folds 
Paiiiiii: folds 
ZinePablo: folds 
sltn: folds 
ioannisus: folds 
Uncalled bet ($0.50) returned to MoRsCeReBruM
MoRsCeReBruM collected $1 from pot
MoRsCeReBruM: doesn't show hand 
*** SUMMARY ***
Total pot $1 | Rake $0 
Seat 1: Oli3579 folded before Flop (didn't bet)
Seat 2: Paiiiiii folded before Flop (didn't bet)
Seat 3: ZinePablo folded before Flop (didn't bet)
Seat 4: sltn (button) folded before Flop (didn't bet)
Seat 5: ioannisus (small blind) folded before Flop
Seat 6: MoRsCeReBruM (big blind) collected ($1)



PokerStars Hand #254752624797:  Hold'em No Limit ($0.50/$1.00 USD) - 2025/02/07 18:13:20 WET [2025/02/07 13:13:20 ET]
Table 'Imhotep II' 6-max Seat #5 is the button
Seat 1: Oli3579 ($123.71 in chips) 
Seat 2: Paiiiiii ($95.86 in chips) 
Seat 3: ZinePablo ($103.48 in chips) 
Seat 4: sltn ($101.14 in chips) 
Seat 5: ioannisus ($117.97 in chips) 
Seat 6: MoRsCeReBruM ($100.50 in chips) 
MoRsCeReBruM: posts small blind $0.50
Oli3579: posts big blind $1
*** HOLE CARDS ***
Paiiiiii: folds 
ZinePablo: folds 
sltn: folds 
ioannisus: folds 
MoRsCeReBruM: folds 
Uncalled bet ($0.50) returned to Oli3579
Oli3579 collected $1 from pot
Oli3579: doesn't show hand 
*** SUMMARY ***
Total pot $1 | Rake $0 
Seat 1: Oli3579 (big blind) collected ($1)
Seat 2: Paiiiiii folded before Flop (didn't bet)
Seat 3: ZinePablo folded before Flop (didn't bet)
Seat 4: sltn folded before Flop (didn't bet)
Seat 5: ioannisus (button) folded before Flop (didn't bet)
Seat 6: MoRsCeReBruM (small blind) folded before Flop



PokerStars Hand #254752631000:  Hold'em No Limit ($0.50/$1.00 USD) - 2025/02/07 18:13:43 WET [2025/02/07 13:13:43 ET]
Table 'Imhotep II' 6-max Seat #6 is the button
Seat 1: Oli3579 ($124.21 in chips) 
Seat 2: Paiiiiii ($95.86 in chips) 
Seat 3: ZinePablo ($103.48 in chips) 
Seat 4: sltn ($101.14 in chips) 
Seat 5: ioannisus ($117.97 in chips) 
Seat 6: MoRsCeReBruM ($100 in chips) 
Oli3579: posts small blind $0.50
Paiiiiii: posts big blind $1
*** HOLE CARDS ***
ZinePablo: folds 
sltn: folds 
ioannisus: folds 
MoRsCeReBruM: folds 
Oli3579: raises $2 to $3
Paiiiiii: calls $2
*** FLOP *** [5h 2h 8s]
Oli3579: checks 
Paiiiiii: bets $2.85
Oli3579: folds 
Uncalled bet ($2.85) returned to Paiiiiii
Paiiiiii collected $5.70 from pot
Paiiiiii: doesn't show hand 
*** SUMMARY ***
Total pot $6 | Rake $0.30 
Board [5h 2h 8s]
Seat 1: Oli3579 (small blind) folded on the Flop
Seat 2: Paiiiiii (big blind) collected ($5.70)
Seat 3: ZinePablo folded before Flop (didn't bet)
Seat 4: sltn folded before Flop (didn't bet)
Seat 5: ioannisus folded before Flop (didn't bet)
Seat 6: MoRsCeReBruM (button) folded before Flop (didn't bet)



PokerStars Hand #254752641097:  Hold'em No Limit ($0.50/$1.00 USD) - 2025/02/07 18:14:21 WET [2025/02/07 13:14:21 ET]
Table 'Imhotep II' 6-max Seat #1 is the button
Seat 1: Oli3579 ($121.21 in chips) 
Seat 2: Paiiiiii ($98.56 in chips) 
Seat 3: ZinePablo ($103.48 in chips) 
Seat 4: sltn ($101.14 in chips) 
Seat 5: ioannisus ($117.97 in chips) 
Seat 6: MoRsCeReBruM ($100 in chips) 
Paiiiiii: posts small blind $0.50
ZinePablo: posts big blind $1
*** HOLE CARDS ***
sltn: folds 
ioannisus: raises $1.60 to $2.60
MoRsCeReBruM: folds 
Oli3579: folds 
Paiiiiii: calls $2.10
ZinePablo: folds 
*** FLOP *** [3d 7h 2h]
Paiiiiii: checks 
ioannisus: checks 
*** TURN *** [3d 7h 2h] [Ac]
Paiiiiii: bets $2.95
ioannisus: folds 
Uncalled bet ($2.95) returned to Paiiiiii
Paiiiiii collected $5.89 from pot
Paiiiiii: doesn't show hand 
*** SUMMARY ***
Total pot $6.20 | Rake $0.31 
Board [3d 7h 2h Ac]
Seat 1: Oli3579 (button) folded before Flop (didn't bet)
Seat 2: Paiiiiii (small blind) collected ($5.89)
Seat 3: ZinePablo (big blind) folded before Flop
Seat 4: sltn folded before Flop (didn't bet)
Seat 5: ioannisus folded on the Turn
Seat 6: MoRsCeReBruM folded before Flop (didn't bet)



PokerStars Hand #254752648708:  Hold'em No Limit ($0.50/$1.00 USD) - 2025/02/07 18:14:49 WET [2025/02/07 13:14:49 ET]
Table 'Imhotep II' 6-max Seat #2 is the button
Seat 1: Oli3579 ($121.21 in chips) 
Seat 2: Paiiiiii ($101.85 in chips) 
Seat 3: ZinePablo ($102.48 in chips) 
Seat 4: sltn ($101.14 in chips) 
Seat 5: ioannisus ($115.37 in chips) 
Seat 6: MoRsCeReBruM ($100 in chips) 
ZinePablo: posts small blind $0.50
sltn: posts big blind $1
*** HOLE CARDS ***
ioannisus: raises $1.60 to $2.60
MoRsCeReBruM: folds 
Oli3579: folds 
Paiiiiii: calls $2.60
ZinePablo: folds 
sltn: folds 
*** FLOP *** [Ad 2h 4h]
ioannisus: bets $2.60
Paiiiiii: folds 
Uncalled bet ($2.60) returned to ioannisus
ioannisus collected $6.36 from pot
*** SUMMARY ***
Total pot $6.70 | Rake $0.34 
Board [Ad 2h 4h]
Seat 1: Oli3579 folded before Flop (didn't bet)
Seat 2: Paiiiiii (button) folded on the Flop
Seat 3: ZinePablo (small blind) folded before Flop
Seat 4: sltn (big blind) folded before Flop
Seat 5: ioannisus collected ($6.36)
Seat 6: MoRsCeReBruM folded before Flop (didn't bet)



PokerStars Hand #254752656612:  Hold'em No Limit ($0.50/$1.00 USD) - 2025/02/07 18:15:17 WET [2025/02/07 13:15:17 ET]
Table 'Imhotep II' 6-max Seat #3 is the button
Seat 1: Oli3579 ($121.21 in chips) 
Seat 2: Paiiiiii ($99.25 in chips) 
Seat 3: ZinePablo ($101.98 in chips) 
Seat 4: sltn ($100.14 in chips) 
Seat 5: ioannisus ($119.13 in chips) 
Seat 6: MoRsCeReBruM ($100 in chips) 
sltn: posts small blind $0.50
ioannisus: posts big blind $1
*** HOLE CARDS ***
MoRsCeReBruM: folds 
Oli3579: raises $1.25 to $2.25
Paiiiiii: folds 
ZinePablo: folds 
sltn: folds 
ioannisus: calls $1.25
*** FLOP *** [7d As 9d]
ioannisus: checks 
Oli3579: checks 
*** TURN *** [7d As 9d] [5d]
ioannisus: bets $2.38
Oli3579: folds 
Uncalled bet ($2.38) returned to ioannisus
ioannisus collected $4.75 from pot
*** SUMMARY ***
Total pot $5 | Rake $0.25 
Board [7d As 9d 5d]
Seat 1: Oli3579 folded on the Turn
Seat 2: Paiiiiii folded before Flop (didn't bet)
Seat 3: ZinePablo (button) folded before Flop (didn't bet)
Seat 4: sltn (small blind) folded before Flop
Seat 5: ioannisus (big blind) collected ($4.75)
Seat 6: MoRsCeReBruM folded before Flop (didn't bet)



PokerStars Hand #254752666187:  Hold'em No Limit ($0.50/$1.00 USD) - 2025/02/07 18:15:53 WET [2025/02/07 13:15:53 ET]
Table 'Imhotep II' 6-max Seat #4 is the button
Seat 1: Oli3579 ($118.96 in chips) 
Seat 2: Paiiiiii ($99.25 in chips) 
Seat 3: ZinePablo ($101.98 in chips) 
Seat 4: sltn ($100 in chips) 
Seat 5: ioannisus ($121.63 in chips) 
Seat 6: MoRsCeReBruM ($100 in chips) 
ioannisus: posts small blind $0.50
MoRsCeReBruM: posts big blind $1
*** HOLE CARDS ***
Oli3579: folds 
Paiiiiii: calls $1
ZinePablo: folds 
sltn: raises $3.50 to $4.50
ioannisus: folds 
MoRsCeReBruM: folds 
Paiiiiii: calls $3.50
*** FLOP *** [2h 9h Jd]
Paiiiiii: checks 
sltn: bets $3
Paiiiiii: calls $3
*** TURN *** [2h 9h Jd] [7s]
Paiiiiii: bets $7.84
sltn: folds 
Uncalled bet ($7.84) returned to Paiiiiii
Paiiiiii collected $15.68 from pot
Paiiiiii: doesn't show hand 
*** SUMMARY ***
Total pot $16.50 | Rake $0.82 
Board [2h 9h Jd 7s]
Seat 1: Oli3579 folded before Flop (didn't bet)
Seat 2: Paiiiiii collected ($15.68)
Seat 3: ZinePablo folded before Flop (didn't bet)
Seat 4: sltn (button) folded on the Turn
Seat 5: ioannisus (small blind) folded before Flop
Seat 6: MoRsCeReBruM (big blind) folded before Flop



PokerStars Hand #254752679378:  Hold'em No Limit ($0.50/$1.00 USD) - 2025/02/07 18:16:41 WET [2025/02/07 13:16:41 ET]
Table 'Imhotep II' 6-max Seat #5 is the button
Seat 1: Oli3579 ($118.96 in chips) 
Seat 2: Paiiiiii ($107.43 in chips) 
Seat 3: ZinePablo ($101.98 in chips) 
Seat 4: sltn ($100 in chips) 
Seat 5: ioannisus ($121.13 in chips) 
Seat 6: MoRsCeReBruM ($100 in chips) 
MoRsCeReBruM: posts small blind $0.50
Oli3579: posts big blind $1
*** HOLE CARDS ***
Paiiiiii: folds 
ZinePablo: folds 
sltn: folds 
ioannisus: folds 
MoRsCeReBruM: folds 
Uncalled bet ($0.50) returned to Oli3579
Oli3579 collected $1 from pot
Oli3579: doesn't show hand 
*** SUMMARY ***
Total pot $1 | Rake $0 
Seat 1: Oli3579 (big blind) collected ($1)
Seat 2: Paiiiiii folded before Flop (didn't bet)
Seat 3: ZinePablo folded before Flop (didn't bet)
Seat 4: sltn folded before Flop (didn't bet)
Seat 5: ioannisus (button) folded before Flop (didn't bet)
Seat 6: MoRsCeReBruM (small blind) folded before Flop



PokerStars Hand #254752683954:  Hold'em No Limit ($0.50/$1.00 USD) - 2025/02/07 18:16:58 WET [2025/02/07 13:16:58 ET]
Table 'Imhotep II' 6-max Seat #6 is the button
Seat 1: Oli3579 ($119.46 in chips) 
Seat 2: Paiiiiii ($107.43 in chips) 
Seat 3: ZinePablo ($101.98 in chips) 
Seat 4: sltn ($100 in chips) 
Seat 5: ioannisus ($121.13 in chips) 
Seat 6: MoRsCeReBruM ($100 in chips) 
Oli3579: posts small blind $0.50
Paiiiiii: posts big blind $1
*** HOLE CARDS ***
ZinePablo: folds 
sltn: folds 
ioannisus: folds 
MoRsCeReBruM: folds 
Oli3579: folds 
Uncalled bet ($0.50) returned to Paiiiiii
Paiiiiii collected $1 from pot
Paiiiiii: doesn't show hand 
*** SUMMARY ***
Total pot $1 | Rake $0 
Seat 1: Oli3579 (small blind) folded before Flop
Seat 2: Paiiiiii (big blind) collected ($1)
Seat 3: ZinePablo folded before Flop (didn't bet)
Seat 4: sltn folded before Flop (didn't bet)
Seat 5: ioannisus folded before Flop (didn't bet)
Seat 6: MoRsCeReBruM (button) folded before Flop (didn't bet)



PokerStars Hand #254752687890:  Hold'em No Limit ($0.50/$1.00 USD) - 2025/02/07 18:17:13 WET [2025/02/07 13:17:13 ET]
Table 'Imhotep II' 6-max Seat #1 is the button
Seat 1: Oli3579 ($118.96 in chips) 
Seat 2: Paiiiiii ($107.93 in chips) 
Seat 3: ZinePablo ($101.98 in chips) 
Seat 4: sltn ($100 in chips) 
Seat 5: ioannisus ($121.13 in chips) 
Seat 6: MoRsCeReBruM ($100 in chips) 
Paiiiiii: posts small blind $0.50
ZinePablo: posts big blind $1
*** HOLE CARDS ***
sltn: folds 
ioannisus: raises $1.60 to $2.60
MoRsCeReBruM: folds 
Oli3579: folds 
Paiiiiii: folds 
ZinePablo: folds 
Uncalled bet ($1.60) returned to ioannisus
ioannisus collected $2.50 from pot
*** SUMMARY ***
Total pot $2.50 | Rake $0 
Seat 1: Oli3579 (button) folded before Flop (didn't bet)
Seat 2: Paiiiiii (small blind) folded before Flop
Seat 3: ZinePablo (big blind) folded before Flop
Seat 4: sltn folded before Flop (didn't bet)
Seat 5: ioannisus collected ($2.50)
Seat 6: MoRsCeReBruM folded before Flop (didn't bet)



PokerStars Hand #254752692949:  Hold'em No Limit ($0.50/$1.00 USD) - 2025/02/07 18:17:31 WET [2025/02/07 13:17:31 ET]
Table 'Imhotep II' 6-max Seat #2 is the button
Seat 1: Oli3579 ($118.96 in chips) 
Seat 2: Paiiiiii ($107.43 in chips) 
Seat 3: ZinePablo ($100.98 in chips) 
Seat 4: sltn ($100 in chips) 
Seat 5: ioannisus ($122.63 in chips) 
Seat 6: MoRsCeReBruM ($100 in chips) 
ZinePablo: posts small blind $0.50
sltn: posts big blind $1
*** HOLE CARDS ***
ioannisus: folds 
MoRsCeReBruM: raises $1 to $2
Oli3579: folds 
Paiiiiii: calls $2
ZinePablo: folds 
sltn: calls $1
*** FLOP *** [Jh Ks 2d]
sltn: checks 
MoRsCeReBruM: bets $3.09
Paiiiiii: folds 
sltn: folds 
Uncalled bet ($3.09) returned to MoRsCeReBruM
MoRsCeReBruM collected $6.18 from pot
MoRsCeReBruM: doesn't show hand 
*** SUMMARY ***
Total pot $6.50 | Rake $0.32 
Board [Jh Ks 2d]
Seat 1: Oli3579 folded before Flop (didn't bet)
Seat 2: Paiiiiii (button) folded on the Flop
Seat 3: ZinePablo (small blind) folded before Flop
Seat 4: sltn (big blind) folded on the Flop
Seat 5: ioannisus folded before Flop (didn't bet)
Seat 6: MoRsCeReBruM collected ($6.18)



PokerStars Hand #254752704648:  Hold'em No Limit ($0.50/$1.00 USD) - 2025/02/07 18:18:14 WET [2025/02/07 13:18:14 ET]
Table 'Imhotep II' 6-max Seat #3 is the button
Seat 1: Oli3579 ($118.96 in chips) 
Seat 2: Paiiiiii ($105.43 in chips) 
Seat 3: ZinePablo ($100.48 in chips) 
Seat 4: sltn ($100 in chips) 
Seat 5: ioannisus ($122.63 in chips) 
Seat 6: MoRsCeReBruM ($104.18 in chips) 
sltn: posts small blind $0.50
ioannisus: posts big blind $1
*** HOLE CARDS ***
MoRsCeReBruM: raises $1 to $2
Oli3579: folds 
Paiiiiii: calls $2
ZinePablo: folds 
sltn: folds 
ioannisus: calls $1
*** FLOP *** [2d Jc 4c]
ioannisus: checks 
MoRsCeReBruM: bets $4.64
Paiiiiii: calls $4.64
ioannisus: folds 
*** TURN *** [2d Jc 4c] [6h]
MoRsCeReBruM: bets $12
Paiiiiii: folds 
Uncalled bet ($12) returned to MoRsCeReBruM
MoRsCeReBruM collected $14.99 from pot
MoRsCeReBruM: doesn't show hand 
*** SUMMARY ***
Total pot $15.78 | Rake $0.79 
Board [2d Jc 4c 6h]
Seat 1: Oli3579 folded before Flop (didn't bet)
Seat 2: Paiiiiii folded on the Turn
Seat 3: ZinePablo (button) folded before Flop (didn't bet)
Seat 4: sltn (small blind) folded before Flop
Seat 5: ioannisus (big blind) folded on the Flop
Seat 6: MoRsCeReBruM collected ($14.99)



PokerStars Hand #254752715231:  Hold'em No Limit ($0.50/$1.00 USD) - 2025/02/07 18:18:53 WET [2025/02/07 13:18:53 ET]
Table 'Imhotep II' 6-max Seat #4 is the button
Seat 1: Oli3579 ($118.96 in chips) 
Seat 2: Paiiiiii ($98.79 in chips) 
Seat 3: ZinePablo ($100.48 in chips) 
Seat 4: sltn ($100 in chips) 
Seat 5: ioannisus ($120.63 in chips) 
Seat 6: MoRsCeReBruM ($112.53 in chips) 
ioannisus: posts small blind $0.50
MoRsCeReBruM: posts big blind $1
*** HOLE CARDS ***
Oli3579: folds 
Paiiiiii: raises $3 to $4
ZinePablo: folds 
sltn: folds 
ioannisus: folds 
MoRsCeReBruM: folds 
Uncalled bet ($3) returned to Paiiiiii
Paiiiiii collected $2.50 from pot
Paiiiiii: doesn't show hand 
*** SUMMARY ***
Total pot $2.50 | Rake $0 
Seat 1: Oli3579 folded before Flop (didn't bet)
Seat 2: Paiiiiii collected ($2.50)
Seat 3: ZinePablo folded before Flop (didn't bet)
Seat 4: sltn (button) folded before Flop (didn't bet)
Seat 5: ioannisus (small blind) folded before Flop
Seat 6: MoRsCeReBruM (big blind) folded before Flop



PokerStars Hand #254752718823:  Hold'em No Limit ($0.50/$1.00 USD) - 2025/02/07 18:19:06 WET [2025/02/07 13:19:06 ET]
Table 'Imhotep II' 6-max Seat #5 is the button
Seat 1: Oli3579 ($118.96 in chips) 
Seat 2: Paiiiiii ($100.29 in chips) 
Seat 3: ZinePablo ($100.48 in chips) 
Seat 4: sltn ($100 in chips) 
Seat 5: ioannisus ($120.13 in chips) 
Seat 6: MoRsCeReBruM ($111.53 in chips) 
MoRsCeReBruM: posts small blind $0.50
Oli3579: posts big blind $1
*** HOLE CARDS ***
Paiiiiii: folds 
ZinePablo: folds 
sltn: folds 
ioannisus: folds 
MoRsCeReBruM: raises $2 to $3
Oli3579: raises $6.50 to $9.50
MoRsCeReBruM: folds 
Uncalled bet ($6.50) returned to Oli3579
Oli3579 collected $6 from pot
Oli3579: doesn't show hand 
*** SUMMARY ***
Total pot $6 | Rake $0 
Seat 1: Oli3579 (big blind) collected ($6)
Seat 2: Paiiiiii folded before Flop (didn't bet)
Seat 3: ZinePablo folded before Flop (didn't bet)
Seat 4: sltn folded before Flop (didn't bet)
Seat 5: ioannisus (button) folded before Flop (didn't bet)
Seat 6: MoRsCeReBruM (small blind) folded before Flop



PokerStars Hand #254752724983:  Hold'em No Limit ($0.50/$1.00 USD) - 2025/02/07 18:19:28 WET [2025/02/07 13:19:28 ET]
Table 'Imhotep II' 6-max Seat #6 is the button
Seat 1: Oli3579 ($121.96 in chips) 
Seat 2: Paiiiiii ($100.29 in chips) 
Seat 3: ZinePablo ($100.48 in chips) 
Seat 4: sltn ($100 in chips) 
Seat 5: ioannisus ($120.13 in chips) 
Seat 6: MoRsCeReBruM ($108.53 in chips) 
Oli3579: posts small blind $0.50
Paiiiiii: posts big blind $1
*** HOLE CARDS ***
ZinePablo: folds 
sltn: folds 
ioannisus: folds 
MoRsCeReBruM: raises $1.50 to $2.50
Oli3579: folds 
Paiiiiii: calls $1.50
*** FLOP *** [2s Th 8h]
Paiiiiii: bets $2.61
MoRsCeReBruM: raises $9.89 to $12.50
Paiiiiii: folds 
Uncalled bet ($9.89) returned to MoRsCeReBruM
MoRsCeReBruM collected $10.18 from pot
MoRsCeReBruM: doesn't show hand 
*** SUMMARY ***
Total pot $10.72 | Rake $0.54 
Board [2s Th 8h]
Seat 1: Oli3579 (small blind) folded before Flop
Seat 2: Paiiiiii (big blind) folded on the Flop
Seat 3: ZinePablo folded before Flop (didn't bet)
Seat 4: sltn folded before Flop (didn't bet)
Seat 5: ioannisus folded before Flop (didn't bet)
Seat 6: MoRsCeReBruM (button) collected ($10.18)



PokerStars Hand #254752731632:  Hold'em No Limit ($0.50/$1.00 USD) - 2025/02/07 18:19:53 WET [2025/02/07 13:19:53 ET]
Table 'Imhotep II' 6-max Seat #1 is the button
Seat 1: Oli3579 ($121.46 in chips) 
Seat 2: Paiiiiii ($95.18 in chips) 
Seat 3: ZinePablo ($100.48 in chips) 
Seat 4: sltn ($100 in chips) 
Seat 5: ioannisus ($120.13 in chips) 
Seat 6: MoRsCeReBruM ($113.60 in chips) 
Paiiiiii: posts small blind $0.50
ZinePablo: posts big blind $1
*** HOLE CARDS ***
sltn: folds 
ioannisus: folds 
MoRsCeReBruM: raises $1.20 to $2.20
Oli3579: raises $5.30 to $7.50
Paiiiiii: folds 
ZinePablo: raises $11.50 to $19
MoRsCeReBruM: folds 
Oli3579: calls $11.50
*** FLOP *** [4s Th 6s]
ZinePablo: bets $12.76
Oli3579: calls $12.76
*** TURN *** [4s Th 6s] [Js]
ZinePablo: bets $68.72 and is all-in
Oli3579: calls $68.72
*** RIVER *** [4s Th 6s Js] [6d]
*** SHOW DOWN ***
ZinePablo: shows [Ac Ah] (two pair, Aces and Sixes)
Oli3579: shows [Ad As] (two pair, Aces and Sixes)
ZinePablo collected $100.58 from pot
Oli3579 collected $100.58 from pot
*** SUMMARY ***
Total pot $203.66 | Rake $2.50 
Board [4s Th 6s Js 6d]
Seat 1: Oli3579 (button) showed [Ad As] and won ($100.58) with two pair, Aces and Sixes
Seat 2: Paiiiiii (small blind) folded before Flop
Seat 3: ZinePablo (big blind) showed [Ac Ah] and won ($100.58) with two pair, Aces and Sixes
Seat 4: sltn folded before Flop (didn't bet)
Seat 5: ioannisus folded before Flop (didn't bet)
Seat 6: MoRsCeReBruM folded before Flop



PokerStars Hand #254752757418:  Hold'em No Limit ($0.50/$1.00 USD) - 2025/02/07 18:21:26 WET [2025/02/07 13:21:26 ET]
Table 'Imhotep II' 6-max Seat #2 is the button
Seat 1: Oli3579 ($121.56 in chips) 
Seat 2: Paiiiiii ($94.68 in chips) 
Seat 3: ZinePablo ($100.58 in chips) 
Seat 4: sltn ($100 in chips) 
Seat 5: ioannisus ($120.13 in chips) 
Seat 6: MoRsCeReBruM ($111.40 in chips) 
ZinePablo: posts small blind $0.50
sltn: posts big blind $1
*** HOLE CARDS ***
ioannisus: raises $1.60 to $2.60
MoRsCeReBruM: folds 
Oli3579: folds 
Paiiiiii: folds 
ZinePablo: folds 
sltn: folds 
Uncalled bet ($1.60) returned to ioannisus
ioannisus collected $2.50 from pot
*** SUMMARY ***
Total pot $2.50 | Rake $0 
Seat 1: Oli3579 folded before Flop (didn't bet)
Seat 2: Paiiiiii (button) folded before Flop (didn't bet)
Seat 3: ZinePablo (small blind) folded before Flop
Seat 4: sltn (big blind) folded before Flop
Seat 5: ioannisus collected ($2.50)
Seat 6: MoRsCeReBruM folded before Flop (didn't bet)



PokerStars Hand #254752765189:  Hold'em No Limit ($0.50/$1.00 USD) - 2025/02/07 18:21:54 WET [2025/02/07 13:21:54 ET]
Table 'Imhotep II' 6-max Seat #3 is the button
Seat 1: Oli3579 ($121.56 in chips) 
Seat 2: Paiiiiii ($94.68 in chips) 
Seat 3: ZinePablo ($100.08 in chips) 
Seat 4: sltn ($100 in chips) 
Seat 5: ioannisus ($121.63 in chips) 
Seat 6: MoRsCeReBruM ($111.40 in chips) 
sltn: posts small blind $0.50
ioannisus: posts big blind $1
*** HOLE CARDS ***
MoRsCeReBruM: folds 
Oli3579: folds 
Paiiiiii: raises $2 to $3
ZinePablo: folds 
sltn: folds 
ioannisus: folds 
Uncalled bet ($2) returned to Paiiiiii
Paiiiiii collected $2.50 from pot
Paiiiiii: doesn't show hand 
*** SUMMARY ***
Total pot $2.50 | Rake $0 
Seat 1: Oli3579 folded before Flop (didn't bet)
Seat 2: Paiiiiii collected ($2.50)
Seat 3: ZinePablo (button) folded before Flop (didn't bet)
Seat 4: sltn (small blind) folded before Flop
Seat 5: ioannisus (big blind) folded before Flop
Seat 6: MoRsCeReBruM folded before Flop (didn't bet)



PokerStars Hand #254752773156:  Hold'em No Limit ($0.50/$1.00 USD) - 2025/02/07 18:22:22 WET [2025/02/07 13:22:22 ET]
Table 'Imhotep II' 6-max Seat #4 is the button
Seat 1: Oli3579 ($121.56 in chips) 
Seat 2: Paiiiiii ($96.18 in chips) 
Seat 3: ZinePablo ($100.08 in chips) 
Seat 4: sltn ($100 in chips) 
Seat 5: ioannisus ($120.63 in chips) 
Seat 6: MoRsCeReBruM ($111.40 in chips) 
ioannisus: posts small blind $0.50
MoRsCeReBruM: posts big blind $1
*** HOLE CARDS ***
Oli3579: raises $1.25 to $2.25
Paiiiiii: calls $2.25
ZinePablo: folds 
sltn: folds 
ioannisus: calls $1.75
MoRsCeReBruM: raises $12.25 to $14.50
Oli3579: folds 
Paiiiiii: folds 
ioannisus: folds 
Uncalled bet ($12.25) returned to MoRsCeReBruM
MoRsCeReBruM collected $9 from pot
MoRsCeReBruM: doesn't show hand 
*** SUMMARY ***
Total pot $9 | Rake $0 
Seat 1: Oli3579 folded before Flop
Seat 2: Paiiiiii folded before Flop
Seat 3: ZinePablo folded before Flop (didn't bet)
Seat 4: sltn (button) folded before Flop (didn't bet)
Seat 5: ioannisus (small blind) folded before Flop
Seat 6: MoRsCeReBruM (big blind) collected ($9)



PokerStars Hand #254752780656:  Hold'em No Limit ($0.50/$1.00 USD) - 2025/02/07 18:22:49 WET [2025/02/07 13:22:49 ET]
Table 'Imhotep II' 6-max Seat #5 is the button
Seat 1: Oli3579 ($119.31 in chips) 
Seat 2: Paiiiiii ($93.93 in chips) 
Seat 3: ZinePablo ($100.08 in chips) 
Seat 4: sltn ($100 in chips) 
Seat 5: ioannisus ($118.38 in chips) 
Seat 6: MoRsCeReBruM ($118.15 in chips) 
MoRsCeReBruM: posts small blind $0.50
Oli3579: posts big blind $1
*** HOLE CARDS ***
Paiiiiii: raises $2 to $3
ZinePablo: folds 
sltn: raises $6 to $9
ioannisus: folds 
MoRsCeReBruM: folds 
Oli3579: folds 
Paiiiiii: calls $6
*** FLOP *** [Ad 3d Th]
Paiiiiii: checks 
sltn: bets $13.89
Paiiiiii: calls $13.89
*** TURN *** [Ad 3d Th] [7h]
Paiiiiii: checks 
sltn: bets $77.11 and is all-in
Paiiiiii: folds 
Uncalled bet ($77.11) returned to sltn
sltn collected $44.92 from pot
sltn: doesn't show hand 
*** SUMMARY ***
Total pot $47.28 | Rake $2.36 
Board [Ad 3d Th 7h]
Seat 1: Oli3579 (big blind) folded before Flop
Seat 2: Paiiiiii folded on the Turn
Seat 3: ZinePablo folded before Flop (didn't bet)
Seat 4: sltn collected ($44.92)
Seat 5: ioannisus (button) folded before Flop (didn't bet)
Seat 6: MoRsCeReBruM (small blind) folded before Flop



PokerStars Hand #254752792475:  Hold'em No Limit ($0.50/$1.00 USD) - 2025/02/07 18:23:32 WET [2025/02/07 13:23:32 ET]
Table 'Imhotep II' 6-max Seat #6 is the button
Seat 1: Oli3579 ($118.31 in chips) 
Seat 2: Paiiiiii ($71.04 in chips) 
Seat 3: ZinePablo ($100.08 in chips) 
Seat 4: sltn ($122.03 in chips) 
Seat 5: ioannisus ($118.38 in chips) 
Seat 6: MoRsCeReBruM ($117.65 in chips) 
Oli3579: posts small blind $0.50
Paiiiiii: posts big blind $1
*** HOLE CARDS ***
ZinePablo: folds 
sltn: folds 
ioannisus: raises $1.60 to $2.60
MoRsCeReBruM: folds 
Oli3579: folds 
Paiiiiii: raises $5.70 to $8.30
ioannisus: folds 
Uncalled bet ($5.70) returned to Paiiiiii
Paiiiiii collected $5.70 from pot
Paiiiiii: doesn't show hand 
*** SUMMARY ***
Total pot $5.70 | Rake $0 
Seat 1: Oli3579 (small blind) folded before Flop
Seat 2: Paiiiiii (big blind) collected ($5.70)
Seat 3: ZinePablo folded before Flop (didn't bet)
Seat 4: sltn folded before Flop (didn't bet)
Seat 5: ioannisus folded before Flop
Seat 6: MoRsCeReBruM (button) folded before Flop (didn't bet)



PokerStars Hand #254752802689:  Hold'em No Limit ($0.50/$1.00 USD) - 2025/02/07 18:24:09 WET [2025/02/07 13:24:09 ET]
Table 'Imhotep II' 6-max Seat #1 is the button
Seat 1: Oli3579 ($117.81 in chips) 
Seat 2: Paiiiiii ($74.14 in chips) 
Seat 3: ZinePablo ($100.08 in chips) 
Seat 4: sltn ($122.03 in chips) 
Seat 5: ioannisus ($115.78 in chips) 
Seat 6: MoRsCeReBruM ($117.65 in chips) 
Paiiiiii: posts small blind $0.50
ZinePablo: posts big blind $1
*** HOLE CARDS ***
sltn: folds 
ioannisus: folds 
MoRsCeReBruM: raises $1.20 to $2.20
Oli3579: folds 
Paiiiiii: calls $1.70
ZinePablo: folds 
*** FLOP *** [9c Jh 5h]
Paiiiiii: checks 
MoRsCeReBruM: bets $2.05
Paiiiiii: folds 
Uncalled bet ($2.05) returned to MoRsCeReBruM
MoRsCeReBruM collected $5.13 from pot
MoRsCeReBruM: doesn't show hand 
*** SUMMARY ***
Total pot $5.40 | Rake $0.27 
Board [9c Jh 5h]
Seat 1: Oli3579 (button) folded before Flop (didn't bet)
Seat 2: Paiiiiii (small blind) folded on the Flop
Seat 3: ZinePablo (big blind) folded before Flop
Seat 4: sltn folded before Flop (didn't bet)
Seat 5: ioannisus folded before Flop (didn't bet)
Seat 6: MoRsCeReBruM collected ($5.13)



PokerStars Hand #254752810774:  Hold'em No Limit ($0.50/$1.00 USD) - 2025/02/07 18:24:38 WET [2025/02/07 13:24:38 ET]
Table 'Imhotep II' 6-max Seat #2 is the button
Seat 1: Oli3579 ($117.81 in chips) 
Seat 2: Paiiiiii ($71.94 in chips) 
Seat 3: ZinePablo ($100 in chips) 
Seat 4: sltn ($122.03 in chips) 
Seat 5: ioannisus ($115.78 in chips) 
Seat 6: MoRsCeReBruM ($120.58 in chips) 
ZinePablo: posts small blind $0.50
sltn: posts big blind $1
*** HOLE CARDS ***
ioannisus: raises $1.50 to $2.50
MoRsCeReBruM: folds 
Oli3579: folds 
Paiiiiii: raises $6.50 to $9
ZinePablo: raises $12 to $21
sltn: folds 
ioannisus: folds 
Paiiiiii: raises $50.94 to $71.94 and is all-in
ZinePablo: calls $50.94
*** FLOP *** [Kc Ks 6h]
*** TURN *** [Kc Ks 6h] [7d]
*** RIVER *** [Kc Ks 6h 7d] [8c]
*** SHOW DOWN ***
ZinePablo: shows [Kh Kd] (four of a kind, Kings)
Paiiiiii: shows [Ts Qc] (a pair of Kings)
ZinePablo collected $144.88 from pot
*** SUMMARY ***
Total pot $147.38 | Rake $2.50 
Board [Kc Ks 6h 7d 8c]
Seat 1: Oli3579 folded before Flop (didn't bet)
Seat 2: Paiiiiii (button) showed [Ts Qc] and lost with a pair of Kings
Seat 3: ZinePablo (small blind) showed [Kh Kd] and won ($144.88) with four of a kind, Kings
Seat 4: sltn (big blind) folded before Flop
Seat 5: ioannisus folded before Flop
Seat 6: MoRsCeReBruM folded before Flop (didn't bet)



PokerStars Hand #254752821876:  Hold'em No Limit ($0.50/$1.00 USD) - 2025/02/07 18:25:18 WET [2025/02/07 13:25:18 ET]
Table 'Imhotep II' 6-max Seat #3 is the button
Seat 2: Paiiiiii ($0 in chips) is sitting out
Seat 1: Oli3579 ($117.81 in chips) 
Seat 3: ZinePablo ($172.94 in chips) 
Seat 4: sltn ($121.03 in chips) 
Seat 5: ioannisus ($113.28 in chips) 
Seat 6: MoRsCeReBruM ($120.58 in chips) 
sltn: posts small blind $0.50
ioannisus: posts big blind $1
*** HOLE CARDS ***
MoRsCeReBruM: folds 
Oli3579: raises $1.25 to $2.25
Paiiiiii leaves the table
ZinePablo: folds 
sltn: folds 
ioannisus: folds 
Uncalled bet ($1.25) returned to Oli3579
Oli3579 collected $2.50 from pot
Oli3579: doesn't show hand 
*** SUMMARY ***
Total pot $2.50 | Rake $0 
Seat 2: Paiiiiii
Seat 1: Oli3579 collected ($2.50)
Seat 3: ZinePablo (button) folded before Flop (didn't bet)
Seat 4: sltn (small blind) folded before Flop
Seat 5: ioannisus (big blind) folded before Flop
Seat 6: MoRsCeReBruM folded before Flop (didn't bet)



PokerStars Hand #254752826285:  Hold'em No Limit ($0.50/$1.00 USD) - 2025/02/07 18:25:33 WET [2025/02/07 13:25:33 ET]
Table 'Imhotep II' 6-max Seat #4 is the button
Seat 6: MoRsCeReBruM ($120.58 in chips) is sitting out
Seat 1: Oli3579 ($119.31 in chips) 
Seat 3: ZinePablo ($172.94 in chips) 
Seat 4: sltn ($120.53 in chips) 
Seat 5: ioannisus ($112.28 in chips) 
ioannisus: posts small blind $0.50
MoRsCeReBruM: is sitting out 
Oli3579: posts big blind $1
*** HOLE CARDS ***
ZinePablo: folds 
MoRsCeReBruM leaves the table
sltn: folds 
ioannisus: folds 
Uncalled bet ($0.50) returned to Oli3579
Oli3579 collected $1 from pot
Oli3579: doesn't show hand 
*** SUMMARY ***
Total pot $1 | Rake $0 
Seat 6: MoRsCeReBruM
Seat 1: Oli3579 (big blind) collected ($1)
Seat 3: ZinePablo folded before Flop (didn't bet)
Seat 4: sltn (button) folded before Flop (didn't bet)
Seat 5: ioannisus (small blind) folded before Flop



PokerStars Hand #254752829799:  Hold'em No Limit ($0.50/$1.00 USD) - 2025/02/07 18:25:46 WET [2025/02/07 13:25:46 ET]
Table 'Imhotep II' 6-max Seat #5 is the button
Seat 1: Oli3579 ($119.81 in chips) 
Seat 3: ZinePablo ($172.94 in chips) 
Seat 4: sltn ($120.53 in chips) 
Seat 5: ioannisus ($111.78 in chips) 
Oli3579: posts small blind $0.50
ZinePablo: posts big blind $1
*** HOLE CARDS ***
sltn: folds 
crist_89870 joins the table at seat #2 
ioannisus: folds 
sltn leaves the table
Oli3579: raises $2 to $3
BumHuntKing joins the table at seat #6 
ZinePablo: folds 
Uncalled bet ($2) returned to Oli3579
Oli3579 collected $2 from pot
Oli3579: doesn't show hand 
*** SUMMARY ***
Total pot $2 | Rake $0 
Seat 1: Oli3579 (small blind) collected ($2)
Seat 3: ZinePablo (big blind) folded before Flop
Seat 4: sltn folded before Flop (didn't bet)
Seat 5: ioannisus (button) folded before Flop (didn't bet)



PokerStars Hand #254752833201:  Hold'em No Limit ($0.50/$1.00 USD) - 2025/02/07 18:25:58 WET [2025/02/07 13:25:58 ET]
Table 'Imhotep II' 6-max Seat #1 is the button
Seat 2: crist_89870 ($100 in chips) is sitting out
Seat 6: BumHuntKing ($100 in chips) is sitting out
Seat 1: Oli3579 ($120.81 in chips) 
Seat 3: ZinePablo ($171.94 in chips) 
Seat 5: ioannisus ($111.78 in chips) 
ZinePablo: posts small blind $0.50
ioannisus: posts big blind $1
BumHuntKing: sits out 
*** HOLE CARDS ***
Oli3579: folds 
ZinePablo: folds 
Uncalled bet ($0.50) returned to ioannisus
ioannisus collected $1 from pot
*** SUMMARY ***
Total pot $1 | Rake $0 
Seat 2: crist_89870
Seat 6: BumHuntKing
Seat 1: Oli3579 (button) folded before Flop (didn't bet)
Seat 3: ZinePablo (small blind) folded before Flop
Seat 5: ioannisus (big blind) collected ($1)



PokerStars Hand #254752837514:  Hold'em No Limit ($0.50/$1.00 USD) - 2025/02/07 18:26:14 WET [2025/02/07 13:26:14 ET]
Table 'Imhotep II' 6-max Seat #3 is the button
Seat 2: crist_89870 ($100 in chips) is sitting out
Seat 1: Oli3579 ($120.81 in chips) 
Seat 3: ZinePablo ($171.44 in chips) 
Seat 5: ioannisus ($112.28 in chips) 
Seat 6: BumHuntKing ($100 in chips) 
ioannisus: posts small blind $0.50
BumHuntKing: posts big blind $1
crist_89870: sits out 
*** HOLE CARDS ***
Oli3579: folds 
ZinePablo: folds 
ioannisus: folds 
Uncalled bet ($0.50) returned to BumHuntKing
BumHuntKing collected $1 from pot
BumHuntKing: doesn't show hand 
*** SUMMARY ***
Total pot $1 | Rake $0 
Seat 2: crist_89870
Seat 1: Oli3579 folded before Flop (didn't bet)
Seat 3: ZinePablo (button) folded before Flop (didn't bet)
Seat 5: ioannisus (small blind) folded before Flop
Seat 6: BumHuntKing (big blind) collected ($1)



PokerStars Hand #254752839486:  Hold'em No Limit ($0.50/$1.00 USD) - 2025/02/07 18:26:21 WET [2025/02/07 13:26:21 ET]
Table 'Imhotep II' 6-max Seat #5 is the button
Seat 2: crist_89870 ($100 in chips) is sitting out
Seat 1: Oli3579 ($120.81 in chips) 
Seat 3: ZinePablo ($171.44 in chips) 
Seat 5: ioannisus ($111.78 in chips) 
Seat 6: BumHuntKing ($100.50 in chips) 
BumHuntKing: posts small blind $0.50
Oli3579: posts big blind $1
crist_89870: sits out 
*** HOLE CARDS ***
ZinePablo: raises $1.50 to $2.50
ioannisus: folds 
BumHuntKing: raises $9 to $11.50
Oli3579: raises $11.50 to $23
ZinePablo: folds 
BumHuntKing: folds 
Uncalled bet ($11.50) returned to Oli3579
Oli3579 collected $25.50 from pot
Oli3579: doesn't show hand 
*** SUMMARY ***
Total pot $25.50 | Rake $0 
Seat 2: crist_89870
Seat 1: Oli3579 (big blind) collected ($25.50)
Seat 3: ZinePablo folded before Flop
Seat 5: ioannisus (button) folded before Flop (didn't bet)
Seat 6: BumHuntKing (small blind) folded before Flop



PokerStars Hand #254752849551:  Hold'em No Limit ($0.50/$1.00 USD) - 2025/02/07 18:26:57 WET [2025/02/07 13:26:57 ET]
Table 'Imhotep II' 6-max Seat #6 is the button
Seat 1: Oli3579 ($134.81 in chips) 
Seat 2: crist_89870 ($100 in chips) 
Seat 3: ZinePablo ($168.94 in chips) 
Seat 5: ioannisus ($111.78 in chips) 
Seat 6: BumHuntKing ($100 in chips) 
Oli3579: posts small blind $0.50
crist_89870: posts big blind $1
*** HOLE CARDS ***
ZinePablo: folds 
ioannisus: folds 
BumHuntKing: folds 
Oli3579: raises $2 to $3
crist_89870: calls $2
*** FLOP *** [7c Ks 3s]
Oli3579: bets $1.88
crist_89870: folds 
Uncalled bet ($1.88) returned to Oli3579
Juandizzo joins the table at seat #4 
Oli3579 collected $5.70 from pot
Oli3579: doesn't show hand 
*** SUMMARY ***
Total pot $6 | Rake $0.30 
Board [7c Ks 3s]
Seat 1: Oli3579 (small blind) collected ($5.70)
Seat 2: crist_89870 (big blind) folded on the Flop
Seat 3: ZinePablo folded before Flop (didn't bet)
Seat 5: ioannisus folded before Flop (didn't bet)
Seat 6: BumHuntKing (button) folded before Flop (didn't bet)



PokerStars Hand #254752858862:  Hold'em No Limit ($0.50/$1.00 USD) - 2025/02/07 18:27:30 WET [2025/02/07 13:27:30 ET]
Table 'Imhotep II' 6-max Seat #1 is the button
Seat 4: Juandizzo ($54 in chips) is sitting out
Seat 1: Oli3579 ($137.51 in chips) 
Seat 2: crist_89870 ($100 in chips) 
Seat 3: ZinePablo ($168.94 in chips) 
Seat 5: ioannisus ($111.78 in chips) 
Seat 6: BumHuntKing ($100 in chips) 
crist_89870: posts small blind $0.50
ZinePablo: posts big blind $1
Juandizzo: sits out 
*** HOLE CARDS ***
ioannisus: raises $1.60 to $2.60
BumHuntKing: raises $6.40 to $9
Oli3579: folds 
crist_89870: folds 
ZinePablo: folds 
ioannisus: calls $6.40
*** FLOP *** [9c Th 7d]
ioannisus: checks 
BumHuntKing: bets $9.26
ioannisus: folds 
Uncalled bet ($9.26) returned to BumHuntKing
BumHuntKing collected $18.52 from pot
BumHuntKing: doesn't show hand 
*** SUMMARY ***
Total pot $19.50 | Rake $0.98 
Board [9c Th 7d]
Seat 4: Juandizzo
Seat 1: Oli3579 (button) folded before Flop (didn't bet)
Seat 2: crist_89870 (small blind) folded before Flop
Seat 3: ZinePablo (big blind) folded before Flop
Seat 5: ioannisus folded on the Flop
Seat 6: BumHuntKing collected ($18.52)



PokerStars Hand #254752883931:  Hold'em No Limit ($0.50/$1.00 USD) - 2025/02/07 18:29:01 WET [2025/02/07 13:29:01 ET]
Table 'Imhotep II' 6-max Seat #2 is the button
Seat 1: Oli3579 ($137.51 in chips) 
Seat 2: crist_89870 ($100 in chips) 
Seat 3: ZinePablo ($167.94 in chips) 
Seat 4: Juandizzo ($54 in chips) 
Seat 5: ioannisus ($102.78 in chips) 
Seat 6: BumHuntKing ($109.52 in chips) 
ZinePablo: posts small blind $0.50
Juandizzo: posts big blind $1
*** HOLE CARDS ***
ioannisus: folds 
BumHuntKing: raises $1.20 to $2.20
Oli3579: folds 
crist_89870: calls $2.20
ZinePablo: folds 
Juandizzo: calls $1.20
*** FLOP *** [Ts Kh Jh]
Juandizzo: checks 
BumHuntKing: bets $1.69
crist_89870: calls $1.69
Juandizzo: calls $1.69
*** TURN *** [Ts Kh Jh] [8s]
Juandizzo: checks 
BumHuntKing: bets $8.67
crist_89870: calls $8.67
Juandizzo: folds 
*** RIVER *** [Ts Kh Jh 8s] [2d]
BumHuntKing: bets $42.05
crist_89870: calls $42.05
*** SHOW DOWN ***
BumHuntKing: shows [Qh 9h] (a straight, Nine to King)
crist_89870: mucks hand 
BumHuntKing collected $111.11 from pot
*** SUMMARY ***
Total pot $113.61 | Rake $2.50 
Board [Ts Kh Jh 8s 2d]
Seat 1: Oli3579 folded before Flop (didn't bet)
Seat 2: crist_89870 (button) mucked
Seat 3: ZinePablo (small blind) folded before Flop
Seat 4: Juandizzo (big blind) folded on the Turn
Seat 5: ioannisus folded before Flop (didn't bet)
Seat 6: BumHuntKing showed [Qh 9h] and won ($111.11) with a straight, Nine to King



PokerStars Hand #254752903788:  Hold'em No Limit ($0.50/$1.00 USD) - 2025/02/07 18:30:12 WET [2025/02/07 13:30:12 ET]
Table 'Imhotep II' 6-max Seat #3 is the button
Seat 1: Oli3579 ($137.51 in chips) 
Seat 2: crist_89870 ($100 in chips) 
Seat 3: ZinePablo ($167.44 in chips) 
Seat 4: Juandizzo ($50.11 in chips) 
Seat 5: ioannisus ($102.78 in chips) 
Seat 6: BumHuntKing ($166.02 in chips) 
Juandizzo: posts small blind $0.50
ioannisus: posts big blind $1
*** HOLE CARDS ***
BumHuntKing: raises $1.20 to $2.20
Oli3579: folds 
crist_89870: folds 
ZinePablo: folds 
Juandizzo: calls $1.70
ioannisus: folds 
*** FLOP *** [5c Ac 9c]
Juandizzo: checks 
BumHuntKing: checks 
*** TURN *** [5c Ac 9c] [5s]
Juandizzo: checks 
BumHuntKing: bets $1.69
Juandizzo: folds 
Uncalled bet ($1.69) returned to BumHuntKing
BumHuntKing collected $5.13 from pot
BumHuntKing: doesn't show hand 
*** SUMMARY ***
Total pot $5.40 | Rake $0.27 
Board [5c Ac 9c 5s]
Seat 1: Oli3579 folded before Flop (didn't bet)
Seat 2: crist_89870 folded before Flop (didn't bet)
Seat 3: ZinePablo (button) folded before Flop (didn't bet)
Seat 4: Juandizzo (small blind) folded on the Turn
Seat 5: ioannisus (big blind) folded before Flop
Seat 6: BumHuntKing collected ($5.13)



PokerStars Hand #254752912850:  Hold'em No Limit ($0.50/$1.00 USD) - 2025/02/07 18:30:45 WET [2025/02/07 13:30:45 ET]
Table 'Imhotep II' 6-max Seat #4 is the button
Seat 2: crist_89870 ($100 in chips) is sitting out
Seat 1: Oli3579 ($137.51 in chips) 
Seat 3: ZinePablo ($167.44 in chips) 
Seat 4: Juandizzo ($47.91 in chips) 
Seat 5: ioannisus ($101.78 in chips) 
Seat 6: BumHuntKing ($168.95 in chips) 
ioannisus: posts small blind $0.50
BumHuntKing: posts big blind $1
*** HOLE CARDS ***
Oli3579: raises $1.25 to $2.25
ZinePablo: raises $5.25 to $7.50
Juandizzo: calls $7.50
ioannisus: folds 
BumHuntKing: folds 
Oli3579: calls $5.25
*** FLOP *** [4c 5d 8h]
Oli3579: bets $5.70
ZinePablo: folds 
Juandizzo: calls $5.70
*** TURN *** [4c 5d 8h] [Ks]
Oli3579: bets $11.10
Juandizzo: calls $11.10
*** RIVER *** [4c 5d 8h Ks] [6s]
Oli3579: checks 
Juandizzo: bets $23.61 and is all-in
Oli3579: calls $23.61
*** SHOW DOWN ***
Juandizzo: shows [7s 6c] (a straight, Four to Eight)
Oli3579: shows [Ts Tc] (a pair of Tens)
Juandizzo collected $102.32 from pot
*** SUMMARY ***
Total pot $104.82 | Rake $2.50 
Board [4c 5d 8h Ks 6s]
Seat 2: crist_89870
Seat 1: Oli3579 showed [Ts Tc] and lost with a pair of Tens
Seat 3: ZinePablo folded on the Flop
Seat 4: Juandizzo (button) showed [7s 6c] and won ($102.32) with a straight, Four to Eight
Seat 5: ioannisus (small blind) folded before Flop
Seat 6: BumHuntKing (big blind) folded before Flop



PokerStars Hand #254752937656:  Hold'em No Limit ($0.50/$1.00 USD) - 2025/02/07 18:32:14 WET [2025/02/07 13:32:14 ET]
Table 'Imhotep II' 6-max Seat #5 is the button
Seat 2: crist_89870 ($100 in chips) is sitting out
Seat 1: Oli3579 ($100 in chips) 
Seat 3: ZinePablo ($159.94 in chips) 
Seat 4: Juandizzo ($102.32 in chips) 
Seat 5: ioannisus ($101.28 in chips) 
Seat 6: BumHuntKing ($167.95 in chips) 
BumHuntKing: posts small blind $0.50
Oli3579: posts big blind $1
*** HOLE CARDS ***
ZinePablo: folds 
Juandizzo: calls $1
ioannisus: raises $2 to $3
BumHuntKing: folds 
Oli3579: folds 
Juandizzo: calls $2
*** FLOP *** [2s 8d 3c]
Juandizzo: checks 
ioannisus: bets $3.56
Juandizzo: folds 
Uncalled bet ($3.56) returned to ioannisus
ioannisus collected $7.12 from pot
*** SUMMARY ***
Total pot $7.50 | Rake $0.38 
Board [2s 8d 3c]
Seat 2: crist_89870
Seat 1: Oli3579 (big blind) folded before Flop
Seat 3: ZinePablo folded before Flop (didn't bet)
Seat 4: Juandizzo folded on the Flop
Seat 5: ioannisus (button) collected ($7.12)
Seat 6: BumHuntKing (small blind) folded before Flop



PokerStars Hand #254752944626:  Hold'em No Limit ($0.50/$1.00 USD) - 2025/02/07 18:32:39 WET [2025/02/07 13:32:39 ET]
Table 'Imhotep II' 6-max Seat #6 is the button
Seat 2: crist_89870 ($100 in chips) is sitting out
Seat 1: Oli3579 ($100 in chips) 
Seat 3: ZinePablo ($159.94 in chips) 
Seat 4: Juandizzo ($99.32 in chips) 
Seat 5: ioannisus ($105.40 in chips) 
Seat 6: BumHuntKing ($167.45 in chips) 
Oli3579: posts small blind $0.50
ZinePablo: posts big blind $1
*** HOLE CARDS ***
Juandizzo: calls $1
ioannisus: folds 
BumHuntKing: raises $2.50 to $3.50
Oli3579: folds 
ZinePablo: folds 
Juandizzo: calls $2.50
*** FLOP *** [Jd Jc Th]
Juandizzo: checks 
BumHuntKing: bets $2.67
Juandizzo: calls $2.67
*** TURN *** [Jd Jc Th] [7d]
Juandizzo: checks 
BumHuntKing: bets $9.86
Juandizzo: folds 
Uncalled bet ($9.86) returned to BumHuntKing
BumHuntKing collected $13.15 from pot
BumHuntKing: doesn't show hand 
*** SUMMARY ***
Total pot $13.84 | Rake $0.69 
Board [Jd Jc Th 7d]
Seat 2: crist_89870
Seat 1: Oli3579 (small blind) folded before Flop
Seat 3: ZinePablo (big blind) folded before Flop
Seat 4: Juandizzo folded on the Turn
Seat 5: ioannisus folded before Flop (didn't bet)
Seat 6: BumHuntKing (button) collected ($13.15)



PokerStars Hand #254752953814:  Hold'em No Limit ($0.50/$1.00 USD) - 2025/02/07 18:33:12 WET [2025/02/07 13:33:12 ET]
Table 'Imhotep II' 6-max Seat #1 is the button
Seat 2: crist_89870 ($100 in chips) is sitting out
Seat 1: Oli3579 ($100 in chips) 
Seat 3: ZinePablo ($158.94 in chips) 
Seat 4: Juandizzo ($93.15 in chips) 
Seat 5: ioannisus ($105.40 in chips) 
Seat 6: BumHuntKing ($174.43 in chips) 
ZinePablo: posts small blind $0.50
Juandizzo: posts big blind $1
*** HOLE CARDS ***
ioannisus: folds 
BumHuntKing: raises $1.20 to $2.20
Oli3579: folds 
ZinePablo: folds 
Juandizzo: calls $1.20
*** FLOP *** [Qs 2s 7s]
Juandizzo: checks 
BumHuntKing: bets $1.54
Juandizzo: calls $1.54
*** TURN *** [Qs 2s 7s] [Td]
Juandizzo: checks 
BumHuntKing: checks 
*** RIVER *** [Qs 2s 7s Td] [Th]
Juandizzo: bets $3
BumHuntKing: folds 
Uncalled bet ($3) returned to Juandizzo
Juandizzo collected $7.58 from pot
*** SUMMARY ***
Total pot $7.98 | Rake $0.40 
Board [Qs 2s 7s Td Th]
Seat 2: crist_89870
Seat 1: Oli3579 (button) folded before Flop (didn't bet)
Seat 3: ZinePablo (small blind) folded before Flop
Seat 4: Juandizzo (big blind) collected ($7.58)
Seat 5: ioannisus folded before Flop (didn't bet)
Seat 6: BumHuntKing folded on the River



PokerStars Hand #254752962426:  Hold'em No Limit ($0.50/$1.00 USD) - 2025/02/07 18:33:42 WET [2025/02/07 13:33:42 ET]
Table 'Imhotep II' 6-max Seat #3 is the button
Seat 2: crist_89870 ($100 in chips) is sitting out
Seat 1: Oli3579 ($100 in chips) 
Seat 3: ZinePablo ($158.44 in chips) 
Seat 4: Juandizzo ($96.99 in chips) 
Seat 5: ioannisus ($105.40 in chips) 
Seat 6: BumHuntKing ($170.69 in chips) 
Juandizzo: posts small blind $0.50
ioannisus: posts big blind $1
*** HOLE CARDS ***
BumHuntKing: folds 
Oli3579: folds 
ZinePablo: folds 
Juandizzo: calls $0.50
ioannisus: checks 
*** FLOP *** [2c 4h 2h]
Juandizzo: checks 
ioannisus: bets $1.90
Juandizzo: folds 
Uncalled bet ($1.90) returned to ioannisus
ioannisus collected $1.90 from pot
*** SUMMARY ***
Total pot $2 | Rake $0.10 
Board [2c 4h 2h]
Seat 2: crist_89870
Seat 1: Oli3579 folded before Flop (didn't bet)
Seat 3: ZinePablo (button) folded before Flop (didn't bet)
Seat 4: Juandizzo (small blind) folded on the Flop
Seat 5: ioannisus (big blind) collected ($1.90)
Seat 6: BumHuntKing folded before Flop (didn't bet)



PokerStars Hand #254752967389:  Hold'em No Limit ($0.50/$1.00 USD) - 2025/02/07 18:34:01 WET [2025/02/07 13:34:01 ET]
Table 'Imhotep II' 6-max Seat #5 is the button
Seat 2: crist_89870 ($100 in chips) is sitting out
Seat 4: Juandizzo ($95.99 in chips) is sitting out
Seat 1: Oli3579 ($100 in chips) 
Seat 3: ZinePablo ($158.44 in chips) 
Seat 5: ioannisus ($106.30 in chips) 
Seat 6: BumHuntKing ($170.69 in chips) 
BumHuntKing: posts small blind $0.50
Oli3579: posts big blind $1
crist_89870: sits out 
*** HOLE CARDS ***
Juandizzo leaves the table
ZinePablo: folds 
ioannisus: folds 
BumHuntKing: raises $2 to $3
Oli3579: folds 
Uncalled bet ($2) returned to BumHuntKing
BumHuntKing collected $2 from pot
BumHuntKing: doesn't show hand 
*** SUMMARY ***
Total pot $2 | Rake $0 
Seat 2: crist_89870
Seat 4: Juandizzo
Seat 1: Oli3579 (big blind) folded before Flop
Seat 3: ZinePablo folded before Flop (didn't bet)
Seat 5: ioannisus (button) folded before Flop (didn't bet)
Seat 6: BumHuntKing (small blind) collected ($2)



PokerStars Hand #254752972460:  Hold'em No Limit ($0.50/$1.00 USD) - 2025/02/07 18:34:19 WET [2025/02/07 13:34:19 ET]
Table 'Imhotep II' 6-max Seat #6 is the button
Seat 1: Oli3579 ($100 in chips) 
Seat 2: crist_89870 ($100 in chips) 
Seat 3: ZinePablo ($158.44 in chips) 
Seat 5: ioannisus ($106.30 in chips) 
Seat 6: BumHuntKing ($171.69 in chips) 
Oli3579: posts small blind $0.50
crist_89870: posts big blind $1
*** HOLE CARDS ***
ZinePablo: folds 
ioannisus: folds 
BumHuntKing: raises $1.50 to $2.50
Oli3579: folds 
crist_89870: folds 
Uncalled bet ($1.50) returned to BumHuntKing
BumHuntKing collected $2.50 from pot
BumHuntKing: doesn't show hand 
*** SUMMARY ***
Total pot $2.50 | Rake $0 
Seat 1: Oli3579 (small blind) folded before Flop
Seat 2: crist_89870 (big blind) folded before Flop
Seat 3: ZinePablo folded before Flop (didn't bet)
Seat 5: ioannisus folded before Flop (didn't bet)
Seat 6: BumHuntKing (button) collected ($2.50)



PokerStars Hand #254752975763:  Hold'em No Limit ($0.50/$1.00 USD) - 2025/02/07 18:34:30 WET [2025/02/07 13:34:30 ET]
Table 'Imhotep II' 6-max Seat #1 is the button
Seat 1: Oli3579 ($100 in chips) 
Seat 2: crist_89870 ($100 in chips) 
Seat 3: ZinePablo ($158.44 in chips) 
Seat 5: ioannisus ($106.30 in chips) 
Seat 6: BumHuntKing ($173.19 in chips) 
crist_89870: posts small blind $0.50
ZinePablo: posts big blind $1
*** HOLE CARDS ***
ioannisus: folds 
BumHuntKing: raises $1.20 to $2.20
Oli3579: folds 
crist_89870: raises $7.80 to $10
ZinePablo: folds 
BumHuntKing: folds 
Uncalled bet ($7.80) returned to crist_89870
crist_89870 collected $5.40 from pot
crist_89870: doesn't show hand 
*** SUMMARY ***
Total pot $5.40 | Rake $0 
Seat 1: Oli3579 (button) folded before Flop (didn't bet)
Seat 2: crist_89870 (small blind) collected ($5.40)
Seat 3: ZinePablo (big blind) folded before Flop
Seat 5: ioannisus folded before Flop (didn't bet)
Seat 6: BumHuntKing folded before Flop



PokerStars Hand #254752984839:  Hold'em No Limit ($0.50/$1.00 USD) - 2025/02/07 18:35:03 WET [2025/02/07 13:35:03 ET]
Table 'Imhotep II' 6-max Seat #2 is the button
Seat 1: Oli3579 ($100 in chips) 
Seat 2: crist_89870 ($103.20 in chips) 
Seat 3: ZinePablo ($157.44 in chips) 
Seat 5: ioannisus ($106.30 in chips) 
Seat 6: BumHuntKing ($170.99 in chips) 
ZinePablo: posts small blind $0.50
ioannisus: posts big blind $1
*** HOLE CARDS ***
BumHuntKing: folds 
Oli3579: raises $1.25 to $2.25
crist_89870: raises $4.75 to $7
ZinePablo: folds 
ioannisus: folds 
Oli3579: folds 
Uncalled bet ($4.75) returned to crist_89870
crist_89870 collected $6 from pot
crist_89870: doesn't show hand 
*** SUMMARY ***
Total pot $6 | Rake $0 
Seat 1: Oli3579 folded before Flop
Seat 2: crist_89870 (button) collected ($6)
Seat 3: ZinePablo (small blind) folded before Flop
Seat 5: ioannisus (big blind) folded before Flop
Seat 6: BumHuntKing folded before Flop (didn't bet)



PokerStars Hand #254752993785:  Hold'em No Limit ($0.50/$1.00 USD) - 2025/02/07 18:35:35 WET [2025/02/07 13:35:35 ET]
Table 'Imhotep II' 6-max Seat #3 is the button
Seat 1: Oli3579 ($100 in chips) 
Seat 2: crist_89870 ($106.95 in chips) 
Seat 3: ZinePablo ($156.94 in chips) 
Seat 5: ioannisus ($105.30 in chips) 
Seat 6: BumHuntKing ($170.99 in chips) 
ioannisus: posts small blind $0.50
BumHuntKing: posts big blind $1
*** HOLE CARDS ***
Oli3579: raises $1.25 to $2.25
crist_89870: folds 
ZinePablo: folds 
ioannisus: folds 
BumHuntKing: folds 
Uncalled bet ($1.25) returned to Oli3579
Oli3579 collected $2.50 from pot
Oli3579: doesn't show hand 
King_Leunam88 joins the table at seat #4 
King_Leunam88 is disconnected 
*** SUMMARY ***
Total pot $2.50 | Rake $0 
Seat 1: Oli3579 collected ($2.50)
Seat 2: crist_89870 folded before Flop (didn't bet)
Seat 3: ZinePablo (button) folded before Flop (didn't bet)
Seat 5: ioannisus (small blind) folded before Flop
Seat 6: BumHuntKing (big blind) folded before Flop



PokerStars Hand #254752998886:  Hold'em No Limit ($0.50/$1.00 USD) - 2025/02/07 18:35:53 WET [2025/02/07 13:35:53 ET]
Table 'Imhotep II' 6-max Seat #5 is the button
Seat 4: King_Leunam88 ($10 in chips) is sitting out
Seat 1: Oli3579 ($101.50 in chips) 
Seat 2: crist_89870 ($106.95 in chips) 
Seat 3: ZinePablo ($156.94 in chips) 
Seat 5: ioannisus ($104.80 in chips) 
Seat 6: BumHuntKing ($169.99 in chips) 
BumHuntKing: posts small blind $0.50
Oli3579: posts big blind $1
King_Leunam88: sits out 
*** HOLE CARDS ***
crist_89870: raises $1.50 to $2.50
ZinePablo: folds 
ioannisus: folds 
BumHuntKing: folds 
Oli3579: folds 
Uncalled bet ($1.50) returned to crist_89870
crist_89870 collected $2.50 from pot
crist_89870: doesn't show hand 
*** SUMMARY ***
Total pot $2.50 | Rake $0 
Seat 4: King_Leunam88
Seat 1: Oli3579 (big blind) folded before Flop
Seat 2: crist_89870 collected ($2.50)
Seat 3: ZinePablo folded before Flop (didn't bet)
Seat 5: ioannisus (button) folded before Flop (didn't bet)
Seat 6: BumHuntKing (small blind) folded before Flop



PokerStars Hand #254753004528:  Hold'em No Limit ($0.50/$1.00 USD) - 2025/02/07 18:36:13 WET [2025/02/07 13:36:13 ET]
Table 'Imhotep II' 6-max Seat #6 is the button
Seat 4: King_Leunam88 ($10 in chips) is sitting out
Seat 1: Oli3579 ($100.50 in chips) 
Seat 2: crist_89870 ($108.45 in chips) 
Seat 3: ZinePablo ($156.94 in chips) 
Seat 5: ioannisus ($104.80 in chips) 
Seat 6: BumHuntKing ($169.49 in chips) 
Oli3579: posts small blind $0.50
crist_89870: posts big blind $1
King_Leunam88: sits out 
*** HOLE CARDS ***
ZinePablo: folds 
ioannisus: raises $1.60 to $2.60
BumHuntKing: folds 
Oli3579: folds 
crist_89870: folds 
Uncalled bet ($1.60) returned to ioannisus
ioannisus collected $2.50 from pot
*** SUMMARY ***
Total pot $2.50 | Rake $0 
Seat 4: King_Leunam88
Seat 1: Oli3579 (small blind) folded before Flop
Seat 2: crist_89870 (big blind) folded before Flop
Seat 3: ZinePablo folded before Flop (didn't bet)
Seat 5: ioannisus collected ($2.50)
Seat 6: BumHuntKing (button) folded before Flop (didn't bet)



PokerStars Hand #254753009303:  Hold'em No Limit ($0.50/$1.00 USD) - 2025/02/07 18:36:30 WET [2025/02/07 13:36:30 ET]
Table 'Imhotep II' 6-max Seat #1 is the button
Seat 4: King_Leunam88 ($10 in chips) is sitting out
Seat 1: Oli3579 ($100 in chips) 
Seat 2: crist_89870 ($107.45 in chips) 
Seat 3: ZinePablo ($156.94 in chips) 
Seat 5: ioannisus ($106.30 in chips) 
Seat 6: BumHuntKing ($169.49 in chips) 
crist_89870: posts small blind $0.50
ZinePablo: posts big blind $1
King_Leunam88: sits out 
*** HOLE CARDS ***
ioannisus: folds 
BumHuntKing: raises $1.20 to $2.20
Oli3579: folds 
crist_89870: folds 
ZinePablo: folds 
Uncalled bet ($1.20) returned to BumHuntKing
BumHuntKing collected $2.50 from pot
BumHuntKing: doesn't show hand 
*** SUMMARY ***
Total pot $2.50 | Rake $0 
Seat 4: King_Leunam88
Seat 1: Oli3579 (button) folded before Flop (didn't bet)
Seat 2: crist_89870 (small blind) folded before Flop
Seat 3: ZinePablo (big blind) folded before Flop
Seat 5: ioannisus folded before Flop (didn't bet)
Seat 6: BumHuntKing collected ($2.50)



PokerStars Hand #254753012757:  Hold'em No Limit ($0.50/$1.00 USD) - 2025/02/07 18:36:42 WET [2025/02/07 13:36:42 ET]
Table 'Imhotep II' 6-max Seat #2 is the button
Seat 1: Oli3579 ($100 in chips) 
Seat 2: crist_89870 ($106.95 in chips) 
Seat 3: ZinePablo ($155.94 in chips) 
Seat 4: King_Leunam88 ($10 in chips) 
Seat 5: ioannisus ($106.30 in chips) 
Seat 6: BumHuntKing ($170.99 in chips) 
ZinePablo: posts small blind $0.50
King_Leunam88: posts big blind $1
*** HOLE CARDS ***
ioannisus: raises $1.60 to $2.60
BumHuntKing: folds 
Oli3579: folds 
BumHuntKing leaves the table
LuckyShikari joins the table at seat #6 
crist_89870: raises $5.40 to $8
ZinePablo: folds 
King_Leunam88: calls $7
ioannisus: folds 
*** FLOP *** [5s 9h 3s]
King_Leunam88: checks 
crist_89870: bets $5.44
King_Leunam88: calls $2 and is all-in
Uncalled bet ($3.44) returned to crist_89870
*** TURN *** [5s 9h 3s] [5h]
*** RIVER *** [5s 9h 3s 5h] [As]
*** SHOW DOWN ***
King_Leunam88: shows [Qc Jc] (a pair of Fives)
crist_89870: shows [Kd Td] (a pair of Fives - Ace+King kicker)
crist_89870 collected $21.94 from pot
LuckyShikari leaves the table
*** SUMMARY ***
Total pot $23.10 | Rake $1.16 
Board [5s 9h 3s 5h As]
Seat 1: Oli3579 folded before Flop (didn't bet)
Seat 2: crist_89870 (button) showed [Kd Td] and won ($21.94) with a pair of Fives
Seat 3: ZinePablo (small blind) folded before Flop
Seat 4: King_Leunam88 (big blind) showed [Qc Jc] and lost with a pair of Fives
Seat 5: ioannisus folded before Flop
Seat 6: BumHuntKing folded before Flop (didn't bet)



PokerStars Hand #254753025363:  Hold'em No Limit ($0.50/$1.00 USD) - 2025/02/07 18:37:28 WET [2025/02/07 13:37:28 ET]
Table 'Imhotep II' 6-max Seat #3 is the button
Seat 4: King_Leunam88 ($0 in chips) is sitting out
Seat 1: Oli3579 ($100 in chips) 
Seat 2: crist_89870 ($118.89 in chips) 
Seat 3: ZinePablo ($155.44 in chips) 
Seat 5: ioannisus ($103.70 in chips) 
ioannisus: posts small blind $0.50
Oli3579: posts big blind $1
*** HOLE CARDS ***
crist_89870: raises $1.50 to $2.50
ZinePablo: folds 
ioannisus: folds 
Oli3579: folds 
Uncalled bet ($1.50) returned to crist_89870
crist_89870 collected $2.50 from pot
crist_89870: doesn't show hand 
*** SUMMARY ***
Total pot $2.50 | Rake $0 
Seat 4: King_Leunam88
Seat 1: Oli3579 (big blind) folded before Flop
Seat 2: crist_89870 collected ($2.50)
Seat 3: ZinePablo (button) folded before Flop (didn't bet)
Seat 5: ioannisus (small blind) folded before Flop



PokerStars Hand #254753028272:  Hold'em No Limit ($0.50/$1.00 USD) - 2025/02/07 18:37:38 WET [2025/02/07 13:37:38 ET]
Table 'Imhotep II' 6-max Seat #5 is the button
Seat 4: King_Leunam88 ($0 in chips) is sitting out
Seat 1: Oli3579 ($100 in chips) 
Seat 2: crist_89870 ($120.39 in chips) 
Seat 3: ZinePablo ($155.44 in chips) 
Seat 5: ioannisus ($103.20 in chips) 
Oli3579: posts small blind $0.50
crist_89870: posts big blind $1
*** HOLE CARDS ***
ZinePablo: folds 
ioannisus: folds 
Oli3579: folds 
Uncalled bet ($0.50) returned to crist_89870
crist_89870 collected $1 from pot
crist_89870: doesn't show hand 
*** SUMMARY ***
Total pot $1 | Rake $0 
Seat 4: King_Leunam88
Seat 1: Oli3579 (small blind) folded before Flop
Seat 2: crist_89870 (big blind) collected ($1)
Seat 3: ZinePablo folded before Flop (didn't bet)
Seat 5: ioannisus (button) folded before Flop (didn't bet)



PokerStars Hand #254753031047:  Hold'em No Limit ($0.50/$1.00 USD) - 2025/02/07 18:37:48 WET [2025/02/07 13:37:48 ET]
Table 'Imhotep II' 6-max Seat #1 is the button
Seat 4: King_Leunam88 ($0 in chips) is sitting out
Seat 1: Oli3579 ($100 in chips) 
Seat 2: crist_89870 ($120.89 in chips) 
Seat 3: ZinePablo ($155.44 in chips) 
Seat 5: ioannisus ($103.20 in chips) 
crist_89870: posts small blind $0.50
ZinePablo: posts big blind $1
*** HOLE CARDS ***
ioannisus: raises $1.60 to $2.60
Oli3579: folds 
crist_89870: folds 
ZinePablo: folds 
Uncalled bet ($1.60) returned to ioannisus
ioannisus collected $2.50 from pot
*** SUMMARY ***
Total pot $2.50 | Rake $0 
Seat 4: King_Leunam88
Seat 1: Oli3579 (button) folded before Flop (didn't bet)
Seat 2: crist_89870 (small blind) folded before Flop
Seat 3: ZinePablo (big blind) folded before Flop
Seat 5: ioannisus collected ($2.50)



PokerStars Hand #254753035291:  Hold'em No Limit ($0.50/$1.00 USD) - 2025/02/07 18:38:04 WET [2025/02/07 13:38:04 ET]
Table 'Imhotep II' 6-max Seat #2 is the button
Seat 4: King_Leunam88 ($0 in chips) is sitting out
Seat 1: Oli3579 ($100 in chips) 
Seat 2: crist_89870 ($120.39 in chips) 
Seat 3: ZinePablo ($154.44 in chips) 
Seat 5: ioannisus ($104.70 in chips) 
ZinePablo: posts small blind $0.50
ioannisus: posts big blind $1
*** HOLE CARDS ***
Oli3579: raises $1.25 to $2.25
crist_89870: folds 
ZinePablo: folds 
ioannisus: folds 
Uncalled bet ($1.25) returned to Oli3579
Oli3579 collected $2.50 from pot
Oli3579: doesn't show hand 
*** SUMMARY ***
Total pot $2.50 | Rake $0 
Seat 4: King_Leunam88
Seat 1: Oli3579 collected ($2.50)
Seat 2: crist_89870 (button) folded before Flop (didn't bet)
Seat 3: ZinePablo (small blind) folded before Flop
Seat 5: ioannisus (big blind) folded before Flop



PokerStars Hand #254753039605:  Hold'em No Limit ($0.50/$1.00 USD) - 2025/02/07 18:38:19 WET [2025/02/07 13:38:19 ET]
Table 'Imhotep II' 6-max Seat #3 is the button
Seat 4: King_Leunam88 ($0 in chips) is sitting out
Seat 1: Oli3579 ($101.50 in chips) 
Seat 2: crist_89870 ($120.39 in chips) 
Seat 3: ZinePablo ($153.94 in chips) 
Seat 5: ioannisus ($103.70 in chips) 
ioannisus: posts small blind $0.50
Oli3579: posts big blind $1
*** HOLE CARDS ***
crist_89870: folds 
ZinePablo: raises $1.50 to $2.50
King_Leunam88 is disconnected 
ioannisus: folds 
Oli3579: calls $1.50
*** FLOP *** [6c 7d Kh]
Oli3579: checks 
ZinePablo: bets $1.72
Oli3579: raises $6.50 to $8.22
ZinePablo: folds 
Uncalled bet ($6.50) returned to Oli3579
Oli3579 collected $8.49 from pot
Oli3579: doesn't show hand 
*** SUMMARY ***
Total pot $8.94 | Rake $0.45 
Board [6c 7d Kh]
Seat 4: King_Leunam88
Seat 1: Oli3579 (big blind) collected ($8.49)
Seat 2: crist_89870 folded before Flop (didn't bet)
Seat 3: ZinePablo (button) folded on the Flop
Seat 5: ioannisus (small blind) folded before Flop



PokerStars Hand #254753051044:  Hold'em No Limit ($0.50/$1.00 USD) - 2025/02/07 18:39:00 WET [2025/02/07 13:39:00 ET]
Table 'Imhotep II' 6-max Seat #5 is the button
Seat 4: King_Leunam88 ($0 in chips) is sitting out
Seat 1: Oli3579 ($105.77 in chips) 
Seat 2: crist_89870 ($120.39 in chips) 
Seat 3: ZinePablo ($149.72 in chips) 
Seat 5: ioannisus ($103.20 in chips) 
Oli3579: posts small blind $0.50
crist_89870: posts big blind $1
*** HOLE CARDS ***
ZinePablo: folds 
ioannisus: folds 
ZinePablo leaves the table
Oli3579: folds 
Uncalled bet ($0.50) returned to crist_89870
crist_89870 collected $1 from pot
crist_89870: doesn't show hand 
*** SUMMARY ***
Total pot $1 | Rake $0 
Seat 4: King_Leunam88
Seat 1: Oli3579 (small blind) folded before Flop
Seat 2: crist_89870 (big blind) collected ($1)
Seat 3: ZinePablo folded before Flop (didn't bet)
Seat 5: ioannisus (button) folded before Flop (didn't bet)



PokerStars Hand #254753053291:  Hold'em No Limit ($0.50/$1.00 USD) - 2025/02/07 18:39:09 WET [2025/02/07 13:39:09 ET]
Table 'Imhotep II' 6-max Seat #1 is the button
Seat 4: King_Leunam88 ($0 in chips) is sitting out
Seat 1: Oli3579 ($105.27 in chips) 
Seat 2: crist_89870 ($120.89 in chips) 
Seat 5: ioannisus ($103.20 in chips) 
crist_89870: posts small blind $0.50
ioannisus: posts big blind $1
*** HOLE CARDS ***
AndreaBsAs joins the table at seat #6 
Oli3579: raises $1.25 to $2.25
crist_89870: raises $8.25 to $10.50
ioannisus: folds 
Oli3579: folds 
Uncalled bet ($8.25) returned to crist_89870
crist_89870 collected $5.50 from pot
crist_89870: doesn't show hand 
*** SUMMARY ***
Total pot $5.50 | Rake $0 
Seat 4: King_Leunam88
Seat 1: Oli3579 (button) folded before Flop
Seat 2: crist_89870 (small blind) collected ($5.50)
Seat 5: ioannisus (big blind) folded before Flop



PokerStars Hand #254753058405:  Hold'em No Limit ($0.50/$1.00 USD) - 2025/02/07 18:39:27 WET [2025/02/07 13:39:27 ET]
Table 'Imhotep II' 6-max Seat #2 is the button
Seat 4: King_Leunam88 ($0 in chips) is sitting out
Seat 1: Oli3579 ($103.02 in chips) 
Seat 2: crist_89870 ($124.14 in chips) 
Seat 5: ioannisus ($102.20 in chips) 
Seat 6: AndreaBsAs ($100 in chips) 
ioannisus: posts small blind $0.50
AndreaBsAs: posts big blind $1
*** HOLE CARDS ***
Oli3579: folds 
crist_89870: raises $1.50 to $2.50
ioannisus: folds 
AndreaBsAs: folds 
Uncalled bet ($1.50) returned to crist_89870
crist_89870 collected $2.50 from pot
crist_89870: doesn't show hand 
*** SUMMARY ***
Total pot $2.50 | Rake $0 
Seat 4: King_Leunam88
Seat 1: Oli3579 folded before Flop (didn't bet)
Seat 2: crist_89870 (button) collected ($2.50)
Seat 5: ioannisus (small blind) folded before Flop
Seat 6: AndreaBsAs (big blind) folded before Flop



PokerStars Hand #254753067004:  Hold'em No Limit ($0.50/$1.00 USD) - 2025/02/07 18:39:57 WET [2025/02/07 13:39:57 ET]
Table 'Imhotep II' 6-max Seat #5 is the button
Seat 4: King_Leunam88 ($0 in chips) is sitting out
Seat 1: Oli3579 ($103.02 in chips) 
Seat 2: crist_89870 ($125.64 in chips) 
Seat 5: ioannisus ($101.70 in chips) 
Seat 6: AndreaBsAs ($100 in chips) 
AndreaBsAs: posts small blind $0.50
Oli3579: posts big blind $1
*** HOLE CARDS ***
crist_89870: raises $1.50 to $2.50
ioannisus: folds 
AndreaBsAs: folds 
Oli3579: folds 
Uncalled bet ($1.50) returned to crist_89870
crist_89870 collected $2.50 from pot
crist_89870: doesn't show hand 
*** SUMMARY ***
Total pot $2.50 | Rake $0 
Seat 4: King_Leunam88
Seat 1: Oli3579 (big blind) folded before Flop
Seat 2: crist_89870 collected ($2.50)
Seat 5: ioannisus (button) folded before Flop (didn't bet)
Seat 6: AndreaBsAs (small blind) folded before Flop



PokerStars Hand #254753071737:  Hold'em No Limit ($0.50/$1.00 USD) - 2025/02/07 18:40:14 WET [2025/02/07 13:40:14 ET]
Table 'Imhotep II' 6-max Seat #6 is the button
Seat 4: King_Leunam88 ($0 in chips) is sitting out
Seat 1: Oli3579 ($102.02 in chips) 
Seat 2: crist_89870 ($127.14 in chips) 
Seat 5: ioannisus ($101.70 in chips) 
Seat 6: AndreaBsAs ($100 in chips) 
Oli3579: posts small blind $0.50
crist_89870: posts big blind $1
*** HOLE CARDS ***
ioannisus: folds 
AndreaBsAs: folds 
Oli3579: folds 
Uncalled bet ($0.50) returned to crist_89870
crist_89870 collected $1 from pot
crist_89870: doesn't show hand 
*** SUMMARY ***
Total pot $1 | Rake $0 
Seat 4: King_Leunam88
Seat 1: Oli3579 (small blind) folded before Flop
Seat 2: crist_89870 (big blind) collected ($1)
Seat 5: ioannisus folded before Flop (didn't bet)
Seat 6: AndreaBsAs (button) folded before Flop (didn't bet)



PokerStars Hand #254753075636:  Hold'em No Limit ($0.50/$1.00 USD) - 2025/02/07 18:40:28 WET [2025/02/07 13:40:28 ET]
Table 'Imhotep II' 6-max Seat #1 is the button
Seat 4: King_Leunam88 ($0 in chips) is sitting out
Seat 1: Oli3579 ($101.52 in chips) 
Seat 2: crist_89870 ($127.64 in chips) 
Seat 5: ioannisus ($101.70 in chips) 
Seat 6: AndreaBsAs ($100 in chips) 
crist_89870: posts small blind $0.50
ioannisus: posts big blind $1
*** HOLE CARDS ***
AndreaBsAs: folds 
Oli3579: raises $1.25 to $2.25
crist_89870: folds 
ioannisus: folds 
Uncalled bet ($1.25) returned to Oli3579
Oli3579 collected $2.50 from pot
Oli3579: doesn't show hand 
*** SUMMARY ***
Total pot $2.50 | Rake $0 
Seat 4: King_Leunam88
Seat 1: Oli3579 (button) collected ($2.50)
Seat 2: crist_89870 (small blind) folded before Flop
Seat 5: ioannisus (big blind) folded before Flop
Seat 6: AndreaBsAs folded before Flop (didn't bet)



PokerStars Hand #254753080642:  Hold'em No Limit ($0.50/$1.00 USD) - 2025/02/07 18:40:46 WET [2025/02/07 13:40:46 ET]
Table 'Imhotep II' 6-max Seat #2 is the button
Seat 4: King_Leunam88 ($0 in chips) is sitting out
Seat 1: Oli3579 ($103.02 in chips) 
Seat 2: crist_89870 ($127.14 in chips) 
Seat 5: ioannisus ($100.70 in chips) 
Seat 6: AndreaBsAs ($100 in chips) 
ioannisus: posts small blind $0.50
AndreaBsAs: posts big blind $1
*** HOLE CARDS ***
ddyyjj joins the table at seat #3 
Oli3579: folds 
crist_89870: raises $1.50 to $2.50
ioannisus: folds 
AndreaBsAs: folds 
Uncalled bet ($1.50) returned to crist_89870
crist_89870 collected $2.50 from pot
crist_89870: doesn't show hand 
*** SUMMARY ***
Total pot $2.50 | Rake $0 
Seat 4: King_Leunam88
Seat 1: Oli3579 folded before Flop (didn't bet)
Seat 2: crist_89870 (button) collected ($2.50)
Seat 5: ioannisus (small blind) folded before Flop
Seat 6: AndreaBsAs (big blind) folded before Flop



PokerStars Hand #254753087397:  Hold'em No Limit ($0.50/$1.00 USD) - 2025/02/07 18:41:10 WET [2025/02/07 13:41:10 ET]
Table 'Imhotep II' 6-max Seat #5 is the button
Seat 3: ddyyjj ($100 in chips) is sitting out
Seat 4: King_Leunam88 ($0 in chips) is sitting out
Seat 1: Oli3579 ($103.02 in chips) 
Seat 2: crist_89870 ($128.64 in chips) 
Seat 5: ioannisus ($100.20 in chips) 
Seat 6: AndreaBsAs ($100 in chips) 
AndreaBsAs: posts small blind $0.50
Oli3579: posts big blind $1
ddyyjj: sits out 
*** HOLE CARDS ***
crist_89870: folds 
ioannisus: raises $2 to $3
AndreaBsAs: folds 
Oli3579: folds 
Uncalled bet ($2) returned to ioannisus
ioannisus collected $2.50 from pot
*** SUMMARY ***
Total pot $2.50 | Rake $0 
Seat 3: ddyyjj
Seat 4: King_Leunam88
Seat 1: Oli3579 (big blind) folded before Flop
Seat 2: crist_89870 folded before Flop (didn't bet)
Seat 5: ioannisus (button) collected ($2.50)
Seat 6: AndreaBsAs (small blind) folded before Flop



PokerStars Hand #254753094742:  Hold'em No Limit ($0.50/$1.00 USD) - 2025/02/07 18:41:36 WET [2025/02/07 13:41:36 ET]
Table 'Imhotep II' 6-max Seat #6 is the button
Seat 3: ddyyjj ($100 in chips) is sitting out
Seat 4: King_Leunam88 ($0 in chips) is sitting out
Seat 1: Oli3579 ($102.02 in chips) 
Seat 2: crist_89870 ($128.64 in chips) 
Seat 5: ioannisus ($101.70 in chips) 
Seat 6: AndreaBsAs ($100 in chips) 
Oli3579: posts small blind $0.50
crist_89870: posts big blind $1
ddyyjj: sits out 
*** HOLE CARDS ***
ioannisus: folds 
AndreaBsAs: folds 
Oli3579: folds 
Uncalled bet ($0.50) returned to crist_89870
crist_89870 collected $1 from pot
crist_89870: doesn't show hand 
*** SUMMARY ***
Total pot $1 | Rake $0 
Seat 3: ddyyjj
Seat 4: King_Leunam88
Seat 1: Oli3579 (small blind) folded before Flop
Seat 2: crist_89870 (big blind) collected ($1)
Seat 5: ioannisus folded before Flop (didn't bet)
Seat 6: AndreaBsAs (button) folded before Flop (didn't bet)



PokerStars Hand #254753097775:  Hold'em No Limit ($0.50/$1.00 USD) - 2025/02/07 18:41:47 WET [2025/02/07 13:41:47 ET]
Table 'Imhotep II' 6-max Seat #1 is the button
Seat 4: King_Leunam88 ($0 in chips) is sitting out
Seat 1: Oli3579 ($101.52 in chips) 
Seat 2: crist_89870 ($129.14 in chips) 
Seat 3: ddyyjj ($100 in chips) 
Seat 5: ioannisus ($101.70 in chips) 
Seat 6: AndreaBsAs ($100 in chips) 
crist_89870: posts small blind $0.50
ddyyjj: posts big blind $1
*** HOLE CARDS ***
ioannisus: folds 
AndreaBsAs: folds 
Oli3579: raises $1.25 to $2.25
crist_89870: folds 
ddyyjj: folds 
Uncalled bet ($1.25) returned to Oli3579
Oli3579 collected $2.50 from pot
Oli3579: doesn't show hand 
*** SUMMARY ***
Total pot $2.50 | Rake $0 
Seat 4: King_Leunam88
Seat 1: Oli3579 (button) collected ($2.50)
Seat 2: crist_89870 (small blind) folded before Flop
Seat 3: ddyyjj (big blind) folded before Flop
Seat 5: ioannisus folded before Flop (didn't bet)
Seat 6: AndreaBsAs folded before Flop (didn't bet)



PokerStars Hand #254753102690:  Hold'em No Limit ($0.50/$1.00 USD) - 2025/02/07 18:42:04 WET [2025/02/07 13:42:04 ET]
Table 'Imhotep II' 6-max Seat #2 is the button
Seat 4: King_Leunam88 ($0 in chips) is sitting out
Seat 1: Oli3579 ($103.02 in chips) 
Seat 2: crist_89870 ($128.64 in chips) 
Seat 3: ddyyjj ($99 in chips) 
Seat 5: ioannisus ($101.70 in chips) 
Seat 6: AndreaBsAs ($100 in chips) 
ddyyjj: posts small blind $0.50
ioannisus: posts big blind $1
*** HOLE CARDS ***
AndreaBsAs: folds 
Oli3579: folds 
crist_89870: raises $1.50 to $2.50
ddyyjj: raises $7.50 to $10
ioannisus: folds 
crist_89870: folds 
Uncalled bet ($7.50) returned to ddyyjj
ddyyjj collected $6 from pot
King_Leunam88 leaves the table
ddyyjj: doesn't show hand 
*** SUMMARY ***
Total pot $6 | Rake $0 
Seat 4: King_Leunam88
Seat 1: Oli3579 folded before Flop (didn't bet)
Seat 2: crist_89870 (button) folded before Flop
Seat 3: ddyyjj (small blind) collected ($6)
Seat 5: ioannisus (big blind) folded before Flop
Seat 6: AndreaBsAs folded before Flop (didn't bet)



PokerStars Hand #254753108662:  Hold'em No Limit ($0.50/$1.00 USD) - 2025/02/07 18:42:25 WET [2025/02/07 13:42:25 ET]
Table 'Imhotep II' 6-max Seat #3 is the button
Seat 1: Oli3579 ($103.02 in chips) 
Seat 2: crist_89870 ($126.14 in chips) 
Seat 3: ddyyjj ($102.50 in chips) 
Seat 5: ioannisus ($100.70 in chips) 
Seat 6: AndreaBsAs ($100 in chips) 
ioannisus: posts small blind $0.50
AndreaBsAs: posts big blind $1
*** HOLE CARDS ***
Oli3579: folds 
crist_89870: folds 
ddyyjj: raises $1.50 to $2.50
ioannisus: calls $2
AndreaBsAs: folds 
*** FLOP *** [Ks 6c Kh]
ioannisus: checks 
ddyyjj: bets $2.57
Møñk joins the table at seat #4 
Møñk is disconnected 
ioannisus: calls $2.57
*** TURN *** [Ks 6c Kh] [As]
ioannisus: checks 
ddyyjj: checks 
*** RIVER *** [Ks 6c Kh As] [8s]
ioannisus: bets $6.29
ddyyjj: folds 
Uncalled bet ($6.29) returned to ioannisus
ioannisus collected $10.58 from pot
*** SUMMARY ***
Total pot $11.14 | Rake $0.56 
Board [Ks 6c Kh As 8s]
Seat 1: Oli3579 folded before Flop (didn't bet)
Seat 2: crist_89870 folded before Flop (didn't bet)
Seat 3: ddyyjj (button) folded on the River
Seat 5: ioannisus (small blind) collected ($10.58)
Seat 6: AndreaBsAs (big blind) folded before Flop



PokerStars Hand #254753123016:  Hold'em No Limit ($0.50/$1.00 USD) - 2025/02/07 18:43:16 WET [2025/02/07 13:43:16 ET]
Table 'Imhotep II' 6-max Seat #5 is the button
Seat 1: Oli3579 ($103.02 in chips) 
Seat 2: crist_89870 ($126.14 in chips) 
Seat 3: ddyyjj ($97.43 in chips) 
Seat 4: Møñk ($10 in chips) 
Seat 5: ioannisus ($106.21 in chips) 
Seat 6: AndreaBsAs ($100 in chips) 
AndreaBsAs: posts small blind $0.50
Oli3579: posts big blind $1
Møñk: posts big blind $1
*** HOLE CARDS ***
crist_89870: folds 
ddyyjj: folds 
Møñk: checks 
ioannisus: folds 
AndreaBsAs: folds 
Oli3579: raises $9 to $10
Møñk: folds 
Uncalled bet ($9) returned to Oli3579
Oli3579 collected $2.50 from pot
Oli3579: doesn't show hand 
*** SUMMARY ***
Total pot $2.50 | Rake $0 
Seat 1: Oli3579 (big blind) collected ($2.50)
Seat 2: crist_89870 folded before Flop (didn't bet)
Seat 3: ddyyjj folded before Flop (didn't bet)
Seat 4: Møñk folded before Flop (didn't bet)
Seat 5: ioannisus (button) folded before Flop (didn't bet)
Seat 6: AndreaBsAs (small blind) folded before Flop



PokerStars Hand #254753130088:  Hold'em No Limit ($0.50/$1.00 USD) - 2025/02/07 18:43:42 WET [2025/02/07 13:43:42 ET]
Table 'Imhotep II' 6-max Seat #6 is the button
Seat 1: Oli3579 ($104.52 in chips) 
Seat 2: crist_89870 ($126.14 in chips) 
Seat 3: ddyyjj ($97.43 in chips) 
Seat 4: Møñk ($9 in chips) 
Seat 5: ioannisus ($106.21 in chips) 
Seat 6: AndreaBsAs ($100 in chips) 
Oli3579: posts small blind $0.50
crist_89870: posts big blind $1
*** HOLE CARDS ***
ddyyjj: folds 
Møñk: folds 
ioannisus: folds 
AndreaBsAs: raises $1.50 to $2.50
Oli3579: folds 
crist_89870: calls $1.50
*** FLOP *** [Ah As 6d]
crist_89870: checks 
AndreaBsAs: bets $1.72
crist_89870: folds 
Uncalled bet ($1.72) returned to AndreaBsAs
AndreaBsAs collected $5.22 from pot
*** SUMMARY ***
Total pot $5.50 | Rake $0.28 
Board [Ah As 6d]
Seat 1: Oli3579 (small blind) folded before Flop
Seat 2: crist_89870 (big blind) folded on the Flop
Seat 3: ddyyjj folded before Flop (didn't bet)
Seat 4: Møñk folded before Flop (didn't bet)
Seat 5: ioannisus folded before Flop (didn't bet)
Seat 6: AndreaBsAs (button) collected ($5.22)



PokerStars Hand #254753141066:  Hold'em No Limit ($0.50/$1.00 USD) - 2025/02/07 18:44:21 WET [2025/02/07 13:44:21 ET]
Table 'Imhotep II' 6-max Seat #1 is the button
Seat 1: Oli3579 ($104.02 in chips) 
Seat 2: crist_89870 ($123.64 in chips) 
Seat 3: ddyyjj ($97.43 in chips) 
Seat 4: Møñk ($9 in chips) 
Seat 5: ioannisus ($106.21 in chips) 
Seat 6: AndreaBsAs ($102.72 in chips) 
crist_89870: posts small blind $0.50
ddyyjj: posts big blind $1
*** HOLE CARDS ***
Møñk: calls $1
ioannisus: folds 
AndreaBsAs: folds 
Oli3579: folds 
crist_89870: folds 
ddyyjj: checks 
*** FLOP *** [6s 7h Js]
ddyyjj: checks 
Møñk: bets $2
ddyyjj: folds 
Uncalled bet ($2) returned to Møñk
Møñk collected $2.38 from pot
*** SUMMARY ***
Total pot $2.50 | Rake $0.12 
Board [6s 7h Js]
Seat 1: Oli3579 (button) folded before Flop (didn't bet)
Seat 2: crist_89870 (small blind) folded before Flop
Seat 3: ddyyjj (big blind) folded on the Flop
Seat 4: Møñk collected ($2.38)
Seat 5: ioannisus folded before Flop (didn't bet)
Seat 6: AndreaBsAs folded before Flop (didn't bet)



PokerStars Hand #254753151736:  Hold'em No Limit ($0.50/$1.00 USD) - 2025/02/07 18:44:59 WET [2025/02/07 13:44:59 ET]
Table 'Imhotep II' 6-max Seat #2 is the button
Seat 1: Oli3579 ($104.02 in chips) 
Seat 2: crist_89870 ($123.14 in chips) 
Seat 3: ddyyjj ($96.43 in chips) 
Seat 4: Møñk ($10.38 in chips) 
Seat 5: ioannisus ($106.21 in chips) 
Seat 6: AndreaBsAs ($102.72 in chips) 
ddyyjj: posts small blind $0.50
Møñk: posts big blind $1
*** HOLE CARDS ***
ioannisus: folds 
AndreaBsAs: folds 
Oli3579: folds 
crist_89870: raises $1.50 to $2.50
ddyyjj: folds 
Møñk: calls $1.50
*** FLOP *** [4c 5h Kd]
Møñk: checks 
crist_89870: checks 
*** TURN *** [4c 5h Kd] [2h]
Møñk: bets $7.88 and is all-in
crist_89870: calls $7.88
*** RIVER *** [4c 5h Kd 2h] [Qc]
*** SHOW DOWN ***
Møñk: shows [Jc 5s] (a pair of Fives)
crist_89870: shows [3d Ac] (a straight, Ace to Five)
crist_89870 collected $20.20 from pot
*** SUMMARY ***
Total pot $21.26 | Rake $1.06 
Board [4c 5h Kd 2h Qc]
Seat 1: Oli3579 folded before Flop (didn't bet)
Seat 2: crist_89870 (button) showed [3d Ac] and won ($20.20) with a straight, Ace to Five
Seat 3: ddyyjj (small blind) folded before Flop
Seat 4: Møñk (big blind) showed [Jc 5s] and lost with a pair of Fives
Seat 5: ioannisus folded before Flop (didn't bet)
Seat 6: AndreaBsAs folded before Flop (didn't bet)



PokerStars Hand #254753161762:  Hold'em No Limit ($0.50/$1.00 USD) - 2025/02/07 18:45:35 WET [2025/02/07 13:45:35 ET]
Table 'Imhotep II' 6-max Seat #3 is the button
Seat 4: Møñk ($0 in chips) is sitting out
Seat 6: AndreaBsAs ($102.72 in chips) is sitting out
Seat 1: Oli3579 ($104.02 in chips) 
Seat 2: crist_89870 ($132.96 in chips) 
Seat 3: ddyyjj ($95.93 in chips) 
Seat 5: ioannisus ($106.21 in chips) 
ioannisus: posts small blind $0.50
AndreaBsAs: is sitting out 
Oli3579: posts big blind $1
*** HOLE CARDS ***
Møñk leaves the table
crist_89870: folds 
ddyyjj: folds 
ioannisus: folds 
Uncalled bet ($0.50) returned to Oli3579
Oli3579 collected $1 from pot
Oli3579: doesn't show hand 
*** SUMMARY ***
Total pot $1 | Rake $0 
Seat 4: Møñk
Seat 6: AndreaBsAs
Seat 1: Oli3579 (big blind) collected ($1)
Seat 2: crist_89870 folded before Flop (didn't bet)
Seat 3: ddyyjj (button) folded before Flop (didn't bet)
Seat 5: ioannisus (small blind) folded before Flop



PokerStars Hand #254753164050:  Hold'em No Limit ($0.50/$1.00 USD) - 2025/02/07 18:45:43 WET [2025/02/07 13:45:43 ET]
Table 'Imhotep II' 6-max Seat #5 is the button
Seat 6: AndreaBsAs ($102.72 in chips) is sitting out
Seat 1: Oli3579 ($104.52 in chips) 
Seat 2: crist_89870 ($132.96 in chips) 
Seat 3: ddyyjj ($95.93 in chips) 
Seat 5: ioannisus ($105.71 in chips) 
Oli3579: posts small blind $0.50
crist_89870: posts big blind $1
*** HOLE CARDS ***
ddyyjj: folds 
ioannisus: raises $1.60 to $2.60
Oli3579: folds 
crist_89870: folds 
Uncalled bet ($1.60) returned to ioannisus
ioannisus collected $2.50 from pot
*** SUMMARY ***
Total pot $2.50 | Rake $0 
Seat 6: AndreaBsAs
Seat 1: Oli3579 (small blind) folded before Flop
Seat 2: crist_89870 (big blind) folded before Flop
Seat 3: ddyyjj folded before Flop (didn't bet)
Seat 5: ioannisus (button) collected ($2.50)



PokerStars Hand #254753169261:  Hold'em No Limit ($0.50/$1.00 USD) - 2025/02/07 18:46:01 WET [2025/02/07 13:46:01 ET]
Table 'Imhotep II' 6-max Seat #1 is the button
Seat 6: AndreaBsAs ($102.72 in chips) is sitting out
Seat 1: Oli3579 ($104.02 in chips) 
Seat 2: crist_89870 ($131.96 in chips) 
Seat 3: ddyyjj ($95.93 in chips) 
Seat 5: ioannisus ($107.21 in chips) 
crist_89870: posts small blind $0.50
ddyyjj: posts big blind $1
AndreaBsAs: sits out 
*** HOLE CARDS ***
ioannisus: folds 
Oli3579: folds 
crist_89870: raises $2 to $3
ddyyjj: folds 
Uncalled bet ($2) returned to crist_89870
Møñk joins the table at seat #4 
crist_89870 collected $2 from pot
Møñk is disconnected 
crist_89870: doesn't show hand 
*** SUMMARY ***
Total pot $2 | Rake $0 
Seat 6: AndreaBsAs
Seat 1: Oli3579 (button) folded before Flop (didn't bet)
Seat 2: crist_89870 (small blind) collected ($2)
Seat 3: ddyyjj (big blind) folded before Flop
Seat 5: ioannisus folded before Flop (didn't bet)



PokerStars Hand #254753173541:  Hold'em No Limit ($0.50/$1.00 USD) - 2025/02/07 18:46:16 WET [2025/02/07 13:46:16 ET]
Table 'Imhotep II' 6-max Seat #2 is the button
Seat 6: AndreaBsAs ($102.72 in chips) is sitting out
Seat 1: Oli3579 ($104.02 in chips) 
Seat 2: crist_89870 ($132.96 in chips) 
Seat 3: ddyyjj ($94.93 in chips) 
Seat 4: Møñk ($20.75 in chips) 
Seat 5: ioannisus ($107.21 in chips) 
ddyyjj: posts small blind $0.50
Møñk: posts big blind $1
AndreaBsAs: sits out 
*** HOLE CARDS ***
ioannisus: folds 
Oli3579: folds 
crist_89870: raises $1.50 to $2.50
ddyyjj: folds 
Møñk: calls $1.50
*** FLOP *** [4d Js 8d]
Møñk: checks 
crist_89870: bets $1.57
Møñk: calls $1.57
*** TURN *** [4d Js 8d] [4h]
Møñk: checks 
crist_89870: checks 
*** RIVER *** [4d Js 8d 4h] [Ts]
Møñk: bets $4.11
crist_89870: calls $4.11
*** SHOW DOWN ***
Møñk: shows [6d 8c] (two pair, Eights and Fours)
crist_89870: shows [9s 9d] (two pair, Nines and Fours)
crist_89870 collected $16.02 from pot
*** SUMMARY ***
Total pot $16.86 | Rake $0.84 
Board [4d Js 8d 4h Ts]
Seat 6: AndreaBsAs
Seat 1: Oli3579 folded before Flop (didn't bet)
Seat 2: crist_89870 (button) showed [9s 9d] and won ($16.02) with two pair, Nines and Fours
Seat 3: ddyyjj (small blind) folded before Flop
Seat 4: Møñk (big blind) showed [6d 8c] and lost with two pair, Eights and Fours
Seat 5: ioannisus folded before Flop (didn't bet)



PokerStars Hand #254753185360:  Hold'em No Limit ($0.50/$1.00 USD) - 2025/02/07 18:46:58 WET [2025/02/07 13:46:58 ET]
Table 'Imhotep II' 6-max Seat #3 is the button
Seat 6: AndreaBsAs ($102.72 in chips) is sitting out
Seat 1: Oli3579 ($104.02 in chips) 
Seat 2: crist_89870 ($140.80 in chips) 
Seat 3: ddyyjj ($94.43 in chips) 
Seat 4: Møñk ($12.57 in chips) 
Seat 5: ioannisus ($107.21 in chips) 
Møñk: posts small blind $0.50
ioannisus: posts big blind $1
AndreaBsAs: sits out 
*** HOLE CARDS ***
Oli3579: folds 
crist_89870: folds 
ddyyjj: folds 
Møñk: calls $0.50
ioannisus: checks 
*** FLOP *** [6h 5d 6d]
Møñk: checks 
ioannisus: checks 
*** TURN *** [6h 5d 6d] [Qs]
Møñk: checks 
ioannisus: checks 
*** RIVER *** [6h 5d 6d Qs] [2d]
Møñk: checks 
ioannisus: bets $1.90
Møñk: folds 
Uncalled bet ($1.90) returned to ioannisus
ioannisus collected $1.90 from pot
*** SUMMARY ***
Total pot $2 | Rake $0.10 
Board [6h 5d 6d Qs 2d]
Seat 6: AndreaBsAs
Seat 1: Oli3579 folded before Flop (didn't bet)
Seat 2: crist_89870 folded before Flop (didn't bet)
Seat 3: ddyyjj (button) folded before Flop (didn't bet)
Seat 4: Møñk (small blind) folded on the River
Seat 5: ioannisus (big blind) collected ($1.90)



PokerStars Hand #254753194285:  Hold'em No Limit ($0.50/$1.00 USD) - 2025/02/07 18:47:30 WET [2025/02/07 13:47:30 ET]
Table 'Imhotep II' 6-max Seat #4 is the button
Seat 1: Oli3579 ($104.02 in chips) 
Seat 2: crist_89870 ($140.80 in chips) 
Seat 3: ddyyjj ($94.43 in chips) 
Seat 4: Møñk ($11.57 in chips) 
Seat 5: ioannisus ($108.11 in chips) 
Seat 6: AndreaBsAs ($102.72 in chips) 
ioannisus: posts small blind $0.50
AndreaBsAs: posts big blind $1
*** HOLE CARDS ***
Oli3579: folds 
crist_89870: folds 
ddyyjj: folds 
Møñk: folds 
ioannisus: folds 
Uncalled bet ($0.50) returned to AndreaBsAs
AndreaBsAs collected $1 from pot
*** SUMMARY ***
Total pot $1 | Rake $0 
Seat 1: Oli3579 folded before Flop (didn't bet)
Seat 2: crist_89870 folded before Flop (didn't bet)
Seat 3: ddyyjj folded before Flop (didn't bet)
Seat 4: Møñk (button) folded before Flop (didn't bet)
Seat 5: ioannisus (small blind) folded before Flop
Seat 6: AndreaBsAs (big blind) collected ($1)



PokerStars Hand #254753198355:  Hold'em No Limit ($0.50/$1.00 USD) - 2025/02/07 18:47:44 WET [2025/02/07 13:47:44 ET]
Table 'Imhotep II' 6-max Seat #5 is the button
Seat 1: Oli3579 ($104.02 in chips) 
Seat 2: crist_89870 ($140.80 in chips) 
Seat 3: ddyyjj ($94.43 in chips) 
Seat 4: Møñk ($11.57 in chips) 
Seat 5: ioannisus ($107.61 in chips) 
Seat 6: AndreaBsAs ($103.22 in chips) 
AndreaBsAs: posts small blind $0.50
Oli3579: posts big blind $1
*** HOLE CARDS ***
crist_89870: folds 
ddyyjj: raises $1.50 to $2.50
Møñk: calls $2.50
ioannisus: calls $2.50
AndreaBsAs: folds 
Oli3579: folds 
*** FLOP *** [7d 9d 2h]
ddyyjj: checks 
Møñk: checks 
ioannisus: checks 
*** TURN *** [7d 9d 2h] [2s]
ddyyjj: checks 
Møñk: checks 
ioannisus: bets $6.28
ddyyjj: folds 
Møñk: folds 
Uncalled bet ($6.28) returned to ioannisus
ioannisus collected $8.55 from pot
*** SUMMARY ***
Total pot $9 | Rake $0.45 
Board [7d 9d 2h 2s]
Seat 1: Oli3579 (big blind) folded before Flop
Seat 2: crist_89870 folded before Flop (didn't bet)
Seat 3: ddyyjj folded on the Turn
Seat 4: Møñk folded on the Turn
Seat 5: ioannisus (button) collected ($8.55)
Seat 6: AndreaBsAs (small blind) folded before Flop



PokerStars Hand #254753210852:  Hold'em No Limit ($0.50/$1.00 USD) - 2025/02/07 18:48:29 WET [2025/02/07 13:48:29 ET]
Table 'Imhotep II' 6-max Seat #6 is the button
Seat 1: Oli3579 ($103.02 in chips) 
Seat 2: crist_89870 ($140.80 in chips) 
Seat 3: ddyyjj ($91.93 in chips) 
Seat 4: Møñk ($9.07 in chips) 
Seat 5: ioannisus ($113.66 in chips) 
Seat 6: AndreaBsAs ($102.72 in chips) 
Oli3579: posts small blind $0.50
crist_89870: posts big blind $1
*** HOLE CARDS ***
ddyyjj: folds 
Møñk: folds 
ioannisus: raises $1.60 to $2.60
AndreaBsAs: folds 
Oli3579: folds 
crist_89870: folds 
Uncalled bet ($1.60) returned to ioannisus
ioannisus collected $2.50 from pot
*** SUMMARY ***
Total pot $2.50 | Rake $0 
Seat 1: Oli3579 (small blind) folded before Flop
Seat 2: crist_89870 (big blind) folded before Flop
Seat 3: ddyyjj folded before Flop (didn't bet)
Seat 4: Møñk folded before Flop (didn't bet)
Seat 5: ioannisus collected ($2.50)
Seat 6: AndreaBsAs (button) folded before Flop (didn't bet)



PokerStars Hand #254753216769:  Hold'em No Limit ($0.50/$1.00 USD) - 2025/02/07 18:48:50 WET [2025/02/07 13:48:50 ET]
Table 'Imhotep II' 6-max Seat #1 is the button
Seat 1: Oli3579 ($102.52 in chips) 
Seat 2: crist_89870 ($139.80 in chips) 
Seat 3: ddyyjj ($91.93 in chips) 
Seat 4: Møñk ($9.07 in chips) 
Seat 5: ioannisus ($115.16 in chips) 
Seat 6: AndreaBsAs ($102.72 in chips) 
crist_89870: posts small blind $0.50
ddyyjj: posts big blind $1
*** HOLE CARDS ***
Møñk: folds 
ioannisus: folds 
AndreaBsAs: raises $1.50 to $2.50
Oli3579: folds 
crist_89870: folds 
ddyyjj: folds 
Uncalled bet ($1.50) returned to AndreaBsAs
AndreaBsAs collected $2.50 from pot
*** SUMMARY ***
Total pot $2.50 | Rake $0 
Seat 1: Oli3579 (button) folded before Flop (didn't bet)
Seat 2: crist_89870 (small blind) folded before Flop
Seat 3: ddyyjj (big blind) folded before Flop
Seat 4: Møñk folded before Flop (didn't bet)
Seat 5: ioannisus folded before Flop (didn't bet)
Seat 6: AndreaBsAs collected ($2.50)



PokerStars Hand #254753221602:  Hold'em No Limit ($0.50/$1.00 USD) - 2025/02/07 18:49:08 WET [2025/02/07 13:49:08 ET]
Table 'Imhotep II' 6-max Seat #2 is the button
Seat 1: Oli3579 ($102.52 in chips) 
Seat 2: crist_89870 ($139.30 in chips) 
Seat 3: ddyyjj ($90.93 in chips) 
Seat 4: Møñk ($9.07 in chips) 
Seat 5: ioannisus ($115.16 in chips) 
Seat 6: AndreaBsAs ($104.22 in chips) 
ddyyjj: posts small blind $0.50
Møñk: posts big blind $1
*** HOLE CARDS ***
ioannisus: folds 
AndreaBsAs: raises $1.20 to $2.20
Oli3579: folds 
crist_89870: folds 
ddyyjj: calls $1.70
Møñk: raises $6.87 to $9.07 and is all-in
AndreaBsAs: folds 
ddyyjj: calls $6.87
*** FLOP *** [Ts 9d 9h]
*** TURN *** [Ts 9d 9h] [Kh]
*** RIVER *** [Ts 9d 9h Kh] [2c]
*** SHOW DOWN ***
ddyyjj: shows [Jd Td] (two pair, Tens and Nines)
Møñk: shows [6d Ad] (a pair of Nines)
ddyyjj collected $19.32 from pot
*** SUMMARY ***
Total pot $20.34 | Rake $1.02 
Board [Ts 9d 9h Kh 2c]
Seat 1: Oli3579 folded before Flop (didn't bet)
Seat 2: crist_89870 (button) folded before Flop (didn't bet)
Seat 3: ddyyjj (small blind) showed [Jd Td] and won ($19.32) with two pair, Tens and Nines
Seat 4: Møñk (big blind) showed [6d Ad] and lost with a pair of Nines
Seat 5: ioannisus folded before Flop (didn't bet)
Seat 6: AndreaBsAs folded before Flop



PokerStars Hand #254753232770:  Hold'em No Limit ($0.50/$1.00 USD) - 2025/02/07 18:49:47 WET [2025/02/07 13:49:47 ET]
Table 'Imhotep II' 6-max Seat #3 is the button
Seat 4: Møñk ($0 in chips) is sitting out
Seat 1: Oli3579 ($102.52 in chips) 
Seat 2: crist_89870 ($139.30 in chips) 
Seat 3: ddyyjj ($101.18 in chips) 
Seat 5: ioannisus ($115.16 in chips) 
Seat 6: AndreaBsAs ($102.02 in chips) 
ioannisus: posts small blind $0.50
AndreaBsAs: posts big blind $1
*** HOLE CARDS ***
Oli3579: folds 
crist_89870: folds 
ddyyjj: folds 
Møñk is disconnected 
ioannisus: raises $1.60 to $2.60
AndreaBsAs: calls $1.60
*** FLOP *** [Ad 2h 7h]
ioannisus: bets $1.95
AndreaBsAs: folds 
Uncalled bet ($1.95) returned to ioannisus
ioannisus collected $4.94 from pot
*** SUMMARY ***
Total pot $5.20 | Rake $0.26 
Board [Ad 2h 7h]
Seat 4: Møñk
Seat 1: Oli3579 folded before Flop (didn't bet)
Seat 2: crist_89870 folded before Flop (didn't bet)
Seat 3: ddyyjj (button) folded before Flop (didn't bet)
Seat 5: ioannisus (small blind) collected ($4.94)
Seat 6: AndreaBsAs (big blind) folded on the Flop



PokerStars Hand #254753243554:  Hold'em No Limit ($0.50/$1.00 USD) - 2025/02/07 18:50:25 WET [2025/02/07 13:50:25 ET]
Table 'Imhotep II' 6-max Seat #5 is the button
Seat 4: Møñk ($0 in chips) is sitting out
Seat 1: Oli3579 ($102.52 in chips) 
Seat 2: crist_89870 ($139.30 in chips) 
Seat 3: ddyyjj ($101.18 in chips) 
Seat 5: ioannisus ($117.50 in chips) 
Seat 6: AndreaBsAs ($100 in chips) 
AndreaBsAs: posts small blind $0.50
Oli3579: posts big blind $1
*** HOLE CARDS ***
crist_89870: raises $1.50 to $2.50
ddyyjj: raises $4.50 to $7
ioannisus: folds 
AndreaBsAs: folds 
Oli3579: folds 
crist_89870: raises $15 to $22
ddyyjj: calls $15
*** FLOP *** [6h Qd Jh]
crist_89870: bets $10.80
ddyyjj: calls $10.80
*** TURN *** [6h Qd Jh] [7d]
crist_89870: bets $16.15
ddyyjj: folds 
Uncalled bet ($16.15) returned to crist_89870
crist_89870 collected $64.60 from pot
crist_89870: doesn't show hand 
*** SUMMARY ***
Total pot $67.10 | Rake $2.50 
Board [6h Qd Jh 7d]
Seat 4: Møñk
Seat 1: Oli3579 (big blind) folded before Flop
Seat 2: crist_89870 collected ($64.60)
Seat 3: ddyyjj folded on the Turn
Seat 5: ioannisus (button) folded before Flop (didn't bet)
Seat 6: AndreaBsAs (small blind) folded before Flop



PokerStars Hand #254753265142:  Hold'em No Limit ($0.50/$1.00 USD) - 2025/02/07 18:51:42 WET [2025/02/07 13:51:42 ET]
Table 'Imhotep II' 6-max Seat #6 is the button
Seat 4: Møñk ($0 in chips) is sitting out
Seat 1: Oli3579 ($101.52 in chips) 
Seat 2: crist_89870 ($171.10 in chips) 
Seat 3: ddyyjj ($100 in chips) 
Seat 5: ioannisus ($117.50 in chips) 
Seat 6: AndreaBsAs ($100 in chips) 
Oli3579: posts small blind $0.50
crist_89870: posts big blind $1
*** HOLE CARDS ***
ddyyjj: folds 
ioannisus: folds 
AndreaBsAs: folds 
Oli3579: folds 
Uncalled bet ($0.50) returned to crist_89870
crist_89870 collected $1 from pot
crist_89870: doesn't show hand 
*** SUMMARY ***
Total pot $1 | Rake $0 
Seat 4: Møñk
Seat 1: Oli3579 (small blind) folded before Flop
Seat 2: crist_89870 (big blind) collected ($1)
Seat 3: ddyyjj folded before Flop (didn't bet)
Seat 5: ioannisus folded before Flop (didn't bet)
Seat 6: AndreaBsAs (button) folded before Flop (didn't bet)



PokerStars Hand #254753271123:  Hold'em No Limit ($0.50/$1.00 USD) - 2025/02/07 18:52:03 WET [2025/02/07 13:52:03 ET]
Table 'Imhotep II' 6-max Seat #1 is the button
Seat 4: Møñk ($0 in chips) is sitting out
Seat 1: Oli3579 ($101.02 in chips) 
Seat 2: crist_89870 ($171.60 in chips) 
Seat 3: ddyyjj ($100 in chips) 
Seat 5: ioannisus ($117.50 in chips) 
Seat 6: AndreaBsAs ($100 in chips) 
crist_89870: posts small blind $0.50
ddyyjj: posts big blind $1
*** HOLE CARDS ***
ioannisus: folds 
AndreaBsAs: folds 
Oli3579: folds 
crist_89870: folds 
Uncalled bet ($0.50) returned to ddyyjj
ddyyjj collected $1 from pot
ddyyjj: doesn't show hand 
*** SUMMARY ***
Total pot $1 | Rake $0 
Seat 4: Møñk
Seat 1: Oli3579 (button) folded before Flop (didn't bet)
Seat 2: crist_89870 (small blind) folded before Flop
Seat 3: ddyyjj (big blind) collected ($1)
Seat 5: ioannisus folded before Flop (didn't bet)
Seat 6: AndreaBsAs folded before Flop (didn't bet)



PokerStars Hand #254753277229:  Hold'em No Limit ($0.50/$1.00 USD) - 2025/02/07 18:52:24 WET [2025/02/07 13:52:24 ET]
Table 'Imhotep II' 6-max Seat #2 is the button
Seat 4: Møñk ($0 in chips) is sitting out
Seat 1: Oli3579 ($101.02 in chips) 
Seat 2: crist_89870 ($171.10 in chips) 
Seat 3: ddyyjj ($100.50 in chips) 
Seat 5: ioannisus ($117.50 in chips) 
Seat 6: AndreaBsAs ($100 in chips) 
ddyyjj: posts small blind $0.50
ioannisus: posts big blind $1
*** HOLE CARDS ***
AndreaBsAs: folds 
Oli3579: folds 
crist_89870: folds 
ddyyjj: raises $2 to $3
ioannisus: folds 
Uncalled bet ($2) returned to ddyyjj
ddyyjj collected $2 from pot
ddyyjj: doesn't show hand 
*** SUMMARY ***
Total pot $2 | Rake $0 
Seat 4: Møñk
Seat 1: Oli3579 folded before Flop (didn't bet)
Seat 2: crist_89870 (button) folded before Flop (didn't bet)
Seat 3: ddyyjj (small blind) collected ($2)
Seat 5: ioannisus (big blind) folded before Flop
Seat 6: AndreaBsAs folded before Flop (didn't bet)



PokerStars Hand #254753282124:  Hold'em No Limit ($0.50/$1.00 USD) - 2025/02/07 18:52:41 WET [2025/02/07 13:52:41 ET]
Table 'Imhotep II' 6-max Seat #3 is the button
Seat 4: Møñk ($0 in chips) is sitting out
Seat 6: AndreaBsAs ($100 in chips) is sitting out
Seat 1: Oli3579 ($101.02 in chips) 
Seat 2: crist_89870 ($171.10 in chips) 
Seat 3: ddyyjj ($101.50 in chips) 
Seat 5: ioannisus ($116.50 in chips) 
ioannisus: posts small blind $0.50
AndreaBsAs: is sitting out 
Oli3579: posts big blind $1
*** HOLE CARDS ***
crist_89870: folds 
ddyyjj: raises $1.50 to $2.50
ioannisus: calls $2
Oli3579: folds 
*** FLOP *** [4h As 3d]
ioannisus: checks 
ddyyjj: bets $2.57
ioannisus: calls $2.57
*** TURN *** [4h As 3d] [Qs]
ioannisus: checks 
ddyyjj: bets $6.88
ioannisus: folds 
Uncalled bet ($6.88) returned to ddyyjj
ddyyjj collected $10.58 from pot
ddyyjj: doesn't show hand 
*** SUMMARY ***
Total pot $11.14 | Rake $0.56 
Board [4h As 3d Qs]
Seat 4: Møñk
Seat 6: AndreaBsAs
Seat 1: Oli3579 (big blind) folded before Flop
Seat 2: crist_89870 folded before Flop (didn't bet)
Seat 3: ddyyjj (button) collected ($10.58)
Seat 5: ioannisus (small blind) folded on the Turn



PokerStars Hand #254753291876:  Hold'em No Limit ($0.50/$1.00 USD) - 2025/02/07 18:53:16 WET [2025/02/07 13:53:16 ET]
Table 'Imhotep II' 6-max Seat #5 is the button
Seat 4: Møñk ($0 in chips) is sitting out
Seat 6: AndreaBsAs ($100 in chips) is sitting out
Seat 1: Oli3579 ($100.02 in chips) 
Seat 2: crist_89870 ($171.10 in chips) 
Seat 3: ddyyjj ($107.01 in chips) 
Seat 5: ioannisus ($111.43 in chips) 
Oli3579: posts small blind $0.50
crist_89870: posts big blind $1
*** HOLE CARDS ***
ddyyjj: raises $1.50 to $2.50
ioannisus: folds 
Oli3579: folds 
crist_89870: calls $1.50
*** FLOP *** [Td 7c 7s]
crist_89870: checks 
ddyyjj: bets $2.35
crist_89870: folds 
Uncalled bet ($2.35) returned to ddyyjj
ddyyjj collected $5.22 from pot
ddyyjj: doesn't show hand 
*** SUMMARY ***
Total pot $5.50 | Rake $0.28 
Board [Td 7c 7s]
Seat 4: Møñk
Seat 6: AndreaBsAs
Seat 1: Oli3579 (small blind) folded before Flop
Seat 2: crist_89870 (big blind) folded on the Flop
Seat 3: ddyyjj collected ($5.22)
Seat 5: ioannisus (button) folded before Flop (didn't bet)



PokerStars Hand #254753297222:  Hold'em No Limit ($0.50/$1.00 USD) - 2025/02/07 18:53:35 WET [2025/02/07 13:53:35 ET]
Table 'Imhotep II' 6-max Seat #1 is the button
Seat 4: Møñk ($0 in chips) is sitting out
Seat 6: AndreaBsAs ($100 in chips) is sitting out
Seat 1: Oli3579 ($100 in chips) 
Seat 2: crist_89870 ($168.60 in chips) 
Seat 3: ddyyjj ($109.73 in chips) 
Seat 5: ioannisus ($111.43 in chips) 
crist_89870: posts small blind $0.50
ddyyjj: posts big blind $1
*** HOLE CARDS ***
ioannisus: folds 
Oli3579: folds 
crist_89870: raises $2 to $3
ddyyjj: folds 
Uncalled bet ($2) returned to crist_89870
crist_89870 collected $2 from pot
crist_89870: doesn't show hand 
*** SUMMARY ***
Total pot $2 | Rake $0 
Seat 4: Møñk
Seat 6: AndreaBsAs
Seat 1: Oli3579 (button) folded before Flop (didn't bet)
Seat 2: crist_89870 (small blind) collected ($2)
Seat 3: ddyyjj (big blind) folded before Flop
Seat 5: ioannisus folded before Flop (didn't bet)



PokerStars Hand #254753305735:  Hold'em No Limit ($0.50/$1.00 USD) - 2025/02/07 18:54:05 WET [2025/02/07 13:54:05 ET]
Table 'Imhotep II' 6-max Seat #2 is the button
Seat 4: Møñk ($0 in chips) is sitting out
Seat 6: AndreaBsAs ($100 in chips) is sitting out
Seat 1: Oli3579 ($100 in chips) 
Seat 2: crist_89870 ($169.60 in chips) 
Seat 3: ddyyjj ($108.73 in chips) 
Seat 5: ioannisus ($111.43 in chips) 
ddyyjj: posts small blind $0.50
ioannisus: posts big blind $1
*** HOLE CARDS ***
Oli3579: folds 
crist_89870: raises $1.50 to $2.50
ddyyjj: folds 
ioannisus: raises $6.50 to $9
crist_89870: folds 
Uncalled bet ($6.50) returned to ioannisus
ioannisus collected $5.50 from pot
*** SUMMARY ***
Total pot $5.50 | Rake $0 
Seat 4: Møñk
Seat 6: AndreaBsAs
Seat 1: Oli3579 folded before Flop (didn't bet)
Seat 2: crist_89870 (button) folded before Flop
Seat 3: ddyyjj (small blind) folded before Flop
Seat 5: ioannisus (big blind) collected ($5.50)



PokerStars Hand #254753311606:  Hold'em No Limit ($0.50/$1.00 USD) - 2025/02/07 18:54:26 WET [2025/02/07 13:54:26 ET]
Table 'Imhotep II' 6-max Seat #3 is the button
Seat 4: Møñk ($0 in chips) is sitting out
Seat 6: AndreaBsAs ($100 in chips) is sitting out
Seat 1: Oli3579 ($100 in chips) 
Seat 2: crist_89870 ($167.10 in chips) 
Seat 3: ddyyjj ($108.23 in chips) 
Seat 5: ioannisus ($114.43 in chips) 
ioannisus: posts small blind $0.50
Oli3579: posts big blind $1
*** HOLE CARDS ***
crist_89870: folds 
ddyyjj: folds 
ioannisus: folds 
Uncalled bet ($0.50) returned to Oli3579
Oli3579 collected $1 from pot
Oli3579: doesn't show hand 
*** SUMMARY ***
Total pot $1 | Rake $0 
Seat 4: Møñk
Seat 6: AndreaBsAs
Seat 1: Oli3579 (big blind) collected ($1)
Seat 2: crist_89870 folded before Flop (didn't bet)
Seat 3: ddyyjj (button) folded before Flop (didn't bet)
Seat 5: ioannisus (small blind) folded before Flop



PokerStars Hand #254753314997:  Hold'em No Limit ($0.50/$1.00 USD) - 2025/02/07 18:54:38 WET [2025/02/07 13:54:38 ET]
Table 'Imhotep II' 6-max Seat #5 is the button
Seat 4: Møñk ($0 in chips) is sitting out
Seat 6: AndreaBsAs ($100 in chips) is sitting out
Seat 1: Oli3579 ($100.50 in chips) 
Seat 2: crist_89870 ($167.10 in chips) 
Seat 3: ddyyjj ($108.23 in chips) 
Seat 5: ioannisus ($113.93 in chips) 
Oli3579: posts small blind $0.50
crist_89870: posts big blind $1
*** HOLE CARDS ***
ddyyjj: folds 
ioannisus: folds 
Oli3579: folds 
Uncalled bet ($0.50) returned to crist_89870
crist_89870 collected $1 from pot
crist_89870: doesn't show hand 
*** SUMMARY ***
Total pot $1 | Rake $0 
Seat 4: Møñk
Seat 6: AndreaBsAs
Seat 1: Oli3579 (small blind) folded before Flop
Seat 2: crist_89870 (big blind) collected ($1)
Seat 3: ddyyjj folded before Flop (didn't bet)
Seat 5: ioannisus (button) folded before Flop (didn't bet)



PokerStars Hand #254753317137:  Hold'em No Limit ($0.50/$1.00 USD) - 2025/02/07 18:54:46 WET [2025/02/07 13:54:46 ET]
Table 'Imhotep II' 6-max Seat #1 is the button
Seat 4: Møñk ($0 in chips) is sitting out
Seat 6: AndreaBsAs ($100 in chips) is sitting out
Seat 1: Oli3579 ($100 in chips) 
Seat 2: crist_89870 ($167.60 in chips) 
Seat 3: ddyyjj ($108.23 in chips) 
Seat 5: ioannisus ($113.93 in chips) 
crist_89870: posts small blind $0.50
ddyyjj: posts big blind $1
*** HOLE CARDS ***
ioannisus: folds 
Oli3579: folds 
crist_89870: folds 
Uncalled bet ($0.50) returned to ddyyjj
ddyyjj collected $1 from pot
ddyyjj: doesn't show hand 
*** SUMMARY ***
Total pot $1 | Rake $0 
Seat 4: Møñk
Seat 6: AndreaBsAs
Seat 1: Oli3579 (button) folded before Flop (didn't bet)
Seat 2: crist_89870 (small blind) folded before Flop
Seat 3: ddyyjj (big blind) collected ($1)
Seat 5: ioannisus folded before Flop (didn't bet)



PokerStars Hand #254753320162:  Hold'em No Limit ($0.50/$1.00 USD) - 2025/02/07 18:54:57 WET [2025/02/07 13:54:57 ET]
Table 'Imhotep II' 6-max Seat #2 is the button
Seat 4: Møñk ($0 in chips) is sitting out
Seat 6: AndreaBsAs ($100 in chips) is sitting out
Seat 1: Oli3579 ($100 in chips) 
Seat 2: crist_89870 ($167.10 in chips) 
Seat 3: ddyyjj ($108.73 in chips) 
Seat 5: ioannisus ($113.93 in chips) 
ddyyjj: posts small blind $0.50
ioannisus: posts big blind $1
*** HOLE CARDS ***
Oli3579: raises $1.25 to $2.25
crist_89870: folds 
ddyyjj: folds 
ioannisus: folds 
Uncalled bet ($1.25) returned to Oli3579
Oli3579 collected $2.50 from pot
Møñk leaves the table
Oli3579: doesn't show hand 
*** SUMMARY ***
Total pot $2.50 | Rake $0 
Seat 4: Møñk
Seat 6: AndreaBsAs
Seat 1: Oli3579 collected ($2.50)
Seat 2: crist_89870 (button) folded before Flop (didn't bet)
Seat 3: ddyyjj (small blind) folded before Flop
Seat 5: ioannisus (big blind) folded before Flop



PokerStars Hand #254753324073:  Hold'em No Limit ($0.50/$1.00 USD) - 2025/02/07 18:55:14 WET [2025/02/07 13:55:14 ET]
Table 'Imhotep II' 6-max Seat #3 is the button
Seat 6: AndreaBsAs ($100 in chips) is sitting out
Seat 1: Oli3579 ($101.50 in chips) 
Seat 2: crist_89870 ($167.10 in chips) 
Seat 3: ddyyjj ($108.23 in chips) 
Seat 5: ioannisus ($112.93 in chips) 
ioannisus: posts small blind $0.50
Oli3579: posts big blind $1
*** HOLE CARDS ***
crist_89870: folds 
ddyyjj: raises $1.50 to $2.50
ioannisus: raises $7 to $9.50
Oli3579: folds 
ddyyjj: folds 
Uncalled bet ($7) returned to ioannisus
ioannisus collected $6 from pot
*** SUMMARY ***
Total pot $6 | Rake $0 
Seat 6: AndreaBsAs
Seat 1: Oli3579 (big blind) folded before Flop
Seat 2: crist_89870 folded before Flop (didn't bet)
Seat 3: ddyyjj (button) folded before Flop
Seat 5: ioannisus (small blind) collected ($6)



PokerStars Hand #254753401595:  Hold'em No Limit ($0.50/$1.00 USD) - 2025/02/07 19:01:26 WET [2025/02/07 14:01:26 ET]
Table 'Imhotep II' 6-max Seat #3 is the button
Seat 1: Oli3579 ($103.91 in chips) 
Seat 2: crist_89870 ($167.10 in chips) 
Seat 3: ddyyjj ($94.47 in chips) 
Seat 4: Lucastitos ($96.18 in chips) 
Seat 5: ioannisus ($74.43 in chips) 
Seat 6: AndreaBsAs ($149.66 in chips) 
Lucastitos: posts small blind $0.50
ioannisus: posts big blind $1
*** HOLE CARDS ***
AndreaBsAs: folds 
Oli3579: folds 
crist_89870: folds 
ddyyjj: folds 
Lucastitos: raises $1.90 to $2.90
ioannisus is connected 
ioannisus: folds 
Uncalled bet ($1.90) returned to Lucastitos
Lucastitos collected $2 from pot
Lucastitos: doesn't show hand 
*** SUMMARY ***
Total pot $2 | Rake $0 
Seat 1: Oli3579 folded before Flop (didn't bet)
Seat 2: crist_89870 folded before Flop (didn't bet)
Seat 3: ddyyjj (button) folded before Flop (didn't bet)
Seat 4: Lucastitos (small blind) collected ($2)
Seat 5: ioannisus (big blind) folded before Flop
Seat 6: AndreaBsAs folded before Flop (didn't bet)



PokerStars Hand #254753410911:  Hold'em No Limit ($0.50/$1.00 USD) - 2025/02/07 19:02:00 WET [2025/02/07 14:02:00 ET]
Table 'Imhotep II' 6-max Seat #4 is the button
Seat 1: Oli3579 ($103.91 in chips) is sitting out
Seat 6: AndreaBsAs ($149.66 in chips) is sitting out
Seat 2: crist_89870 ($167.10 in chips) 
Seat 3: ddyyjj ($94.47 in chips) 
Seat 4: Lucastitos ($97.18 in chips) 
Seat 5: ioannisus ($73.43 in chips) 
ioannisus: posts small blind $0.50
AndreaBsAs: is sitting out 
Oli3579: is sitting out 
Oli3579 leaves the table
crist_89870: posts big blind $1
*** HOLE CARDS ***
ddyyjj: folds 
Lucastitos: folds 
ioannisus: folds 
Uncalled bet ($0.50) returned to crist_89870
crist_89870 collected $1 from pot
crist_89870: doesn't show hand 
*** SUMMARY ***
Total pot $1 | Rake $0 
Seat 1: Oli3579
Seat 6: AndreaBsAs
Seat 2: crist_89870 (big blind) collected ($1)
Seat 3: ddyyjj folded before Flop (didn't bet)
Seat 4: Lucastitos (button) folded before Flop (didn't bet)
Seat 5: ioannisus (small blind) folded before Flop



PokerStars Hand #254753413278:  Hold'em No Limit ($0.50/$1.00 USD) - 2025/02/07 19:02:10 WET [2025/02/07 14:02:10 ET]
Table 'Imhotep II' 6-max Seat #5 is the button
Seat 6: AndreaBsAs ($149.66 in chips) is sitting out
Seat 2: crist_89870 ($167.60 in chips) 
Seat 3: ddyyjj ($94.47 in chips) 
Seat 4: Lucastitos ($97.18 in chips) 
Seat 5: ioannisus ($72.93 in chips) 
crist_89870: posts small blind $0.50
ddyyjj: posts big blind $1
*** HOLE CARDS ***
AndreaBsAs leaves the table
Lucastitos: raises $1.30 to $2.30
ioannisus: folds 
crist_89870: raises $8.20 to $10.50
ddyyjj: folds 
Lucastitos: folds 
Uncalled bet ($8.20) returned to crist_89870
crist_89870 collected $5.60 from pot
crist_89870: doesn't show hand 
*** SUMMARY ***
Total pot $5.60 | Rake $0 
Seat 6: AndreaBsAs
Seat 2: crist_89870 (small blind) collected ($5.60)
Seat 3: ddyyjj (big blind) folded before Flop
Seat 4: Lucastitos folded before Flop
Seat 5: ioannisus (button) folded before Flop (didn't bet)



PokerStars Hand #254753418214:  Hold'em No Limit ($0.50/$1.00 USD) - 2025/02/07 19:02:29 WET [2025/02/07 14:02:29 ET]
Table 'Imhotep II' 6-max Seat #2 is the button
Seat 2: crist_89870 ($170.90 in chips) 
Seat 3: ddyyjj ($93.47 in chips) 
Seat 4: Lucastitos ($94.88 in chips) 
Seat 5: ioannisus ($72.93 in chips) 
ddyyjj: posts small blind $0.50
michasia joins the table at seat #1 
Lucastitos: posts big blind $1
*** HOLE CARDS ***
ioannisus: folds 
crist_89870: folds 
ioannisus leaves the table
michasia leaves the table
ddyyjj: folds 
Uncalled bet ($0.50) returned to Lucastitos
Lucastitos collected $1 from pot
Lucastitos: doesn't show hand 
*** SUMMARY ***
Total pot $1 | Rake $0 
Seat 2: crist_89870 (button) folded before Flop (didn't bet)
Seat 3: ddyyjj (small blind) folded before Flop
Seat 4: Lucastitos (big blind) collected ($1)
Seat 5: ioannisus folded before Flop (didn't bet)



PokerStars Hand #254753423301:  Hold'em No Limit ($0.50/$1.00 USD) - 2025/02/07 19:02:45 WET [2025/02/07 14:02:45 ET]
Table 'Imhotep II' 6-max Seat #3 is the button
Seat 2: crist_89870 ($170.90 in chips) 
Seat 3: ddyyjj ($92.97 in chips) 
Seat 4: Lucastitos ($95.38 in chips) 
Lucastitos: posts small blind $0.50
crist_89870: posts big blind $1
*** HOLE CARDS ***
ddyyjj: folds 
Lucastitos: raises $1.90 to $2.90
crist_89870: calls $1.90
*** FLOP *** [5d 9s Jh]
Lucastitos: bets $1.49
crist_89870: calls $1.49
*** TURN *** [5d 9s Jh] [Tc]
Lucastitos: checks 
crist_89870: checks 
*** RIVER *** [5d 9s Jh Tc] [3c]
Lucastitos: bets $6.26
crist_89870: calls $6.26
*** SHOW DOWN ***
Lucastitos: shows [Ad Ah] (a pair of Aces)
crist_89870: mucks hand 
Lucastitos collected $20.30 from pot
*** SUMMARY ***
Total pot $21.30 | Rake $1 
Board [5d 9s Jh Tc 3c]
Seat 2: crist_89870 (big blind) mucked
Seat 3: ddyyjj (button) folded before Flop (didn't bet)
Seat 4: Lucastitos (small blind) showed [Ad Ah] and won ($20.30) with a pair of Aces



PokerStars Hand #254753439509:  Hold'em No Limit ($0.50/$1.00 USD) - 2025/02/07 19:03:43 WET [2025/02/07 14:03:43 ET]
Table 'Imhotep II' 6-max Seat #4 is the button
Seat 2: crist_89870 ($160.25 in chips) 
Seat 3: ddyyjj ($92.97 in chips) 
Seat 4: Lucastitos ($105.03 in chips) 
crist_89870: posts small blind $0.50
ddyyjj: posts big blind $1
*** HOLE CARDS ***
Lucastitos: raises $1.40 to $2.40
crist_89870: folds 
ddyyjj: folds 
Uncalled bet ($1.40) returned to Lucastitos
Lucastitos collected $2.50 from pot
Lucastitos: doesn't show hand 
*** SUMMARY ***
Total pot $2.50 | Rake $0 
Seat 2: crist_89870 (small blind) folded before Flop
Seat 3: ddyyjj (big blind) folded before Flop
Seat 4: Lucastitos (button) collected ($2.50)



PokerStars Hand #254753444549:  Hold'em No Limit ($0.50/$1.00 USD) - 2025/02/07 19:04:01 WET [2025/02/07 14:04:01 ET]
Table 'Imhotep II' 6-max Seat #3 is the button
Seat 4: Lucastitos ($106.53 in chips) is sitting out
Seat 2: crist_89870 ($159.75 in chips) 
Seat 3: ddyyjj ($91.97 in chips) 
ddyyjj: posts small blind $0.50
Lucastitos: is sitting out 
crist_89870: posts big blind $1
*** HOLE CARDS ***
Lucastitos leaves the table
ddyyjj: calls $0.50
crist_89870: checks 
*** FLOP *** [Kd 3s Jd]
crist_89870: checks 
ddyyjj: checks 
*** TURN *** [Kd 3s Jd] [7s]
crist_89870: bets $1.43
ddyyjj: folds 
Uncalled bet ($1.43) returned to crist_89870
crist_89870 collected $1.90 from pot
crist_89870: doesn't show hand 
*** SUMMARY ***
Total pot $2 | Rake $0.10 
Board [Kd 3s Jd 7s]
Seat 4: Lucastitos
Seat 2: crist_89870 (big blind) collected ($1.90)
Seat 3: ddyyjj (button) (small blind) folded on the Turn



PokerStars Hand #254753453844:  Hold'em No Limit ($0.50/$1.00 USD) - 2025/02/07 19:04:34 WET [2025/02/07 14:04:34 ET]
Table 'Imhotep II' 6-max Seat #2 is the button
Seat 2: crist_89870 ($160.65 in chips) 
Seat 3: ddyyjj ($90.97 in chips) 
crist_89870: posts small blind $0.50
ddyyjj: posts big blind $1
*** HOLE CARDS ***
crist_89870: raises $2 to $3
ddyyjj: calls $2
*** FLOP *** [4s Ac 7s]
ddyyjj: checks 
crist_89870: bets $1.71
ddyyjj: folds 
Uncalled bet ($1.71) returned to crist_89870
crist_89870 collected $5.70 from pot
crist_89870: doesn't show hand 
*** SUMMARY ***
Total pot $6 | Rake $0.30 
Board [4s Ac 7s]
Seat 2: crist_89870 (button) (small blind) collected ($5.70)
Seat 3: ddyyjj (big blind) folded on the Flop



PokerStars Hand #254753330744:  Hold'em No Limit ($0.50/$1.00 USD) - 2025/02/07 18:55:47 WET [2025/02/07 13:55:47 ET]
Table 'Imhotep II' 6-max Seat #5 is the button
Seat 6: AndreaBsAs ($100 in chips) is sitting out
Seat 1: Oli3579 ($100.50 in chips) 
Seat 2: crist_89870 ($167.10 in chips) 
Seat 3: ddyyjj ($105.73 in chips) 
Seat 5: ioannisus ($116.43 in chips) 
Oli3579: posts small blind $0.50
crist_89870: posts big blind $1
*** HOLE CARDS ***
ddyyjj: folds 
ioannisus: raises $1.60 to $2.60
Oli3579: folds 
crist_89870: folds 
Uncalled bet ($1.60) returned to ioannisus
ioannisus collected $2.50 from pot
*** SUMMARY ***
Total pot $2.50 | Rake $0 
Seat 6: AndreaBsAs
Seat 1: Oli3579 (small blind) folded before Flop
Seat 2: crist_89870 (big blind) folded before Flop
Seat 3: ddyyjj folded before Flop (didn't bet)
Seat 5: ioannisus (button) collected ($2.50)



PokerStars Hand #254753333531:  Hold'em No Limit ($0.50/$1.00 USD) - 2025/02/07 18:56:01 WET [2025/02/07 13:56:01 ET]
Table 'Imhotep II' 6-max Seat #1 is the button
Seat 6: AndreaBsAs ($100 in chips) is sitting out
Seat 1: Oli3579 ($100 in chips) 
Seat 2: crist_89870 ($166.10 in chips) 
Seat 3: ddyyjj ($105.73 in chips) 
Seat 5: ioannisus ($117.93 in chips) 
crist_89870: posts small blind $0.50
ddyyjj: posts big blind $1
AndreaBsAs: sits out 
*** HOLE CARDS ***
ioannisus: folds 
Oli3579: folds 
crist_89870: raises $2 to $3
ddyyjj: folds 
Uncalled bet ($2) returned to crist_89870
crist_89870 collected $2 from pot
crist_89870: doesn't show hand 
*** SUMMARY ***
Total pot $2 | Rake $0 
Seat 6: AndreaBsAs
Seat 1: Oli3579 (button) folded before Flop (didn't bet)
Seat 2: crist_89870 (small blind) collected ($2)
Seat 3: ddyyjj (big blind) folded before Flop
Seat 5: ioannisus folded before Flop (didn't bet)



PokerStars Hand #254753336986:  Hold'em No Limit ($0.50/$1.00 USD) - 2025/02/07 18:56:18 WET [2025/02/07 13:56:18 ET]
Table 'Imhotep II' 6-max Seat #2 is the button
Seat 6: AndreaBsAs ($100 in chips) is sitting out
Seat 1: Oli3579 ($100 in chips) 
Seat 2: crist_89870 ($167.10 in chips) 
Seat 3: ddyyjj ($104.73 in chips) 
Seat 5: ioannisus ($117.93 in chips) 
ddyyjj: posts small blind $0.50
ioannisus: posts big blind $1
AndreaBsAs: sits out 
*** HOLE CARDS ***
Oli3579: folds 
crist_89870: folds 
ddyyjj: raises $2 to $3
ioannisus: folds 
Uncalled bet ($2) returned to ddyyjj
ddyyjj collected $2 from pot
ddyyjj: doesn't show hand 
*** SUMMARY ***
Total pot $2 | Rake $0 
Seat 6: AndreaBsAs
Seat 1: Oli3579 folded before Flop (didn't bet)
Seat 2: crist_89870 (button) folded before Flop (didn't bet)
Seat 3: ddyyjj (small blind) collected ($2)
Seat 5: ioannisus (big blind) folded before Flop



PokerStars Hand #254753343011:  Hold'em No Limit ($0.50/$1.00 USD) - 2025/02/07 18:56:48 WET [2025/02/07 13:56:48 ET]
Table 'Imhotep II' 6-max Seat #3 is the button
Seat 1: Oli3579 ($100 in chips) 
Seat 2: crist_89870 ($167.10 in chips) 
Seat 3: ddyyjj ($105.73 in chips) 
Seat 5: ioannisus ($116.93 in chips) 
Seat 6: AndreaBsAs ($100 in chips) 
ioannisus: posts small blind $0.50
AndreaBsAs: posts big blind $1
*** HOLE CARDS ***
Oli3579: folds 
crist_89870: folds 
ddyyjj: folds 
ioannisus: raises $2 to $3
AndreaBsAs: raises $6.50 to $9.50
ioannisus: raises $17 to $26.50
AndreaBsAs: calls $17
*** FLOP *** [Kh 7s 9h]
Lucastitos joins the table at seat #4 
ioannisus: bets $16
AndreaBsAs: calls $16
*** TURN *** [Kh 7s 9h] [6d]
ioannisus: checks 
AndreaBsAs: bets $27.23
Lucastitos is disconnected 
ioannisus: folds 
Uncalled bet ($27.23) returned to AndreaBsAs
AndreaBsAs collected $82.50 from pot
*** SUMMARY ***
Total pot $85 | Rake $2.50 
Board [Kh 7s 9h 6d]
Seat 1: Oli3579 folded before Flop (didn't bet)
Seat 2: crist_89870 folded before Flop (didn't bet)
Seat 3: ddyyjj (button) folded before Flop (didn't bet)
Seat 5: ioannisus (small blind) folded on the Turn
Seat 6: AndreaBsAs (big blind) collected ($82.50)



PokerStars Hand #254753365011:  Hold'em No Limit ($0.50/$1.00 USD) - 2025/02/07 18:58:36 WET [2025/02/07 13:58:36 ET]
Table 'Imhotep II' 6-max Seat #5 is the button
Seat 4: Lucastitos ($100 in chips) is sitting out
Seat 1: Oli3579 ($100 in chips) 
Seat 2: crist_89870 ($167.10 in chips) 
Seat 3: ddyyjj ($105.73 in chips) 
Seat 5: ioannisus ($74.43 in chips) 
Seat 6: AndreaBsAs ($140 in chips) 
AndreaBsAs: posts small blind $0.50
Oli3579: posts big blind $1
Lucastitos is connected 
Lucastitos: sits out 
*** HOLE CARDS ***
crist_89870: folds 
ddyyjj: folds 
ioannisus: folds 
AndreaBsAs: folds 
Uncalled bet ($0.50) returned to Oli3579
Oli3579 collected $1 from pot
Oli3579: doesn't show hand 
*** SUMMARY ***
Total pot $1 | Rake $0 
Seat 4: Lucastitos
Seat 1: Oli3579 (big blind) collected ($1)
Seat 2: crist_89870 folded before Flop (didn't bet)
Seat 3: ddyyjj folded before Flop (didn't bet)
Seat 5: ioannisus (button) folded before Flop (didn't bet)
Seat 6: AndreaBsAs (small blind) folded before Flop



PokerStars Hand #254753368674:  Hold'em No Limit ($0.50/$1.00 USD) - 2025/02/07 18:58:55 WET [2025/02/07 13:58:55 ET]
Table 'Imhotep II' 6-max Seat #6 is the button
Seat 4: Lucastitos ($100 in chips) is sitting out
Seat 1: Oli3579 ($100.50 in chips) 
Seat 2: crist_89870 ($167.10 in chips) 
Seat 3: ddyyjj ($105.73 in chips) 
Seat 5: ioannisus ($74.43 in chips) 
Seat 6: AndreaBsAs ($139.50 in chips) 
Oli3579: posts small blind $0.50
crist_89870: posts big blind $1
Lucastitos: sits out 
*** HOLE CARDS ***
ddyyjj: folds 
ioannisus: folds 
AndreaBsAs: folds 
Oli3579: folds 
Uncalled bet ($0.50) returned to crist_89870
crist_89870 collected $1 from pot
crist_89870: doesn't show hand 
*** SUMMARY ***
Total pot $1 | Rake $0 
Seat 4: Lucastitos
Seat 1: Oli3579 (small blind) folded before Flop
Seat 2: crist_89870 (big blind) collected ($1)
Seat 3: ddyyjj folded before Flop (didn't bet)
Seat 5: ioannisus folded before Flop (didn't bet)
Seat 6: AndreaBsAs (button) folded before Flop (didn't bet)



PokerStars Hand #254753370880:  Hold'em No Limit ($0.50/$1.00 USD) - 2025/02/07 18:59:06 WET [2025/02/07 13:59:06 ET]
Table 'Imhotep II' 6-max Seat #1 is the button
Seat 4: Lucastitos ($100 in chips) is sitting out
Seat 1: Oli3579 ($100 in chips) 
Seat 2: crist_89870 ($167.60 in chips) 
Seat 3: ddyyjj ($105.73 in chips) 
Seat 5: ioannisus ($74.43 in chips) 
Seat 6: AndreaBsAs ($139.50 in chips) 
crist_89870: posts small blind $0.50
ddyyjj: posts big blind $1
Lucastitos: sits out 
*** HOLE CARDS ***
ioannisus: folds 
AndreaBsAs: raises $1.50 to $2.50
Oli3579: folds 
crist_89870: folds 
ddyyjj: calls $1.50
*** FLOP *** [7d Jc 8s]
ddyyjj: checks 
AndreaBsAs: bets $1.72
ddyyjj: calls $1.72
*** TURN *** [7d Jc 8s] [Qc]
ddyyjj: checks 
AndreaBsAs: bets $6.54
ddyyjj: calls $6.54
*** RIVER *** [7d Jc 8s Qc] [5c]
ddyyjj: checks 
AndreaBsAs: checks 
*** SHOW DOWN ***
ddyyjj: shows [5h 6h] (a pair of Fives)
AndreaBsAs: shows [Jd Qs] (two pair, Queens and Jacks)
AndreaBsAs collected $20.92 from pot
*** SUMMARY ***
Total pot $22.02 | Rake $1.10 
Board [7d Jc 8s Qc 5c]
Seat 4: Lucastitos
Seat 1: Oli3579 (button) folded before Flop (didn't bet)
Seat 2: crist_89870 (small blind) folded before Flop
Seat 3: ddyyjj (big blind) showed [5h 6h] and lost with a pair of Fives
Seat 5: ioannisus folded before Flop (didn't bet)
Seat 6: AndreaBsAs showed [Jd Qs] and won ($20.92) with two pair, Queens and Jacks



PokerStars Hand #254753386438:  Hold'em No Limit ($0.50/$1.00 USD) - 2025/02/07 19:00:21 WET [2025/02/07 14:00:21 ET]
Table 'Imhotep II' 6-max Seat #2 is the button
Seat 1: Oli3579 ($100 in chips) 
Seat 2: crist_89870 ($167.10 in chips) 
Seat 3: ddyyjj ($94.97 in chips) 
Seat 4: Lucastitos ($100 in chips) 
Seat 5: ioannisus ($74.43 in chips) 
Seat 6: AndreaBsAs ($149.66 in chips) 
ddyyjj: posts small blind $0.50
Lucastitos: posts big blind $1
*** HOLE CARDS ***
ioannisus: folds 
AndreaBsAs: folds 
Oli3579: raises $1.25 to $2.25
crist_89870: folds 
ddyyjj: folds 
Lucastitos: calls $1.25
*** FLOP *** [5d Qs Jc]
Lucastitos: checks 
Oli3579: bets $1.57
Lucastitos: calls $1.57
*** TURN *** [5d Qs Jc] [Ad]
Lucastitos: checks 
Oli3579: bets $11.50
Lucastitos: folds 
Uncalled bet ($11.50) returned to Oli3579
Oli3579 collected $7.73 from pot
Oli3579: doesn't show hand 
*** SUMMARY ***
Total pot $8.14 | Rake $0.41 
Board [5d Qs Jc Ad]
Seat 1: Oli3579 collected ($7.73)
Seat 2: crist_89870 (button) folded before Flop (didn't bet)
Seat 3: ddyyjj (small blind) folded before Flop
Seat 4: Lucastitos (big blind) folded on the Turn
Seat 5: ioannisus folded before Flop (didn't bet)
Seat 6: AndreaBsAs folded before Flop (didn't bet)



