PokerStars Hand #254750442459:  Hold'em No Limit ($0.50/$1.00 USD) - 2025/02/07 15:38:08 WET [2025/02/07 10:38:08 ET]
Table 'Tatjana II' 6-max Seat #2 is the button
Seat 1: poker_soul11 ($100 in chips) 
Seat 2: S3MPR3IGUAL ($100 in chips) 
Seat 4: PayTaxOrDie ($100 in chips) 
PayTaxOrDie: posts small blind $0.50
poker_soul11: posts big blind $1
*** HOLE CARDS ***
S3MPR3IGUAL: raises $1.20 to $2.20
PayTaxOrDie: folds 
Xenicide joins the table at seat #5 
poker_soul11: raises $9.30 to $11.50
S3MPR3IGUAL: folds 
Uncalled bet ($9.30) returned to poker_soul11
poker_soul11 collected $4.90 from pot
poker_soul11: doesn't show hand 
*** SUMMARY ***
Total pot $4.90 | Rake $0 
Seat 1: poker_soul11 (big blind) collected ($4.90)
Seat 2: S3MPR3IGUAL (button) folded before Flop
Seat 4: PayTaxOrDie (small blind) folded before Flop



PokerStars Hand #254750448844:  Hold'em No Limit ($0.50/$1.00 USD) - 2025/02/07 15:38:38 WET [2025/02/07 10:38:38 ET]
Table 'Tatjana II' 6-max Seat #4 is the button
Seat 5: Xenicide ($100 in chips) is sitting out
Seat 1: poker_soul11 ($102.70 in chips) 
Seat 2: S3MPR3IGUAL ($100 in chips) 
Seat 4: PayTaxOrDie ($100 in chips) 
poker_soul11: posts small blind $0.50
S3MPR3IGUAL: posts big blind $1
*** HOLE CARDS ***
PayTaxOrDie: folds 
poker_soul11: raises $2 to $3
S3MPR3IGUAL: raises $6 to $9
vezis3 joins the table at seat #3 
poker_soul11: calls $6
*** FLOP *** [5s 3c As]
poker_soul11: checks 
S3MPR3IGUAL: bets $4.28
poker_soul11: raises $19.25 to $23.53
S3MPR3IGUAL: folds 
Uncalled bet ($19.25) returned to poker_soul11
poker_soul11 collected $25.56 from pot
poker_soul11: doesn't show hand 
*** SUMMARY ***
Total pot $26.56 | Rake $1 
Board [5s 3c As]
Seat 5: Xenicide
Seat 1: poker_soul11 (small blind) collected ($25.56)
Seat 2: S3MPR3IGUAL (big blind) folded on the Flop
Seat 4: PayTaxOrDie (button) folded before Flop (didn't bet)



PokerStars Hand #254750459080:  Hold'em No Limit ($0.50/$1.00 USD) - 2025/02/07 15:39:25 WET [2025/02/07 10:39:25 ET]
Table 'Tatjana II' 6-max Seat #1 is the button
Seat 5: Xenicide ($100 in chips) is sitting out
Seat 1: poker_soul11 ($114.98 in chips) 
Seat 2: S3MPR3IGUAL ($100 in chips) 
Seat 3: vezis3 ($100 in chips) 
Seat 4: PayTaxOrDie ($100 in chips) 
S3MPR3IGUAL: posts small blind $0.50
vezis3: posts big blind $1
Xenicide: sits out 
*** HOLE CARDS ***
PayTaxOrDie: raises $1.30 to $2.30
poker_soul11: folds 
S3MPR3IGUAL: folds 
vezis3: folds 
Uncalled bet ($1.30) returned to PayTaxOrDie
PayTaxOrDie collected $2.50 from pot
PayTaxOrDie: doesn't show hand 
*** SUMMARY ***
Total pot $2.50 | Rake $0 
Seat 5: Xenicide
Seat 1: poker_soul11 (button) folded before Flop (didn't bet)
Seat 2: S3MPR3IGUAL (small blind) folded before Flop
Seat 3: vezis3 (big blind) folded before Flop
Seat 4: PayTaxOrDie collected ($2.50)



PokerStars Hand #254750461016:  Hold'em No Limit ($0.50/$1.00 USD) - 2025/02/07 15:39:34 WET [2025/02/07 10:39:34 ET]
Table 'Tatjana II' 6-max Seat #2 is the button
Seat 5: Xenicide ($100 in chips) is sitting out
Seat 1: poker_soul11 ($114.98 in chips) 
Seat 2: S3MPR3IGUAL ($100 in chips) 
Seat 3: vezis3 ($100 in chips) 
Seat 4: PayTaxOrDie ($101.50 in chips) 
vezis3: posts small blind $0.50
PayTaxOrDie: posts big blind $1
Xenicide: sits out 
*** HOLE CARDS ***
poker_soul11: folds 
S3MPR3IGUAL: raises $1.20 to $2.20
vezis3: raises $9.80 to $12
PayTaxOrDie: folds 
S3MPR3IGUAL: folds 
Uncalled bet ($9.80) returned to vezis3
vezis3 collected $5.40 from pot
vezis3: doesn't show hand 
*** SUMMARY ***
Total pot $5.40 | Rake $0 
Seat 5: Xenicide
Seat 1: poker_soul11 folded before Flop (didn't bet)
Seat 2: S3MPR3IGUAL (button) folded before Flop
Seat 3: vezis3 (small blind) collected ($5.40)
Seat 4: PayTaxOrDie (big blind) folded before Flop



PokerStars Hand #254750463395:  Hold'em No Limit ($0.50/$1.00 USD) - 2025/02/07 15:39:45 WET [2025/02/07 10:39:45 ET]
Table 'Tatjana II' 6-max Seat #3 is the button
Seat 1: poker_soul11 ($114.98 in chips) 
Seat 2: S3MPR3IGUAL ($100 in chips) 
Seat 3: vezis3 ($103.20 in chips) 
Seat 4: PayTaxOrDie ($100.50 in chips) 
Seat 5: Xenicide ($100 in chips) 
PayTaxOrDie: posts small blind $0.50
Xenicide: posts big blind $1
*** HOLE CARDS ***
poker_soul11: raises $1.20 to $2.20
S3MPR3IGUAL: folds 
vezis3: folds 
PayTaxOrDie: folds 
Xenicide: folds 
Uncalled bet ($1.20) returned to poker_soul11
poker_soul11 collected $2.50 from pot
poker_soul11: doesn't show hand 
*** SUMMARY ***
Total pot $2.50 | Rake $0 
Seat 1: poker_soul11 collected ($2.50)
Seat 2: S3MPR3IGUAL folded before Flop (didn't bet)
Seat 3: vezis3 (button) folded before Flop (didn't bet)
Seat 4: PayTaxOrDie (small blind) folded before Flop
Seat 5: Xenicide (big blind) folded before Flop



PokerStars Hand #254750466861:  Hold'em No Limit ($0.50/$1.00 USD) - 2025/02/07 15:40:01 WET [2025/02/07 10:40:01 ET]
Table 'Tatjana II' 6-max Seat #4 is the button
Seat 1: poker_soul11 ($116.48 in chips) 
Seat 2: S3MPR3IGUAL ($100 in chips) 
Seat 3: vezis3 ($103.20 in chips) 
Seat 4: PayTaxOrDie ($100 in chips) 
Seat 5: Xenicide ($100 in chips) 
Xenicide: posts small blind $0.50
poker_soul11: posts big blind $1
*** HOLE CARDS ***
S3MPR3IGUAL: raises $1.20 to $2.20
vezis3: folds 
PayTaxOrDie: folds 
Ysiven joins the table at seat #6 
Xenicide: folds 
poker_soul11: folds 
Uncalled bet ($1.20) returned to S3MPR3IGUAL
S3MPR3IGUAL collected $2.50 from pot
S3MPR3IGUAL: doesn't show hand 
*** SUMMARY ***
Total pot $2.50 | Rake $0 
Seat 1: poker_soul11 (big blind) folded before Flop
Seat 2: S3MPR3IGUAL collected ($2.50)
Seat 3: vezis3 folded before Flop (didn't bet)
Seat 4: PayTaxOrDie (button) folded before Flop (didn't bet)
Seat 5: Xenicide (small blind) folded before Flop



PokerStars Hand #254750472760:  Hold'em No Limit ($0.50/$1.00 USD) - 2025/02/07 15:40:28 WET [2025/02/07 10:40:28 ET]
Table 'Tatjana II' 6-max Seat #5 is the button
Seat 6: Ysiven ($100 in chips) is sitting out
Seat 1: poker_soul11 ($115.48 in chips) 
Seat 2: S3MPR3IGUAL ($101.50 in chips) 
Seat 3: vezis3 ($103.20 in chips) 
Seat 4: PayTaxOrDie ($100 in chips) 
Seat 5: Xenicide ($100 in chips) 
poker_soul11: posts small blind $0.50
S3MPR3IGUAL: posts big blind $1
*** HOLE CARDS ***
vezis3: folds 
PayTaxOrDie: raises $1.30 to $2.30
Xenicide: folds 
poker_soul11: folds 
S3MPR3IGUAL: calls $1.30
*** FLOP *** [Qs 7h 3h]
S3MPR3IGUAL: checks 
PayTaxOrDie: bets $1.94
S3MPR3IGUAL: folds 
Uncalled bet ($1.94) returned to PayTaxOrDie
PayTaxOrDie collected $4.84 from pot
PayTaxOrDie: doesn't show hand 
*** SUMMARY ***
Total pot $5.10 | Rake $0.26 
Board [Qs 7h 3h]
Seat 6: Ysiven
Seat 1: poker_soul11 (small blind) folded before Flop
Seat 2: S3MPR3IGUAL (big blind) folded on the Flop
Seat 3: vezis3 folded before Flop (didn't bet)
Seat 4: PayTaxOrDie collected ($4.84)
Seat 5: Xenicide (button) folded before Flop (didn't bet)



PokerStars Hand #254750482262:  Hold'em No Limit ($0.50/$1.00 USD) - 2025/02/07 15:41:13 WET [2025/02/07 10:41:13 ET]
Table 'Tatjana II' 6-max Seat #1 is the button
Seat 6: Ysiven ($100 in chips) is sitting out
Seat 1: poker_soul11 ($114.98 in chips) 
Seat 2: S3MPR3IGUAL ($100 in chips) 
Seat 3: vezis3 ($103.20 in chips) 
Seat 4: PayTaxOrDie ($102.54 in chips) 
Seat 5: Xenicide ($100 in chips) 
S3MPR3IGUAL: posts small blind $0.50
vezis3: posts big blind $1
Ysiven: sits out 
*** HOLE CARDS ***
PayTaxOrDie: folds 
Xenicide: folds 
poker_soul11: raises $1.20 to $2.20
S3MPR3IGUAL: folds 
vezis3: folds 
Uncalled bet ($1.20) returned to poker_soul11
poker_soul11 collected $2.50 from pot
poker_soul11: doesn't show hand 
*** SUMMARY ***
Total pot $2.50 | Rake $0 
Seat 6: Ysiven
Seat 1: poker_soul11 (button) collected ($2.50)
Seat 2: S3MPR3IGUAL (small blind) folded before Flop
Seat 3: vezis3 (big blind) folded before Flop
Seat 4: PayTaxOrDie folded before Flop (didn't bet)
Seat 5: Xenicide folded before Flop (didn't bet)



PokerStars Hand #254750486191:  Hold'em No Limit ($0.50/$1.00 USD) - 2025/02/07 15:41:32 WET [2025/02/07 10:41:32 ET]
Table 'Tatjana II' 6-max Seat #2 is the button
Seat 6: Ysiven ($100 in chips) is sitting out
Seat 1: poker_soul11 ($116.48 in chips) 
Seat 2: S3MPR3IGUAL ($100 in chips) 
Seat 3: vezis3 ($102.20 in chips) 
Seat 4: PayTaxOrDie ($102.54 in chips) 
Seat 5: Xenicide ($100 in chips) 
vezis3: posts small blind $0.50
PayTaxOrDie: posts big blind $1
Ysiven: sits out 
*** HOLE CARDS ***
Xenicide: folds 
poker_soul11: raises $1.20 to $2.20
S3MPR3IGUAL: folds 
vezis3: folds 
PayTaxOrDie: folds 
Uncalled bet ($1.20) returned to poker_soul11
poker_soul11 collected $2.50 from pot
poker_soul11: doesn't show hand 
*** SUMMARY ***
Total pot $2.50 | Rake $0 
Seat 6: Ysiven
Seat 1: poker_soul11 collected ($2.50)
Seat 2: S3MPR3IGUAL (button) folded before Flop (didn't bet)
Seat 3: vezis3 (small blind) folded before Flop
Seat 4: PayTaxOrDie (big blind) folded before Flop
Seat 5: Xenicide folded before Flop (didn't bet)



PokerStars Hand #254750492624:  Hold'em No Limit ($0.50/$1.00 USD) - 2025/02/07 15:42:02 WET [2025/02/07 10:42:02 ET]
Table 'Tatjana II' 6-max Seat #3 is the button
Seat 6: Ysiven ($100 in chips) is sitting out
Seat 1: poker_soul11 ($117.98 in chips) 
Seat 2: S3MPR3IGUAL ($100 in chips) 
Seat 3: vezis3 ($101.70 in chips) 
Seat 4: PayTaxOrDie ($101.54 in chips) 
Seat 5: Xenicide ($100 in chips) 
PayTaxOrDie: posts small blind $0.50
Xenicide: posts big blind $1
Ysiven: sits out 
*** HOLE CARDS ***
poker_soul11: folds 
S3MPR3IGUAL: raises $1.20 to $2.20
vezis3: raises $5.80 to $8
PayTaxOrDie: folds 
Xenicide: folds 
S3MPR3IGUAL: folds 
Uncalled bet ($5.80) returned to vezis3
vezis3 collected $5.90 from pot
vezis3: doesn't show hand 
*** SUMMARY ***
Total pot $5.90 | Rake $0 
Seat 6: Ysiven
Seat 1: poker_soul11 folded before Flop (didn't bet)
Seat 2: S3MPR3IGUAL folded before Flop
Seat 3: vezis3 (button) collected ($5.90)
Seat 4: PayTaxOrDie (small blind) folded before Flop
Seat 5: Xenicide (big blind) folded before Flop



PokerStars Hand #254750495850:  Hold'em No Limit ($0.50/$1.00 USD) - 2025/02/07 15:42:17 WET [2025/02/07 10:42:17 ET]
Table 'Tatjana II' 6-max Seat #4 is the button
Seat 1: poker_soul11 ($117.98 in chips) 
Seat 2: S3MPR3IGUAL ($100 in chips) 
Seat 3: vezis3 ($105.40 in chips) 
Seat 4: PayTaxOrDie ($101.04 in chips) 
Seat 5: Xenicide ($100 in chips) 
Seat 6: Ysiven ($100 in chips) 
Xenicide: posts small blind $0.50
Ysiven: posts big blind $1
*** HOLE CARDS ***
poker_soul11: folds 
S3MPR3IGUAL: folds 
vezis3: folds 
PayTaxOrDie: folds 
Xenicide: raises $2.50 to $3.50
Ysiven: calls $2.50
*** FLOP *** [5d 9h Kh]
Xenicide: checks 
Ysiven: bets $1.69
Xenicide: raises $5.52 to $7.21
Ysiven: folds 
Uncalled bet ($5.52) returned to Xenicide
Xenicide collected $9.86 from pot
*** SUMMARY ***
Total pot $10.38 | Rake $0.52 
Board [5d 9h Kh]
Seat 1: poker_soul11 folded before Flop (didn't bet)
Seat 2: S3MPR3IGUAL folded before Flop (didn't bet)
Seat 3: vezis3 folded before Flop (didn't bet)
Seat 4: PayTaxOrDie (button) folded before Flop (didn't bet)
Seat 5: Xenicide (small blind) collected ($9.86)
Seat 6: Ysiven (big blind) folded on the Flop



PokerStars Hand #254750510706:  Hold'em No Limit ($0.50/$1.00 USD) - 2025/02/07 15:43:26 WET [2025/02/07 10:43:26 ET]
Table 'Tatjana II' 6-max Seat #5 is the button
Seat 1: poker_soul11 ($117.98 in chips) 
Seat 2: S3MPR3IGUAL ($100 in chips) 
Seat 3: vezis3 ($105.40 in chips) 
Seat 4: PayTaxOrDie ($101.04 in chips) 
Seat 5: Xenicide ($104.67 in chips) 
Seat 6: Ysiven ($100 in chips) 
Ysiven: posts small blind $0.50
poker_soul11: posts big blind $1
*** HOLE CARDS ***
S3MPR3IGUAL: folds 
vezis3: folds 
PayTaxOrDie: folds 
Xenicide: folds 
Ysiven: raises $2 to $3
S3MPR3IGUAL leaves the table
poker_soul11: calls $2
*** FLOP *** [3c Th Ac]
Ysiven: checks 
poker_soul11: checks 
*** TURN *** [3c Th Ac] [4h]
Ysiven: bets $5.70
poker_soul11: calls $5.70
*** RIVER *** [3c Th Ac 4h] [9h]
Ysiven: checks 
poker_soul11: checks 
*** SHOW DOWN ***
Ysiven: shows [Jc 5c] (high card Ace)
poker_soul11: shows [Td 8s] (a pair of Tens)
poker_soul11 collected $16.53 from pot
*** SUMMARY ***
Total pot $17.40 | Rake $0.87 
Board [3c Th Ac 4h 9h]
Seat 1: poker_soul11 (big blind) showed [Td 8s] and won ($16.53) with a pair of Tens
Seat 2: S3MPR3IGUAL folded before Flop (didn't bet)
Seat 3: vezis3 folded before Flop (didn't bet)
Seat 4: PayTaxOrDie folded before Flop (didn't bet)
Seat 5: Xenicide (button) folded before Flop (didn't bet)
Seat 6: Ysiven (small blind) showed [Jc 5c] and lost with high card Ace



PokerStars Hand #254750526964:  Hold'em No Limit ($0.50/$1.00 USD) - 2025/02/07 15:44:42 WET [2025/02/07 10:44:42 ET]
Table 'Tatjana II' 6-max Seat #6 is the button
Seat 3: vezis3 ($105.40 in chips) is sitting out
Seat 1: poker_soul11 ($125.81 in chips) 
Seat 4: PayTaxOrDie ($101.04 in chips) 
Seat 5: Xenicide ($104.67 in chips) 
Seat 6: Ysiven ($100 in chips) 
poker_soul11: posts small blind $0.50
vezis3: is sitting out 
PayTaxOrDie: posts big blind $1
*** HOLE CARDS ***
Xenicide: raises $1 to $2
vezis3 leaves the table
Ysiven: folds 
poker_soul11: folds 
PayTaxOrDie: folds 
Uncalled bet ($1) returned to Xenicide
Xenicide collected $2.50 from pot
*** SUMMARY ***
Total pot $2.50 | Rake $0 
Seat 3: vezis3
Seat 1: poker_soul11 (small blind) folded before Flop
Seat 4: PayTaxOrDie (big blind) folded before Flop
Seat 5: Xenicide collected ($2.50)
Seat 6: Ysiven (button) folded before Flop (didn't bet)



PokerStars Hand #254750530347:  Hold'em No Limit ($0.50/$1.00 USD) - 2025/02/07 15:44:58 WET [2025/02/07 10:44:58 ET]
Table 'Tatjana II' 6-max Seat #1 is the button
Seat 1: poker_soul11 ($125.31 in chips) 
Seat 4: PayTaxOrDie ($100.04 in chips) 
Seat 5: Xenicide ($106.17 in chips) 
Seat 6: Ysiven ($100 in chips) 
PayTaxOrDie: posts small blind $0.50
Xenicide: posts big blind $1
*** HOLE CARDS ***
Middo13 joins the table at seat #2 
Ysiven: raises $1.30 to $2.30
sta$igk joins the table at seat #3 
poker_soul11: calls $2.30
PayTaxOrDie: folds 
Xenicide: folds 
*** FLOP *** [Jh 9d Ts]
Ysiven: checks 
poker_soul11: checks 
*** TURN *** [Jh 9d Ts] [9c]
Ysiven: bets $1.50
poker_soul11: raises $4.40 to $5.90
Ysiven: folds 
Uncalled bet ($4.40) returned to poker_soul11
poker_soul11 collected $8.64 from pot
poker_soul11: doesn't show hand 
*** SUMMARY ***
Total pot $9.10 | Rake $0.46 
Board [Jh 9d Ts 9c]
Seat 1: poker_soul11 (button) collected ($8.64)
Seat 4: PayTaxOrDie (small blind) folded before Flop
Seat 5: Xenicide (big blind) folded before Flop
Seat 6: Ysiven folded on the Turn



PokerStars Hand #254750546964:  Hold'em No Limit ($0.50/$1.00 USD) - 2025/02/07 15:46:15 WET [2025/02/07 10:46:15 ET]
Table 'Tatjana II' 6-max Seat #4 is the button
Seat 3: sta$igk ($100 in chips) is sitting out
Seat 1: poker_soul11 ($130.15 in chips) 
Seat 2: Middo13 ($65.53 in chips) 
Seat 4: PayTaxOrDie ($100 in chips) 
Seat 5: Xenicide ($105.17 in chips) 
Seat 6: Ysiven ($100 in chips) 
Xenicide: posts small blind $0.50
Ysiven: posts big blind $1
Middo13: posts big blind $1
sta$igk: sits out 
*** HOLE CARDS ***
poker_soul11: folds 
Middo13: checks 
PayTaxOrDie: folds 
Xenicide: raises $4.50 to $5.50
Ysiven: calls $4.50
Middo13: folds 
*** FLOP *** [4h 6c Qh]
Xenicide: checks 
Ysiven: checks 
*** TURN *** [4h 6c Qh] [2d]
Xenicide: checks 
Ysiven: bets $6.84
Xenicide: folds 
Uncalled bet ($6.84) returned to Ysiven
Ysiven collected $11.40 from pot
Ysiven: doesn't show hand 
*** SUMMARY ***
Total pot $12 | Rake $0.60 
Board [4h 6c Qh 2d]
Seat 3: sta$igk
Seat 1: poker_soul11 folded before Flop (didn't bet)
Seat 2: Middo13 folded before Flop (didn't bet)
Seat 4: PayTaxOrDie (button) folded before Flop (didn't bet)
Seat 5: Xenicide (small blind) folded on the Turn
Seat 6: Ysiven (big blind) collected ($11.40)



PokerStars Hand #254750565736:  Hold'em No Limit ($0.50/$1.00 USD) - 2025/02/07 15:47:41 WET [2025/02/07 10:47:41 ET]
Table 'Tatjana II' 6-max Seat #5 is the button
Seat 1: poker_soul11 ($130.15 in chips) is sitting out
Seat 3: sta$igk ($100 in chips) is sitting out
Seat 2: Middo13 ($64.53 in chips) 
Seat 4: PayTaxOrDie ($100 in chips) 
Seat 5: Xenicide ($100 in chips) 
Seat 6: Ysiven ($105.90 in chips) 
Ysiven: posts small blind $0.50
poker_soul11: is sitting out 
Middo13: posts big blind $1
sta$igk: sits out 
*** HOLE CARDS ***
PayTaxOrDie: raises $1.30 to $2.30
Xenicide: folds 
Ysiven: folds 
poker_soul11 leaves the table
Middo13: folds 
Uncalled bet ($1.30) returned to PayTaxOrDie
PayTaxOrDie collected $2.50 from pot
PayTaxOrDie: doesn't show hand 
Pippa83 joins the table at seat #1 
*** SUMMARY ***
Total pot $2.50 | Rake $0 
Seat 1: poker_soul11
Seat 3: sta$igk
Seat 2: Middo13 (big blind) folded before Flop
Seat 4: PayTaxOrDie collected ($2.50)
Seat 5: Xenicide (button) folded before Flop (didn't bet)
Seat 6: Ysiven (small blind) folded before Flop



PokerStars Hand #254750567849:  Hold'em No Limit ($0.50/$1.00 USD) - 2025/02/07 15:47:51 WET [2025/02/07 10:47:51 ET]
Table 'Tatjana II' 6-max Seat #6 is the button
Seat 1: Pippa83 ($100 in chips) is sitting out
Seat 2: Middo13 ($63.53 in chips) 
Seat 3: sta$igk ($100 in chips) 
Seat 4: PayTaxOrDie ($101.50 in chips) 
Seat 5: Xenicide ($100 in chips) 
Seat 6: Ysiven ($105.40 in chips) 
Middo13: posts small blind $0.50
sta$igk: posts big blind $1
*** HOLE CARDS ***
PayTaxOrDie: folds 
Xenicide: folds 
Ysiven: folds 
Middo13: calls $0.50
sta$igk: raises $3 to $4
Middo13: folds 
Uncalled bet ($3) returned to sta$igk
sta$igk collected $2 from pot
sta$igk: doesn't show hand 
*** SUMMARY ***
Total pot $2 | Rake $0 
Seat 1: Pippa83
Seat 2: Middo13 (small blind) folded before Flop
Seat 3: sta$igk (big blind) collected ($2)
Seat 4: PayTaxOrDie folded before Flop (didn't bet)
Seat 5: Xenicide folded before Flop (didn't bet)
Seat 6: Ysiven (button) folded before Flop (didn't bet)



PokerStars Hand #254750571257:  Hold'em No Limit ($0.50/$1.00 USD) - 2025/02/07 15:48:07 WET [2025/02/07 10:48:07 ET]
Table 'Tatjana II' 6-max Seat #2 is the button
Seat 1: Pippa83 ($100 in chips) is sitting out
Seat 2: Middo13 ($62.53 in chips) 
Seat 3: sta$igk ($101 in chips) 
Seat 4: PayTaxOrDie ($101.50 in chips) 
Seat 5: Xenicide ($100 in chips) 
Seat 6: Ysiven ($105.40 in chips) 
sta$igk: posts small blind $0.50
PayTaxOrDie: posts big blind $1
Pippa83: sits out 
*** HOLE CARDS ***
Xenicide: raises $1 to $2
Ysiven: folds 
Middo13: folds 
sta$igk: folds 
PayTaxOrDie: folds 
Uncalled bet ($1) returned to Xenicide
Xenicide collected $2.50 from pot
*** SUMMARY ***
Total pot $2.50 | Rake $0 
Seat 1: Pippa83
Seat 2: Middo13 (button) folded before Flop (didn't bet)
Seat 3: sta$igk (small blind) folded before Flop
Seat 4: PayTaxOrDie (big blind) folded before Flop
Seat 5: Xenicide collected ($2.50)
Seat 6: Ysiven folded before Flop (didn't bet)



PokerStars Hand #254750573643:  Hold'em No Limit ($0.50/$1.00 USD) - 2025/02/07 15:48:18 WET [2025/02/07 10:48:18 ET]
Table 'Tatjana II' 6-max Seat #3 is the button
Seat 1: Pippa83 ($100 in chips) is sitting out
Seat 2: Middo13 ($62.53 in chips) 
Seat 3: sta$igk ($100.50 in chips) 
Seat 4: PayTaxOrDie ($100.50 in chips) 
Seat 5: Xenicide ($101.50 in chips) 
Seat 6: Ysiven ($105.40 in chips) 
PayTaxOrDie: posts small blind $0.50
Xenicide: posts big blind $1
Pippa83: sits out 
*** HOLE CARDS ***
Ysiven: folds 
Middo13: folds 
sta$igk: raises $1.50 to $2.50
PayTaxOrDie: folds 
Xenicide: raises $7.50 to $10
sta$igk: raises $13 to $23
Xenicide: folds 
Uncalled bet ($13) returned to sta$igk
sta$igk collected $20.50 from pot
sta$igk: doesn't show hand 
*** SUMMARY ***
Total pot $20.50 | Rake $0 
Seat 1: Pippa83
Seat 2: Middo13 folded before Flop (didn't bet)
Seat 3: sta$igk (button) collected ($20.50)
Seat 4: PayTaxOrDie (small blind) folded before Flop
Seat 5: Xenicide (big blind) folded before Flop
Seat 6: Ysiven folded before Flop (didn't bet)



PokerStars Hand #254750580532:  Hold'em No Limit ($0.50/$1.00 USD) - 2025/02/07 15:48:50 WET [2025/02/07 10:48:50 ET]
Table 'Tatjana II' 6-max Seat #4 is the button
Seat 1: Pippa83 ($100 in chips) is sitting out
Seat 2: Middo13 ($62.53 in chips) 
Seat 3: sta$igk ($111 in chips) 
Seat 4: PayTaxOrDie ($100 in chips) 
Seat 5: Xenicide ($100 in chips) 
Seat 6: Ysiven ($105.40 in chips) 
Xenicide: posts small blind $0.50
Ysiven: posts big blind $1
Pippa83: sits out 
*** HOLE CARDS ***
Middo13: folds 
sta$igk: raises $1.50 to $2.50
PayTaxOrDie: folds 
Xenicide: folds 
Ysiven: folds 
Uncalled bet ($1.50) returned to sta$igk
sta$igk collected $2.50 from pot
sta$igk: doesn't show hand 
*** SUMMARY ***
Total pot $2.50 | Rake $0 
Seat 1: Pippa83
Seat 2: Middo13 folded before Flop (didn't bet)
Seat 3: sta$igk collected ($2.50)
Seat 4: PayTaxOrDie (button) folded before Flop (didn't bet)
Seat 5: Xenicide (small blind) folded before Flop
Seat 6: Ysiven (big blind) folded before Flop



PokerStars Hand #254750583796:  Hold'em No Limit ($0.50/$1.00 USD) - 2025/02/07 15:49:05 WET [2025/02/07 10:49:05 ET]
Table 'Tatjana II' 6-max Seat #5 is the button
Seat 1: Pippa83 ($100 in chips) 
Seat 2: Middo13 ($62.53 in chips) 
Seat 3: sta$igk ($112.50 in chips) 
Seat 4: PayTaxOrDie ($100 in chips) 
Seat 5: Xenicide ($100 in chips) 
Seat 6: Ysiven ($104.40 in chips) 
Ysiven: posts small blind $0.50
Pippa83: posts big blind $1
*** HOLE CARDS ***
Middo13: calls $1
sta$igk: raises $3 to $4
PayTaxOrDie: folds 
Xenicide: folds 
Ysiven: folds 
Pippa83: folds 
Middo13: raises $3 to $7
sta$igk: calls $3
*** FLOP *** [Ts 5s Jc]
Middo13: checks 
sta$igk: checks 
*** TURN *** [Ts 5s Jc] [9c]
Middo13: bets $8.50
sta$igk: calls $8.50
*** RIVER *** [Ts 5s Jc 9c] [9s]
Middo13: checks 
sta$igk: bets $20.69
Middo13: folds 
Uncalled bet ($20.69) returned to sta$igk
sta$igk collected $30.88 from pot
sta$igk: doesn't show hand 
*** SUMMARY ***
Total pot $32.50 | Rake $1.62 
Board [Ts 5s Jc 9c 9s]
Seat 1: Pippa83 (big blind) folded before Flop
Seat 2: Middo13 folded on the River
Seat 3: sta$igk collected ($30.88)
Seat 4: PayTaxOrDie folded before Flop (didn't bet)
Seat 5: Xenicide (button) folded before Flop (didn't bet)
Seat 6: Ysiven (small blind) folded before Flop



PokerStars Hand #254750605412:  Hold'em No Limit ($0.50/$1.00 USD) - 2025/02/07 15:50:45 WET [2025/02/07 10:50:45 ET]
Table 'Tatjana II' 6-max Seat #6 is the button
Seat 1: Pippa83 ($100 in chips) 
Seat 2: Middo13 ($47.03 in chips) 
Seat 3: sta$igk ($127.88 in chips) 
Seat 4: PayTaxOrDie ($100 in chips) 
Seat 5: Xenicide ($100 in chips) 
Seat 6: Ysiven ($103.90 in chips) 
Pippa83: posts small blind $0.50
Middo13: posts big blind $1
*** HOLE CARDS ***
sta$igk: folds 
PayTaxOrDie: folds 
Xenicide: folds 
Ysiven: raises $1.50 to $2.50
Pippa83: folds 
Middo13: calls $1.50
*** FLOP *** [Kh 6d Jc]
Middo13: bets $5
Ysiven: folds 
Uncalled bet ($5) returned to Middo13
Middo13 collected $5.22 from pot
*** SUMMARY ***
Total pot $5.50 | Rake $0.28 
Board [Kh 6d Jc]
Seat 1: Pippa83 (small blind) folded before Flop
Seat 2: Middo13 (big blind) collected ($5.22)
Seat 3: sta$igk folded before Flop (didn't bet)
Seat 4: PayTaxOrDie folded before Flop (didn't bet)
Seat 5: Xenicide folded before Flop (didn't bet)
Seat 6: Ysiven (button) folded on the Flop



PokerStars Hand #254750612593:  Hold'em No Limit ($0.50/$1.00 USD) - 2025/02/07 15:51:17 WET [2025/02/07 10:51:17 ET]
Table 'Tatjana II' 6-max Seat #1 is the button
Seat 1: Pippa83 ($100 in chips) 
Seat 2: Middo13 ($49.75 in chips) 
Seat 3: sta$igk ($127.88 in chips) 
Seat 4: PayTaxOrDie ($100 in chips) 
Seat 5: Xenicide ($100 in chips) 
Seat 6: Ysiven ($101.40 in chips) 
Middo13: posts small blind $0.50
sta$igk: posts big blind $1
*** HOLE CARDS ***
PayTaxOrDie: folds 
Xenicide: folds 
Ysiven: folds 
Pippa83: raises $1.50 to $2.50
Middo13: folds 
sta$igk: raises $9.50 to $12
Pippa83: folds 
Uncalled bet ($9.50) returned to sta$igk
Middo13 leaves the table
sta$igk collected $5.50 from pot
sta$igk: doesn't show hand 
*** SUMMARY ***
Total pot $5.50 | Rake $0 
Seat 1: Pippa83 (button) folded before Flop
Seat 2: Middo13 (small blind) folded before Flop
Seat 3: sta$igk (big blind) collected ($5.50)
Seat 4: PayTaxOrDie folded before Flop (didn't bet)
Seat 5: Xenicide folded before Flop (didn't bet)
Seat 6: Ysiven folded before Flop (didn't bet)



PokerStars Hand #254750619144:  Hold'em No Limit ($0.50/$1.00 USD) - 2025/02/07 15:51:48 WET [2025/02/07 10:51:48 ET]
Table 'Tatjana II' 6-max Seat #3 is the button
Seat 1: Pippa83 ($100 in chips) 
Seat 3: sta$igk ($130.88 in chips) 
Seat 4: PayTaxOrDie ($100 in chips) 
Seat 5: Xenicide ($100 in chips) 
Seat 6: Ysiven ($101.40 in chips) 
PayTaxOrDie: posts small blind $0.50
Xenicide: posts big blind $1
*** HOLE CARDS ***
Ysiven: folds 
Pippa83: raises $1.50 to $2.50
sta$igk: folds 
PayTaxOrDie: folds 
Xenicide: folds 
Uncalled bet ($1.50) returned to Pippa83
Pippa83 collected $2.50 from pot
Pippa83: doesn't show hand 
*** SUMMARY ***
Total pot $2.50 | Rake $0 
Seat 1: Pippa83 collected ($2.50)
Seat 3: sta$igk (button) folded before Flop (didn't bet)
Seat 4: PayTaxOrDie (small blind) folded before Flop
Seat 5: Xenicide (big blind) folded before Flop
Seat 6: Ysiven folded before Flop (didn't bet)



PokerStars Hand #254750621489:  Hold'em No Limit ($0.50/$1.00 USD) - 2025/02/07 15:51:58 WET [2025/02/07 10:51:58 ET]
Table 'Tatjana II' 6-max Seat #4 is the button
Seat 1: Pippa83 ($101.50 in chips) 
Seat 3: sta$igk ($130.88 in chips) 
Seat 4: PayTaxOrDie ($100 in chips) 
Seat 5: Xenicide ($100 in chips) 
Seat 6: Ysiven ($101.40 in chips) 
Xenicide: posts small blind $0.50
Ysiven: posts big blind $1
*** HOLE CARDS ***
Pippa83: folds 
sta$igk: folds 
PayTaxOrDie: folds 
Xenicide: folds 
Uncalled bet ($0.50) returned to Ysiven
Ysiven collected $1 from pot
Ysiven: doesn't show hand 
*** SUMMARY ***
Total pot $1 | Rake $0 
Seat 1: Pippa83 folded before Flop (didn't bet)
Seat 3: sta$igk folded before Flop (didn't bet)
Seat 4: PayTaxOrDie (button) folded before Flop (didn't bet)
Seat 5: Xenicide (small blind) folded before Flop
Seat 6: Ysiven (big blind) collected ($1)



PokerStars Hand #254750623102:  Hold'em No Limit ($0.50/$1.00 USD) - 2025/02/07 15:52:05 WET [2025/02/07 10:52:05 ET]
Table 'Tatjana II' 6-max Seat #5 is the button
Seat 1: Pippa83 ($101.50 in chips) 
Seat 3: sta$igk ($130.88 in chips) 
Seat 4: PayTaxOrDie ($100 in chips) 
Seat 5: Xenicide ($100 in chips) 
Seat 6: Ysiven ($101.90 in chips) 
Ysiven: posts small blind $0.50
Pippa83: posts big blind $1
*** HOLE CARDS ***
sta$igk: raises $1.50 to $2.50
PayTaxOrDie: folds 
Xenicide: folds 
Ysiven: folds 
Pippa83: calls $1.50
*** FLOP *** [2c 5c 8s]
Pippa83: checks 
sta$igk: bets $6.52
AngelovAlexMKD joins the table at seat #2 
Pippa83: calls $6.52
*** TURN *** [2c 5c 8s] [As]
Pippa83: checks 
sta$igk: bets $20.25
Pippa83: calls $20.25
*** RIVER *** [2c 5c 8s As] [Ts]
Pippa83: checks 
sta$igk: checks 
*** SHOW DOWN ***
Pippa83: shows [2h 2s] (three of a kind, Deuces)
sta$igk: mucks hand 
Pippa83 collected $56.54 from pot
*** SUMMARY ***
Total pot $59.04 | Rake $2.50 
Board [2c 5c 8s As Ts]
Seat 1: Pippa83 (big blind) showed [2h 2s] and won ($56.54) with three of a kind, Deuces
Seat 3: sta$igk mucked
Seat 4: PayTaxOrDie folded before Flop (didn't bet)
Seat 5: Xenicide (button) folded before Flop (didn't bet)
Seat 6: Ysiven (small blind) folded before Flop



PokerStars Hand #254750641030:  Hold'em No Limit ($0.50/$1.00 USD) - 2025/02/07 15:53:28 WET [2025/02/07 10:53:28 ET]
Table 'Tatjana II' 6-max Seat #6 is the button
Seat 1: Pippa83 ($128.77 in chips) 
Seat 2: AngelovAlexMKD ($100 in chips) 
Seat 3: sta$igk ($101.61 in chips) 
Seat 4: PayTaxOrDie ($100 in chips) 
Seat 5: Xenicide ($100 in chips) 
Seat 6: Ysiven ($101.40 in chips) 
Pippa83: posts small blind $0.50
AngelovAlexMKD: posts big blind $1
*** HOLE CARDS ***
sta$igk: folds 
PayTaxOrDie: raises $1 to $2
Xenicide: folds 
Ysiven: folds 
sta$igk leaves the table
Pippa83: folds 
AngelovAlexMKD: calls $1
*** FLOP *** [Qh Ac Ad]
AngelovAlexMKD: checks 
PayTaxOrDie: bets $1.07
AngelovAlexMKD: folds 
Uncalled bet ($1.07) returned to PayTaxOrDie
PayTaxOrDie collected $4.28 from pot
PayTaxOrDie: doesn't show hand 
*** SUMMARY ***
Total pot $4.50 | Rake $0.22 
Board [Qh Ac Ad]
Seat 1: Pippa83 (small blind) folded before Flop
Seat 2: AngelovAlexMKD (big blind) folded on the Flop
Seat 3: sta$igk folded before Flop (didn't bet)
Seat 4: PayTaxOrDie collected ($4.28)
Seat 5: Xenicide folded before Flop (didn't bet)
Seat 6: Ysiven (button) folded before Flop (didn't bet)



PokerStars Hand #254750648260:  Hold'em No Limit ($0.50/$1.00 USD) - 2025/02/07 15:54:02 WET [2025/02/07 10:54:02 ET]
Table 'Tatjana II' 6-max Seat #1 is the button
Seat 1: Pippa83 ($128.27 in chips) 
Seat 2: AngelovAlexMKD ($100 in chips) 
Seat 4: PayTaxOrDie ($102.28 in chips) 
Seat 5: Xenicide ($100 in chips) 
Seat 6: Ysiven ($101.40 in chips) 
AngelovAlexMKD: posts small blind $0.50
PayTaxOrDie: posts big blind $1
*** HOLE CARDS ***
Xenicide: folds 
Ysiven: folds 
Pippa83: folds 
AngelovAlexMKD: raises $2 to $3
PayTaxOrDie: folds 
Uncalled bet ($2) returned to AngelovAlexMKD
AngelovAlexMKD collected $2 from pot
AngelovAlexMKD: doesn't show hand 
*** SUMMARY ***
Total pot $2 | Rake $0 
Seat 1: Pippa83 (button) folded before Flop (didn't bet)
Seat 2: AngelovAlexMKD (small blind) collected ($2)
Seat 4: PayTaxOrDie (big blind) folded before Flop
Seat 5: Xenicide folded before Flop (didn't bet)
Seat 6: Ysiven folded before Flop (didn't bet)



PokerStars Hand #254750651517:  Hold'em No Limit ($0.50/$1.00 USD) - 2025/02/07 15:54:17 WET [2025/02/07 10:54:17 ET]
Table 'Tatjana II' 6-max Seat #2 is the button
Seat 1: Pippa83 ($128.27 in chips) 
Seat 2: AngelovAlexMKD ($101 in chips) 
Seat 4: PayTaxOrDie ($101.28 in chips) 
Seat 5: Xenicide ($100 in chips) 
Seat 6: Ysiven ($101.40 in chips) 
PayTaxOrDie: posts small blind $0.50
Xenicide: posts big blind $1
*** HOLE CARDS ***
Ysiven: raises $1 to $2
Pippa83: folds 
AngelovAlexMKD: folds 
PayTaxOrDie: folds 
Xenicide: calls $1
*** FLOP *** [Qc 7d Ts]
Xenicide: checks 
Ysiven: bets $2.57
Xenicide: raises $5.18 to $7.75
Ysiven: calls $5.18
*** TURN *** [Qc 7d Ts] [Jc]
Xenicide: checks 
Ysiven: bets $11.40
Xenicide: folds 
Uncalled bet ($11.40) returned to Ysiven
Ysiven collected $19 from pot
Ysiven: doesn't show hand 
*** SUMMARY ***
Total pot $20 | Rake $1 
Board [Qc 7d Ts Jc]
Seat 1: Pippa83 folded before Flop (didn't bet)
Seat 2: AngelovAlexMKD (button) folded before Flop (didn't bet)
Seat 4: PayTaxOrDie (small blind) folded before Flop
Seat 5: Xenicide (big blind) folded on the Turn
Seat 6: Ysiven collected ($19)



PokerStars Hand #254750669196:  Hold'em No Limit ($0.50/$1.00 USD) - 2025/02/07 15:55:50 WET [2025/02/07 10:55:50 ET]
Table 'Tatjana II' 6-max Seat #4 is the button
Seat 1: Pippa83 ($128.27 in chips) 
Seat 2: AngelovAlexMKD ($101 in chips) 
Seat 4: PayTaxOrDie ($100.78 in chips) 
Seat 5: Xenicide ($100 in chips) 
Seat 6: Ysiven ($110.65 in chips) 
Xenicide: posts small blind $0.50
Ysiven: posts big blind $1
*** HOLE CARDS ***
Pippa83: folds 
AngelovAlexMKD is disconnected 
AngelovAlexMKD has timed out while being disconnected
AngelovAlexMKD: folds 
PayTaxOrDie: folds 
Xenicide: raises $2.50 to $3.50
Ysiven: folds 
Uncalled bet ($2.50) returned to Xenicide
Xenicide collected $2 from pot
*** SUMMARY ***
Total pot $2 | Rake $0 
Seat 1: Pippa83 folded before Flop (didn't bet)
Seat 2: AngelovAlexMKD folded before Flop (didn't bet)
Seat 4: PayTaxOrDie (button) folded before Flop (didn't bet)
Seat 5: Xenicide (small blind) collected ($2)
Seat 6: Ysiven (big blind) folded before Flop



PokerStars Hand #254750676491:  Hold'em No Limit ($0.50/$1.00 USD) - 2025/02/07 15:56:35 WET [2025/02/07 10:56:35 ET]
Table 'Tatjana II' 6-max Seat #5 is the button
Seat 1: Pippa83 ($128.27 in chips) is sitting out
Seat 2: AngelovAlexMKD ($101 in chips) 
Seat 4: PayTaxOrDie ($100.78 in chips) 
Seat 5: Xenicide ($101 in chips) 
Seat 6: Ysiven ($109.65 in chips) 
Ysiven: posts small blind $0.50
Pippa83: is sitting out 
AngelovAlexMKD: posts big blind $1
*** HOLE CARDS ***
PayTaxOrDie: folds 
Pippa83 leaves the table
Xenicide: raises $1.25 to $2.25
Ysiven: folds 
AngelovAlexMKD: calls $1.25
*** FLOP *** [3d 7h 3s]
AngelovAlexMKD: checks 
Xenicide: checks 
*** TURN *** [3d 7h 3s] [3h]
AngelovAlexMKD: checks 
Xenicide: checks 
*** RIVER *** [3d 7h 3s 3h] [Jh]
AngelovAlexMKD: checks 
Xenicide: bets $3.56
AngelovAlexMKD: folds 
Uncalled bet ($3.56) returned to Xenicide
Xenicide collected $4.75 from pot
*** SUMMARY ***
Total pot $5 | Rake $0.25 
Board [3d 7h 3s 3h Jh]
Seat 1: Pippa83
Seat 2: AngelovAlexMKD (big blind) folded on the River
Seat 4: PayTaxOrDie folded before Flop (didn't bet)
Seat 5: Xenicide (button) collected ($4.75)
Seat 6: Ysiven (small blind) folded before Flop



PokerStars Hand #254750689573:  Hold'em No Limit ($0.50/$1.00 USD) - 2025/02/07 15:57:54 WET [2025/02/07 10:57:54 ET]
Table 'Tatjana II' 6-max Seat #6 is the button
Seat 2: AngelovAlexMKD ($100 in chips) 
Seat 4: PayTaxOrDie ($100.78 in chips) 
Seat 5: Xenicide ($103.50 in chips) 
Seat 6: Ysiven ($109.15 in chips) 
AngelovAlexMKD: posts small blind $0.50
PayTaxOrDie: posts big blind $1
*** HOLE CARDS ***
Xenicide: folds 
Ysiven: folds 
AngelovAlexMKD: raises $2 to $3
PayTaxOrDie: calls $2
*** FLOP *** [3s Jc Td]
AngelovAlexMKD: bets $1.88
PayTaxOrDie: raises $4.73 to $6.61
AngelovAlexMKD: calls $4.73
*** TURN *** [3s Jc Td] [Ts]
AngelovAlexMKD: checks 
PayTaxOrDie: bets $12.05
AngelovAlexMKD: calls $12.05
*** RIVER *** [3s Jc Td Ts] [5d]
AngelovAlexMKD: checks 
PayTaxOrDie: checks 
*** SHOW DOWN ***
AngelovAlexMKD: shows [Ks Jh] (two pair, Jacks and Tens)
PayTaxOrDie: shows [Js Ad] (two pair, Jacks and Tens - Ace kicker)
PayTaxOrDie collected $42.32 from pot
*** SUMMARY ***
Total pot $43.32 | Rake $1 
Board [3s Jc Td Ts 5d]
Seat 2: AngelovAlexMKD (small blind) showed [Ks Jh] and lost with two pair, Jacks and Tens
Seat 4: PayTaxOrDie (big blind) showed [Js Ad] and won ($42.32) with two pair, Jacks and Tens
Seat 5: Xenicide folded before Flop (didn't bet)
Seat 6: Ysiven (button) folded before Flop (didn't bet)



PokerStars Hand #254750701929:  Hold'em No Limit ($0.50/$1.00 USD) - 2025/02/07 15:59:09 WET [2025/02/07 10:59:09 ET]
Table 'Tatjana II' 6-max Seat #2 is the button
Seat 2: AngelovAlexMKD ($100 in chips) 
Seat 4: PayTaxOrDie ($121.44 in chips) 
Seat 5: Xenicide ($103.50 in chips) 
Seat 6: Ysiven ($109.15 in chips) 
PayTaxOrDie: posts small blind $0.50
Xenicide: posts big blind $1
*** HOLE CARDS ***
Ysiven: raises $1.30 to $2.30
AngelovAlexMKD: folds 
PayTaxOrDie: raises $8.20 to $10.50
Xenicide: folds 
Ysiven: calls $8.20
*** FLOP *** [Jc Ah Ac]
PayTaxOrDie: bets $6.93
Ysiven: calls $6.93
*** TURN *** [Jc Ah Ac] [6d]
PayTaxOrDie: checks 
Ysiven: checks 
*** RIVER *** [Jc Ah Ac 6d] [6h]
PayTaxOrDie: bets $23.01
Ysiven: folds 
Uncalled bet ($23.01) returned to PayTaxOrDie
PayTaxOrDie collected $34.86 from pot
PayTaxOrDie: doesn't show hand 
*** SUMMARY ***
Total pot $35.86 | Rake $1 
Board [Jc Ah Ac 6d 6h]
Seat 2: AngelovAlexMKD (button) folded before Flop (didn't bet)
Seat 4: PayTaxOrDie (small blind) collected ($34.86)
Seat 5: Xenicide (big blind) folded before Flop
Seat 6: Ysiven folded on the River



PokerStars Hand #254750719922:  Hold'em No Limit ($0.50/$1.00 USD) - 2025/02/07 16:00:52 WET [2025/02/07 11:00:52 ET]
Table 'Tatjana II' 6-max Seat #4 is the button
Seat 2: AngelovAlexMKD ($100 in chips) 
Seat 4: PayTaxOrDie ($138.87 in chips) 
Seat 5: Xenicide ($102.50 in chips) 
Seat 6: Ysiven ($100 in chips) 
Xenicide: posts small blind $0.50
Ysiven: posts big blind $1
*** HOLE CARDS ***
AngelovAlexMKD: folds 
PayTaxOrDie: folds 
Xenicide: raises $2.50 to $3.50
Ysiven: calls $2.50
*** FLOP *** [Ts 4c 5s]
Xenicide: checks 
Ysiven: checks 
*** TURN *** [Ts 4c 5s] [6s]
Xenicide: bets $8.31
Ysiven: calls $8.31
*** RIVER *** [Ts 4c 5s 6s] [6h]
Xenicide: checks 
Ysiven: bets $22.62
Xenicide: folds 
Uncalled bet ($22.62) returned to Ysiven
Ysiven collected $22.62 from pot
Ysiven: doesn't show hand 
*** SUMMARY ***
Total pot $23.62 | Rake $1 
Board [Ts 4c 5s 6s 6h]
Seat 2: AngelovAlexMKD folded before Flop (didn't bet)
Seat 4: PayTaxOrDie (button) folded before Flop (didn't bet)
Seat 5: Xenicide (small blind) folded on the River
Seat 6: Ysiven (big blind) collected ($22.62)



PokerStars Hand #254750741700:  Hold'em No Limit ($0.50/$1.00 USD) - 2025/02/07 16:02:36 WET [2025/02/07 11:02:36 ET]
Table 'Tatjana II' 6-max Seat #5 is the button
Seat 2: AngelovAlexMKD ($100 in chips) 
Seat 4: PayTaxOrDie ($138.87 in chips) 
Seat 5: Xenicide ($100 in chips) 
Seat 6: Ysiven ($110.81 in chips) 
Ysiven: posts small blind $0.50
AngelovAlexMKD: posts big blind $1
*** HOLE CARDS ***
PayTaxOrDie: folds 
Xenicide: raises $1.25 to $2.25
Ysiven: folds 
AngelovAlexMKD: calls $1.25
*** FLOP *** [9d Qc Kc]
AngelovAlexMKD: checks 
Xenicide: bets $1.19
AngelovAlexMKD: calls $1.19
*** TURN *** [9d Qc Kc] [8h]
S3MPR3IGUAL joins the table at seat #3 
AngelovAlexMKD: checks 
Xenicide: bets $10.52
AngelovAlexMKD: folds 
Uncalled bet ($10.52) returned to Xenicide
Xenicide collected $7.01 from pot
*** SUMMARY ***
Total pot $7.38 | Rake $0.37 
Board [9d Qc Kc 8h]
Seat 2: AngelovAlexMKD (big blind) folded on the Turn
Seat 4: PayTaxOrDie folded before Flop (didn't bet)
Seat 5: Xenicide (button) collected ($7.01)
Seat 6: Ysiven (small blind) folded before Flop



PokerStars Hand #254750752544:  Hold'em No Limit ($0.50/$1.00 USD) - 2025/02/07 16:03:26 WET [2025/02/07 11:03:26 ET]
Table 'Tatjana II' 6-max Seat #6 is the button
Seat 2: AngelovAlexMKD ($100 in chips) 
Seat 3: S3MPR3IGUAL ($100 in chips) 
Seat 4: PayTaxOrDie ($138.87 in chips) 
Seat 5: Xenicide ($103.57 in chips) 
Seat 6: Ysiven ($110.31 in chips) 
AngelovAlexMKD: posts small blind $0.50
S3MPR3IGUAL: posts big blind $1
*** HOLE CARDS ***
PayTaxOrDie: folds 
Xenicide: folds 
Ysiven: folds 
AngelovAlexMKD: folds 
Uncalled bet ($0.50) returned to S3MPR3IGUAL
S3MPR3IGUAL collected $1 from pot
S3MPR3IGUAL: doesn't show hand 
*** SUMMARY ***
Total pot $1 | Rake $0 
Seat 2: AngelovAlexMKD (small blind) folded before Flop
Seat 3: S3MPR3IGUAL (big blind) collected ($1)
Seat 4: PayTaxOrDie folded before Flop (didn't bet)
Seat 5: Xenicide folded before Flop (didn't bet)
Seat 6: Ysiven (button) folded before Flop (didn't bet)



PokerStars Hand #254750755166:  Hold'em No Limit ($0.50/$1.00 USD) - 2025/02/07 16:03:38 WET [2025/02/07 11:03:38 ET]
Table 'Tatjana II' 6-max Seat #2 is the button
Seat 4: PayTaxOrDie ($138.87 in chips) is sitting out
Seat 2: AngelovAlexMKD ($100 in chips) 
Seat 3: S3MPR3IGUAL ($100.50 in chips) 
Seat 5: Xenicide ($103.57 in chips) 
Seat 6: Ysiven ($110.31 in chips) 
S3MPR3IGUAL: posts small blind $0.50
PayTaxOrDie: is sitting out 
Xenicide: posts big blind $1
*** HOLE CARDS ***
Ysiven: folds 
PayTaxOrDie leaves the table
AngelovAlexMKD: folds 
S3MPR3IGUAL: raises $2 to $3
Xenicide: calls $2
*** FLOP *** [7c Ad 8s]
S3MPR3IGUAL: bets $1.60
Xenicide: raises $4.90 to $6.50
S3MPR3IGUAL: folds 
Uncalled bet ($4.90) returned to Xenicide
Xenicide collected $8.74 from pot
*** SUMMARY ***
Total pot $9.20 | Rake $0.46 
Board [7c Ad 8s]
Seat 4: PayTaxOrDie
Seat 2: AngelovAlexMKD (button) folded before Flop (didn't bet)
Seat 3: S3MPR3IGUAL (small blind) folded on the Flop
Seat 5: Xenicide (big blind) collected ($8.74)
Seat 6: Ysiven folded before Flop (didn't bet)



PokerStars Hand #254750763338:  Hold'em No Limit ($0.50/$1.00 USD) - 2025/02/07 16:04:15 WET [2025/02/07 11:04:15 ET]
Table 'Tatjana II' 6-max Seat #3 is the button
Seat 2: AngelovAlexMKD ($100 in chips) 
Seat 3: S3MPR3IGUAL ($100 in chips) 
Seat 5: Xenicide ($107.71 in chips) 
Seat 6: Ysiven ($110.31 in chips) 
Xenicide: posts small blind $0.50
Ysiven: posts big blind $1
*** HOLE CARDS ***
AngelovAlexMKD: folds 
S3MPR3IGUAL: folds 
Xenicide: raises $2.50 to $3.50
Ysiven: calls $2.50
*** FLOP *** [Ts Ac Td]
Xenicide: checks 
Ysiven: checks 
*** TURN *** [Ts Ac Td] [6d]
Xenicide: bets $8.31
S3MPR3IGUAL leaves the table
Ysiven: folds 
Uncalled bet ($8.31) returned to Xenicide
Xenicide collected $6.65 from pot
Xenicide: doesn't show hand 
*** SUMMARY ***
Total pot $7 | Rake $0.35 
Board [Ts Ac Td 6d]
Seat 2: AngelovAlexMKD folded before Flop (didn't bet)
Seat 3: S3MPR3IGUAL (button) folded before Flop (didn't bet)
Seat 5: Xenicide (small blind) collected ($6.65)
Seat 6: Ysiven (big blind) folded on the Turn



PokerStars Hand #254750778483:  Hold'em No Limit ($0.50/$1.00 USD) - 2025/02/07 16:05:25 WET [2025/02/07 11:05:25 ET]
Table 'Tatjana II' 6-max Seat #5 is the button
Seat 2: AngelovAlexMKD ($100 in chips) 
Seat 5: Xenicide ($110.86 in chips) 
Seat 6: Ysiven ($106.81 in chips) 
Ysiven: posts small blind $0.50
AngelovAlexMKD: posts big blind $1
*** HOLE CARDS ***
Xenicide: folds 
Ysiven: raises $2 to $3
AngelovAlexMKD: folds 
Uncalled bet ($2) returned to Ysiven
Ysiven collected $2 from pot
Ysiven: doesn't show hand 
*** SUMMARY ***
Total pot $2 | Rake $0 
Seat 2: AngelovAlexMKD (big blind) folded before Flop
Seat 5: Xenicide (button) folded before Flop (didn't bet)
Seat 6: Ysiven (small blind) collected ($2)



PokerStars Hand #254750781780:  Hold'em No Limit ($0.50/$1.00 USD) - 2025/02/07 16:05:39 WET [2025/02/07 11:05:39 ET]
Table 'Tatjana II' 6-max Seat #6 is the button
Seat 2: AngelovAlexMKD ($100 in chips) 
Seat 5: Xenicide ($110.86 in chips) 
Seat 6: Ysiven ($107.81 in chips) 
AngelovAlexMKD: posts small blind $0.50
Xenicide: posts big blind $1
*** HOLE CARDS ***
Ysiven: raises $1.50 to $2.50
AngelovAlexMKD: folds 
Xenicide: folds 
Uncalled bet ($1.50) returned to Ysiven
Ysiven collected $2.50 from pot
Ysiven: doesn't show hand 
*** SUMMARY ***
Total pot $2.50 | Rake $0 
Seat 2: AngelovAlexMKD (small blind) folded before Flop
Seat 5: Xenicide (big blind) folded before Flop
Seat 6: Ysiven (button) collected ($2.50)



PokerStars Hand #254750787522:  Hold'em No Limit ($0.50/$1.00 USD) - 2025/02/07 16:06:06 WET [2025/02/07 11:06:06 ET]
Table 'Tatjana II' 6-max Seat #2 is the button
Seat 2: AngelovAlexMKD ($100 in chips) 
Seat 5: Xenicide ($109.86 in chips) 
Seat 6: Ysiven ($109.31 in chips) 
Xenicide: posts small blind $0.50
Ysiven: posts big blind $1
*** HOLE CARDS ***
AngelovAlexMKD: folds 
Xenicide: raises $2.50 to $3.50
Ysiven: raises $6.50 to $10
Xenicide: folds 
Uncalled bet ($6.50) returned to Ysiven
Ysiven collected $7 from pot
Ysiven: doesn't show hand 
*** SUMMARY ***
Total pot $7 | Rake $0 
Seat 2: AngelovAlexMKD (button) folded before Flop (didn't bet)
Seat 5: Xenicide (small blind) folded before Flop
Seat 6: Ysiven (big blind) collected ($7)



PokerStars Hand #254750795279:  Hold'em No Limit ($0.50/$1.00 USD) - 2025/02/07 16:06:41 WET [2025/02/07 11:06:41 ET]
Table 'Tatjana II' 6-max Seat #5 is the button
Seat 2: AngelovAlexMKD ($100 in chips) 
Seat 5: Xenicide ($106.36 in chips) 
Seat 6: Ysiven ($112.81 in chips) 
Ysiven: posts small blind $0.50
AngelovAlexMKD: posts big blind $1
*** HOLE CARDS ***
Xenicide: raises $1.25 to $2.25
Ysiven: raises $8.25 to $10.50
AngelovAlexMKD: folds 
Xenicide: folds 
Uncalled bet ($8.25) returned to Ysiven
Ysiven collected $5.50 from pot
Ysiven: doesn't show hand 
*** SUMMARY ***
Total pot $5.50 | Rake $0 
Seat 2: AngelovAlexMKD (big blind) folded before Flop
Seat 5: Xenicide (button) folded before Flop
Seat 6: Ysiven (small blind) collected ($5.50)



PokerStars Hand #254750800967:  Hold'em No Limit ($0.50/$1.00 USD) - 2025/02/07 16:07:07 WET [2025/02/07 11:07:07 ET]
Table 'Tatjana II' 6-max Seat #6 is the button
Seat 2: AngelovAlexMKD ($100 in chips) 
Seat 5: Xenicide ($104.11 in chips) 
Seat 6: Ysiven ($116.06 in chips) 
AngelovAlexMKD: posts small blind $0.50
Xenicide: posts big blind $1
*** HOLE CARDS ***
Ysiven: raises $1.50 to $2.50
AngelovAlexMKD: folds 
Xenicide: folds 
Uncalled bet ($1.50) returned to Ysiven
Ysiven collected $2.50 from pot
Ysiven: doesn't show hand 
*** SUMMARY ***
Total pot $2.50 | Rake $0 
Seat 2: AngelovAlexMKD (small blind) folded before Flop
Seat 5: Xenicide (big blind) folded before Flop
Seat 6: Ysiven (button) collected ($2.50)



PokerStars Hand #254750804472:  Hold'em No Limit ($0.50/$1.00 USD) - 2025/02/07 16:07:23 WET [2025/02/07 11:07:23 ET]
Table 'Tatjana II' 6-max Seat #2 is the button
Seat 2: AngelovAlexMKD ($100 in chips) 
Seat 5: Xenicide ($103.11 in chips) 
Seat 6: Ysiven ($117.56 in chips) 
Xenicide: posts small blind $0.50
Ysiven: posts big blind $1
*** HOLE CARDS ***
AngelovAlexMKD: raises $1.50 to $2.50
Xenicide: folds 
Ysiven: folds 
Uncalled bet ($1.50) returned to AngelovAlexMKD
AngelovAlexMKD collected $2.50 from pot
AngelovAlexMKD: doesn't show hand 
*** SUMMARY ***
Total pot $2.50 | Rake $0 
Seat 2: AngelovAlexMKD (button) collected ($2.50)
Seat 5: Xenicide (small blind) folded before Flop
Seat 6: Ysiven (big blind) folded before Flop



PokerStars Hand #254750806793:  Hold'em No Limit ($0.50/$1.00 USD) - 2025/02/07 16:07:33 WET [2025/02/07 11:07:33 ET]
Table 'Tatjana II' 6-max Seat #5 is the button
Seat 2: AngelovAlexMKD ($101.50 in chips) 
Seat 5: Xenicide ($102.61 in chips) 
Seat 6: Ysiven ($116.56 in chips) 
Ysiven: posts small blind $0.50
AngelovAlexMKD: posts big blind $1
*** HOLE CARDS ***
Xenicide: folds 
Ysiven: folds 
Uncalled bet ($0.50) returned to AngelovAlexMKD
AngelovAlexMKD collected $1 from pot
AngelovAlexMKD: doesn't show hand 
*** SUMMARY ***
Total pot $1 | Rake $0 
Seat 2: AngelovAlexMKD (big blind) collected ($1)
Seat 5: Xenicide (button) folded before Flop (didn't bet)
Seat 6: Ysiven (small blind) folded before Flop



PokerStars Hand #254750808818:  Hold'em No Limit ($0.50/$1.00 USD) - 2025/02/07 16:07:42 WET [2025/02/07 11:07:42 ET]
Table 'Tatjana II' 6-max Seat #6 is the button
Seat 2: AngelovAlexMKD ($102 in chips) 
Seat 5: Xenicide ($102.61 in chips) 
Seat 6: Ysiven ($116.06 in chips) 
AngelovAlexMKD: posts small blind $0.50
Xenicide: posts big blind $1
*** HOLE CARDS ***
Ysiven: raises $1.50 to $2.50
AngelovAlexMKD: folds 
Xenicide: calls $1.50
*** FLOP *** [Kh 3s 9s]
Xenicide: bets $1.62
Ysiven: folds 
Uncalled bet ($1.62) returned to Xenicide
Xenicide collected $5.22 from pot
*** SUMMARY ***
Total pot $5.50 | Rake $0.28 
Board [Kh 3s 9s]
Seat 2: AngelovAlexMKD (small blind) folded before Flop
Seat 5: Xenicide (big blind) collected ($5.22)
Seat 6: Ysiven (button) folded on the Flop



PokerStars Hand #254750815536:  Hold'em No Limit ($0.50/$1.00 USD) - 2025/02/07 16:08:13 WET [2025/02/07 11:08:13 ET]
Table 'Tatjana II' 6-max Seat #2 is the button
Seat 2: AngelovAlexMKD ($101.50 in chips) 
Seat 5: Xenicide ($105.33 in chips) 
Seat 6: Ysiven ($113.56 in chips) 
Xenicide: posts small blind $0.50
Ysiven: posts big blind $1
*** HOLE CARDS ***
AngelovAlexMKD: raises $1.50 to $2.50
Xenicide: folds 
Ysiven: calls $1.50
*** FLOP *** [Ah 6d 8s]
Ysiven: checks 
AngelovAlexMKD: bets $1.72
Ysiven: calls $1.72
*** TURN *** [Ah 6d 8s] [3h]
Ysiven: checks 
AngelovAlexMKD: bets $5.60
Ysiven: folds 
Uncalled bet ($5.60) returned to AngelovAlexMKD
AngelovAlexMKD collected $8.38 from pot
AngelovAlexMKD: doesn't show hand 
*** SUMMARY ***
Total pot $8.94 | Rake $0.56 
Board [Ah 6d 8s 3h]
Seat 2: AngelovAlexMKD (button) collected ($8.38)
Seat 5: Xenicide (small blind) folded before Flop
Seat 6: Ysiven (big blind) folded on the Turn



PokerStars Hand #254750825328:  Hold'em No Limit ($0.50/$1.00 USD) - 2025/02/07 16:08:57 WET [2025/02/07 11:08:57 ET]
Table 'Tatjana II' 6-max Seat #5 is the button
Seat 2: AngelovAlexMKD ($105.66 in chips) 
Seat 5: Xenicide ($104.83 in chips) 
Seat 6: Ysiven ($109.34 in chips) 
Ysiven: posts small blind $0.50
AngelovAlexMKD: posts big blind $1
*** HOLE CARDS ***
Xenicide: folds 
Ysiven: raises $2 to $3
AngelovAlexMKD: calls $2
*** FLOP *** [Td 3c 8d]
Ysiven: checks 
AngelovAlexMKD: bets $2.85
Ysiven: calls $2.85
*** TURN *** [Td 3c 8d] [8c]
Ysiven: checks 
AngelovAlexMKD: bets $16.68
Espada Fish joins the table at seat #4 
coeeeelho joins the table at seat #3 
Ysiven: folds 
Uncalled bet ($16.68) returned to AngelovAlexMKD
AngelovAlexMKD collected $10.98 from pot
AngelovAlexMKD: doesn't show hand 
*** SUMMARY ***
Total pot $11.70 | Rake $0.72 
Board [Td 3c 8d 8c]
Seat 2: AngelovAlexMKD (big blind) collected ($10.98)
Seat 5: Xenicide (button) folded before Flop (didn't bet)
Seat 6: Ysiven (small blind) folded on the Turn



PokerStars Hand #254750840653:  Hold'em No Limit ($0.50/$1.00 USD) - 2025/02/07 16:10:08 WET [2025/02/07 11:10:08 ET]
Table 'Tatjana II' 6-max Seat #6 is the button
Seat 4: Espada Fish ($100 in chips) is sitting out
Seat 2: AngelovAlexMKD ($110.79 in chips) 
Seat 3: coeeeelho ($100 in chips) 
Seat 5: Xenicide ($104.83 in chips) 
Seat 6: Ysiven ($103.49 in chips) 
AngelovAlexMKD: posts small blind $0.50
coeeeelho: posts big blind $1
Espada Fish: sits out 
*** HOLE CARDS ***
Xenicide: folds 
Ysiven: folds 
AngelovAlexMKD: folds 
Uncalled bet ($0.50) returned to coeeeelho
coeeeelho collected $1 from pot
*** SUMMARY ***
Total pot $1 | Rake $0 
Seat 4: Espada Fish
Seat 2: AngelovAlexMKD (small blind) folded before Flop
Seat 3: coeeeelho (big blind) collected ($1)
Seat 5: Xenicide folded before Flop (didn't bet)
Seat 6: Ysiven (button) folded before Flop (didn't bet)



PokerStars Hand #254750842943:  Hold'em No Limit ($0.50/$1.00 USD) - 2025/02/07 16:10:18 WET [2025/02/07 11:10:18 ET]
Table 'Tatjana II' 6-max Seat #2 is the button
Seat 2: AngelovAlexMKD ($110.29 in chips) 
Seat 3: coeeeelho ($100.50 in chips) 
Seat 4: Espada Fish ($100 in chips) 
Seat 5: Xenicide ($104.83 in chips) 
Seat 6: Ysiven ($103.49 in chips) 
coeeeelho: posts small blind $0.50
Espada Fish: posts big blind $1
*** HOLE CARDS ***
Xenicide: folds 
Ysiven: folds 
AngelovAlexMKD: raises $1.50 to $2.50
coeeeelho: folds 
Espada Fish: calls $1.50
*** FLOP *** [Kc 9s Kh]
Espada Fish: checks 
AngelovAlexMKD: bets $1.72
Espada Fish: calls $1.72
*** TURN *** [Kc 9s Kh] [Ah]
Espada Fish: checks 
AngelovAlexMKD: bets $5.60
Helvetia07 joins the table at seat #1 
Espada Fish: raises $14.77 to $20.37
AngelovAlexMKD: calls $14.77
*** RIVER *** [Kc 9s Kh Ah] [Jd]
Espada Fish: bets $23.60
AngelovAlexMKD: folds 
Uncalled bet ($23.60) returned to Espada Fish
Espada Fish collected $47.20 from pot
Espada Fish: doesn't show hand 
*** SUMMARY ***
Total pot $49.68 | Rake $2.48 
Board [Kc 9s Kh Ah Jd]
Seat 2: AngelovAlexMKD (button) folded on the River
Seat 3: coeeeelho (small blind) folded before Flop
Seat 4: Espada Fish (big blind) collected ($47.20)
Seat 5: Xenicide folded before Flop (didn't bet)
Seat 6: Ysiven folded before Flop (didn't bet)



PokerStars Hand #254750875180:  Hold'em No Limit ($0.50/$1.00 USD) - 2025/02/07 16:12:44 WET [2025/02/07 11:12:44 ET]
Table 'Tatjana II' 6-max Seat #3 is the button
Seat 1: Helvetia07 ($45 in chips) 
Seat 2: AngelovAlexMKD ($100 in chips) 
Seat 3: coeeeelho ($100 in chips) 
Seat 4: Espada Fish ($122.61 in chips) 
Seat 5: Xenicide ($104.83 in chips) 
Seat 6: Ysiven ($103.49 in chips) 
Espada Fish: posts small blind $0.50
Xenicide: posts big blind $1
Helvetia07: posts big blind $1
*** HOLE CARDS ***
Ysiven: folds 
Helvetia07: checks 
AngelovAlexMKD: raises $2.50 to $3.50
coeeeelho: folds 
Espada Fish: folds 
Xenicide: folds 
Helvetia07: folds 
Uncalled bet ($2.50) returned to AngelovAlexMKD
AngelovAlexMKD collected $3.50 from pot
AngelovAlexMKD: doesn't show hand 
*** SUMMARY ***
Total pot $3.50 | Rake $0 
Seat 1: Helvetia07 folded before Flop (didn't bet)
Seat 2: AngelovAlexMKD collected ($3.50)
Seat 3: coeeeelho (button) folded before Flop (didn't bet)
Seat 4: Espada Fish (small blind) folded before Flop
Seat 5: Xenicide (big blind) folded before Flop
Seat 6: Ysiven folded before Flop (didn't bet)



PokerStars Hand #254750880812:  Hold'em No Limit ($0.50/$1.00 USD) - 2025/02/07 16:13:09 WET [2025/02/07 11:13:09 ET]
Table 'Tatjana II' 6-max Seat #4 is the button
Seat 1: Helvetia07 ($44 in chips) 
Seat 2: AngelovAlexMKD ($102.50 in chips) 
Seat 3: coeeeelho ($100 in chips) 
Seat 4: Espada Fish ($122.11 in chips) 
Seat 5: Xenicide ($103.83 in chips) 
Seat 6: Ysiven ($103.49 in chips) 
Xenicide: posts small blind $0.50
Ysiven: posts big blind $1
*** HOLE CARDS ***
Helvetia07: folds 
AngelovAlexMKD has timed out
AngelovAlexMKD: folds 
coeeeelho: folds 
Espada Fish: folds 
Xenicide: folds 
Uncalled bet ($0.50) returned to Ysiven
Ysiven collected $1 from pot
Ysiven: doesn't show hand 
*** SUMMARY ***
Total pot $1 | Rake $0 
Seat 1: Helvetia07 folded before Flop (didn't bet)
Seat 2: AngelovAlexMKD folded before Flop (didn't bet)
Seat 3: coeeeelho folded before Flop (didn't bet)
Seat 4: Espada Fish (button) folded before Flop (didn't bet)
Seat 5: Xenicide (small blind) folded before Flop
Seat 6: Ysiven (big blind) collected ($1)



PokerStars Hand #254750886753:  Hold'em No Limit ($0.50/$1.00 USD) - 2025/02/07 16:13:36 WET [2025/02/07 11:13:36 ET]
Table 'Tatjana II' 6-max Seat #5 is the button
Seat 2: AngelovAlexMKD ($102.50 in chips) is sitting out
Seat 1: Helvetia07 ($44 in chips) 
Seat 3: coeeeelho ($100 in chips) 
Seat 4: Espada Fish ($122.11 in chips) 
Seat 5: Xenicide ($103.33 in chips) 
Seat 6: Ysiven ($103.99 in chips) 
Ysiven: posts small blind $0.50
Helvetia07: posts big blind $1
*** HOLE CARDS ***
AngelovAlexMKD is disconnected 
coeeeelho: raises $1.20 to $2.20
Espada Fish: raises $5.30 to $7.50
Xenicide: folds 
Ysiven: folds 
Helvetia07: folds 
coeeeelho: folds 
Uncalled bet ($5.30) returned to Espada Fish
Espada Fish collected $5.90 from pot
Espada Fish: doesn't show hand 
*** SUMMARY ***
Total pot $5.90 | Rake $0 
Seat 2: AngelovAlexMKD
Seat 1: Helvetia07 (big blind) folded before Flop
Seat 3: coeeeelho folded before Flop
Seat 4: Espada Fish collected ($5.90)
Seat 5: Xenicide (button) folded before Flop (didn't bet)
Seat 6: Ysiven (small blind) folded before Flop



PokerStars Hand #254750893810:  Hold'em No Limit ($0.50/$1.00 USD) - 2025/02/07 16:14:08 WET [2025/02/07 11:14:08 ET]
Table 'Tatjana II' 6-max Seat #6 is the button
Seat 2: AngelovAlexMKD ($102.50 in chips) is sitting out
Seat 1: Helvetia07 ($43 in chips) 
Seat 3: coeeeelho ($100 in chips) 
Seat 4: Espada Fish ($125.81 in chips) 
Seat 5: Xenicide ($103.33 in chips) 
Seat 6: Ysiven ($103.49 in chips) 
Helvetia07: posts small blind $0.50
coeeeelho: posts big blind $1
*** HOLE CARDS ***
Espada Fish: folds 
Xenicide: raises $1 to $2
Ysiven: folds 
Helvetia07: folds 
coeeeelho: folds 
Uncalled bet ($1) returned to Xenicide
Xenicide collected $2.50 from pot
*** SUMMARY ***
Total pot $2.50 | Rake $0 
Seat 2: AngelovAlexMKD
Seat 1: Helvetia07 (small blind) folded before Flop
Seat 3: coeeeelho (big blind) folded before Flop
Seat 4: Espada Fish folded before Flop (didn't bet)
Seat 5: Xenicide collected ($2.50)
Seat 6: Ysiven (button) folded before Flop (didn't bet)



PokerStars Hand #254750897731:  Hold'em No Limit ($0.50/$1.00 USD) - 2025/02/07 16:14:26 WET [2025/02/07 11:14:26 ET]
Table 'Tatjana II' 6-max Seat #1 is the button
Seat 2: AngelovAlexMKD ($102.50 in chips) is sitting out
Seat 1: Helvetia07 ($42.50 in chips) 
Seat 3: coeeeelho ($100 in chips) 
Seat 4: Espada Fish ($125.81 in chips) 
Seat 5: Xenicide ($104.83 in chips) 
Seat 6: Ysiven ($103.49 in chips) 
coeeeelho: posts small blind $0.50
Espada Fish: posts big blind $1
*** HOLE CARDS ***
Xenicide: raises $1 to $2
Ysiven: folds 
Helvetia07: folds 
coeeeelho: folds 
Espada Fish: calls $1
*** FLOP *** [9c As 8s]
Espada Fish: checks 
Xenicide: bets $1.07
Espada Fish: calls $1.07
*** TURN *** [9c As 8s] [Ad]
Espada Fish: checks 
Xenicide: checks 
*** RIVER *** [9c As 8s Ad] [5d]
Espada Fish: bets $2.08
Xenicide: calls $2.08
*** SHOW DOWN ***
Espada Fish: shows [Qh 8h] (two pair, Aces and Eights)
Xenicide: shows [Td Tc] (two pair, Aces and Tens)
Xenicide collected $10.26 from pot
AngelovAlexMKD leaves the table
*** SUMMARY ***
Total pot $10.80 | Rake $0.54 
Board [9c As 8s Ad 5d]
Seat 2: AngelovAlexMKD
Seat 1: Helvetia07 (button) folded before Flop (didn't bet)
Seat 3: coeeeelho (small blind) folded before Flop
Seat 4: Espada Fish (big blind) showed [Qh 8h] and lost with two pair, Aces and Eights
Seat 5: Xenicide showed [Td Tc] and won ($10.26) with two pair, Aces and Tens
Seat 6: Ysiven folded before Flop (didn't bet)



PokerStars Hand #254750918440:  Hold'em No Limit ($0.50/$1.00 USD) - 2025/02/07 16:15:59 WET [2025/02/07 11:15:59 ET]
Table 'Tatjana II' 6-max Seat #3 is the button
Seat 1: Helvetia07 ($42.50 in chips) 
Seat 3: coeeeelho ($100 in chips) 
Seat 4: Espada Fish ($120.66 in chips) 
Seat 5: Xenicide ($109.94 in chips) 
Seat 6: Ysiven ($103.49 in chips) 
Espada Fish: posts small blind $0.50
Xenicide: posts big blind $1
*** HOLE CARDS ***
gig.gyty joins the table at seat #2 
Ysiven: raises $1 to $2
Helvetia07: folds 
coeeeelho: folds 
Espada Fish: folds 
Xenicide: calls $1
*** FLOP *** [6d 5s 4h]
Xenicide: bets $1.33
Ysiven: calls $1.33
*** TURN *** [6d 5s 4h] [5d]
Xenicide: bets $2.38
Ysiven: raises $8.12 to $10.50
Xenicide: calls $8.12
*** RIVER *** [6d 5s 4h 5d] [3d]
Xenicide: checks 
Ysiven: checks 
*** SHOW DOWN ***
Xenicide: shows [Td Tc] (two pair, Tens and Fives)
Ysiven: mucks hand 
Xenicide collected $26.75 from pot
*** SUMMARY ***
Total pot $28.16 | Rake $1.41 
Board [6d 5s 4h 5d 3d]
Seat 1: Helvetia07 folded before Flop (didn't bet)
Seat 3: coeeeelho (button) folded before Flop (didn't bet)
Seat 4: Espada Fish (small blind) folded before Flop
Seat 5: Xenicide (big blind) showed [Td Tc] and won ($26.75) with two pair, Tens and Fives
Seat 6: Ysiven mucked



PokerStars Hand #254750941855:  Hold'em No Limit ($0.50/$1.00 USD) - 2025/02/07 16:17:43 WET [2025/02/07 11:17:43 ET]
Table 'Tatjana II' 6-max Seat #4 is the button
Seat 2: gig.gyty ($100 in chips) is sitting out
Seat 1: Helvetia07 ($42.50 in chips) 
Seat 3: coeeeelho ($100 in chips) 
Seat 4: Espada Fish ($120.16 in chips) 
Seat 5: Xenicide ($122.86 in chips) 
Seat 6: Ysiven ($100 in chips) 
Xenicide: posts small blind $0.50
Ysiven: posts big blind $1
gig.gyty: sits out 
*** HOLE CARDS ***
Helvetia07: raises $2 to $3
coeeeelho: folds 
Espada Fish: folds 
Xenicide: folds 
Ysiven: folds 
Uncalled bet ($2) returned to Helvetia07
Helvetia07 collected $2.50 from pot
Helvetia07: doesn't show hand 
*** SUMMARY ***
Total pot $2.50 | Rake $0 
Seat 2: gig.gyty
Seat 1: Helvetia07 collected ($2.50)
Seat 3: coeeeelho folded before Flop (didn't bet)
Seat 4: Espada Fish (button) folded before Flop (didn't bet)
Seat 5: Xenicide (small blind) folded before Flop
Seat 6: Ysiven (big blind) folded before Flop



PokerStars Hand #254750945566:  Hold'em No Limit ($0.50/$1.00 USD) - 2025/02/07 16:18:00 WET [2025/02/07 11:18:00 ET]
Table 'Tatjana II' 6-max Seat #5 is the button
Seat 2: gig.gyty ($100 in chips) is sitting out
Seat 1: Helvetia07 ($44 in chips) 
Seat 3: coeeeelho ($100 in chips) 
Seat 4: Espada Fish ($120.16 in chips) 
Seat 5: Xenicide ($122.36 in chips) 
Seat 6: Ysiven ($100 in chips) 
Ysiven: posts small blind $0.50
Helvetia07: posts big blind $1
gig.gyty: sits out 
*** HOLE CARDS ***
coeeeelho: folds 
Espada Fish: raises $1.20 to $2.20
Xenicide: folds 
Ysiven: raises $7.80 to $10
Helvetia07: folds 
Espada Fish: calls $7.80
*** FLOP *** [Kh 7h Tc]
Ysiven: bets $6.58
Espada Fish: calls $6.58
*** TURN *** [Kh 7h Tc] [8c]
Ysiven: bets $22.50
Espada Fish: calls $22.50
*** RIVER *** [Kh 7h Tc 8c] [Js]
Ysiven: bets $7.50
Espada Fish: calls $7.50
*** SHOW DOWN ***
Ysiven: shows [Qs Ah] (a straight, Ten to Ace)
Espada Fish: mucks hand 
Ysiven collected $91.66 from pot
*** SUMMARY ***
Total pot $94.16 | Rake $2.50 
Board [Kh 7h Tc 8c Js]
Seat 2: gig.gyty
Seat 1: Helvetia07 (big blind) folded before Flop
Seat 3: coeeeelho folded before Flop (didn't bet)
Seat 4: Espada Fish mucked
Seat 5: Xenicide (button) folded before Flop (didn't bet)
Seat 6: Ysiven (small blind) showed [Qs Ah] and won ($91.66) with a straight, Ten to Ace



PokerStars Hand #254750974953:  Hold'em No Limit ($0.50/$1.00 USD) - 2025/02/07 16:20:11 WET [2025/02/07 11:20:11 ET]
Table 'Tatjana II' 6-max Seat #6 is the button
Seat 1: Helvetia07 ($43 in chips) 
Seat 2: gig.gyty ($100 in chips) 
Seat 3: coeeeelho ($100 in chips) 
Seat 4: Espada Fish ($100 in chips) 
Seat 5: Xenicide ($122.36 in chips) 
Seat 6: Ysiven ($145.08 in chips) 
Helvetia07: posts small blind $0.50
gig.gyty: posts big blind $1
*** HOLE CARDS ***
coeeeelho: raises $1.10 to $2.10
Espada Fish: folds 
Xenicide: folds 
Ysiven: folds 
Helvetia07: calls $1.60
gig.gyty: calls $1.10
*** FLOP *** [8c 7d 8h]
Helvetia07: checks 
gig.gyty: checks 
coeeeelho: bets $1.97
Helvetia07: raises $9.92 to $11.89
gig.gyty: calls $11.89
coeeeelho: calls $9.92
*** TURN *** [8c 7d 8h] [2s]
Helvetia07: bets $29.01 and is all-in
gig.gyty: folds 
coeeeelho: calls $29.01
*** RIVER *** [8c 7d 8h 2s] [Qd]
*** SHOW DOWN ***
Helvetia07: shows [5s 8d] (three of a kind, Eights)
coeeeelho: shows [7h 7s] (a full house, Sevens full of Eights)
coeeeelho collected $97.49 from pot
*** SUMMARY ***
Total pot $99.99 | Rake $2.50 
Board [8c 7d 8h 2s Qd]
Seat 1: Helvetia07 (small blind) showed [5s 8d] and lost with three of a kind, Eights
Seat 2: gig.gyty (big blind) folded on the Turn
Seat 3: coeeeelho showed [7h 7s] and won ($97.49) with a full house, Sevens full of Eights
Seat 4: Espada Fish folded before Flop (didn't bet)
Seat 5: Xenicide folded before Flop (didn't bet)
Seat 6: Ysiven (button) folded before Flop (didn't bet)



PokerStars Hand #254750993014:  Hold'em No Limit ($0.50/$1.00 USD) - 2025/02/07 16:21:31 WET [2025/02/07 11:21:31 ET]
Table 'Tatjana II' 6-max Seat #2 is the button
Seat 1: Helvetia07 ($0 in chips) is sitting out
Seat 4: Espada Fish ($100 in chips) is sitting out
Seat 2: gig.gyty ($100 in chips) 
Seat 3: coeeeelho ($154.49 in chips) 
Seat 5: Xenicide ($122.36 in chips) 
Seat 6: Ysiven ($145.08 in chips) 
coeeeelho: posts small blind $0.50
Espada Fish: is sitting out 
Xenicide: posts big blind $1
*** HOLE CARDS ***
Espada Fish leaves the table
Ysiven: folds 
gig.gyty: folds 
Helvetia07 leaves the table
coeeeelho: folds 
Uncalled bet ($0.50) returned to Xenicide
Xenicide collected $1 from pot
*** SUMMARY ***
Total pot $1 | Rake $0 
Seat 1: Helvetia07
Seat 4: Espada Fish
Seat 2: gig.gyty (button) folded before Flop (didn't bet)
Seat 3: coeeeelho (small blind) folded before Flop
Seat 5: Xenicide (big blind) collected ($1)
Seat 6: Ysiven folded before Flop (didn't bet)



PokerStars Hand #254750995998:  Hold'em No Limit ($0.50/$1.00 USD) - 2025/02/07 16:21:44 WET [2025/02/07 11:21:44 ET]
Table 'Tatjana II' 6-max Seat #3 is the button
Seat 2: gig.gyty ($100 in chips) 
Seat 3: coeeeelho ($153.99 in chips) 
Seat 5: Xenicide ($122.86 in chips) 
Seat 6: Ysiven ($145.08 in chips) 
Xenicide: posts small blind $0.50
Ysiven: posts big blind $1
*** HOLE CARDS ***
gig.gyty: folds 
coeeeelho: raises $1.50 to $2.50
Xenicide: folds 
Ysiven: calls $1.50
*** FLOP *** [4d Jh 5c]
crist_89870 joins the table at seat #4 
Ysiven: checks 
coeeeelho: bets $1.72
crist_89870 leaves the table
Ysiven: folds 
Uncalled bet ($1.72) returned to coeeeelho
coeeeelho collected $5.22 from pot
*** SUMMARY ***
Total pot $5.50 | Rake $0.28 
Board [4d Jh 5c]
Seat 2: gig.gyty folded before Flop (didn't bet)
Seat 3: coeeeelho (button) collected ($5.22)
Seat 5: Xenicide (small blind) folded before Flop
Seat 6: Ysiven (big blind) folded on the Flop



PokerStars Hand #254751003244:  Hold'em No Limit ($0.50/$1.00 USD) - 2025/02/07 16:22:16 WET [2025/02/07 11:22:16 ET]
Table 'Tatjana II' 6-max Seat #5 is the button
Seat 2: gig.gyty ($100 in chips) 
Seat 3: coeeeelho ($156.71 in chips) 
Seat 5: Xenicide ($122.36 in chips) 
Seat 6: Ysiven ($142.58 in chips) 
Ysiven: posts small blind $0.50
gig.gyty: posts big blind $1
*** HOLE CARDS ***
coeeeelho: raises $1.30 to $2.30
Xenicide: folds 
Ysiven: folds 
gig.gyty: calls $1.30
*** FLOP *** [Kh 9c Qs]
gig.gyty: checks 
coeeeelho: bets $2.42
gig.gyty: calls $2.42
*** TURN *** [Kh 9c Qs] [4s]
gig.gyty: checks 
coeeeelho: bets $14.16
gig.gyty: folds 
Uncalled bet ($14.16) returned to coeeeelho
coeeeelho collected $9.44 from pot
*** SUMMARY ***
Total pot $9.94 | Rake $0.50 
Board [Kh 9c Qs 4s]
Seat 2: gig.gyty (big blind) folded on the Turn
Seat 3: coeeeelho collected ($9.44)
Seat 5: Xenicide (button) folded before Flop (didn't bet)
Seat 6: Ysiven (small blind) folded before Flop



PokerStars Hand #254751015137:  Hold'em No Limit ($0.50/$1.00 USD) - 2025/02/07 16:23:09 WET [2025/02/07 11:23:09 ET]
Table 'Tatjana II' 6-max Seat #2 is the button
Seat 3: coeeeelho ($161.43 in chips) is sitting out
Seat 5: Xenicide ($122.36 in chips) is sitting out
Seat 2: gig.gyty ($100 in chips) 
Seat 6: Ysiven ($142.08 in chips) 
gig.gyty: posts small blind $0.50
coeeeelho: is sitting out 
Xenicide: is sitting out 
Ysiven: posts big blind $1
*** HOLE CARDS ***
gig.gyty: raises $1.50 to $2.50
coeeeelho leaves the table
Ysiven: folds 
Uncalled bet ($1.50) returned to gig.gyty
gig.gyty collected $2 from pot
gig.gyty: doesn't show hand 
Xenicide leaves the table
*** SUMMARY ***
Total pot $2 | Rake $0 
Seat 3: coeeeelho
Seat 5: Xenicide
Seat 2: gig.gyty (button) (small blind) collected ($2)
Seat 6: Ysiven (big blind) folded before Flop



