PokerStars Hand #254760128983:  Hold'em No Limit ($0.50/$1.00 USD) - 2025/02/07 2:12:30 WET [2025/02/07 21:12:30 ET]
Table 'Dheneb' 6-max Seat #5 is the button
Seat 1: m0nTTu ($10 in chips) 
Seat 3: CEPTT ($100 in chips) 
Seat 5: Seavus10 ($100 in chips) 
m0nTTu: posts small blind $0.50
CEPTT: posts big blind $1
*** HOLE CARDS ***
Seavus10: folds 
m0nTTu: folds 
Uncalled bet ($0.50) returned to CEPTT
CEPTT collected $1 from pot
CEPTT: doesn't show hand 
*** SUMMARY ***
Total pot $1 | Rake $0 
Seat 1: m0nTTu (small blind) folded before Flop
Seat 3: CEPTT (big blind) collected ($1)
Seat 5: Seavus10 (button) folded before Flop (didn't bet)



PokerStars Hand #254760131859:  Hold'em No Limit ($0.50/$1.00 USD) - 2025/02/07 2:12:46 WET [2025/02/07 21:12:46 ET]
Table 'Dheneb' 6-max Seat #1 is the button
Seat 1: m0nTTu ($10 in chips) 
Seat 3: CEPTT ($100.50 in chips) 
Seat 5: Seavus10 ($100 in chips) 
CEPTT: posts small blind $0.50
Seavus10: posts big blind $1
*** HOLE CARDS ***
m0nTTu: folds 
CEPTT: folds 
Uncalled bet ($0.50) returned to Seavus10
Seavus10 collected $1 from pot
Seavus10: doesn't show hand 
*** SUMMARY ***
Total pot $1 | Rake $0 
Seat 1: m0nTTu (button) folded before Flop (didn't bet)
Seat 3: CEPTT (small blind) folded before Flop
Seat 5: Seavus10 (big blind) collected ($1)



PokerStars Hand #254760136096:  Hold'em No Limit ($0.50/$1.00 USD) - 2025/02/07 2:13:10 WET [2025/02/07 21:13:10 ET]
Table 'Dheneb' 6-max Seat #3 is the button
Seat 1: m0nTTu ($10 in chips) 
Seat 3: CEPTT ($100 in chips) 
Seat 5: Seavus10 ($100.50 in chips) 
Seavus10: posts small blind $0.50
m0nTTu: posts big blind $1
*** HOLE CARDS ***
CEPTT: folds 
Seavus10: folds 
Uncalled bet ($0.50) returned to m0nTTu
m0nTTu collected $1 from pot
m0nTTu: doesn't show hand 
*** SUMMARY ***
Total pot $1 | Rake $0 
Seat 1: m0nTTu (big blind) collected ($1)
Seat 3: CEPTT (button) folded before Flop (didn't bet)
Seat 5: Seavus10 (small blind) folded before Flop



PokerStars Hand #254760138629:  Hold'em No Limit ($0.50/$1.00 USD) - 2025/02/07 2:13:25 WET [2025/02/07 21:13:25 ET]
Table 'Dheneb' 6-max Seat #5 is the button
Seat 1: m0nTTu ($10.50 in chips) 
Seat 3: CEPTT ($100 in chips) 
Seat 5: Seavus10 ($100 in chips) 
m0nTTu: posts small blind $0.50
CEPTT: posts big blind $1
*** HOLE CARDS ***
Seavus10: folds 
m0nTTu: raises $9.50 to $10.50 and is all-in
CEPTT: folds 
Uncalled bet ($9.50) returned to m0nTTu
m0nTTu collected $2 from pot
m0nTTu: doesn't show hand 
*** SUMMARY ***
Total pot $2 | Rake $0 
Seat 1: m0nTTu (small blind) collected ($2)
Seat 3: CEPTT (big blind) folded before Flop
Seat 5: Seavus10 (button) folded before Flop (didn't bet)



PokerStars Hand #254760140858:  Hold'em No Limit ($0.50/$1.00 USD) - 2025/02/07 2:13:38 WET [2025/02/07 21:13:38 ET]
Table 'Dheneb' 6-max Seat #1 is the button
Seat 1: m0nTTu ($11.50 in chips) 
Seat 3: CEPTT ($100 in chips) 
Seat 5: Seavus10 ($100 in chips) 
CEPTT: posts small blind $0.50
Seavus10: posts big blind $1
*** HOLE CARDS ***
nastja336 joins the table at seat #4 
m0nTTu: folds 
CEPTT: raises $2 to $3
Seavus10: folds 
Uncalled bet ($2) returned to CEPTT
CEPTT collected $2 from pot
CEPTT: doesn't show hand 
*** SUMMARY ***
Total pot $2 | Rake $0 
Seat 1: m0nTTu (button) folded before Flop (didn't bet)
Seat 3: CEPTT (small blind) collected ($2)
Seat 5: Seavus10 (big blind) folded before Flop



PokerStars Hand #254760144206:  Hold'em No Limit ($0.50/$1.00 USD) - 2025/02/07 2:13:57 WET [2025/02/07 21:13:57 ET]
Table 'Dheneb' 6-max Seat #3 is the button
Seat 4: nastja336 ($100 in chips) is sitting out
Seat 1: m0nTTu ($11.50 in chips) 
Seat 3: CEPTT ($101 in chips) 
Seat 5: Seavus10 ($100 in chips) 
Seavus10: posts small blind $0.50
m0nTTu: posts big blind $1
*** HOLE CARDS ***
CEPTT: folds 
Seavus10: folds 
Uncalled bet ($0.50) returned to m0nTTu
m0nTTu collected $1 from pot
m0nTTu: doesn't show hand 
*** SUMMARY ***
Total pot $1 | Rake $0 
Seat 4: nastja336
Seat 1: m0nTTu (big blind) collected ($1)
Seat 3: CEPTT (button) folded before Flop (didn't bet)
Seat 5: Seavus10 (small blind) folded before Flop



PokerStars Hand #254760147548:  Hold'em No Limit ($0.50/$1.00 USD) - 2025/02/07 2:14:17 WET [2025/02/07 21:14:17 ET]
Table 'Dheneb' 6-max Seat #5 is the button
Seat 3: CEPTT ($101 in chips) is sitting out
Seat 1: m0nTTu ($12 in chips) 
Seat 4: nastja336 ($100 in chips) 
Seat 5: Seavus10 ($100 in chips) 
m0nTTu: posts small blind $0.50
CEPTT: is sitting out 
nastja336: posts big blind $1
*** HOLE CARDS ***
Seavus10: folds 
CEPTT leaves the table
m0nTTu: folds 
Uncalled bet ($0.50) returned to nastja336
nastja336 collected $1 from pot
nastja336: doesn't show hand 
*** SUMMARY ***
Total pot $1 | Rake $0 
Seat 3: CEPTT
Seat 1: m0nTTu (small blind) folded before Flop
Seat 4: nastja336 (big blind) collected ($1)
Seat 5: Seavus10 (button) folded before Flop (didn't bet)



PokerStars Hand #254760150410:  Hold'em No Limit ($0.50/$1.00 USD) - 2025/02/07 2:14:34 WET [2025/02/07 21:14:34 ET]
Table 'Dheneb' 6-max Seat #1 is the button
Seat 1: m0nTTu ($11.50 in chips) 
Seat 4: nastja336 ($100.50 in chips) 
Seat 5: Seavus10 ($100 in chips) 
nastja336: posts small blind $0.50
Seavus10: posts big blind $1
*** HOLE CARDS ***
m0nTTu: folds 
nastja336: folds 
Uncalled bet ($0.50) returned to Seavus10
Seavus10 collected $1 from pot
Seavus10: doesn't show hand 
*** SUMMARY ***
Total pot $1 | Rake $0 
Seat 1: m0nTTu (button) folded before Flop (didn't bet)
Seat 4: nastja336 (small blind) folded before Flop
Seat 5: Seavus10 (big blind) collected ($1)



PokerStars Hand #254760178470:  Hold'em No Limit ($0.50/$1.00 USD) - 2025/02/07 2:17:16 WET [2025/02/07 21:17:16 ET]
Table 'Dheneb' 6-max Seat #2 is the button
Seat 2: GoalieSchool ($100 in chips) 
Seat 5: Seavus10 ($100.50 in chips) 
GoalieSchool: posts small blind $0.50
Seavus10: posts big blind $1
*** HOLE CARDS ***
GoalieSchool: raises $2 to $3
Seavus10: folds 
Uncalled bet ($2) returned to GoalieSchool
GoalieSchool collected $2 from pot
GoalieSchool: doesn't show hand 
*** SUMMARY ***
Total pot $2 | Rake $0 
Seat 2: GoalieSchool (button) (small blind) collected ($2)
Seat 5: Seavus10 (big blind) folded before Flop



PokerStars Hand #254760181527:  Hold'em No Limit ($0.50/$1.00 USD) - 2025/02/07 2:17:34 WET [2025/02/07 21:17:34 ET]
Table 'Dheneb' 6-max Seat #5 is the button
Seat 2: GoalieSchool ($101 in chips) 
Seat 5: Seavus10 ($100 in chips) 
Seavus10: posts small blind $0.50
GoalieSchool: posts big blind $1
*** HOLE CARDS ***
Seavus10: raises $1.20 to $2.20
GoalieSchool: folds 
Uncalled bet ($1.20) returned to Seavus10
GoalieSchool leaves the table
Seavus10 collected $2 from pot
Seavus10: doesn't show hand 
*** SUMMARY ***
Total pot $2 | Rake $0 
Seat 2: GoalieSchool (big blind) folded before Flop
Seat 5: Seavus10 (button) (small blind) collected ($2)



PokerStars Hand #254760249666:  Hold'em No Limit ($0.50/$1.00 USD) - 2025/02/07 2:24:13 WET [2025/02/07 21:24:13 ET]
Table 'Dheneb' 6-max Seat #2 is the button
Seat 2: fobot21 ($100 in chips) 
Seat 4: B1GBankroll ($100 in chips) 
Seat 5: Seavus10 ($101 in chips) 
B1GBankroll: posts small blind $0.50
Seavus10: posts big blind $1
*** HOLE CARDS ***
fobot21: raises $1.50 to $2.50
B1GBankroll: folds 
Seavus10: folds 
Uncalled bet ($1.50) returned to fobot21
fobot21 collected $2.50 from pot
fobot21: doesn't show hand 
*** SUMMARY ***
Total pot $2.50 | Rake $0 
Seat 2: fobot21 (button) collected ($2.50)
Seat 4: B1GBankroll (small blind) folded before Flop
Seat 5: Seavus10 (big blind) folded before Flop



PokerStars Hand #254760252580:  Hold'em No Limit ($0.50/$1.00 USD) - 2025/02/07 2:24:31 WET [2025/02/07 21:24:31 ET]
Table 'Dheneb' 6-max Seat #4 is the button
Seat 2: fobot21 ($101.50 in chips) 
Seat 4: B1GBankroll ($100 in chips) 
Seat 5: Seavus10 ($100 in chips) 
Seavus10: posts small blind $0.50
fobot21: posts big blind $1
*** HOLE CARDS ***
B1GBankroll: folds 
Seavus10: raises $2 to $3
fobot21: calls $2
*** FLOP *** [9c Js Qs]
Seavus10: bets $1.90
fobot21: calls $1.90
*** TURN *** [9c Js Qs] [5h]
Seavus10: bets $14.43
fobot21: calls $14.43
*** RIVER *** [9c Js Qs 5h] [3d]
Seavus10: bets $37.66
fobot21: calls $37.66
*** SHOW DOWN ***
Seavus10: shows [Td 8h] (a straight, Eight to Queen)
fobot21: mucks hand 
Seavus10 collected $112.98 from pot
GoalieSchool joins the table at seat #3 
*** SUMMARY ***
Total pot $113.98 | Rake $1 
Board [9c Js Qs 5h 3d]
Seat 2: fobot21 (big blind) mucked
Seat 4: B1GBankroll (button) folded before Flop (didn't bet)
Seat 5: Seavus10 (small blind) showed [Td 8h] and won ($112.98) with a straight, Eight to Queen



PokerStars Hand #254760269830:  Hold'em No Limit ($0.50/$1.00 USD) - 2025/02/07 2:26:14 WET [2025/02/07 21:26:14 ET]
Table 'Dheneb' 6-max Seat #5 is the button
Seat 2: fobot21 ($100 in chips) 
Seat 3: GoalieSchool ($100 in chips) 
Seat 4: B1GBankroll ($100 in chips) 
Seat 5: Seavus10 ($155.99 in chips) 
fobot21: posts small blind $0.50
GoalieSchool is connected 
GoalieSchool: posts big blind $1
*** HOLE CARDS ***
B1GBankroll: folds 
50CandyJoe joins the table at seat #1 
Seavus10: raises $1.50 to $2.50
fobot21: folds 
GoalieSchool: folds 
Uncalled bet ($1.50) returned to Seavus10
Seavus10 collected $2.50 from pot
Seavus10: doesn't show hand 
*** SUMMARY ***
Total pot $2.50 | Rake $0 
Seat 2: fobot21 (small blind) folded before Flop
Seat 3: GoalieSchool (big blind) folded before Flop
Seat 4: B1GBankroll folded before Flop (didn't bet)
Seat 5: Seavus10 (button) collected ($2.50)



PokerStars Hand #254760272535:  Hold'em No Limit ($0.50/$1.00 USD) - 2025/02/07 2:26:31 WET [2025/02/07 21:26:31 ET]
Table 'Dheneb' 6-max Seat #2 is the button
Seat 1: 50CandyJoe ($100 in chips) is sitting out
Seat 2: fobot21 ($100 in chips) 
Seat 3: GoalieSchool ($99 in chips) 
Seat 4: B1GBankroll ($100 in chips) 
Seat 5: Seavus10 ($157.49 in chips) 
GoalieSchool: posts small blind $0.50
B1GBankroll: posts big blind $1
50CandyJoe: sits out 
*** HOLE CARDS ***
Quahrino joins the table at seat #6 
Seavus10: folds 
fobot21: folds 
GoalieSchool: folds 
Uncalled bet ($0.50) returned to B1GBankroll
B1GBankroll collected $1 from pot
B1GBankroll: doesn't show hand 
*** SUMMARY ***
Total pot $1 | Rake $0 
Seat 1: 50CandyJoe
Seat 2: fobot21 (button) folded before Flop (didn't bet)
Seat 3: GoalieSchool (small blind) folded before Flop
Seat 4: B1GBankroll (big blind) collected ($1)
Seat 5: Seavus10 folded before Flop (didn't bet)



PokerStars Hand #254760274273:  Hold'em No Limit ($0.50/$1.00 USD) - 2025/02/07 2:26:41 WET [2025/02/07 21:26:41 ET]
Table 'Dheneb' 6-max Seat #3 is the button
Seat 1: 50CandyJoe ($100 in chips) is sitting out
Seat 6: Quahrino ($100 in chips) is sitting out
Seat 2: fobot21 ($100 in chips) 
Seat 3: GoalieSchool ($98.50 in chips) 
Seat 4: B1GBankroll ($100.50 in chips) 
Seat 5: Seavus10 ($157.49 in chips) 
B1GBankroll: posts small blind $0.50
Seavus10: posts big blind $1
Quahrino: sits out 
50CandyJoe: sits out 
*** HOLE CARDS ***
fobot21: raises $1.50 to $2.50
GoalieSchool: folds 
B1GBankroll: folds 
Seavus10: raises $10 to $12.50
fobot21: folds 
Uncalled bet ($10) returned to Seavus10
Seavus10 collected $5.50 from pot
Seavus10: doesn't show hand 
*** SUMMARY ***
Total pot $5.50 | Rake $0 
Seat 1: 50CandyJoe
Seat 6: Quahrino
Seat 2: fobot21 folded before Flop
Seat 3: GoalieSchool (button) folded before Flop (didn't bet)
Seat 4: B1GBankroll (small blind) folded before Flop
Seat 5: Seavus10 (big blind) collected ($5.50)



PokerStars Hand #254760277604:  Hold'em No Limit ($0.50/$1.00 USD) - 2025/02/07 2:27:02 WET [2025/02/07 21:27:02 ET]
Table 'Dheneb' 6-max Seat #4 is the button
Seat 1: 50CandyJoe ($100 in chips) is sitting out
Seat 2: fobot21 ($100 in chips) 
Seat 3: GoalieSchool ($98.50 in chips) 
Seat 4: B1GBankroll ($100 in chips) 
Seat 5: Seavus10 ($160.49 in chips) 
Seat 6: Quahrino ($100 in chips) 
Seavus10: posts small blind $0.50
Quahrino: posts big blind $1
50CandyJoe: sits out 
*** HOLE CARDS ***
fobot21: folds 
GoalieSchool: raises $1.50 to $2.50
fobot21 leaves the table
B1GBankroll: folds 
Seavus10: folds 
Quahrino: calls $1.50
*** FLOP *** [6s 3h 4s]
Quahrino: checks 
GoalieSchool: bets $3.97
Quahrino: raises $6.58 to $10.55
GoalieSchool: calls $6.58
*** TURN *** [6s 3h 4s] [3s]
Quahrino: bets $6.32
GoalieSchool: calls $6.32
*** RIVER *** [6s 3h 4s 3s] [7h]
Quahrino: bets $29
GoalieSchool: folds 
Uncalled bet ($29) returned to Quahrino
Quahrino collected $37.28 from pot
Quahrino: doesn't show hand 
*** SUMMARY ***
Total pot $39.24 | Rake $1.96 
Board [6s 3h 4s 3s 7h]
Seat 1: 50CandyJoe
Seat 2: fobot21 folded before Flop (didn't bet)
Seat 3: GoalieSchool folded on the River
Seat 4: B1GBankroll (button) folded before Flop (didn't bet)
Seat 5: Seavus10 (small blind) folded before Flop
Seat 6: Quahrino (big blind) collected ($37.28)



PokerStars Hand #254760293328:  Hold'em No Limit ($0.50/$1.00 USD) - 2025/02/07 2:28:38 WET [2025/02/07 21:28:38 ET]
Table 'Dheneb' 6-max Seat #5 is the button
Seat 1: 50CandyJoe ($100 in chips) 
Seat 3: GoalieSchool ($100 in chips) 
Seat 4: B1GBankroll ($100 in chips) 
Seat 5: Seavus10 ($159.99 in chips) 
Seat 6: Quahrino ($117.91 in chips) 
Quahrino: posts small blind $0.50
50CandyJoe: posts big blind $1
*** HOLE CARDS ***
GoalieSchool: folds 
B1GBankroll: folds 
Seavus10: folds 
Quahrino: folds 
Uncalled bet ($0.50) returned to 50CandyJoe
50CandyJoe collected $1 from pot
50CandyJoe: doesn't show hand 
*** SUMMARY ***
Total pot $1 | Rake $0 
Seat 1: 50CandyJoe (big blind) collected ($1)
Seat 3: GoalieSchool folded before Flop (didn't bet)
Seat 4: B1GBankroll folded before Flop (didn't bet)
Seat 5: Seavus10 (button) folded before Flop (didn't bet)
Seat 6: Quahrino (small blind) folded before Flop



PokerStars Hand #254760295180:  Hold'em No Limit ($0.50/$1.00 USD) - 2025/02/07 2:28:49 WET [2025/02/07 21:28:49 ET]
Table 'Dheneb' 6-max Seat #6 is the button
Seat 1: 50CandyJoe ($100.50 in chips) 
Seat 3: GoalieSchool ($100 in chips) 
Seat 4: B1GBankroll ($100 in chips) 
Seat 5: Seavus10 ($159.99 in chips) 
Seat 6: Quahrino ($117.41 in chips) 
50CandyJoe: posts small blind $0.50
GoalieSchool: posts big blind $1
*** HOLE CARDS ***
B1GBankroll: folds 
Seavus10: folds 
Quahrino: raises $1.53 to $2.53
50CandyJoe: folds 
GoalieSchool: raises $5.56 to $8.09
Quahrino: calls $5.56
*** FLOP *** [4s 6s Tc]
GoalieSchool: bets $5.23
Quahrino: calls $5.23
*** TURN *** [4s 6s Tc] [4d]
GoalieSchool: checks 
Quahrino: checks 
*** RIVER *** [4s 6s Tc 4d] [8c]
GoalieSchool: checks 
Quahrino: bets $12.89
GoalieSchool: folds 
Uncalled bet ($12.89) returned to Quahrino
Quahrino collected $25.78 from pot
Quahrino: doesn't show hand 
*** SUMMARY ***
Total pot $27.14 | Rake $1.36 
Board [4s 6s Tc 4d 8c]
Seat 1: 50CandyJoe (small blind) folded before Flop
Seat 3: GoalieSchool (big blind) folded on the River
Seat 4: B1GBankroll folded before Flop (didn't bet)
Seat 5: Seavus10 folded before Flop (didn't bet)
Seat 6: Quahrino (button) collected ($25.78)



PokerStars Hand #254760304718:  Hold'em No Limit ($0.50/$1.00 USD) - 2025/02/07 2:29:49 WET [2025/02/07 21:29:49 ET]
Table 'Dheneb' 6-max Seat #1 is the button
Seat 1: 50CandyJoe ($100 in chips) 
Seat 3: GoalieSchool ($86.68 in chips) 
Seat 4: B1GBankroll ($100 in chips) 
Seat 5: Seavus10 ($159.99 in chips) 
Seat 6: Quahrino ($129.87 in chips) 
GoalieSchool: posts small blind $0.50
B1GBankroll: posts big blind $1
*** HOLE CARDS ***
Seavus10: folds 
Quahrino: folds 
50CandyJoe: folds 
GoalieSchool: raises $2 to $3
B1GBankroll: folds 
Uncalled bet ($2) returned to GoalieSchool
GoalieSchool collected $2 from pot
GoalieSchool: doesn't show hand 
*** SUMMARY ***
Total pot $2 | Rake $0 
Seat 1: 50CandyJoe (button) folded before Flop (didn't bet)
Seat 3: GoalieSchool (small blind) collected ($2)
Seat 4: B1GBankroll (big blind) folded before Flop
Seat 5: Seavus10 folded before Flop (didn't bet)
Seat 6: Quahrino folded before Flop (didn't bet)



PokerStars Hand #254760307242:  Hold'em No Limit ($0.50/$1.00 USD) - 2025/02/07 2:30:04 WET [2025/02/07 21:30:04 ET]
Table 'Dheneb' 6-max Seat #3 is the button
Seat 1: 50CandyJoe ($100 in chips) 
Seat 3: GoalieSchool ($100 in chips) 
Seat 4: B1GBankroll ($100 in chips) 
Seat 5: Seavus10 ($159.99 in chips) 
Seat 6: Quahrino ($129.87 in chips) 
B1GBankroll: posts small blind $0.50
Seavus10: posts big blind $1
*** HOLE CARDS ***
Quahrino: folds 
50CandyJoe: folds 
GoalieSchool: raises $1.50 to $2.50
B1GBankroll: folds 
Seavus10: calls $1.50
*** FLOP *** [3c 7h 2c]
Seavus10: checks 
GoalieSchool: checks 
*** TURN *** [3c 7h 2c] [8h]
Seavus10: bets $9.83
GoalieSchool: folds 
Uncalled bet ($9.83) returned to Seavus10
Seavus10 collected $5.22 from pot
Seavus10: doesn't show hand 
*** SUMMARY ***
Total pot $5.50 | Rake $0.28 
Board [3c 7h 2c 8h]
Seat 1: 50CandyJoe folded before Flop (didn't bet)
Seat 3: GoalieSchool (button) folded on the Turn
Seat 4: B1GBankroll (small blind) folded before Flop
Seat 5: Seavus10 (big blind) collected ($5.22)
Seat 6: Quahrino folded before Flop (didn't bet)



PokerStars Hand #254760315249:  Hold'em No Limit ($0.50/$1.00 USD) - 2025/02/07 2:30:53 WET [2025/02/07 21:30:53 ET]
Table 'Dheneb' 6-max Seat #4 is the button
Seat 1: 50CandyJoe ($100 in chips) 
Seat 3: GoalieSchool ($97.50 in chips) 
Seat 4: B1GBankroll ($100 in chips) 
Seat 5: Seavus10 ($162.71 in chips) 
Seat 6: Quahrino ($129.87 in chips) 
Seavus10: posts small blind $0.50
Quahrino: posts big blind $1
*** HOLE CARDS ***
50CandyJoe: folds 
GoalieSchool: raises $1.50 to $2.50
B1GBankroll: raises $5.50 to $8
Seavus10: folds 
Quahrino: folds 
GoalieSchool: calls $5.50
*** FLOP *** [Jh 9c 4d]
GoalieSchool: checks 
B1GBankroll: checks 
*** TURN *** [Jh 9c 4d] [4c]
GoalieSchool: checks 
B1GBankroll: bets $8.14
GoalieSchool: folds 
Uncalled bet ($8.14) returned to B1GBankroll
B1GBankroll collected $16.62 from pot
B1GBankroll: doesn't show hand 
*** SUMMARY ***
Total pot $17.50 | Rake $0.88 
Board [Jh 9c 4d 4c]
Seat 1: 50CandyJoe folded before Flop (didn't bet)
Seat 3: GoalieSchool folded on the Turn
Seat 4: B1GBankroll (button) collected ($16.62)
Seat 5: Seavus10 (small blind) folded before Flop
Seat 6: Quahrino (big blind) folded before Flop



PokerStars Hand #254760323643:  Hold'em No Limit ($0.50/$1.00 USD) - 2025/02/07 2:31:45 WET [2025/02/07 21:31:45 ET]
Table 'Dheneb' 6-max Seat #5 is the button
Seat 1: 50CandyJoe ($100 in chips) 
Seat 3: GoalieSchool ($100 in chips) 
Seat 4: B1GBankroll ($108.62 in chips) 
Seat 5: Seavus10 ($162.21 in chips) 
Seat 6: Quahrino ($128.87 in chips) 
Quahrino: posts small blind $0.50
50CandyJoe: posts big blind $1
*** HOLE CARDS ***
GoalieSchool: folds 
B1GBankroll: folds 
Seavus10: raises $1.50 to $2.50
Quahrino: folds 
50CandyJoe: calls $1.50
*** FLOP *** [5c 5d Ah]
50CandyJoe: checks 
Seavus10: bets $1.74
50CandyJoe: folds 
Uncalled bet ($1.74) returned to Seavus10
Seavus10 collected $5.22 from pot
Seavus10: doesn't show hand 
*** SUMMARY ***
Total pot $5.50 | Rake $0.28 
Board [5c 5d Ah]
Seat 1: 50CandyJoe (big blind) folded on the Flop
Seat 3: GoalieSchool folded before Flop (didn't bet)
Seat 4: B1GBankroll folded before Flop (didn't bet)
Seat 5: Seavus10 (button) collected ($5.22)
Seat 6: Quahrino (small blind) folded before Flop



PokerStars Hand #254760328183:  Hold'em No Limit ($0.50/$1.00 USD) - 2025/02/07 2:32:13 WET [2025/02/07 21:32:13 ET]
Table 'Dheneb' 6-max Seat #6 is the button
Seat 1: 50CandyJoe ($100 in chips) 
Seat 3: GoalieSchool ($100 in chips) 
Seat 4: B1GBankroll ($108.62 in chips) 
Seat 5: Seavus10 ($164.93 in chips) 
Seat 6: Quahrino ($128.37 in chips) 
50CandyJoe: posts small blind $0.50
GoalieSchool: posts big blind $1
*** HOLE CARDS ***
B1GBankroll: folds 
Seavus10: raises $1.20 to $2.20
Quahrino: folds 
50CandyJoe: folds 
GoalieSchool: calls $1.20
*** FLOP *** [Ac 9s 9h]
GoalieSchool: checks 
Seavus10: bets $1.55
GoalieSchool: calls $1.55
*** TURN *** [Ac 9s 9h] [Th]
GoalieSchool: checks 
Seavus10: bets $11.40
GoalieSchool: folds 
Uncalled bet ($11.40) returned to Seavus10
Seavus10 collected $7.60 from pot
Seavus10: doesn't show hand 
*** SUMMARY ***
Total pot $8 | Rake $0.40 
Board [Ac 9s 9h Th]
Seat 1: 50CandyJoe (small blind) folded before Flop
Seat 3: GoalieSchool (big blind) folded on the Turn
Seat 4: B1GBankroll folded before Flop (didn't bet)
Seat 5: Seavus10 collected ($7.60)
Seat 6: Quahrino (button) folded before Flop (didn't bet)



PokerStars Hand #254760336882:  Hold'em No Limit ($0.50/$1.00 USD) - 2025/02/07 2:33:06 WET [2025/02/07 21:33:06 ET]
Table 'Dheneb' 6-max Seat #1 is the button
Seat 1: 50CandyJoe ($100 in chips) 
Seat 3: GoalieSchool ($96.25 in chips) 
Seat 4: B1GBankroll ($108.62 in chips) 
Seat 5: Seavus10 ($168.78 in chips) 
Seat 6: Quahrino ($128.37 in chips) 
GoalieSchool: posts small blind $0.50
B1GBankroll: posts big blind $1
*** HOLE CARDS ***
Seavus10: folds 
Quahrino: folds 
50CandyJoe: raises $1.50 to $2.50
GoalieSchool: folds 
B1GBankroll: calls $1.50
*** FLOP *** [4d 6c Qc]
B1GBankroll: checks 
50CandyJoe: checks 
*** TURN *** [4d 6c Qc] [5h]
B1GBankroll: checks 
50CandyJoe: checks 
*** RIVER *** [4d 6c Qc 5h] [Jd]
B1GBankroll: checks 
50CandyJoe: bets $5.22
B1GBankroll: folds 
Uncalled bet ($5.22) returned to 50CandyJoe
50CandyJoe collected $5.22 from pot
50CandyJoe: doesn't show hand 
*** SUMMARY ***
Total pot $5.50 | Rake $0.28 
Board [4d 6c Qc 5h Jd]
Seat 1: 50CandyJoe (button) collected ($5.22)
Seat 3: GoalieSchool (small blind) folded before Flop
Seat 4: B1GBankroll (big blind) folded on the River
Seat 5: Seavus10 folded before Flop (didn't bet)
Seat 6: Quahrino folded before Flop (didn't bet)



PokerStars Hand #254760347118:  Hold'em No Limit ($0.50/$1.00 USD) - 2025/02/07 2:34:09 WET [2025/02/07 21:34:09 ET]
Table 'Dheneb' 6-max Seat #3 is the button
Seat 1: 50CandyJoe ($102.72 in chips) 
Seat 3: GoalieSchool ($95.75 in chips) 
Seat 4: B1GBankroll ($106.12 in chips) 
Seat 5: Seavus10 ($168.78 in chips) 
Seat 6: Quahrino ($128.37 in chips) 
B1GBankroll: posts small blind $0.50
Seavus10: posts big blind $1
*** HOLE CARDS ***
Quahrino: raises $1 to $2
50CandyJoe: folds 
GoalieSchool: folds 
B1GBankroll: folds 
Seavus10: folds 
Uncalled bet ($1) returned to Quahrino
Quahrino collected $2.50 from pot
Quahrino: doesn't show hand 
*** SUMMARY ***
Total pot $2.50 | Rake $0 
Seat 1: 50CandyJoe folded before Flop (didn't bet)
Seat 3: GoalieSchool (button) folded before Flop (didn't bet)
Seat 4: B1GBankroll (small blind) folded before Flop
Seat 5: Seavus10 (big blind) folded before Flop
Seat 6: Quahrino collected ($2.50)



PokerStars Hand #254760351646:  Hold'em No Limit ($0.50/$1.00 USD) - 2025/02/07 2:34:37 WET [2025/02/07 21:34:37 ET]
Table 'Dheneb' 6-max Seat #4 is the button
Seat 1: 50CandyJoe ($102.72 in chips) 
Seat 3: GoalieSchool ($95.75 in chips) 
Seat 4: B1GBankroll ($105.62 in chips) 
Seat 5: Seavus10 ($167.78 in chips) 
Seat 6: Quahrino ($129.87 in chips) 
Seavus10: posts small blind $0.50
Quahrino: posts big blind $1
*** HOLE CARDS ***
straight77777 joins the table at seat #2 
straight77777 is disconnected 
50CandyJoe: folds 
GoalieSchool: folds 
B1GBankroll: folds 
Seavus10: folds 
Uncalled bet ($0.50) returned to Quahrino
Quahrino collected $1 from pot
Quahrino: doesn't show hand 
*** SUMMARY ***
Total pot $1 | Rake $0 
Seat 1: 50CandyJoe folded before Flop (didn't bet)
Seat 3: GoalieSchool folded before Flop (didn't bet)
Seat 4: B1GBankroll (button) folded before Flop (didn't bet)
Seat 5: Seavus10 (small blind) folded before Flop
Seat 6: Quahrino (big blind) collected ($1)



PokerStars Hand #254760355290:  Hold'em No Limit ($0.50/$1.00 USD) - 2025/02/07 2:34:59 WET [2025/02/07 21:34:59 ET]
Table 'Dheneb' 6-max Seat #5 is the button
Seat 2: straight77777 ($10 in chips) is sitting out
Seat 1: 50CandyJoe ($102.72 in chips) 
Seat 3: GoalieSchool ($100 in chips) 
Seat 4: B1GBankroll ($105.62 in chips) 
Seat 5: Seavus10 ($167.28 in chips) 
Seat 6: Quahrino ($130.37 in chips) 
Quahrino: posts small blind $0.50
50CandyJoe: posts big blind $1
straight77777: sits out 
*** HOLE CARDS ***
GoalieSchool: folds 
B1GBankroll: folds 
Seavus10: raises $1.50 to $2.50
Quahrino: raises $8.50 to $11
50CandyJoe: folds 
Seavus10: folds 
Uncalled bet ($8.50) returned to Quahrino
Quahrino collected $6 from pot
Quahrino: doesn't show hand 
*** SUMMARY ***
Total pot $6 | Rake $0 
Seat 2: straight77777
Seat 1: 50CandyJoe (big blind) folded before Flop
Seat 3: GoalieSchool folded before Flop (didn't bet)
Seat 4: B1GBankroll folded before Flop (didn't bet)
Seat 5: Seavus10 (button) folded before Flop
Seat 6: Quahrino (small blind) collected ($6)



PokerStars Hand #254760359923:  Hold'em No Limit ($0.50/$1.00 USD) - 2025/02/07 2:35:28 WET [2025/02/07 21:35:28 ET]
Table 'Dheneb' 6-max Seat #6 is the button
Seat 1: 50CandyJoe ($101.72 in chips) 
Seat 2: straight77777 ($10 in chips) 
Seat 3: GoalieSchool ($100 in chips) 
Seat 4: B1GBankroll ($105.62 in chips) 
Seat 5: Seavus10 ($164.78 in chips) 
Seat 6: Quahrino ($133.87 in chips) 
50CandyJoe: posts small blind $0.50
straight77777: posts big blind $1
*** HOLE CARDS ***
GoalieSchool: folds 
B1GBankroll: folds 
Seavus10: folds 
Quahrino: folds 
50CandyJoe: calls $0.50
straight77777: raises $1 to $2
50CandyJoe: calls $1
*** FLOP *** [4d 2s 7d]
50CandyJoe: checks 
straight77777: bets $2
50CandyJoe: calls $2
*** TURN *** [4d 2s 7d] [8c]
50CandyJoe: bets $1
straight77777: calls $1
*** RIVER *** [4d 2s 7d 8c] [4h]
50CandyJoe: bets $1
straight77777: folds 
Uncalled bet ($1) returned to 50CandyJoe
50CandyJoe collected $9.50 from pot
50CandyJoe: doesn't show hand 
*** SUMMARY ***
Total pot $10 | Rake $0.50 
Board [4d 2s 7d 8c 4h]
Seat 1: 50CandyJoe (small blind) collected ($9.50)
Seat 2: straight77777 (big blind) folded on the River
Seat 3: GoalieSchool folded before Flop (didn't bet)
Seat 4: B1GBankroll folded before Flop (didn't bet)
Seat 5: Seavus10 folded before Flop (didn't bet)
Seat 6: Quahrino (button) folded before Flop (didn't bet)



PokerStars Hand #254760369190:  Hold'em No Limit ($0.50/$1.00 USD) - 2025/02/07 2:36:25 WET [2025/02/07 21:36:25 ET]
Table 'Dheneb' 6-max Seat #1 is the button
Seat 1: 50CandyJoe ($106.22 in chips) 
Seat 2: straight77777 ($5 in chips) 
Seat 3: GoalieSchool ($100 in chips) 
Seat 4: B1GBankroll ($105.62 in chips) 
Seat 5: Seavus10 ($164.78 in chips) 
Seat 6: Quahrino ($133.87 in chips) 
straight77777: posts small blind $0.50
GoalieSchool: posts big blind $1
*** HOLE CARDS ***
B1GBankroll: folds 
Seavus10: folds 
Quahrino: raises $1.30 to $2.30
50CandyJoe: folds 
straight77777: folds 
GoalieSchool: calls $1.30
*** FLOP *** [7d 5h 9c]
GoalieSchool: checks 
Quahrino: checks 
*** TURN *** [7d 5h 9c] [As]
GoalieSchool: checks 
Quahrino: checks 
*** RIVER *** [7d 5h 9c As] [9d]
GoalieSchool: checks 
Quahrino: checks 
*** SHOW DOWN ***
GoalieSchool: shows [8s Ks] (a pair of Nines)
Quahrino: shows [6s 6c] (two pair, Nines and Sixes)
Quahrino collected $4.84 from pot
*** SUMMARY ***
Total pot $5.10 | Rake $0.26 
Board [7d 5h 9c As 9d]
Seat 1: 50CandyJoe (button) folded before Flop (didn't bet)
Seat 2: straight77777 (small blind) folded before Flop
Seat 3: GoalieSchool (big blind) showed [8s Ks] and lost with a pair of Nines
Seat 4: B1GBankroll folded before Flop (didn't bet)
Seat 5: Seavus10 folded before Flop (didn't bet)
Seat 6: Quahrino showed [6s 6c] and won ($4.84) with two pair, Nines and Sixes



PokerStars Hand #254760378144:  Hold'em No Limit ($0.50/$1.00 USD) - 2025/02/07 2:37:21 WET [2025/02/07 21:37:21 ET]
Table 'Dheneb' 6-max Seat #2 is the button
Seat 1: 50CandyJoe ($106.22 in chips) 
Seat 2: straight77777 ($4.50 in chips) 
Seat 3: GoalieSchool ($97.70 in chips) 
Seat 4: B1GBankroll ($105.62 in chips) 
Seat 5: Seavus10 ($164.78 in chips) 
Seat 6: Quahrino ($136.41 in chips) 
GoalieSchool: posts small blind $0.50
B1GBankroll: posts big blind $1
*** HOLE CARDS ***
Seavus10: folds 
Quahrino: folds 
50CandyJoe: folds 
straight77777: folds 
GoalieSchool: folds 
Uncalled bet ($0.50) returned to B1GBankroll
B1GBankroll collected $1 from pot
B1GBankroll: doesn't show hand 
*** SUMMARY ***
Total pot $1 | Rake $0 
Seat 1: 50CandyJoe folded before Flop (didn't bet)
Seat 2: straight77777 (button) folded before Flop (didn't bet)
Seat 3: GoalieSchool (small blind) folded before Flop
Seat 4: B1GBankroll (big blind) collected ($1)
Seat 5: Seavus10 folded before Flop (didn't bet)
Seat 6: Quahrino folded before Flop (didn't bet)



PokerStars Hand #254760382535:  Hold'em No Limit ($0.50/$1.00 USD) - 2025/02/07 2:37:48 WET [2025/02/07 21:37:48 ET]
Table 'Dheneb' 6-max Seat #3 is the button
Seat 1: 50CandyJoe ($106.22 in chips) 
Seat 2: straight77777 ($4.50 in chips) 
Seat 3: GoalieSchool ($97.20 in chips) 
Seat 4: B1GBankroll ($106.12 in chips) 
Seat 5: Seavus10 ($164.78 in chips) 
Seat 6: Quahrino ($136.41 in chips) 
B1GBankroll: posts small blind $0.50
Seavus10: posts big blind $1
*** HOLE CARDS ***
Quahrino: folds 
50CandyJoe: folds 
straight77777: folds 
GoalieSchool: folds 
B1GBankroll: folds 
Uncalled bet ($0.50) returned to Seavus10
Seavus10 collected $1 from pot
Seavus10: doesn't show hand 
*** SUMMARY ***
Total pot $1 | Rake $0 
Seat 1: 50CandyJoe folded before Flop (didn't bet)
Seat 2: straight77777 folded before Flop (didn't bet)
Seat 3: GoalieSchool (button) folded before Flop (didn't bet)
Seat 4: B1GBankroll (small blind) folded before Flop
Seat 5: Seavus10 (big blind) collected ($1)
Seat 6: Quahrino folded before Flop (didn't bet)



PokerStars Hand #254760385882:  Hold'em No Limit ($0.50/$1.00 USD) - 2025/02/07 2:38:09 WET [2025/02/07 21:38:09 ET]
Table 'Dheneb' 6-max Seat #4 is the button
Seat 1: 50CandyJoe ($106.22 in chips) 
Seat 2: straight77777 ($4.50 in chips) 
Seat 3: GoalieSchool ($97.20 in chips) 
Seat 4: B1GBankroll ($105.62 in chips) 
Seat 5: Seavus10 ($165.28 in chips) 
Seat 6: Quahrino ($136.41 in chips) 
Seavus10: posts small blind $0.50
Quahrino: posts big blind $1
*** HOLE CARDS ***
50CandyJoe: raises $1.20 to $2.20
straight77777: folds 
GoalieSchool: raises $5.90 to $8.10
B1GBankroll: folds 
Seavus10: folds 
Quahrino: folds 
50CandyJoe: folds 
Uncalled bet ($5.90) returned to GoalieSchool
GoalieSchool collected $5.90 from pot
GoalieSchool: doesn't show hand 
*** SUMMARY ***
Total pot $5.90 | Rake $0 
Seat 1: 50CandyJoe folded before Flop
Seat 2: straight77777 folded before Flop (didn't bet)
Seat 3: GoalieSchool collected ($5.90)
Seat 4: B1GBankroll (button) folded before Flop (didn't bet)
Seat 5: Seavus10 (small blind) folded before Flop
Seat 6: Quahrino (big blind) folded before Flop



PokerStars Hand #254760388669:  Hold'em No Limit ($0.50/$1.00 USD) - 2025/02/07 2:38:26 WET [2025/02/07 21:38:26 ET]
Table 'Dheneb' 6-max Seat #5 is the button
Seat 1: 50CandyJoe ($104.02 in chips) 
Seat 2: straight77777 ($4.50 in chips) 
Seat 3: GoalieSchool ($100.90 in chips) 
Seat 4: B1GBankroll ($105.62 in chips) 
Seat 5: Seavus10 ($164.78 in chips) 
Seat 6: Quahrino ($135.41 in chips) 
Quahrino: posts small blind $0.50
50CandyJoe: posts big blind $1
*** HOLE CARDS ***
straight77777: folds 
GoalieSchool: folds 
B1GBankroll: folds 
Seavus10: raises $1.50 to $2.50
Quahrino: folds 
50CandyJoe: folds 
Uncalled bet ($1.50) returned to Seavus10
Seavus10 collected $2.50 from pot
Seavus10: doesn't show hand 
*** SUMMARY ***
Total pot $2.50 | Rake $0 
Seat 1: 50CandyJoe (big blind) folded before Flop
Seat 2: straight77777 folded before Flop (didn't bet)
Seat 3: GoalieSchool folded before Flop (didn't bet)
Seat 4: B1GBankroll folded before Flop (didn't bet)
Seat 5: Seavus10 (button) collected ($2.50)
Seat 6: Quahrino (small blind) folded before Flop



PokerStars Hand #254760390946:  Hold'em No Limit ($0.50/$1.00 USD) - 2025/02/07 2:38:41 WET [2025/02/07 21:38:41 ET]
Table 'Dheneb' 6-max Seat #6 is the button
Seat 1: 50CandyJoe ($103.02 in chips) 
Seat 2: straight77777 ($4.50 in chips) 
Seat 3: GoalieSchool ($100.90 in chips) 
Seat 4: B1GBankroll ($105.62 in chips) 
Seat 5: Seavus10 ($166.28 in chips) 
Seat 6: Quahrino ($134.91 in chips) 
50CandyJoe: posts small blind $0.50
straight77777: posts big blind $1
*** HOLE CARDS ***
GoalieSchool: folds 
B1GBankroll: folds 
Seavus10: folds 
Quahrino: folds 
50CandyJoe: raises $4 to $5
straight77777: calls $3.50 and is all-in
Uncalled bet ($0.50) returned to 50CandyJoe
*** FLOP *** [3h 4c 6h]
*** TURN *** [3h 4c 6h] [Ad]
*** RIVER *** [3h 4c 6h Ad] [Ts]
*** SHOW DOWN ***
50CandyJoe: shows [Ac Tc] (two pair, Aces and Tens)
straight77777: shows [9h 5h] (high card Ace)
50CandyJoe collected $8.55 from pot
*** SUMMARY ***
Total pot $9 | Rake $0.45 
Board [3h 4c 6h Ad Ts]
Seat 1: 50CandyJoe (small blind) showed [Ac Tc] and won ($8.55) with two pair, Aces and Tens
Seat 2: straight77777 (big blind) showed [9h 5h] and lost with high card Ace
Seat 3: GoalieSchool folded before Flop (didn't bet)
Seat 4: B1GBankroll folded before Flop (didn't bet)
Seat 5: Seavus10 folded before Flop (didn't bet)
Seat 6: Quahrino (button) folded before Flop (didn't bet)



PokerStars Hand #254760395435:  Hold'em No Limit ($0.50/$1.00 USD) - 2025/02/07 2:39:08 WET [2025/02/07 21:39:08 ET]
Table 'Dheneb' 6-max Seat #1 is the button
Seat 2: straight77777 ($0 in chips) is sitting out
Seat 1: 50CandyJoe ($107.07 in chips) 
Seat 3: GoalieSchool ($100.90 in chips) 
Seat 4: B1GBankroll ($105.62 in chips) 
Seat 5: Seavus10 ($166.28 in chips) 
Seat 6: Quahrino ($134.91 in chips) 
GoalieSchool: posts small blind $0.50
B1GBankroll: posts big blind $1
*** HOLE CARDS ***
Seavus10: folds 
Quahrino: raises $1.30 to $2.30
50CandyJoe: folds 
GoalieSchool: folds 
straight77777 is disconnected 
B1GBankroll: folds 
Uncalled bet ($1.30) returned to Quahrino
Quahrino collected $2.50 from pot
Quahrino: doesn't show hand 
*** SUMMARY ***
Total pot $2.50 | Rake $0 
Seat 2: straight77777
Seat 1: 50CandyJoe (button) folded before Flop (didn't bet)
Seat 3: GoalieSchool (small blind) folded before Flop
Seat 4: B1GBankroll (big blind) folded before Flop
Seat 5: Seavus10 folded before Flop (didn't bet)
Seat 6: Quahrino collected ($2.50)



PokerStars Hand #254760397938:  Hold'em No Limit ($0.50/$1.00 USD) - 2025/02/07 2:39:24 WET [2025/02/07 21:39:24 ET]
Table 'Dheneb' 6-max Seat #3 is the button
Seat 2: straight77777 ($0 in chips) is sitting out
Seat 1: 50CandyJoe ($107.07 in chips) 
Seat 3: GoalieSchool ($100.40 in chips) 
Seat 4: B1GBankroll ($104.62 in chips) 
Seat 5: Seavus10 ($166.28 in chips) 
Seat 6: Quahrino ($136.41 in chips) 
B1GBankroll: posts small blind $0.50
Seavus10: posts big blind $1
*** HOLE CARDS ***
Quahrino: raises $1 to $2
50CandyJoe: folds 
GoalieSchool: folds 
B1GBankroll: folds 
Seavus10: calls $1
*** FLOP *** [As 2c 9h]
Seavus10: checks 
Quahrino: checks 
*** TURN *** [As 2c 9h] [Jh]
Seavus10: checks 
Quahrino: bets $1.07
Seavus10: raises $11.28 to $12.35
Quahrino: calls $11.28
*** RIVER *** [As 2c 9h Jh] [Kc]
Seavus10: bets $21.30
Quahrino: folds 
Uncalled bet ($21.30) returned to Seavus10
Seavus10 collected $27.74 from pot
Seavus10: doesn't show hand 
*** SUMMARY ***
Total pot $29.20 | Rake $1.46 
Board [As 2c 9h Jh Kc]
Seat 2: straight77777
Seat 1: 50CandyJoe folded before Flop (didn't bet)
Seat 3: GoalieSchool (button) folded before Flop (didn't bet)
Seat 4: B1GBankroll (small blind) folded before Flop
Seat 5: Seavus10 (big blind) collected ($27.74)
Seat 6: Quahrino folded on the River



PokerStars Hand #254760413267:  Hold'em No Limit ($0.50/$1.00 USD) - 2025/02/07 2:40:58 WET [2025/02/07 21:40:58 ET]
Table 'Dheneb' 6-max Seat #4 is the button
Seat 2: straight77777 ($0 in chips) is sitting out
Seat 1: 50CandyJoe ($107.07 in chips) 
Seat 3: GoalieSchool ($100.40 in chips) 
Seat 4: B1GBankroll ($104.12 in chips) 
Seat 5: Seavus10 ($179.67 in chips) 
Seat 6: Quahrino ($122.06 in chips) 
Seavus10: posts small blind $0.50
Quahrino: posts big blind $1
*** HOLE CARDS ***
50CandyJoe: raises $1.20 to $2.20
GoalieSchool: folds 
B1GBankroll: folds 
Seavus10: folds 
Quahrino: folds 
Uncalled bet ($1.20) returned to 50CandyJoe
50CandyJoe collected $2.50 from pot
50CandyJoe: doesn't show hand 
*** SUMMARY ***
Total pot $2.50 | Rake $0 
Seat 2: straight77777
Seat 1: 50CandyJoe collected ($2.50)
Seat 3: GoalieSchool folded before Flop (didn't bet)
Seat 4: B1GBankroll (button) folded before Flop (didn't bet)
Seat 5: Seavus10 (small blind) folded before Flop
Seat 6: Quahrino (big blind) folded before Flop



PokerStars Hand #254760415145:  Hold'em No Limit ($0.50/$1.00 USD) - 2025/02/07 2:41:10 WET [2025/02/07 21:41:10 ET]
Table 'Dheneb' 6-max Seat #5 is the button
Seat 2: straight77777 ($0 in chips) is sitting out
Seat 1: 50CandyJoe ($108.57 in chips) 
Seat 3: GoalieSchool ($100.40 in chips) 
Seat 4: B1GBankroll ($104.12 in chips) 
Seat 5: Seavus10 ($179.17 in chips) 
Seat 6: Quahrino ($121.06 in chips) 
Quahrino: posts small blind $0.50
50CandyJoe: posts big blind $1
*** HOLE CARDS ***
GoalieSchool: raises $1.50 to $2.50
B1GBankroll: folds 
Seavus10: folds 
Quahrino: folds 
50CandyJoe: folds 
Uncalled bet ($1.50) returned to GoalieSchool
GoalieSchool collected $2.50 from pot
GoalieSchool: doesn't show hand 
*** SUMMARY ***
Total pot $2.50 | Rake $0 
Seat 2: straight77777
Seat 1: 50CandyJoe (big blind) folded before Flop
Seat 3: GoalieSchool collected ($2.50)
Seat 4: B1GBankroll folded before Flop (didn't bet)
Seat 5: Seavus10 (button) folded before Flop (didn't bet)
Seat 6: Quahrino (small blind) folded before Flop



PokerStars Hand #254760418386:  Hold'em No Limit ($0.50/$1.00 USD) - 2025/02/07 2:41:30 WET [2025/02/07 21:41:30 ET]
Table 'Dheneb' 6-max Seat #6 is the button
Seat 2: straight77777 ($0 in chips) is sitting out
Seat 1: 50CandyJoe ($107.57 in chips) 
Seat 3: GoalieSchool ($101.90 in chips) 
Seat 4: B1GBankroll ($104.12 in chips) 
Seat 5: Seavus10 ($179.17 in chips) 
Seat 6: Quahrino ($120.56 in chips) 
50CandyJoe: posts small blind $0.50
GoalieSchool: posts big blind $1
*** HOLE CARDS ***
B1GBankroll: folds 
Seavus10: folds 
Quahrino: raises $1.53 to $2.53
50CandyJoe: raises $7.47 to $10
GoalieSchool: folds 
Quahrino: folds 
Uncalled bet ($7.47) returned to 50CandyJoe
50CandyJoe collected $6.06 from pot
50CandyJoe: doesn't show hand 
*** SUMMARY ***
Total pot $6.06 | Rake $0 
Seat 2: straight77777
Seat 1: 50CandyJoe (small blind) collected ($6.06)
Seat 3: GoalieSchool (big blind) folded before Flop
Seat 4: B1GBankroll folded before Flop (didn't bet)
Seat 5: Seavus10 folded before Flop (didn't bet)
Seat 6: Quahrino (button) folded before Flop



PokerStars Hand #254760422083:  Hold'em No Limit ($0.50/$1.00 USD) - 2025/02/07 2:41:52 WET [2025/02/07 21:41:52 ET]
Table 'Dheneb' 6-max Seat #1 is the button
Seat 2: straight77777 ($0 in chips) is sitting out
Seat 4: B1GBankroll ($104.12 in chips) is sitting out
Seat 1: 50CandyJoe ($111.10 in chips) 
Seat 3: GoalieSchool ($100.90 in chips) 
Seat 5: Seavus10 ($179.17 in chips) 
Seat 6: Quahrino ($118.03 in chips) 
GoalieSchool: posts small blind $0.50
B1GBankroll: is sitting out 
Seavus10: posts big blind $1
*** HOLE CARDS ***
Quahrino: folds 
B1GBankroll leaves the table
50CandyJoe: raises $1.50 to $2.50
GoalieSchool: folds 
Seavus10: folds 
Uncalled bet ($1.50) returned to 50CandyJoe
50CandyJoe collected $2.50 from pot
50CandyJoe: doesn't show hand 
*** SUMMARY ***
Total pot $2.50 | Rake $0 
Seat 2: straight77777
Seat 4: B1GBankroll
Seat 1: 50CandyJoe (button) collected ($2.50)
Seat 3: GoalieSchool (small blind) folded before Flop
Seat 5: Seavus10 (big blind) folded before Flop
Seat 6: Quahrino folded before Flop (didn't bet)



PokerStars Hand #254760423949:  Hold'em No Limit ($0.50/$1.00 USD) - 2025/02/07 2:42:04 WET [2025/02/07 21:42:04 ET]
Table 'Dheneb' 6-max Seat #3 is the button
Seat 2: straight77777 ($0 in chips) is sitting out
Seat 1: 50CandyJoe ($112.60 in chips) 
Seat 3: GoalieSchool ($100.40 in chips) 
Seat 5: Seavus10 ($178.17 in chips) 
Seat 6: Quahrino ($118.03 in chips) 
Seavus10: posts small blind $0.50
Quahrino: posts big blind $1
*** HOLE CARDS ***
50CandyJoe: raises $1.20 to $2.20
GoalieSchool: folds 
Seavus10: folds 
Quahrino: calls $1.20
*** FLOP *** [8d 7s 2d]
Quahrino: checks 
50CandyJoe: checks 
*** TURN *** [8d 7s 2d] [4c]
Quahrino: bets $1.17
50CandyJoe: calls $1.17
*** RIVER *** [8d 7s 2d 4c] [9h]
Quahrino: checks 
50CandyJoe: checks 
*** SHOW DOWN ***
Quahrino: shows [6d 6h] (a pair of Sixes)
50CandyJoe: mucks hand 
Quahrino collected $6.88 from pot
*** SUMMARY ***
Total pot $7.24 | Rake $0.36 
Board [8d 7s 2d 4c 9h]
Seat 2: straight77777
Seat 1: 50CandyJoe mucked
Seat 3: GoalieSchool (button) folded before Flop (didn't bet)
Seat 5: Seavus10 (small blind) folded before Flop
Seat 6: Quahrino (big blind) showed [6d 6h] and won ($6.88) with a pair of Sixes



PokerStars Hand #254760428610:  Hold'em No Limit ($0.50/$1.00 USD) - 2025/02/07 2:42:32 WET [2025/02/07 21:42:32 ET]
Table 'Dheneb' 6-max Seat #5 is the button
Seat 2: straight77777 ($0 in chips) is sitting out
Seat 1: 50CandyJoe ($109.23 in chips) 
Seat 3: GoalieSchool ($100.40 in chips) 
Seat 5: Seavus10 ($177.67 in chips) 
Seat 6: Quahrino ($121.54 in chips) 
Quahrino: posts small blind $0.50
50CandyJoe: posts big blind $1
*** HOLE CARDS ***
GoalieSchool: folds 
amphii joins the table at seat #4 
Seavus10: folds 
Quahrino: raises $2 to $3
50CandyJoe: folds 
Uncalled bet ($2) returned to Quahrino
Quahrino collected $2 from pot
Quahrino: doesn't show hand 
*** SUMMARY ***
Total pot $2 | Rake $0 
Seat 2: straight77777
Seat 1: 50CandyJoe (big blind) folded before Flop
Seat 3: GoalieSchool folded before Flop (didn't bet)
Seat 5: Seavus10 (button) folded before Flop (didn't bet)
Seat 6: Quahrino (small blind) collected ($2)



PokerStars Hand #254760431482:  Hold'em No Limit ($0.50/$1.00 USD) - 2025/02/07 2:42:50 WET [2025/02/07 21:42:50 ET]
Table 'Dheneb' 6-max Seat #6 is the button
Seat 2: straight77777 ($0 in chips) is sitting out
Seat 4: amphii ($20 in chips) is sitting out
Seat 1: 50CandyJoe ($108.23 in chips) 
Seat 3: GoalieSchool ($100.40 in chips) 
Seat 5: Seavus10 ($177.67 in chips) 
Seat 6: Quahrino ($122.54 in chips) 
50CandyJoe: posts small blind $0.50
GoalieSchool: posts big blind $1
amphii: sits out 
*** HOLE CARDS ***
Seavus10: folds 
Quahrino: raises $1.53 to $2.53
50CandyJoe: folds 
GoalieSchool: folds 
Uncalled bet ($1.53) returned to Quahrino
Quahrino collected $2.50 from pot
Quahrino: doesn't show hand 
*** SUMMARY ***
Total pot $2.50 | Rake $0 
Seat 2: straight77777
Seat 4: amphii
Seat 1: 50CandyJoe (small blind) folded before Flop
Seat 3: GoalieSchool (big blind) folded before Flop
Seat 5: Seavus10 folded before Flop (didn't bet)
Seat 6: Quahrino (button) collected ($2.50)



PokerStars Hand #254760433293:  Hold'em No Limit ($0.50/$1.00 USD) - 2025/02/07 2:43:01 WET [2025/02/07 21:43:01 ET]
Table 'Dheneb' 6-max Seat #1 is the button
Seat 2: straight77777 ($0 in chips) is sitting out
Seat 1: 50CandyJoe ($107.73 in chips) 
Seat 3: GoalieSchool ($99.40 in chips) 
Seat 4: amphii ($20 in chips) 
Seat 5: Seavus10 ($177.67 in chips) 
Seat 6: Quahrino ($124.04 in chips) 
GoalieSchool: posts small blind $0.50
amphii: posts big blind $1
*** HOLE CARDS ***
Seavus10: folds 
Quahrino: folds 
50CandyJoe: folds 
GoalieSchool: raises $2 to $3
amphii: folds 
Uncalled bet ($2) returned to GoalieSchool
GoalieSchool collected $2 from pot
GoalieSchool: doesn't show hand 
*** SUMMARY ***
Total pot $2 | Rake $0 
Seat 2: straight77777
Seat 1: 50CandyJoe (button) folded before Flop (didn't bet)
Seat 3: GoalieSchool (small blind) collected ($2)
Seat 4: amphii (big blind) folded before Flop
Seat 5: Seavus10 folded before Flop (didn't bet)
Seat 6: Quahrino folded before Flop (didn't bet)



PokerStars Hand #254760436457:  Hold'em No Limit ($0.50/$1.00 USD) - 2025/02/07 2:43:21 WET [2025/02/07 21:43:21 ET]
Table 'Dheneb' 6-max Seat #3 is the button
Seat 2: straight77777 ($0 in chips) is sitting out
Seat 1: 50CandyJoe ($107.73 in chips) 
Seat 3: GoalieSchool ($100.40 in chips) 
Seat 4: amphii ($20 in chips) 
Seat 5: Seavus10 ($177.67 in chips) 
Seat 6: Quahrino ($124.04 in chips) 
amphii: posts small blind $0.50
Seavus10: posts big blind $1
*** HOLE CARDS ***
Quahrino: folds 
50CandyJoe: folds 
GoalieSchool: raises $1.50 to $2.50
amphii: folds 
Seavus10: folds 
Uncalled bet ($1.50) returned to GoalieSchool
GoalieSchool collected $2.50 from pot
GoalieSchool: doesn't show hand 
*** SUMMARY ***
Total pot $2.50 | Rake $0 
Seat 2: straight77777
Seat 1: 50CandyJoe folded before Flop (didn't bet)
Seat 3: GoalieSchool (button) collected ($2.50)
Seat 4: amphii (small blind) folded before Flop
Seat 5: Seavus10 (big blind) folded before Flop
Seat 6: Quahrino folded before Flop (didn't bet)



PokerStars Hand #254760438862:  Hold'em No Limit ($0.50/$1.00 USD) - 2025/02/07 2:43:36 WET [2025/02/07 21:43:36 ET]
Table 'Dheneb' 6-max Seat #4 is the button
Seat 2: straight77777 ($0 in chips) is sitting out
Seat 1: 50CandyJoe ($107.73 in chips) 
Seat 3: GoalieSchool ($101.90 in chips) 
Seat 4: amphii ($20 in chips) 
Seat 5: Seavus10 ($176.67 in chips) 
Seat 6: Quahrino ($124.04 in chips) 
Seavus10: posts small blind $0.50
Quahrino: posts big blind $1
*** HOLE CARDS ***
50CandyJoe: folds 
GoalieSchool: folds 
amphii: raises $1 to $2
Seavus10: raises $5.50 to $7.50
Quahrino: folds 
amphii: folds 
Uncalled bet ($5.50) returned to Seavus10
Seavus10 collected $5 from pot
Seavus10: doesn't show hand 
*** SUMMARY ***
Total pot $5 | Rake $0 
Seat 2: straight77777
Seat 1: 50CandyJoe folded before Flop (didn't bet)
Seat 3: GoalieSchool folded before Flop (didn't bet)
Seat 4: amphii (button) folded before Flop
Seat 5: Seavus10 (small blind) collected ($5)
Seat 6: Quahrino (big blind) folded before Flop



PokerStars Hand #254760444126:  Hold'em No Limit ($0.50/$1.00 USD) - 2025/02/07 2:44:08 WET [2025/02/07 21:44:08 ET]
Table 'Dheneb' 6-max Seat #5 is the button
Seat 2: straight77777 ($0 in chips) is sitting out
Seat 1: 50CandyJoe ($107.73 in chips) 
Seat 3: GoalieSchool ($101.90 in chips) 
Seat 4: amphii ($20 in chips) 
Seat 5: Seavus10 ($179.67 in chips) 
Seat 6: Quahrino ($123.04 in chips) 
Quahrino: posts small blind $0.50
50CandyJoe: posts big blind $1
*** HOLE CARDS ***
GoalieSchool: raises $1.50 to $2.50
amphii: folds 
Seavus10: folds 
Quahrino: folds 
50CandyJoe: raises $10 to $12.50
GoalieSchool: folds 
Uncalled bet ($10) returned to 50CandyJoe
50CandyJoe collected $5.50 from pot
50CandyJoe: doesn't show hand 
*** SUMMARY ***
Total pot $5.50 | Rake $0 
Seat 2: straight77777
Seat 1: 50CandyJoe (big blind) collected ($5.50)
Seat 3: GoalieSchool folded before Flop
Seat 4: amphii folded before Flop (didn't bet)
Seat 5: Seavus10 (button) folded before Flop (didn't bet)
Seat 6: Quahrino (small blind) folded before Flop



PokerStars Hand #254760448072:  Hold'em No Limit ($0.50/$1.00 USD) - 2025/02/07 2:44:33 WET [2025/02/07 21:44:33 ET]
Table 'Dheneb' 6-max Seat #6 is the button
Seat 2: straight77777 ($0 in chips) is sitting out
Seat 1: 50CandyJoe ($110.73 in chips) 
Seat 3: GoalieSchool ($99.40 in chips) 
Seat 4: amphii ($20 in chips) 
Seat 5: Seavus10 ($179.67 in chips) 
Seat 6: Quahrino ($122.54 in chips) 
50CandyJoe: posts small blind $0.50
GoalieSchool: posts big blind $1
*** HOLE CARDS ***
amphii: folds 
Seavus10: folds 
Quahrino: raises $1.53 to $2.53
50CandyJoe: folds 
GoalieSchool: calls $1.53
*** FLOP *** [Ts Th 7h]
GoalieSchool: checks 
Quahrino: checks 
*** TURN *** [Ts Th 7h] [6h]
GoalieSchool: bets $4.01
Quahrino: folds 
Uncalled bet ($4.01) returned to GoalieSchool
GoalieSchool collected $5.28 from pot
straight77777 leaves the table
GoalieSchool: doesn't show hand 
*** SUMMARY ***
Total pot $5.56 | Rake $0.28 
Board [Ts Th 7h 6h]
Seat 2: straight77777
Seat 1: 50CandyJoe (small blind) folded before Flop
Seat 3: GoalieSchool (big blind) collected ($5.28)
Seat 4: amphii folded before Flop (didn't bet)
Seat 5: Seavus10 folded before Flop (didn't bet)
Seat 6: Quahrino (button) folded on the Turn



PokerStars Hand #254760454693:  Hold'em No Limit ($0.50/$1.00 USD) - 2025/02/07 2:45:14 WET [2025/02/07 21:45:14 ET]
Table 'Dheneb' 6-max Seat #1 is the button
Seat 1: 50CandyJoe ($110.23 in chips) 
Seat 3: GoalieSchool ($102.15 in chips) 
Seat 4: amphii ($20 in chips) 
Seat 5: Seavus10 ($179.67 in chips) 
Seat 6: Quahrino ($120.01 in chips) 
GoalieSchool: posts small blind $0.50
amphii: posts big blind $1
*** HOLE CARDS ***
Seavus10: folds 
Quahrino: folds 
50CandyJoe: folds 
GoalieSchool: raises $2 to $3
amphii: folds 
Uncalled bet ($2) returned to GoalieSchool
GoalieSchool collected $2 from pot
GoalieSchool: doesn't show hand 
*** SUMMARY ***
Total pot $2 | Rake $0 
Seat 1: 50CandyJoe (button) folded before Flop (didn't bet)
Seat 3: GoalieSchool (small blind) collected ($2)
Seat 4: amphii (big blind) folded before Flop
Seat 5: Seavus10 folded before Flop (didn't bet)
Seat 6: Quahrino folded before Flop (didn't bet)



PokerStars Hand #254760457073:  Hold'em No Limit ($0.50/$1.00 USD) - 2025/02/07 2:45:29 WET [2025/02/07 21:45:29 ET]
Table 'Dheneb' 6-max Seat #3 is the button
Seat 1: 50CandyJoe ($110.23 in chips) 
Seat 3: GoalieSchool ($103.15 in chips) 
Seat 4: amphii ($20 in chips) 
Seat 5: Seavus10 ($179.67 in chips) 
Seat 6: Quahrino ($120.01 in chips) 
amphii: posts small blind $0.50
Seavus10: posts big blind $1
*** HOLE CARDS ***
Quahrino: folds 
50CandyJoe: folds 
GoalieSchool: folds 
amphii: folds 
Uncalled bet ($0.50) returned to Seavus10
Seavus10 collected $1 from pot
Seavus10: doesn't show hand 
*** SUMMARY ***
Total pot $1 | Rake $0 
Seat 1: 50CandyJoe folded before Flop (didn't bet)
Seat 3: GoalieSchool (button) folded before Flop (didn't bet)
Seat 4: amphii (small blind) folded before Flop
Seat 5: Seavus10 (big blind) collected ($1)
Seat 6: Quahrino folded before Flop (didn't bet)



PokerStars Hand #254760459859:  Hold'em No Limit ($0.50/$1.00 USD) - 2025/02/07 2:45:47 WET [2025/02/07 21:45:47 ET]
Table 'Dheneb' 6-max Seat #4 is the button
Seat 1: 50CandyJoe ($110.23 in chips) 
Seat 3: GoalieSchool ($103.15 in chips) 
Seat 4: amphii ($20 in chips) 
Seat 5: Seavus10 ($180.17 in chips) 
Seat 6: Quahrino ($120.01 in chips) 
Seavus10: posts small blind $0.50
Quahrino: posts big blind $1
*** HOLE CARDS ***
50CandyJoe: raises $1.20 to $2.20
GoalieSchool: raises $5.90 to $8.10
amphii: raises $11.90 to $20 and is all-in
Seavus10: folds 
Quahrino: folds 
50CandyJoe: folds 
GoalieSchool: calls $11.90
*** FLOP *** [Kc 2s 6c]
*** TURN *** [Kc 2s 6c] [3c]
*** RIVER *** [Kc 2s 6c 3c] [2c]
*** SHOW DOWN ***
GoalieSchool: shows [Qh Kh] (two pair, Kings and Deuces)
amphii: shows [5c 5h] (a flush, King high)
amphii collected $41.52 from pot
*** SUMMARY ***
Total pot $43.70 | Rake $2.18 
Board [Kc 2s 6c 3c 2c]
Seat 1: 50CandyJoe folded before Flop
Seat 3: GoalieSchool showed [Qh Kh] and lost with two pair, Kings and Deuces
Seat 4: amphii (button) showed [5c 5h] and won ($41.52) with a flush, King high
Seat 5: Seavus10 (small blind) folded before Flop
Seat 6: Quahrino (big blind) folded before Flop



PokerStars Hand #254760463762:  Hold'em No Limit ($0.50/$1.00 USD) - 2025/02/07 2:46:11 WET [2025/02/07 21:46:11 ET]
Table 'Dheneb' 6-max Seat #5 is the button
Seat 1: 50CandyJoe ($108.03 in chips) 
Seat 3: GoalieSchool ($83.15 in chips) 
Seat 4: amphii ($41.52 in chips) 
Seat 5: Seavus10 ($179.67 in chips) 
Seat 6: Quahrino ($119.01 in chips) 
Quahrino: posts small blind $0.50
50CandyJoe: posts big blind $1
*** HOLE CARDS ***
GoalieSchool: folds 
GoalieSchool leaves the table
amphii: folds 
Seavus10: folds 
Quahrino: folds 
Uncalled bet ($0.50) returned to 50CandyJoe
50CandyJoe collected $1 from pot
50CandyJoe: doesn't show hand 
*** SUMMARY ***
Total pot $1 | Rake $0 
Seat 1: 50CandyJoe (big blind) collected ($1)
Seat 3: GoalieSchool folded before Flop (didn't bet)
Seat 4: amphii folded before Flop (didn't bet)
Seat 5: Seavus10 (button) folded before Flop (didn't bet)
Seat 6: Quahrino (small blind) folded before Flop



PokerStars Hand #254760467107:  Hold'em No Limit ($0.50/$1.00 USD) - 2025/02/07 2:46:32 WET [2025/02/07 21:46:32 ET]
Table 'Dheneb' 6-max Seat #6 is the button
Seat 1: 50CandyJoe ($108.53 in chips) 
Seat 4: amphii ($41.52 in chips) 
Seat 5: Seavus10 ($179.67 in chips) 
Seat 6: Quahrino ($118.51 in chips) 
50CandyJoe: posts small blind $0.50
amphii: posts big blind $1
*** HOLE CARDS ***
Seavus10: raises $1.20 to $2.20
Quahrino: folds 
50CandyJoe: folds 
amphii: calls $1.20
*** FLOP *** [Qc Qd 3h]
amphii: checks 
Seavus10: bets $1.17
amphii: folds 
Uncalled bet ($1.17) returned to Seavus10
Seavus10 collected $4.66 from pot
Seavus10: doesn't show hand 
*** SUMMARY ***
Total pot $4.90 | Rake $0.24 
Board [Qc Qd 3h]
Seat 1: 50CandyJoe (small blind) folded before Flop
Seat 4: amphii (big blind) folded on the Flop
Seat 5: Seavus10 collected ($4.66)
Seat 6: Quahrino (button) folded before Flop (didn't bet)



PokerStars Hand #254760470687:  Hold'em No Limit ($0.50/$1.00 USD) - 2025/02/07 2:46:54 WET [2025/02/07 21:46:54 ET]
Table 'Dheneb' 6-max Seat #4 is the button
Seat 1: 50CandyJoe ($108.03 in chips) is sitting out
Seat 4: amphii ($39.32 in chips) 
Seat 5: Seavus10 ($182.13 in chips) 
Seat 6: Quahrino ($118.51 in chips) 
Seavus10: posts small blind $0.50
Quahrino: posts big blind $1
*** HOLE CARDS ***
50CandyJoe leaves the table
amphii: raises $1.28 to $2.28
Seavus10: folds 
Quahrino: calls $1.28
*** FLOP *** [Tc 2c Td]
Quahrino: checks 
amphii: bets $1.20
Quahrino: raises $1.80 to $3
amphii: folds 
Uncalled bet ($1.80) returned to Quahrino
Quahrino collected $7.09 from pot
Quahrino: doesn't show hand 
*** SUMMARY ***
Total pot $7.46 | Rake $0.37 
Board [Tc 2c Td]
Seat 1: 50CandyJoe
Seat 4: amphii (button) folded on the Flop
Seat 5: Seavus10 (small blind) folded before Flop
Seat 6: Quahrino (big blind) collected ($7.09)



PokerStars Hand #254760474430:  Hold'em No Limit ($0.50/$1.00 USD) - 2025/02/07 2:47:17 WET [2025/02/07 21:47:17 ET]
Table 'Dheneb' 6-max Seat #6 is the button
Seat 4: amphii ($35.84 in chips) is sitting out
Seat 5: Seavus10 ($181.63 in chips) 
Seat 6: Quahrino ($122.12 in chips) 
Quahrino: posts small blind $0.50
amphii: is sitting out 
Seavus10: posts big blind $1
*** HOLE CARDS ***
amphii leaves the table
Quahrino: raises $1.53 to $2.53
Seavus10: calls $1.53
*** FLOP *** [6c 7d Jc]
Seavus10: checks 
Quahrino: checks 
*** TURN *** [6c 7d Jc] [Ah]
Seavus10: checks 
Quahrino: checks 
*** RIVER *** [6c 7d Jc Ah] [9d]
Seavus10: checks 
Quahrino: checks 
*** SHOW DOWN ***
Seavus10: shows [7h 4h] (a pair of Sevens)
Quahrino: mucks hand 
Seavus10 collected $4.81 from pot
*** SUMMARY ***
Total pot $5.06 | Rake $0.25 
Board [6c 7d Jc Ah 9d]
Seat 4: amphii
Seat 5: Seavus10 (big blind) showed [7h 4h] and won ($4.81) with a pair of Sevens
Seat 6: Quahrino (button) (small blind) mucked



PokerStars Hand #254760486017:  Hold'em No Limit ($0.50/$1.00 USD) - 2025/02/07 2:48:30 WET [2025/02/07 21:48:30 ET]
Table 'Dheneb' 6-max Seat #5 is the button
Seat 5: Seavus10 ($183.91 in chips) 
Seat 6: Quahrino ($119.59 in chips) 
Seavus10: posts small blind $0.50
Quahrino: posts big blind $1
*** HOLE CARDS ***
Seavus10: raises $1.20 to $2.20
Quahrino: folds 
Uncalled bet ($1.20) returned to Seavus10
Seavus10 collected $2 from pot
Seavus10: doesn't show hand 
*** SUMMARY ***
Total pot $2 | Rake $0 
Seat 5: Seavus10 (button) (small blind) collected ($2)
Seat 6: Quahrino (big blind) folded before Flop



PokerStars Hand #254760487431:  Hold'em No Limit ($0.50/$1.00 USD) - 2025/02/07 2:48:39 WET [2025/02/07 21:48:39 ET]
Table 'Dheneb' 6-max Seat #6 is the button
Seat 5: Seavus10 ($184.91 in chips) 
Seat 6: Quahrino ($118.59 in chips) 
Quahrino: posts small blind $0.50
Seavus10: posts big blind $1
*** HOLE CARDS ***
Quahrino: raises $1.53 to $2.53
Seavus10: calls $1.53
*** FLOP *** [Qc Jd 6d]
Seavus10: checks 
Quahrino: checks 
*** TURN *** [Qc Jd 6d] [6s]
Seavus10: checks 
Quahrino: bets $1.20
Seavus10: folds 
Uncalled bet ($1.20) returned to Quahrino
Quahrino collected $4.81 from pot
Quahrino: doesn't show hand 
*** SUMMARY ***
Total pot $5.06 | Rake $0.25 
Board [Qc Jd 6d 6s]
Seat 5: Seavus10 (big blind) folded on the Turn
Seat 6: Quahrino (button) (small blind) collected ($4.81)



PokerStars Hand #254760494484:  Hold'em No Limit ($0.50/$1.00 USD) - 2025/02/07 2:49:23 WET [2025/02/07 21:49:23 ET]
Table 'Dheneb' 6-max Seat #5 is the button
Seat 5: Seavus10 ($182.38 in chips) 
Seat 6: Quahrino ($120.87 in chips) 
Seavus10: posts small blind $0.50
Quahrino: posts big blind $1
*** HOLE CARDS ***
Seavus10: raises $1.20 to $2.20
Quahrino: calls $1.20
*** FLOP *** [2d 8c 3d]
Quahrino: checks 
Seavus10: checks 
*** TURN *** [2d 8c 3d] [2h]
Quahrino: checks 
Seavus10: bets $3.13
Quahrino: folds 
Uncalled bet ($3.13) returned to Seavus10
Seavus10 collected $4.18 from pot
Seavus10: doesn't show hand 
*** SUMMARY ***
Total pot $4.40 | Rake $0.22 
Board [2d 8c 3d 2h]
Seat 5: Seavus10 (button) (small blind) collected ($4.18)
Seat 6: Quahrino (big blind) folded on the Turn



PokerStars Hand #254760500339:  Hold'em No Limit ($0.50/$1.00 USD) - 2025/02/07 2:50:01 WET [2025/02/07 21:50:01 ET]
Table 'Dheneb' 6-max Seat #6 is the button
Seat 5: Seavus10 ($184.36 in chips) 
Seat 6: Quahrino ($118.67 in chips) 
Quahrino: posts small blind $0.50
Seavus10: posts big blind $1
*** HOLE CARDS ***
Quahrino: raises $1.53 to $2.53
Seavus10: folds 
Uncalled bet ($1.53) returned to Quahrino
Quahrino collected $2 from pot
Quahrino: doesn't show hand 
*** SUMMARY ***
Total pot $2 | Rake $0 
Seat 5: Seavus10 (big blind) folded before Flop
Seat 6: Quahrino (button) (small blind) collected ($2)



PokerStars Hand #254760501733:  Hold'em No Limit ($0.50/$1.00 USD) - 2025/02/07 2:50:09 WET [2025/02/07 21:50:09 ET]
Table 'Dheneb' 6-max Seat #5 is the button
Seat 5: Seavus10 ($183.36 in chips) 
Seat 6: Quahrino ($119.67 in chips) 
Seavus10: posts small blind $0.50
Quahrino: posts big blind $1
*** HOLE CARDS ***
Seavus10: raises $1.20 to $2.20
Quahrino: raises $8.80 to $11
Seavus10: folds 
Uncalled bet ($8.80) returned to Quahrino
Quahrino collected $4.40 from pot
Quahrino: doesn't show hand 
*** SUMMARY ***
Total pot $4.40 | Rake $0 
Seat 5: Seavus10 (button) (small blind) folded before Flop
Seat 6: Quahrino (big blind) collected ($4.40)



PokerStars Hand #254760504763:  Hold'em No Limit ($0.50/$1.00 USD) - 2025/02/07 2:50:29 WET [2025/02/07 21:50:29 ET]
Table 'Dheneb' 6-max Seat #6 is the button
Seat 5: Seavus10 ($181.16 in chips) 
Seat 6: Quahrino ($121.87 in chips) 
Quahrino: posts small blind $0.50
Seavus10: posts big blind $1
*** HOLE CARDS ***
Quahrino: raises $1.53 to $2.53
Seavus10: folds 
Uncalled bet ($1.53) returned to Quahrino
Quahrino collected $2 from pot
Quahrino: doesn't show hand 
Seavus10 leaves the table
*** SUMMARY ***
Total pot $2 | Rake $0 
Seat 5: Seavus10 (big blind) folded before Flop
Seat 6: Quahrino (button) (small blind) collected ($2)



PokerStars Hand #254760589765:  Hold'em No Limit ($0.50/$1.00 USD) - 2025/02/07 3:00:42 WET [2025/02/07 22:00:42 ET]
Table 'Dheneb' 6-max Seat #3 is the button
Seat 1: Manifestorr ($104.55 in chips) 
Seat 2: Rysiff ($103.50 in chips) 
Seat 3: gambler1258 ($123.42 in chips) 
Seat 4: nastja336 ($100 in chips) 
Seat 6: B1GBankroll ($103.12 in chips) 
nastja336: posts small blind $0.50
B1GBankroll: posts big blind $1
*** HOLE CARDS ***
Manifestorr: folds 
vezis3 joins the table at seat #5 
Rysiff has timed out
Rysiff: folds 
gambler1258: folds 
nastja336: folds 
Uncalled bet ($0.50) returned to B1GBankroll
B1GBankroll collected $1 from pot
B1GBankroll: doesn't show hand 
*** SUMMARY ***
Total pot $1 | Rake $0 
Seat 1: Manifestorr folded before Flop (didn't bet)
Seat 2: Rysiff folded before Flop (didn't bet)
Seat 3: gambler1258 (button) folded before Flop (didn't bet)
Seat 4: nastja336 (small blind) folded before Flop
Seat 6: B1GBankroll (big blind) collected ($1)



PokerStars Hand #254760593616:  Hold'em No Limit ($0.50/$1.00 USD) - 2025/02/07 3:01:07 WET [2025/02/07 22:01:07 ET]
Table 'Dheneb' 6-max Seat #4 is the button
Seat 2: Rysiff ($103.50 in chips) is sitting out
Seat 5: vezis3 ($100 in chips) is sitting out
Seat 1: Manifestorr ($104.55 in chips) 
Seat 3: gambler1258 ($123.42 in chips) 
Seat 4: nastja336 ($100 in chips) 
Seat 6: B1GBankroll ($103.62 in chips) 
B1GBankroll: posts small blind $0.50
Manifestorr: posts big blind $1
*** HOLE CARDS ***
gambler1258: folds 
nastja336: folds 
B1GBankroll: folds 
Uncalled bet ($0.50) returned to Manifestorr
Manifestorr collected $1 from pot
*** SUMMARY ***
Total pot $1 | Rake $0 
Seat 2: Rysiff
Seat 5: vezis3
Seat 1: Manifestorr (big blind) collected ($1)
Seat 3: gambler1258 folded before Flop (didn't bet)
Seat 4: nastja336 (button) folded before Flop (didn't bet)
Seat 6: B1GBankroll (small blind) folded before Flop



PokerStars Hand #254760596848:  Hold'em No Limit ($0.50/$1.00 USD) - 2025/02/07 3:01:29 WET [2025/02/07 22:01:29 ET]
Table 'Dheneb' 6-max Seat #6 is the button
Seat 5: vezis3 ($100 in chips) is sitting out
Seat 1: Manifestorr ($105.05 in chips) 
Seat 2: Rysiff ($103.50 in chips) 
Seat 3: gambler1258 ($123.42 in chips) 
Seat 4: nastja336 ($100 in chips) 
Seat 6: B1GBankroll ($103.12 in chips) 
Manifestorr: posts small blind $0.50
Rysiff: posts big blind $1
vezis3: sits out 
*** HOLE CARDS ***
gambler1258: folds 
nastja336: folds 
B1GBankroll: folds 
Manifestorr: folds 
Uncalled bet ($0.50) returned to Rysiff
Rysiff collected $1 from pot
Rysiff: doesn't show hand 
*** SUMMARY ***
Total pot $1 | Rake $0 
Seat 5: vezis3
Seat 1: Manifestorr (small blind) folded before Flop
Seat 2: Rysiff (big blind) collected ($1)
Seat 3: gambler1258 folded before Flop (didn't bet)
Seat 4: nastja336 folded before Flop (didn't bet)
Seat 6: B1GBankroll (button) folded before Flop (didn't bet)



PokerStars Hand #254760599907:  Hold'em No Limit ($0.50/$1.00 USD) - 2025/02/07 3:01:48 WET [2025/02/07 22:01:48 ET]
Table 'Dheneb' 6-max Seat #1 is the button
Seat 5: vezis3 ($100 in chips) is sitting out
Seat 1: Manifestorr ($104.55 in chips) 
Seat 2: Rysiff ($104 in chips) 
Seat 3: gambler1258 ($123.42 in chips) 
Seat 4: nastja336 ($100 in chips) 
Seat 6: B1GBankroll ($103.12 in chips) 
Rysiff: posts small blind $0.50
gambler1258: posts big blind $1
vezis3: sits out 
*** HOLE CARDS ***
nastja336: folds 
B1GBankroll: folds 
Manifestorr: folds 
Rysiff: raises $2 to $3
gambler1258: folds 
Uncalled bet ($2) returned to Rysiff
Rysiff collected $2 from pot
Rysiff: doesn't show hand 
*** SUMMARY ***
Total pot $2 | Rake $0 
Seat 5: vezis3
Seat 1: Manifestorr (button) folded before Flop (didn't bet)
Seat 2: Rysiff (small blind) collected ($2)
Seat 3: gambler1258 (big blind) folded before Flop
Seat 4: nastja336 folded before Flop (didn't bet)
Seat 6: B1GBankroll folded before Flop (didn't bet)



PokerStars Hand #254760602794:  Hold'em No Limit ($0.50/$1.00 USD) - 2025/02/07 3:02:07 WET [2025/02/07 22:02:07 ET]
Table 'Dheneb' 6-max Seat #2 is the button
Seat 4: nastja336 ($100 in chips) is sitting out
Seat 1: Manifestorr ($104.55 in chips) 
Seat 2: Rysiff ($105 in chips) 
Seat 3: gambler1258 ($122.42 in chips) 
Seat 5: vezis3 ($100 in chips) 
Seat 6: B1GBankroll ($103.12 in chips) 
gambler1258: posts small blind $0.50
nastja336: is sitting out 
vezis3: posts big blind $1
*** HOLE CARDS ***
nastja336 leaves the table
B1GBankroll: folds 
Manifestorr: folds 
Rysiff: raises $1.50 to $2.50
Sadyhov V.V. joins the table at seat #4 
gambler1258: calls $2
vezis3: calls $1.50
*** FLOP *** [6h Td Th]
gambler1258: checks 
vezis3: checks 
Rysiff: bets $2.35
gambler1258: folds 
vezis3: folds 
Uncalled bet ($2.35) returned to Rysiff
Rysiff collected $7.12 from pot
Rysiff: doesn't show hand 
*** SUMMARY ***
Total pot $7.50 | Rake $0.38 
Board [6h Td Th]
Seat 4: nastja336
Seat 1: Manifestorr folded before Flop (didn't bet)
Seat 2: Rysiff (button) collected ($7.12)
Seat 3: gambler1258 (small blind) folded on the Flop
Seat 5: vezis3 (big blind) folded on the Flop
Seat 6: B1GBankroll folded before Flop (didn't bet)



PokerStars Hand #254760611868:  Hold'em No Limit ($0.50/$1.00 USD) - 2025/02/07 3:03:05 WET [2025/02/07 22:03:05 ET]
Table 'Dheneb' 6-max Seat #3 is the button
Seat 4: Sadyhov V.V. ($100 in chips) is sitting out
Seat 1: Manifestorr ($104.55 in chips) 
Seat 2: Rysiff ($109.62 in chips) 
Seat 3: gambler1258 ($119.92 in chips) 
Seat 5: vezis3 ($100 in chips) 
Seat 6: B1GBankroll ($103.12 in chips) 
vezis3: posts small blind $0.50
B1GBankroll: posts big blind $1
*** HOLE CARDS ***
Manifestorr: folds 
Rysiff: folds 
gambler1258: folds 
vezis3: folds 
Uncalled bet ($0.50) returned to B1GBankroll
B1GBankroll collected $1 from pot
B1GBankroll: doesn't show hand 
*** SUMMARY ***
Total pot $1 | Rake $0 
Seat 4: Sadyhov V.V.
Seat 1: Manifestorr folded before Flop (didn't bet)
Seat 2: Rysiff folded before Flop (didn't bet)
Seat 3: gambler1258 (button) folded before Flop (didn't bet)
Seat 5: vezis3 (small blind) folded before Flop
Seat 6: B1GBankroll (big blind) collected ($1)



PokerStars Hand #254760615454:  Hold'em No Limit ($0.50/$1.00 USD) - 2025/02/07 3:03:29 WET [2025/02/07 22:03:29 ET]
Table 'Dheneb' 6-max Seat #5 is the button
Seat 4: Sadyhov V.V. ($100 in chips) is sitting out
Seat 1: Manifestorr ($104.55 in chips) 
Seat 2: Rysiff ($109.62 in chips) 
Seat 3: gambler1258 ($119.92 in chips) 
Seat 5: vezis3 ($100 in chips) 
Seat 6: B1GBankroll ($103.62 in chips) 
B1GBankroll: posts small blind $0.50
Manifestorr: posts big blind $1
Sadyhov V.V.: sits out 
*** HOLE CARDS ***
Rysiff: folds 
gambler1258: folds 
vezis3: folds 
B1GBankroll: raises $2 to $3
Manifestorr: raises $6 to $9
B1GBankroll: calls $6
*** FLOP *** [5c 7d Js]
B1GBankroll: checks 
Manifestorr: bets $8.55
B1GBankroll: folds 
Uncalled bet ($8.55) returned to Manifestorr
Manifestorr collected $17.10 from pot
*** SUMMARY ***
Total pot $18 | Rake $0.90 
Board [5c 7d Js]
Seat 4: Sadyhov V.V.
Seat 1: Manifestorr (big blind) collected ($17.10)
Seat 2: Rysiff folded before Flop (didn't bet)
Seat 3: gambler1258 folded before Flop (didn't bet)
Seat 5: vezis3 (button) folded before Flop (didn't bet)
Seat 6: B1GBankroll (small blind) folded on the Flop



PokerStars Hand #254760626717:  Hold'em No Limit ($0.50/$1.00 USD) - 2025/02/07 3:04:43 WET [2025/02/07 22:04:43 ET]
Table 'Dheneb' 6-max Seat #6 is the button
Seat 4: Sadyhov V.V. ($100 in chips) is sitting out
Seat 1: Manifestorr ($112.65 in chips) 
Seat 2: Rysiff ($109.62 in chips) 
Seat 3: gambler1258 ($119.92 in chips) 
Seat 5: vezis3 ($100 in chips) 
Seat 6: B1GBankroll ($100 in chips) 
Manifestorr: posts small blind $0.50
Rysiff: posts big blind $1
Sadyhov V.V.: sits out 
*** HOLE CARDS ***
gambler1258: folds 
vezis3: folds 
B1GBankroll: raises $1.50 to $2.50
Manifestorr: raises $8.50 to $11
Rysiff: raises $13 to $24
B1GBankroll: folds 
Manifestorr: folds 
Uncalled bet ($13) returned to Rysiff
Rysiff collected $24.50 from pot
Rysiff: doesn't show hand 
*** SUMMARY ***
Total pot $24.50 | Rake $0 
Seat 4: Sadyhov V.V.
Seat 1: Manifestorr (small blind) folded before Flop
Seat 2: Rysiff (big blind) collected ($24.50)
Seat 3: gambler1258 folded before Flop (didn't bet)
Seat 5: vezis3 folded before Flop (didn't bet)
Seat 6: B1GBankroll (button) folded before Flop



PokerStars Hand #254760632938:  Hold'em No Limit ($0.50/$1.00 USD) - 2025/02/07 3:05:23 WET [2025/02/07 22:05:23 ET]
Table 'Dheneb' 6-max Seat #1 is the button
Seat 4: Sadyhov V.V. ($100 in chips) is sitting out
Seat 1: Manifestorr ($101.65 in chips) 
Seat 2: Rysiff ($123.12 in chips) 
Seat 3: gambler1258 ($119.92 in chips) 
Seat 5: vezis3 ($100 in chips) 
Seat 6: B1GBankroll ($100 in chips) 
Rysiff: posts small blind $0.50
gambler1258: posts big blind $1
Sadyhov V.V.: sits out 
*** HOLE CARDS ***
vezis3: folds 
B1GBankroll: folds 
Manifestorr: raises $1.20 to $2.20
Rysiff: folds 
gambler1258: folds 
Uncalled bet ($1.20) returned to Manifestorr
Manifestorr collected $2.50 from pot
*** SUMMARY ***
Total pot $2.50 | Rake $0 
Seat 4: Sadyhov V.V.
Seat 1: Manifestorr (button) collected ($2.50)
Seat 2: Rysiff (small blind) folded before Flop
Seat 3: gambler1258 (big blind) folded before Flop
Seat 5: vezis3 folded before Flop (didn't bet)
Seat 6: B1GBankroll folded before Flop (didn't bet)



PokerStars Hand #254760635666:  Hold'em No Limit ($0.50/$1.00 USD) - 2025/02/07 3:05:41 WET [2025/02/07 22:05:41 ET]
Table 'Dheneb' 6-max Seat #2 is the button
Seat 1: Manifestorr ($103.15 in chips) 
Seat 2: Rysiff ($122.62 in chips) 
Seat 3: gambler1258 ($118.92 in chips) 
Seat 4: Sadyhov V.V. ($100 in chips) 
Seat 5: vezis3 ($100 in chips) 
Seat 6: B1GBankroll ($100 in chips) 
gambler1258: posts small blind $0.50
Sadyhov V.V.: posts big blind $1
*** HOLE CARDS ***
vezis3: folds 
B1GBankroll: folds 
Manifestorr: raises $1.20 to $2.20
Rysiff: folds 
gambler1258: folds 
Sadyhov V.V.: folds 
Uncalled bet ($1.20) returned to Manifestorr
Manifestorr collected $2.50 from pot
*** SUMMARY ***
Total pot $2.50 | Rake $0 
Seat 1: Manifestorr collected ($2.50)
Seat 2: Rysiff (button) folded before Flop (didn't bet)
Seat 3: gambler1258 (small blind) folded before Flop
Seat 4: Sadyhov V.V. (big blind) folded before Flop
Seat 5: vezis3 folded before Flop (didn't bet)
Seat 6: B1GBankroll folded before Flop (didn't bet)



PokerStars Hand #254760640662:  Hold'em No Limit ($0.50/$1.00 USD) - 2025/02/07 3:06:14 WET [2025/02/07 22:06:14 ET]
Table 'Dheneb' 6-max Seat #3 is the button
Seat 1: Manifestorr ($104.65 in chips) 
Seat 2: Rysiff ($122.62 in chips) 
Seat 3: gambler1258 ($118.42 in chips) 
Seat 4: Sadyhov V.V. ($100 in chips) 
Seat 5: vezis3 ($100 in chips) 
Seat 6: B1GBankroll ($100 in chips) 
Sadyhov V.V.: posts small blind $0.50
vezis3: posts big blind $1
*** HOLE CARDS ***
B1GBankroll: folds 
B1GBankroll leaves the table
Manifestorr: folds 
Rysiff: folds 
gambler1258: folds 
Sadyhov V.V.: calls $0.50
vezis3: raises $3 to $4
Sadyhov V.V.: folds 
Uncalled bet ($3) returned to vezis3
vezis3 collected $2 from pot
vezis3: doesn't show hand 
*** SUMMARY ***
Total pot $2 | Rake $0 
Seat 1: Manifestorr folded before Flop (didn't bet)
Seat 2: Rysiff folded before Flop (didn't bet)
Seat 3: gambler1258 (button) folded before Flop (didn't bet)
Seat 4: Sadyhov V.V. (small blind) folded before Flop
Seat 5: vezis3 (big blind) collected ($2)
Seat 6: B1GBankroll folded before Flop (didn't bet)



PokerStars Hand #254760643875:  Hold'em No Limit ($0.50/$1.00 USD) - 2025/02/07 3:06:36 WET [2025/02/07 22:06:36 ET]
Table 'Dheneb' 6-max Seat #4 is the button
Seat 1: Manifestorr ($104.65 in chips) 
Seat 2: Rysiff ($122.62 in chips) 
Seat 3: gambler1258 ($118.42 in chips) 
Seat 4: Sadyhov V.V. ($100 in chips) 
Seat 5: vezis3 ($101 in chips) 
vezis3: posts small blind $0.50
Manifestorr: posts big blind $1
*** HOLE CARDS ***
Rysiff: raises $1.50 to $2.50
gambler1258: calls $2.50
Sadyhov V.V.: raises $8.50 to $11
vezis3: folds 
Manifestorr: folds 
Rysiff: calls $8.50
gambler1258: folds 
*** FLOP *** [9s 3c Qd]
Rysiff: checks 
Sadyhov V.V.: bets $8.15
amphii joins the table at seat #6 
Rysiff: folds 
Uncalled bet ($8.15) returned to Sadyhov V.V.
Sadyhov V.V. collected $24.70 from pot
Sadyhov V.V.: doesn't show hand 
*** SUMMARY ***
Total pot $26 | Rake $1.30 
Board [9s 3c Qd]
Seat 1: Manifestorr (big blind) folded before Flop
Seat 2: Rysiff folded on the Flop
Seat 3: gambler1258 folded before Flop
Seat 4: Sadyhov V.V. (button) collected ($24.70)
Seat 5: vezis3 (small blind) folded before Flop



PokerStars Hand #254760649728:  Hold'em No Limit ($0.50/$1.00 USD) - 2025/02/07 3:07:15 WET [2025/02/07 22:07:15 ET]
Table 'Dheneb' 6-max Seat #5 is the button
Seat 6: amphii ($35.84 in chips) is sitting out
Seat 1: Manifestorr ($103.65 in chips) 
Seat 2: Rysiff ($111.62 in chips) 
Seat 3: gambler1258 ($115.92 in chips) 
Seat 4: Sadyhov V.V. ($113.70 in chips) 
Seat 5: vezis3 ($100.50 in chips) 
Manifestorr: posts small blind $0.50
Rysiff: posts big blind $1
*** HOLE CARDS ***
gambler1258: folds 
amphii leaves the table
Sadyhov V.V.: raises $1.20 to $2.20
vezis3: folds 
Manifestorr: folds 
Rysiff: calls $1.20
*** FLOP *** [4h 7d Ah]
Rysiff: checks 
Sadyhov V.V.: bets $3.59
fobot21 joins the table at seat #6 
Rysiff: calls $3.59
*** TURN *** [4h 7d Ah] [Ts]
Rysiff: checks 
Sadyhov V.V.: checks 
*** RIVER *** [4h 7d Ah Ts] [Qc]
Rysiff: bets $9.18
Sadyhov V.V.: calls $9.18
*** SHOW DOWN ***
Rysiff: shows [As Jd] (a pair of Aces)
Sadyhov V.V.: shows [Jh Ad] (a pair of Aces)
Rysiff collected $14.46 from pot
Sadyhov V.V. collected $14.46 from pot
*** SUMMARY ***
Total pot $30.44 | Rake $1.52 
Board [4h 7d Ah Ts Qc]
Seat 6: amphii
Seat 1: Manifestorr (small blind) folded before Flop
Seat 2: Rysiff (big blind) showed [As Jd] and won ($14.46) with a pair of Aces
Seat 3: gambler1258 folded before Flop (didn't bet)
Seat 4: Sadyhov V.V. showed [Jh Ad] and won ($14.46) with a pair of Aces
Seat 5: vezis3 (button) folded before Flop (didn't bet)



PokerStars Hand #254760658656:  Hold'em No Limit ($0.50/$1.00 USD) - 2025/02/07 3:08:15 WET [2025/02/07 22:08:15 ET]
Table 'Dheneb' 6-max Seat #1 is the button
Seat 6: fobot21 ($100 in chips) is sitting out
Seat 1: Manifestorr ($103.15 in chips) 
Seat 2: Rysiff ($111.11 in chips) 
Seat 3: gambler1258 ($115.92 in chips) 
Seat 4: Sadyhov V.V. ($113.19 in chips) 
Seat 5: vezis3 ($100.50 in chips) 
Rysiff: posts small blind $0.50
gambler1258: posts big blind $1
fobot21: sits out 
*** HOLE CARDS ***
Sadyhov V.V.: folds 
vezis3: folds 
Manifestorr: raises $1.20 to $2.20
Rysiff: folds 
gambler1258: calls $1.20
*** FLOP *** [Ts 6c Qs]
gambler1258: checks 
Manifestorr: bets $3.50
gambler1258: calls $3.50
*** TURN *** [Ts 6c Qs] [Js]
gambler1258: checks 
Manifestorr: bets $8.48
gambler1258: calls $8.48
*** RIVER *** [Ts 6c Qs Js] [Ad]
gambler1258: checks 
Manifestorr: checks 
*** SHOW DOWN ***
gambler1258: shows [8s Jc] (a pair of Jacks)
Manifestorr: shows [As Th] (two pair, Aces and Tens)
Manifestorr collected $27.42 from pot
*** SUMMARY ***
Total pot $28.86 | Rake $1.44 
Board [Ts 6c Qs Js Ad]
Seat 6: fobot21
Seat 1: Manifestorr (button) showed [As Th] and won ($27.42) with two pair, Aces and Tens
Seat 2: Rysiff (small blind) folded before Flop
Seat 3: gambler1258 (big blind) showed [8s Jc] and lost with a pair of Jacks
Seat 4: Sadyhov V.V. folded before Flop (didn't bet)
Seat 5: vezis3 folded before Flop (didn't bet)



PokerStars Hand #254760672054:  Hold'em No Limit ($0.50/$1.00 USD) - 2025/02/07 3:09:47 WET [2025/02/07 22:09:47 ET]
Table 'Dheneb' 6-max Seat #2 is the button
Seat 6: fobot21 ($100 in chips) is sitting out
Seat 1: Manifestorr ($116.39 in chips) 
Seat 2: Rysiff ($110.61 in chips) 
Seat 3: gambler1258 ($101.74 in chips) 
Seat 4: Sadyhov V.V. ($113.19 in chips) 
Seat 5: vezis3 ($100.50 in chips) 
gambler1258: posts small blind $0.50
Sadyhov V.V.: posts big blind $1
fobot21: sits out 
*** HOLE CARDS ***
vezis3: folds 
Manifestorr: folds 
Rysiff: folds 
gambler1258: folds 
Uncalled bet ($0.50) returned to Sadyhov V.V.
vezis3 leaves the table
Sadyhov V.V. collected $1 from pot
Sadyhov V.V.: doesn't show hand 
*** SUMMARY ***
Total pot $1 | Rake $0 
Seat 6: fobot21
Seat 1: Manifestorr folded before Flop (didn't bet)
Seat 2: Rysiff (button) folded before Flop (didn't bet)
Seat 3: gambler1258 (small blind) folded before Flop
Seat 4: Sadyhov V.V. (big blind) collected ($1)
Seat 5: vezis3 folded before Flop (didn't bet)



PokerStars Hand #254760673320:  Hold'em No Limit ($0.50/$1.00 USD) - 2025/02/07 3:09:56 WET [2025/02/07 22:09:56 ET]
Table 'Dheneb' 6-max Seat #3 is the button
Seat 1: Manifestorr ($116.39 in chips) 
Seat 2: Rysiff ($110.61 in chips) 
Seat 3: gambler1258 ($101.24 in chips) 
Seat 4: Sadyhov V.V. ($113.69 in chips) 
Seat 6: fobot21 ($100 in chips) 
Sadyhov V.V.: posts small blind $0.50
fobot21: posts big blind $1
*** HOLE CARDS ***
Manifestorr: folds 
Rysiff: folds 
gambler1258: raises $2 to $3
50CandyJoe joins the table at seat #5 
Sadyhov V.V.: folds 
fobot21: folds 
Uncalled bet ($2) returned to gambler1258
gambler1258 collected $2.50 from pot
*** SUMMARY ***
Total pot $2.50 | Rake $0 
Seat 1: Manifestorr folded before Flop (didn't bet)
Seat 2: Rysiff folded before Flop (didn't bet)
Seat 3: gambler1258 (button) collected ($2.50)
Seat 4: Sadyhov V.V. (small blind) folded before Flop
Seat 6: fobot21 (big blind) folded before Flop



PokerStars Hand #254760677494:  Hold'em No Limit ($0.50/$1.00 USD) - 2025/02/07 3:10:25 WET [2025/02/07 22:10:25 ET]
Table 'Dheneb' 6-max Seat #4 is the button
Seat 5: 50CandyJoe ($108.03 in chips) is sitting out
Seat 1: Manifestorr ($116.39 in chips) 
Seat 2: Rysiff ($110.61 in chips) 
Seat 3: gambler1258 ($102.74 in chips) 
Seat 4: Sadyhov V.V. ($113.19 in chips) 
Seat 6: fobot21 ($100 in chips) 
fobot21: posts small blind $0.50
Manifestorr: posts big blind $1
*** HOLE CARDS ***
Rysiff: folds 
gambler1258: folds 
Sadyhov V.V.: folds 
fobot21: raises $1.90 to $2.90
Manifestorr: raises $6.10 to $9
fobot21: folds 
Uncalled bet ($6.10) returned to Manifestorr
Manifestorr collected $5.80 from pot
*** SUMMARY ***
Total pot $5.80 | Rake $0 
Seat 5: 50CandyJoe
Seat 1: Manifestorr (big blind) collected ($5.80)
Seat 2: Rysiff folded before Flop (didn't bet)
Seat 3: gambler1258 folded before Flop (didn't bet)
Seat 4: Sadyhov V.V. (button) folded before Flop (didn't bet)
Seat 6: fobot21 (small blind) folded before Flop



PokerStars Hand #254760680636:  Hold'em No Limit ($0.50/$1.00 USD) - 2025/02/07 3:10:46 WET [2025/02/07 22:10:46 ET]
Table 'Dheneb' 6-max Seat #6 is the button
Seat 5: 50CandyJoe ($108.03 in chips) is sitting out
Seat 1: Manifestorr ($119.29 in chips) 
Seat 2: Rysiff ($110.61 in chips) 
Seat 3: gambler1258 ($102.74 in chips) 
Seat 4: Sadyhov V.V. ($113.19 in chips) 
Seat 6: fobot21 ($100 in chips) 
Manifestorr: posts small blind $0.50
Rysiff: posts big blind $1
50CandyJoe: sits out 
*** HOLE CARDS ***
gambler1258: folds 
Sadyhov V.V.: raises $1.20 to $2.20
fobot21: raises $5.30 to $7.50
Manifestorr: folds 
Rysiff: folds 
Sadyhov V.V.: folds 
Uncalled bet ($5.30) returned to fobot21
fobot21 collected $5.90 from pot
fobot21: doesn't show hand 
*** SUMMARY ***
Total pot $5.90 | Rake $0 
Seat 5: 50CandyJoe
Seat 1: Manifestorr (small blind) folded before Flop
Seat 2: Rysiff (big blind) folded before Flop
Seat 3: gambler1258 folded before Flop (didn't bet)
Seat 4: Sadyhov V.V. folded before Flop
Seat 6: fobot21 (button) collected ($5.90)



PokerStars Hand #254760686425:  Hold'em No Limit ($0.50/$1.00 USD) - 2025/02/07 3:11:26 WET [2025/02/07 22:11:26 ET]
Table 'Dheneb' 6-max Seat #1 is the button
Seat 5: 50CandyJoe ($108.03 in chips) is sitting out
Seat 1: Manifestorr ($118.79 in chips) 
Seat 2: Rysiff ($109.61 in chips) 
Seat 3: gambler1258 ($102.74 in chips) 
Seat 4: Sadyhov V.V. ($110.99 in chips) 
Seat 6: fobot21 ($103.70 in chips) 
Rysiff: posts small blind $0.50
gambler1258: posts big blind $1
50CandyJoe: sits out 
*** HOLE CARDS ***
Sadyhov V.V.: folds 
fobot21: raises $1.50 to $2.50
Manifestorr: folds 
Rysiff: folds 
gambler1258: folds 
Uncalled bet ($1.50) returned to fobot21
fobot21 collected $2.50 from pot
fobot21: doesn't show hand 
*** SUMMARY ***
Total pot $2.50 | Rake $0 
Seat 5: 50CandyJoe
Seat 1: Manifestorr (button) folded before Flop (didn't bet)
Seat 2: Rysiff (small blind) folded before Flop
Seat 3: gambler1258 (big blind) folded before Flop
Seat 4: Sadyhov V.V. folded before Flop (didn't bet)
Seat 6: fobot21 collected ($2.50)



PokerStars Hand #254760688383:  Hold'em No Limit ($0.50/$1.00 USD) - 2025/02/07 3:11:40 WET [2025/02/07 22:11:40 ET]
Table 'Dheneb' 6-max Seat #2 is the button
Seat 5: 50CandyJoe ($108.03 in chips) is sitting out
Seat 1: Manifestorr ($118.79 in chips) 
Seat 2: Rysiff ($109.11 in chips) 
Seat 3: gambler1258 ($101.74 in chips) 
Seat 4: Sadyhov V.V. ($110.99 in chips) 
Seat 6: fobot21 ($105.20 in chips) 
gambler1258: posts small blind $0.50
Sadyhov V.V.: posts big blind $1
50CandyJoe: sits out 
*** HOLE CARDS ***
fobot21: raises $1 to $2
Manifestorr: folds 
Rysiff: folds 
gambler1258: folds 
Rysiff leaves the table
Sadyhov V.V.: calls $1
*** FLOP *** [9h Kh Td]
Sadyhov V.V.: checks 
fobot21: bets $3.25
Sadyhov V.V.: folds 
Uncalled bet ($3.25) returned to fobot21
fobot21 collected $4.28 from pot
fobot21: doesn't show hand 
Sadyhov V.V. leaves the table
Philbill87 joins the table at seat #2 
Philbill87 is disconnected 
*** SUMMARY ***
Total pot $4.50 | Rake $0.22 
Board [9h Kh Td]
Seat 5: 50CandyJoe
Seat 1: Manifestorr folded before Flop (didn't bet)
Seat 2: Rysiff (button) folded before Flop (didn't bet)
Seat 3: gambler1258 (small blind) folded before Flop
Seat 4: Sadyhov V.V. (big blind) folded on the Flop
Seat 6: fobot21 collected ($4.28)



PokerStars Hand #254760693105:  Hold'em No Limit ($0.50/$1.00 USD) - 2025/02/07 3:12:13 WET [2025/02/07 22:12:13 ET]
Table 'Dheneb' 6-max Seat #3 is the button
Seat 5: 50CandyJoe ($108.03 in chips) is sitting out
Seat 1: Manifestorr ($118.79 in chips) 
Seat 2: Philbill87 ($30.18 in chips) 
Seat 3: gambler1258 ($101.24 in chips) 
Manifestorr: posts small blind $0.50
Philbill87: posts big blind $1
*** HOLE CARDS ***
CEPTT joins the table at seat #4 
gambler1258: raises $2 to $3
CashfishT joins the table at seat #6 
Manifestorr: folds 
Philbill87: folds 
Uncalled bet ($2) returned to gambler1258
gambler1258 collected $2.50 from pot
*** SUMMARY ***
Total pot $2.50 | Rake $0 
Seat 5: 50CandyJoe
Seat 1: Manifestorr (small blind) folded before Flop
Seat 2: Philbill87 (big blind) folded before Flop
Seat 3: gambler1258 (button) collected ($2.50)



PokerStars Hand #254760696455:  Hold'em No Limit ($0.50/$1.00 USD) - 2025/02/07 3:12:36 WET [2025/02/07 22:12:36 ET]
Table 'Dheneb' 6-max Seat #1 is the button
Seat 4: CEPTT ($101 in chips) is sitting out
Seat 5: 50CandyJoe ($108.03 in chips) is sitting out
Seat 6: CashfishT ($100 in chips) is sitting out
Seat 1: Manifestorr ($118.29 in chips) 
Seat 2: Philbill87 ($29.18 in chips) 
Seat 3: gambler1258 ($102.74 in chips) 
Philbill87: posts small blind $0.50
gambler1258: posts big blind $1
CEPTT: sits out 
50CandyJoe: sits out 
CashfishT: sits out 
*** HOLE CARDS ***
Manifestorr: folds 
Philbill87: folds 
Uncalled bet ($0.50) returned to gambler1258
gambler1258 collected $1 from pot
*** SUMMARY ***
Total pot $1 | Rake $0 
Seat 4: CEPTT
Seat 5: 50CandyJoe
Seat 6: CashfishT
Seat 1: Manifestorr (button) folded before Flop (didn't bet)
Seat 2: Philbill87 (small blind) folded before Flop
Seat 3: gambler1258 (big blind) collected ($1)



PokerStars Hand #254760699276:  Hold'em No Limit ($0.50/$1.00 USD) - 2025/02/07 3:12:55 WET [2025/02/07 22:12:55 ET]
Table 'Dheneb' 6-max Seat #2 is the button
Seat 5: 50CandyJoe ($108.03 in chips) is sitting out
Seat 6: CashfishT ($100 in chips) is sitting out
Seat 1: Manifestorr ($118.29 in chips) 
Seat 2: Philbill87 ($28.68 in chips) 
Seat 3: gambler1258 ($103.24 in chips) 
Seat 4: CEPTT ($101 in chips) 
gambler1258: posts small blind $0.50
CEPTT: posts big blind $1
50CandyJoe: sits out 
CashfishT: sits out 
*** HOLE CARDS ***
Manifestorr: folds 
Philbill87: folds 
gambler1258: folds 
Uncalled bet ($0.50) returned to CEPTT
CEPTT collected $1 from pot
CEPTT: doesn't show hand 
*** SUMMARY ***
Total pot $1 | Rake $0 
Seat 5: 50CandyJoe
Seat 6: CashfishT
Seat 1: Manifestorr folded before Flop (didn't bet)
Seat 2: Philbill87 (button) folded before Flop (didn't bet)
Seat 3: gambler1258 (small blind) folded before Flop
Seat 4: CEPTT (big blind) collected ($1)



PokerStars Hand #254760701759:  Hold'em No Limit ($0.50/$1.00 USD) - 2025/02/07 3:13:13 WET [2025/02/07 22:13:13 ET]
Table 'Dheneb' 6-max Seat #3 is the button
Seat 6: CashfishT ($100 in chips) is sitting out
Seat 1: Manifestorr ($118.29 in chips) 
Seat 2: Philbill87 ($28.68 in chips) 
Seat 3: gambler1258 ($102.74 in chips) 
Seat 4: CEPTT ($101.50 in chips) 
Seat 5: 50CandyJoe ($108.03 in chips) 
CEPTT: posts small blind $0.50
50CandyJoe: posts big blind $1
CashfishT: sits out 
*** HOLE CARDS ***
Manifestorr: folds 
Philbill87: folds 
gambler1258: folds 
CEPTT: folds 
Uncalled bet ($0.50) returned to 50CandyJoe
50CandyJoe collected $1 from pot
50CandyJoe: doesn't show hand 
*** SUMMARY ***
Total pot $1 | Rake $0 
Seat 6: CashfishT
Seat 1: Manifestorr folded before Flop (didn't bet)
Seat 2: Philbill87 folded before Flop (didn't bet)
Seat 3: gambler1258 (button) folded before Flop (didn't bet)
Seat 4: CEPTT (small blind) folded before Flop
Seat 5: 50CandyJoe (big blind) collected ($1)



PokerStars Hand #254760703889:  Hold'em No Limit ($0.50/$1.00 USD) - 2025/02/07 3:13:28 WET [2025/02/07 22:13:28 ET]
Table 'Dheneb' 6-max Seat #4 is the button
Seat 1: Manifestorr ($118.29 in chips) 
Seat 2: Philbill87 ($28.68 in chips) 
Seat 3: gambler1258 ($102.74 in chips) 
Seat 4: CEPTT ($101 in chips) 
Seat 5: 50CandyJoe ($108.53 in chips) 
Seat 6: CashfishT ($100 in chips) 
50CandyJoe: posts small blind $0.50
CashfishT: posts big blind $1
*** HOLE CARDS ***
Manifestorr: folds 
Philbill87: folds 
gambler1258: raises $1 to $2
CEPTT: calls $2
50CandyJoe: calls $1.50
CashfishT: raises $13 to $15
gambler1258: folds 
CEPTT: folds 
50CandyJoe: folds 
Uncalled bet ($13) returned to CashfishT
CashfishT collected $8 from pot
CashfishT: doesn't show hand 
*** SUMMARY ***
Total pot $8 | Rake $0 
Seat 1: Manifestorr folded before Flop (didn't bet)
Seat 2: Philbill87 folded before Flop (didn't bet)
Seat 3: gambler1258 folded before Flop
Seat 4: CEPTT (button) folded before Flop
Seat 5: 50CandyJoe (small blind) folded before Flop
Seat 6: CashfishT (big blind) collected ($8)



PokerStars Hand #254760709443:  Hold'em No Limit ($0.50/$1.00 USD) - 2025/02/07 3:14:07 WET [2025/02/07 22:14:07 ET]
Table 'Dheneb' 6-max Seat #5 is the button
Seat 1: Manifestorr ($118.29 in chips) 
Seat 2: Philbill87 ($28.68 in chips) 
Seat 3: gambler1258 ($100.74 in chips) 
Seat 4: CEPTT ($100 in chips) 
Seat 5: 50CandyJoe ($106.53 in chips) 
Seat 6: CashfishT ($106 in chips) 
CashfishT: posts small blind $0.50
Manifestorr: posts big blind $1
*** HOLE CARDS ***
Philbill87: folds 
gambler1258: folds 
CEPTT: raises $1.25 to $2.25
50CandyJoe: folds 
CashfishT: folds 
Manifestorr: calls $1.25
*** FLOP *** [3c Ks Qs]
Manifestorr: checks 
CEPTT: checks 
*** TURN *** [3c Ks Qs] [Tc]
Manifestorr: checks 
CEPTT: bets $3.56
Manifestorr: calls $3.56
*** RIVER *** [3c Ks Qs Tc] [8h]
Manifestorr: checks 
CEPTT: checks 
*** SHOW DOWN ***
Manifestorr: shows [6c 9c] (high card King)
CEPTT: shows [5h Ah] (high card Ace)
CEPTT collected $11.51 from pot
*** SUMMARY ***
Total pot $12.12 | Rake $0.61 
Board [3c Ks Qs Tc 8h]
Seat 1: Manifestorr (big blind) showed [6c 9c] and lost with high card King
Seat 2: Philbill87 folded before Flop (didn't bet)
Seat 3: gambler1258 folded before Flop (didn't bet)
Seat 4: CEPTT showed [5h Ah] and won ($11.51) with high card Ace
Seat 5: 50CandyJoe (button) folded before Flop (didn't bet)
Seat 6: CashfishT (small blind) folded before Flop



PokerStars Hand #254760717626:  Hold'em No Limit ($0.50/$1.00 USD) - 2025/02/07 3:15:05 WET [2025/02/07 22:15:05 ET]
Table 'Dheneb' 6-max Seat #6 is the button
Seat 1: Manifestorr ($112.48 in chips) 
Seat 2: Philbill87 ($28.68 in chips) 
Seat 3: gambler1258 ($100.74 in chips) 
Seat 4: CEPTT ($105.70 in chips) 
Seat 5: 50CandyJoe ($106.53 in chips) 
Seat 6: CashfishT ($105.50 in chips) 
Manifestorr: posts small blind $0.50
Philbill87: posts big blind $1
*** HOLE CARDS ***
gambler1258: folds 
CEPTT: folds 
50CandyJoe: folds 
CashfishT: raises $1.20 to $2.20
Manifestorr: folds 
Philbill87: calls $1.20
*** FLOP *** [4c Tc 3s]
Philbill87: checks 
CashfishT: bets $1.54
Philbill87: folds 
Uncalled bet ($1.54) returned to CashfishT
CashfishT collected $4.66 from pot
CashfishT: doesn't show hand 
*** SUMMARY ***
Total pot $4.90 | Rake $0.24 
Board [4c Tc 3s]
Seat 1: Manifestorr (small blind) folded before Flop
Seat 2: Philbill87 (big blind) folded on the Flop
Seat 3: gambler1258 folded before Flop (didn't bet)
Seat 4: CEPTT folded before Flop (didn't bet)
Seat 5: 50CandyJoe folded before Flop (didn't bet)
Seat 6: CashfishT (button) collected ($4.66)



PokerStars Hand #254760724042:  Hold'em No Limit ($0.50/$1.00 USD) - 2025/02/07 3:15:51 WET [2025/02/07 22:15:51 ET]
Table 'Dheneb' 6-max Seat #1 is the button
Seat 1: Manifestorr ($111.98 in chips) 
Seat 2: Philbill87 ($26.48 in chips) 
Seat 3: gambler1258 ($100.74 in chips) 
Seat 4: CEPTT ($105.70 in chips) 
Seat 5: 50CandyJoe ($106.53 in chips) 
Seat 6: CashfishT ($107.96 in chips) 
Philbill87: posts small blind $0.50
gambler1258: posts big blind $1
*** HOLE CARDS ***
CEPTT: folds 
50CandyJoe: folds 
CashfishT: raises $1.20 to $2.20
Manifestorr: folds 
Philbill87: folds 
gambler1258: calls $1.20
*** FLOP *** [Qc 5d Kc]
gambler1258: checks 
CashfishT: bets $1.17
gambler1258: raises $3.50 to $4.67
CashfishT: calls $3.50
*** TURN *** [Qc 5d Kc] [8d]
gambler1258: bets $13.53
CashfishT: calls $13.53
*** RIVER *** [Qc 5d Kc 8d] [Ad]
gambler1258: checks 
CashfishT: checks 
*** SHOW DOWN ***
gambler1258: shows [Qh Kh] (two pair, Kings and Queens)
CashfishT: mucks hand 
gambler1258 collected $39.24 from pot
*** SUMMARY ***
Total pot $41.30 | Rake $2.06 
Board [Qc 5d Kc 8d Ad]
Seat 1: Manifestorr (button) folded before Flop (didn't bet)
Seat 2: Philbill87 (small blind) folded before Flop
Seat 3: gambler1258 (big blind) showed [Qh Kh] and won ($39.24) with two pair, Kings and Queens
Seat 4: CEPTT folded before Flop (didn't bet)
Seat 5: 50CandyJoe folded before Flop (didn't bet)
Seat 6: CashfishT mucked



PokerStars Hand #254760735041:  Hold'em No Limit ($0.50/$1.00 USD) - 2025/02/07 3:17:08 WET [2025/02/07 22:17:08 ET]
Table 'Dheneb' 6-max Seat #2 is the button
Seat 1: Manifestorr ($111.98 in chips) 
Seat 2: Philbill87 ($25.98 in chips) 
Seat 3: gambler1258 ($119.58 in chips) 
Seat 4: CEPTT ($105.70 in chips) 
Seat 5: 50CandyJoe ($106.53 in chips) 
Seat 6: CashfishT ($100 in chips) 
gambler1258: posts small blind $0.50
CEPTT: posts big blind $1
*** HOLE CARDS ***
50CandyJoe: folds 
CashfishT: folds 
Manifestorr: folds 
Philbill87: raises $1 to $2
gambler1258: folds 
CEPTT: calls $1
*** FLOP *** [9c Kh 7s]
CEPTT: checks 
Philbill87: bets $3
CEPTT: folds 
Uncalled bet ($3) returned to Philbill87
Philbill87 collected $4.28 from pot
*** SUMMARY ***
Total pot $4.50 | Rake $0.22 
Board [9c Kh 7s]
Seat 1: Manifestorr folded before Flop (didn't bet)
Seat 2: Philbill87 (button) collected ($4.28)
Seat 3: gambler1258 (small blind) folded before Flop
Seat 4: CEPTT (big blind) folded on the Flop
Seat 5: 50CandyJoe folded before Flop (didn't bet)
Seat 6: CashfishT folded before Flop (didn't bet)



PokerStars Hand #254760740965:  Hold'em No Limit ($0.50/$1.00 USD) - 2025/02/07 3:17:50 WET [2025/02/07 22:17:50 ET]
Table 'Dheneb' 6-max Seat #3 is the button
Seat 1: Manifestorr ($111.98 in chips) 
Seat 2: Philbill87 ($28.26 in chips) 
Seat 3: gambler1258 ($119.08 in chips) 
Seat 4: CEPTT ($103.70 in chips) 
Seat 5: 50CandyJoe ($106.53 in chips) 
Seat 6: CashfishT ($100 in chips) 
CEPTT: posts small blind $0.50
50CandyJoe: posts big blind $1
*** HOLE CARDS ***
CashfishT: folds 
Manifestorr: folds 
Philbill87: calls $1
gambler1258: folds 
CEPTT: folds 
50CandyJoe: checks 
*** FLOP *** [6h 9s 8s]
50CandyJoe: checks 
Philbill87: bets $2
50CandyJoe: calls $2
*** TURN *** [6h 9s 8s] [5d]
50CandyJoe: checks 
Philbill87: checks 
*** RIVER *** [6h 9s 8s 5d] [Td]
50CandyJoe: bets $3.09
Philbill87: folds 
Uncalled bet ($3.09) returned to 50CandyJoe
50CandyJoe collected $6.18 from pot
50CandyJoe: doesn't show hand 
*** SUMMARY ***
Total pot $6.50 | Rake $0.32 
Board [6h 9s 8s 5d Td]
Seat 1: Manifestorr folded before Flop (didn't bet)
Seat 2: Philbill87 folded on the River
Seat 3: gambler1258 (button) folded before Flop (didn't bet)
Seat 4: CEPTT (small blind) folded before Flop
Seat 5: 50CandyJoe (big blind) collected ($6.18)
Seat 6: CashfishT folded before Flop (didn't bet)



PokerStars Hand #254760748086:  Hold'em No Limit ($0.50/$1.00 USD) - 2025/02/07 3:18:40 WET [2025/02/07 22:18:40 ET]
Table 'Dheneb' 6-max Seat #4 is the button
Seat 1: Manifestorr ($111.98 in chips) 
Seat 2: Philbill87 ($25.26 in chips) 
Seat 3: gambler1258 ($119.08 in chips) 
Seat 4: CEPTT ($103.20 in chips) 
Seat 5: 50CandyJoe ($109.71 in chips) 
Seat 6: CashfishT ($100 in chips) 
50CandyJoe: posts small blind $0.50
CashfishT: posts big blind $1
*** HOLE CARDS ***
Manifestorr: folds 
Philbill87: calls $1
gambler1258: folds 
CEPTT: folds 
50CandyJoe: folds 
CashfishT: raises $3 to $4
Philbill87: calls $3
*** FLOP *** [6d 5d 3s]
CashfishT: bets $2.02
Philbill87: raises $3.02 to $5.04
CashfishT: calls $3.02
*** TURN *** [6d 5d 3s] [8d]
CashfishT: checks 
Philbill87: checks 
*** RIVER *** [6d 5d 3s 8d] [Jc]
CashfishT: checks 
Philbill87: checks 
*** SHOW DOWN ***
CashfishT: shows [Ts 8s] (a pair of Eights)
Philbill87: mucks hand 
CashfishT collected $17.65 from pot
*** SUMMARY ***
Total pot $18.58 | Rake $0.93 
Board [6d 5d 3s 8d Jc]
Seat 1: Manifestorr folded before Flop (didn't bet)
Seat 2: Philbill87 mucked
Seat 3: gambler1258 folded before Flop (didn't bet)
Seat 4: CEPTT (button) folded before Flop (didn't bet)
Seat 5: 50CandyJoe (small blind) folded before Flop
Seat 6: CashfishT (big blind) showed [Ts 8s] and won ($17.65) with a pair of Eights



PokerStars Hand #254760758431:  Hold'em No Limit ($0.50/$1.00 USD) - 2025/02/07 3:19:53 WET [2025/02/07 22:19:53 ET]
Table 'Dheneb' 6-max Seat #5 is the button
Seat 1: Manifestorr ($111.98 in chips) 
Seat 2: Philbill87 ($16.22 in chips) 
Seat 3: gambler1258 ($119.08 in chips) 
Seat 4: CEPTT ($103.20 in chips) 
Seat 5: 50CandyJoe ($109.21 in chips) 
Seat 6: CashfishT ($108.61 in chips) 
CashfishT: posts small blind $0.50
Manifestorr: posts big blind $1
*** HOLE CARDS ***
Philbill87: folds 
gambler1258: raises $1 to $2
CEPTT: folds 
50CandyJoe: folds 
CashfishT: folds 
Manifestorr: folds 
Uncalled bet ($1) returned to gambler1258
gambler1258 collected $2.50 from pot
*** SUMMARY ***
Total pot $2.50 | Rake $0 
Seat 1: Manifestorr (big blind) folded before Flop
Seat 2: Philbill87 folded before Flop (didn't bet)
Seat 3: gambler1258 collected ($2.50)
Seat 4: CEPTT folded before Flop (didn't bet)
Seat 5: 50CandyJoe (button) folded before Flop (didn't bet)
Seat 6: CashfishT (small blind) folded before Flop



PokerStars Hand #254760763111:  Hold'em No Limit ($0.50/$1.00 USD) - 2025/02/07 3:20:26 WET [2025/02/07 22:20:26 ET]
Table 'Dheneb' 6-max Seat #1 is the button
Seat 6: CashfishT ($108.11 in chips) is sitting out
Seat 1: Manifestorr ($110.98 in chips) 
Seat 2: Philbill87 ($16.22 in chips) 
Seat 3: gambler1258 ($120.58 in chips) 
Seat 4: CEPTT ($103.20 in chips) 
Seat 5: 50CandyJoe ($109.21 in chips) 
Philbill87: posts small blind $0.50
gambler1258: posts big blind $1
*** HOLE CARDS ***
CashfishT leaves the table
CEPTT: folds 
50CandyJoe: folds 
Manifestorr: folds 
Philbill87: folds 
Uncalled bet ($0.50) returned to gambler1258
gambler1258 collected $1 from pot
*** SUMMARY ***
Total pot $1 | Rake $0 
Seat 6: CashfishT
Seat 1: Manifestorr (button) folded before Flop (didn't bet)
Seat 2: Philbill87 (small blind) folded before Flop
Seat 3: gambler1258 (big blind) collected ($1)
Seat 4: CEPTT folded before Flop (didn't bet)
Seat 5: 50CandyJoe folded before Flop (didn't bet)



PokerStars Hand #254760764406:  Hold'em No Limit ($0.50/$1.00 USD) - 2025/02/07 3:20:35 WET [2025/02/07 22:20:35 ET]
Table 'Dheneb' 6-max Seat #2 is the button
Seat 1: Manifestorr ($110.98 in chips) 
Seat 2: Philbill87 ($15.72 in chips) 
Seat 3: gambler1258 ($121.08 in chips) 
Seat 4: CEPTT ($103.20 in chips) 
Seat 5: 50CandyJoe ($109.21 in chips) 
gambler1258: posts small blind $0.50
CEPTT: posts big blind $1
*** HOLE CARDS ***
50CandyJoe: raises $1.20 to $2.20
Manifestorr: folds 
Philbill87: calls $2.20
XneferX joins the table at seat #6 
gambler1258: folds 
CEPTT: calls $1.20
*** FLOP *** [Td 9h 5c]
CEPTT: checks 
50CandyJoe: checks 
Philbill87: checks 
*** TURN *** [Td 9h 5c] [9c]
CEPTT: bets $5.05
50CandyJoe: folds 
Philbill87: folds 
Uncalled bet ($5.05) returned to CEPTT
CEPTT collected $6.74 from pot
CEPTT: doesn't show hand 
*** SUMMARY ***
Total pot $7.10 | Rake $0.36 
Board [Td 9h 5c 9c]
Seat 1: Manifestorr folded before Flop (didn't bet)
Seat 2: Philbill87 (button) folded on the Turn
Seat 3: gambler1258 (small blind) folded before Flop
Seat 4: CEPTT (big blind) collected ($6.74)
Seat 5: 50CandyJoe folded on the Turn



PokerStars Hand #254760769218:  Hold'em No Limit ($0.50/$1.00 USD) - 2025/02/07 3:21:09 WET [2025/02/07 22:21:09 ET]
Table 'Dheneb' 6-max Seat #3 is the button
Seat 6: XneferX ($100 in chips) is sitting out
Seat 1: Manifestorr ($110.98 in chips) 
Seat 2: Philbill87 ($13.52 in chips) 
Seat 3: gambler1258 ($120.58 in chips) 
Seat 4: CEPTT ($107.74 in chips) 
Seat 5: 50CandyJoe ($107.01 in chips) 
CEPTT: posts small blind $0.50
50CandyJoe: posts big blind $1
XneferX: sits out 
*** HOLE CARDS ***
Manifestorr: folds 
Philbill87: folds 
gambler1258: raises $1 to $2
CEPTT: folds 
50CandyJoe: calls $1
*** FLOP *** [Th Js Kh]
50CandyJoe: checks 
gambler1258: checks 
*** TURN *** [Th Js Kh] [9d]
50CandyJoe: checks 
gambler1258: bets $2.14
50CandyJoe: calls $2.14
*** RIVER *** [Th Js Kh 9d] [Jc]
50CandyJoe: checks 
gambler1258: bets $4.17
50CandyJoe: folds 
Uncalled bet ($4.17) returned to gambler1258
gambler1258 collected $8.34 from pot
*** SUMMARY ***
Total pot $8.78 | Rake $0.44 
Board [Th Js Kh 9d Jc]
Seat 6: XneferX
Seat 1: Manifestorr folded before Flop (didn't bet)
Seat 2: Philbill87 folded before Flop (didn't bet)
Seat 3: gambler1258 (button) collected ($8.34)
Seat 4: CEPTT (small blind) folded before Flop
Seat 5: 50CandyJoe (big blind) folded on the River



PokerStars Hand #254760774302:  Hold'em No Limit ($0.50/$1.00 USD) - 2025/02/07 3:21:46 WET [2025/02/07 22:21:46 ET]
Table 'Dheneb' 6-max Seat #4 is the button
Seat 1: Manifestorr ($110.98 in chips) 
Seat 2: Philbill87 ($13.52 in chips) 
Seat 3: gambler1258 ($124.78 in chips) 
Seat 4: CEPTT ($107.24 in chips) 
Seat 5: 50CandyJoe ($102.87 in chips) 
Seat 6: XneferX ($100 in chips) 
50CandyJoe: posts small blind $0.50
XneferX: posts big blind $1
*** HOLE CARDS ***
Manifestorr: folds 
Philbill87: folds 
gambler1258: folds 
CEPTT: raises $1.85 to $2.85
50CandyJoe: folds 
XneferX: raises $10.15 to $13
CEPTT: folds 
Uncalled bet ($10.15) returned to XneferX
XneferX collected $6.20 from pot
XneferX: doesn't show hand 
*** SUMMARY ***
Total pot $6.20 | Rake $0 
Seat 1: Manifestorr folded before Flop (didn't bet)
Seat 2: Philbill87 folded before Flop (didn't bet)
Seat 3: gambler1258 folded before Flop (didn't bet)
Seat 4: CEPTT (button) folded before Flop
Seat 5: 50CandyJoe (small blind) folded before Flop
Seat 6: XneferX (big blind) collected ($6.20)



PokerStars Hand #254760778589:  Hold'em No Limit ($0.50/$1.00 USD) - 2025/02/07 3:22:16 WET [2025/02/07 22:22:16 ET]
Table 'Dheneb' 6-max Seat #5 is the button
Seat 1: Manifestorr ($110.98 in chips) 
Seat 2: Philbill87 ($13.52 in chips) 
Seat 3: gambler1258 ($124.78 in chips) 
Seat 4: CEPTT ($104.39 in chips) 
Seat 5: 50CandyJoe ($102.37 in chips) 
Seat 6: XneferX ($103.35 in chips) 
XneferX: posts small blind $0.50
Manifestorr: posts big blind $1
*** HOLE CARDS ***
Philbill87: folds 
gambler1258: folds 
CEPTT: folds 
50CandyJoe: raises $1.50 to $2.50
XneferX: folds 
Manifestorr: folds 
Uncalled bet ($1.50) returned to 50CandyJoe
50CandyJoe collected $2.50 from pot
50CandyJoe: doesn't show hand 
*** SUMMARY ***
Total pot $2.50 | Rake $0 
Seat 1: Manifestorr (big blind) folded before Flop
Seat 2: Philbill87 folded before Flop (didn't bet)
Seat 3: gambler1258 folded before Flop (didn't bet)
Seat 4: CEPTT folded before Flop (didn't bet)
Seat 5: 50CandyJoe (button) collected ($2.50)
Seat 6: XneferX (small blind) folded before Flop



PokerStars Hand #254760781753:  Hold'em No Limit ($0.50/$1.00 USD) - 2025/02/07 3:22:38 WET [2025/02/07 22:22:38 ET]
Table 'Dheneb' 6-max Seat #6 is the button
Seat 1: Manifestorr ($109.98 in chips) 
Seat 2: Philbill87 ($13.52 in chips) 
Seat 3: gambler1258 ($124.78 in chips) 
Seat 4: CEPTT ($104.39 in chips) 
Seat 5: 50CandyJoe ($103.87 in chips) 
Seat 6: XneferX ($102.85 in chips) 
Manifestorr: posts small blind $0.50
Philbill87: posts big blind $1
*** HOLE CARDS ***
gambler1258: folds 
CEPTT: folds 
50CandyJoe: raises $1.20 to $2.20
XneferX: folds 
Manifestorr: folds 
Philbill87: calls $1.20
*** FLOP *** [2s 7h Td]
Philbill87: checks 
50CandyJoe: bets $1.54
Philbill87: folds 
Uncalled bet ($1.54) returned to 50CandyJoe
50CandyJoe collected $4.66 from pot
50CandyJoe: doesn't show hand 
*** SUMMARY ***
Total pot $4.90 | Rake $0.24 
Board [2s 7h Td]
Seat 1: Manifestorr (small blind) folded before Flop
Seat 2: Philbill87 (big blind) folded on the Flop
Seat 3: gambler1258 folded before Flop (didn't bet)
Seat 4: CEPTT folded before Flop (didn't bet)
Seat 5: 50CandyJoe collected ($4.66)
Seat 6: XneferX (button) folded before Flop (didn't bet)



PokerStars Hand #254760786003:  Hold'em No Limit ($0.50/$1.00 USD) - 2025/02/07 3:23:09 WET [2025/02/07 22:23:09 ET]
Table 'Dheneb' 6-max Seat #1 is the button
Seat 1: Manifestorr ($109.48 in chips) 
Seat 2: Philbill87 ($11.32 in chips) 
Seat 3: gambler1258 ($124.78 in chips) 
Seat 4: CEPTT ($104.39 in chips) 
Seat 5: 50CandyJoe ($106.33 in chips) 
Seat 6: XneferX ($102.85 in chips) 
Philbill87: posts small blind $0.50
gambler1258: posts big blind $1
*** HOLE CARDS ***
CEPTT: raises $1.25 to $2.25
50CandyJoe: folds 
XneferX: folds 
Manifestorr: folds 
Philbill87: calls $1.75
gambler1258: folds 
*** FLOP *** [9c 9s Kc]
Philbill87: bets $9.07 and is all-in
CEPTT: calls $9.07
*** TURN *** [9c 9s Kc] [3h]
*** RIVER *** [9c 9s Kc 3h] [4c]
*** SHOW DOWN ***
Philbill87: shows [Td Kd] (two pair, Kings and Nines)
CEPTT: shows [Jc Qc] (a flush, King high)
CEPTT collected $22.46 from pot
*** SUMMARY ***
Total pot $23.64 | Rake $1.18 
Board [9c 9s Kc 3h 4c]
Seat 1: Manifestorr (button) folded before Flop (didn't bet)
Seat 2: Philbill87 (small blind) showed [Td Kd] and lost with two pair, Kings and Nines
Seat 3: gambler1258 (big blind) folded before Flop
Seat 4: CEPTT showed [Jc Qc] and won ($22.46) with a flush, King high
Seat 5: 50CandyJoe folded before Flop (didn't bet)
Seat 6: XneferX folded before Flop (didn't bet)



PokerStars Hand #254760791917:  Hold'em No Limit ($0.50/$1.00 USD) - 2025/02/07 3:23:50 WET [2025/02/07 22:23:50 ET]
Table 'Dheneb' 6-max Seat #3 is the button
Seat 2: Philbill87 ($0 in chips) is sitting out
Seat 1: Manifestorr ($109.48 in chips) 
Seat 3: gambler1258 ($123.78 in chips) 
Seat 4: CEPTT ($115.53 in chips) 
Seat 5: 50CandyJoe ($106.33 in chips) 
Seat 6: XneferX ($102.85 in chips) 
CEPTT: posts small blind $0.50
50CandyJoe: posts big blind $1
*** HOLE CARDS ***
XneferX: folds 
Manifestorr: folds 
gambler1258: raises $1 to $2
CEPTT: folds 
50CandyJoe: folds 
Uncalled bet ($1) returned to gambler1258
gambler1258 collected $2.50 from pot
*** SUMMARY ***
Total pot $2.50 | Rake $0 
Seat 2: Philbill87
Seat 1: Manifestorr folded before Flop (didn't bet)
Seat 3: gambler1258 (button) collected ($2.50)
Seat 4: CEPTT (small blind) folded before Flop
Seat 5: 50CandyJoe (big blind) folded before Flop
Seat 6: XneferX folded before Flop (didn't bet)



PokerStars Hand #254760795011:  Hold'em No Limit ($0.50/$1.00 USD) - 2025/02/07 3:24:12 WET [2025/02/07 22:24:12 ET]
Table 'Dheneb' 6-max Seat #4 is the button
Seat 1: Manifestorr ($109.48 in chips) 
Seat 2: Philbill87 ($31.17 in chips) 
Seat 3: gambler1258 ($125.28 in chips) 
Seat 4: CEPTT ($115.03 in chips) 
Seat 5: 50CandyJoe ($105.33 in chips) 
Seat 6: XneferX ($102.85 in chips) 
50CandyJoe: posts small blind $0.50
XneferX: posts big blind $1
*** HOLE CARDS ***
Manifestorr: folds 
Philbill87: folds 
gambler1258: raises $1 to $2
CEPTT: folds 
50CandyJoe: folds 
XneferX: folds 
Uncalled bet ($1) returned to gambler1258
gambler1258 collected $2.50 from pot
*** SUMMARY ***
Total pot $2.50 | Rake $0 
Seat 1: Manifestorr folded before Flop (didn't bet)
Seat 2: Philbill87 folded before Flop (didn't bet)
Seat 3: gambler1258 collected ($2.50)
Seat 4: CEPTT (button) folded before Flop (didn't bet)
Seat 5: 50CandyJoe (small blind) folded before Flop
Seat 6: XneferX (big blind) folded before Flop



PokerStars Hand #254760798197:  Hold'em No Limit ($0.50/$1.00 USD) - 2025/02/07 3:24:35 WET [2025/02/07 22:24:35 ET]
Table 'Dheneb' 6-max Seat #5 is the button
Seat 1: Manifestorr ($109.48 in chips) 
Seat 2: Philbill87 ($31.17 in chips) 
Seat 3: gambler1258 ($126.78 in chips) 
Seat 4: CEPTT ($115.03 in chips) 
Seat 5: 50CandyJoe ($104.83 in chips) 
Seat 6: XneferX ($101.85 in chips) 
XneferX: posts small blind $0.50
Manifestorr: posts big blind $1
*** HOLE CARDS ***
Philbill87: folds 
gambler1258: raises $1 to $2
CEPTT: folds 
50CandyJoe: folds 
XneferX: folds 
Manifestorr: folds 
Uncalled bet ($1) returned to gambler1258
gambler1258 collected $2.50 from pot
*** SUMMARY ***
Total pot $2.50 | Rake $0 
Seat 1: Manifestorr (big blind) folded before Flop
Seat 2: Philbill87 folded before Flop (didn't bet)
Seat 3: gambler1258 collected ($2.50)
Seat 4: CEPTT folded before Flop (didn't bet)
Seat 5: 50CandyJoe (button) folded before Flop (didn't bet)
Seat 6: XneferX (small blind) folded before Flop



PokerStars Hand #254760801393:  Hold'em No Limit ($0.50/$1.00 USD) - 2025/02/07 3:24:57 WET [2025/02/07 22:24:57 ET]
Table 'Dheneb' 6-max Seat #6 is the button
Seat 1: Manifestorr ($108.48 in chips) 
Seat 2: Philbill87 ($31.17 in chips) 
Seat 3: gambler1258 ($128.28 in chips) 
Seat 4: CEPTT ($115.03 in chips) 
Seat 5: 50CandyJoe ($104.83 in chips) 
Seat 6: XneferX ($101.35 in chips) 
Manifestorr: posts small blind $0.50
Philbill87: posts big blind $1
*** HOLE CARDS ***
gambler1258: folds 
CEPTT: raises $1.25 to $2.25
50CandyJoe: folds 
XneferX: raises $4.75 to $7
Manifestorr: folds 
Philbill87: folds 
CEPTT: calls $4.75
*** FLOP *** [As 3c 7h]
CEPTT: checks 
XneferX: bets $5
CEPTT: calls $5
*** TURN *** [As 3c 7h] [Kc]
CEPTT: checks 
XneferX: bets $18.65
CEPTT: folds 
Uncalled bet ($18.65) returned to XneferX
XneferX collected $24.22 from pot
XneferX: doesn't show hand 
*** SUMMARY ***
Total pot $25.50 | Rake $1.28 
Board [As 3c 7h Kc]
Seat 1: Manifestorr (small blind) folded before Flop
Seat 2: Philbill87 (big blind) folded before Flop
Seat 3: gambler1258 folded before Flop (didn't bet)
Seat 4: CEPTT folded on the Turn
Seat 5: 50CandyJoe folded before Flop (didn't bet)
Seat 6: XneferX (button) collected ($24.22)



PokerStars Hand #254760813596:  Hold'em No Limit ($0.50/$1.00 USD) - 2025/02/07 3:26:24 WET [2025/02/07 22:26:24 ET]
Table 'Dheneb' 6-max Seat #1 is the button
Seat 1: Manifestorr ($107.98 in chips) 
Seat 2: Philbill87 ($30.17 in chips) 
Seat 3: gambler1258 ($128.28 in chips) 
Seat 4: CEPTT ($103.03 in chips) 
Seat 5: 50CandyJoe ($104.83 in chips) 
Seat 6: XneferX ($113.57 in chips) 
Philbill87: posts small blind $0.50
gambler1258: posts big blind $1
*** HOLE CARDS ***
CEPTT: raises $1.25 to $2.25
50CandyJoe: raises $5.25 to $7.50
XneferX: folds 
Manifestorr: folds 
Philbill87: folds 
gambler1258: folds 
CEPTT: folds 
Uncalled bet ($5.25) returned to 50CandyJoe
50CandyJoe collected $6 from pot
50CandyJoe: doesn't show hand 
*** SUMMARY ***
Total pot $6 | Rake $0 
Seat 1: Manifestorr (button) folded before Flop (didn't bet)
Seat 2: Philbill87 (small blind) folded before Flop
Seat 3: gambler1258 (big blind) folded before Flop
Seat 4: CEPTT folded before Flop
Seat 5: 50CandyJoe collected ($6)
Seat 6: XneferX folded before Flop (didn't bet)



PokerStars Hand #254760815761:  Hold'em No Limit ($0.50/$1.00 USD) - 2025/02/07 3:26:40 WET [2025/02/07 22:26:40 ET]
Table 'Dheneb' 6-max Seat #2 is the button
Seat 4: CEPTT ($100.78 in chips) is sitting out
Seat 1: Manifestorr ($107.98 in chips) 
Seat 2: Philbill87 ($29.67 in chips) 
Seat 3: gambler1258 ($127.28 in chips) 
Seat 5: 50CandyJoe ($108.58 in chips) 
Seat 6: XneferX ($113.57 in chips) 
gambler1258: posts small blind $0.50
CEPTT: is sitting out 
50CandyJoe: posts big blind $1
*** HOLE CARDS ***
XneferX: folds 
CEPTT leaves the table
Manifestorr: folds 
Philbill87: folds 
gambler1258: folds 
Uncalled bet ($0.50) returned to 50CandyJoe
50CandyJoe collected $1 from pot
50CandyJoe: doesn't show hand 
*** SUMMARY ***
Total pot $1 | Rake $0 
Seat 4: CEPTT
Seat 1: Manifestorr folded before Flop (didn't bet)
Seat 2: Philbill87 (button) folded before Flop (didn't bet)
Seat 3: gambler1258 (small blind) folded before Flop
Seat 5: 50CandyJoe (big blind) collected ($1)
Seat 6: XneferX folded before Flop (didn't bet)



PokerStars Hand #254760818288:  Hold'em No Limit ($0.50/$1.00 USD) - 2025/02/07 3:26:58 WET [2025/02/07 22:26:58 ET]
Table 'Dheneb' 6-max Seat #3 is the button
Seat 1: Manifestorr ($107.98 in chips) 
Seat 2: Philbill87 ($29.67 in chips) 
Seat 3: gambler1258 ($126.78 in chips) 
Seat 5: 50CandyJoe ($109.08 in chips) 
Seat 6: XneferX ($113.57 in chips) 
50CandyJoe: posts small blind $0.50
XneferX: posts big blind $1
*** HOLE CARDS ***
vezis3 joins the table at seat #4 
Manifestorr: folds 
Philbill87: calls $1
gambler1258: folds 
50CandyJoe: raises $3.50 to $4.50
XneferX: raises $9 to $13.50
Philbill87: folds 
50CandyJoe: raises $95.58 to $109.08 and is all-in
XneferX: calls $95.58
*** FLOP *** [2s 5c Js]
*** TURN *** [2s 5c Js] [4s]
*** RIVER *** [2s 5c Js 4s] [9c]
*** SHOW DOWN ***
50CandyJoe: shows [Qh Qd] (a pair of Queens)
XneferX: shows [Jc Jd] (three of a kind, Jacks)
XneferX cashed out the hand for $38.29 | Cash Out Fee $0.78
*** SUMMARY ***
Total pot $219.16 | Rake $2.50 
Board [2s 5c Js 4s 9c]
Seat 1: Manifestorr folded before Flop (didn't bet)
Seat 2: Philbill87 folded before Flop
Seat 3: gambler1258 (button) folded before Flop (didn't bet)
Seat 5: 50CandyJoe (small blind) showed [Qh Qd] and lost with a pair of Queens
Seat 6: XneferX (big blind) showed [Jc Jd] and won ($216.66) with three of a kind, Jacks (pot not awarded as player cashed out)



PokerStars Hand #254760829717:  Hold'em No Limit ($0.50/$1.00 USD) - 2025/02/07 3:28:20 WET [2025/02/07 22:28:20 ET]
Table 'Dheneb' 6-max Seat #5 is the button
Seat 4: vezis3 ($100.50 in chips) is sitting out
Seat 1: Manifestorr ($107.98 in chips) 
Seat 2: Philbill87 ($28.67 in chips) 
Seat 3: gambler1258 ($126.78 in chips) 
Seat 5: 50CandyJoe ($100 in chips) 
Seat 6: XneferX ($100 in chips) 
XneferX: posts small blind $0.50
Manifestorr: posts big blind $1
vezis3: sits out 
*** HOLE CARDS ***
Philbill87: folds 
gambler1258: folds 
50CandyJoe: raises $1.50 to $2.50
XneferX: folds 
Manifestorr: folds 
Uncalled bet ($1.50) returned to 50CandyJoe
50CandyJoe collected $2.50 from pot
50CandyJoe: doesn't show hand 
*** SUMMARY ***
Total pot $2.50 | Rake $0 
Seat 4: vezis3
Seat 1: Manifestorr (big blind) folded before Flop
Seat 2: Philbill87 folded before Flop (didn't bet)
Seat 3: gambler1258 folded before Flop (didn't bet)
Seat 5: 50CandyJoe (button) collected ($2.50)
Seat 6: XneferX (small blind) folded before Flop



PokerStars Hand #254760833849:  Hold'em No Limit ($0.50/$1.00 USD) - 2025/02/07 3:28:50 WET [2025/02/07 22:28:50 ET]
Table 'Dheneb' 6-max Seat #6 is the button
Seat 4: vezis3 ($100.50 in chips) is sitting out
Seat 1: Manifestorr ($106.98 in chips) 
Seat 2: Philbill87 ($28.67 in chips) 
Seat 3: gambler1258 ($126.78 in chips) 
Seat 5: 50CandyJoe ($101.50 in chips) 
Seat 6: XneferX ($100 in chips) 
Manifestorr: posts small blind $0.50
Philbill87: posts big blind $1
vezis3: sits out 
*** HOLE CARDS ***
gambler1258: folds 
50CandyJoe: folds 
XneferX: folds 
Manifestorr: folds 
Uncalled bet ($0.50) returned to Philbill87
Philbill87 collected $1 from pot
*** SUMMARY ***
Total pot $1 | Rake $0 
Seat 4: vezis3
Seat 1: Manifestorr (small blind) folded before Flop
Seat 2: Philbill87 (big blind) collected ($1)
Seat 3: gambler1258 folded before Flop (didn't bet)
Seat 5: 50CandyJoe folded before Flop (didn't bet)
Seat 6: XneferX (button) folded before Flop (didn't bet)



PokerStars Hand #254760836083:  Hold'em No Limit ($0.50/$1.00 USD) - 2025/02/07 3:29:05 WET [2025/02/07 22:29:05 ET]
Table 'Dheneb' 6-max Seat #1 is the button
Seat 4: vezis3 ($100.50 in chips) is sitting out
Seat 1: Manifestorr ($106.48 in chips) 
Seat 2: Philbill87 ($29.17 in chips) 
Seat 3: gambler1258 ($126.78 in chips) 
Seat 5: 50CandyJoe ($101.50 in chips) 
Seat 6: XneferX ($100 in chips) 
Philbill87: posts small blind $0.50
gambler1258: posts big blind $1
vezis3: sits out 
*** HOLE CARDS ***
50CandyJoe: folds 
XneferX: folds 
Manifestorr: folds 
Philbill87: folds 
Uncalled bet ($0.50) returned to gambler1258
gambler1258 collected $1 from pot
*** SUMMARY ***
Total pot $1 | Rake $0 
Seat 4: vezis3
Seat 1: Manifestorr (button) folded before Flop (didn't bet)
Seat 2: Philbill87 (small blind) folded before Flop
Seat 3: gambler1258 (big blind) collected ($1)
Seat 5: 50CandyJoe folded before Flop (didn't bet)
Seat 6: XneferX folded before Flop (didn't bet)



PokerStars Hand #254760837643:  Hold'em No Limit ($0.50/$1.00 USD) - 2025/02/07 3:29:17 WET [2025/02/07 22:29:17 ET]
Table 'Dheneb' 6-max Seat #2 is the button
Seat 1: Manifestorr ($106.48 in chips) 
Seat 2: Philbill87 ($28.67 in chips) 
Seat 3: gambler1258 ($127.28 in chips) 
Seat 4: vezis3 ($100.50 in chips) 
Seat 5: 50CandyJoe ($101.50 in chips) 
Seat 6: XneferX ($100 in chips) 
gambler1258: posts small blind $0.50
vezis3: posts big blind $1
*** HOLE CARDS ***
50CandyJoe: folds 
XneferX: folds 
Manifestorr: folds 
Philbill87: folds 
gambler1258: folds 
Uncalled bet ($0.50) returned to vezis3
vezis3 collected $1 from pot
vezis3: doesn't show hand 
*** SUMMARY ***
Total pot $1 | Rake $0 
Seat 1: Manifestorr folded before Flop (didn't bet)
Seat 2: Philbill87 (button) folded before Flop (didn't bet)
Seat 3: gambler1258 (small blind) folded before Flop
Seat 4: vezis3 (big blind) collected ($1)
Seat 5: 50CandyJoe folded before Flop (didn't bet)
Seat 6: XneferX folded before Flop (didn't bet)



PokerStars Hand #254760839342:  Hold'em No Limit ($0.50/$1.00 USD) - 2025/02/07 3:29:29 WET [2025/02/07 22:29:29 ET]
Table 'Dheneb' 6-max Seat #3 is the button
Seat 1: Manifestorr ($106.48 in chips) 
Seat 2: Philbill87 ($28.67 in chips) 
Seat 3: gambler1258 ($126.78 in chips) 
Seat 4: vezis3 ($101 in chips) 
Seat 5: 50CandyJoe ($101.50 in chips) 
Seat 6: XneferX ($100 in chips) 
vezis3: posts small blind $0.50
50CandyJoe: posts big blind $1
*** HOLE CARDS ***
XneferX: folds 
Manifestorr: folds 
Philbill87: raises $1 to $2
gambler1258: calls $2
vezis3: folds 
50CandyJoe: calls $1
*** FLOP *** [9c 2h As]
50CandyJoe: checks 
Philbill87: bets $3
gambler1258: folds 
50CandyJoe: folds 
Uncalled bet ($3) returned to Philbill87
Philbill87 collected $6.18 from pot
*** SUMMARY ***
Total pot $6.50 | Rake $0.32 
Board [9c 2h As]
Seat 1: Manifestorr folded before Flop (didn't bet)
Seat 2: Philbill87 collected ($6.18)
Seat 3: gambler1258 (button) folded on the Flop
Seat 4: vezis3 (small blind) folded before Flop
Seat 5: 50CandyJoe (big blind) folded on the Flop
Seat 6: XneferX folded before Flop (didn't bet)



PokerStars Hand #254760843997:  Hold'em No Limit ($0.50/$1.00 USD) - 2025/02/07 3:30:02 WET [2025/02/07 22:30:02 ET]
Table 'Dheneb' 6-max Seat #4 is the button
Seat 1: Manifestorr ($106.48 in chips) 
Seat 2: Philbill87 ($32.85 in chips) 
Seat 3: gambler1258 ($124.78 in chips) 
Seat 4: vezis3 ($100.50 in chips) 
Seat 5: 50CandyJoe ($100 in chips) 
Seat 6: XneferX ($100 in chips) 
50CandyJoe: posts small blind $0.50
XneferX: posts big blind $1
*** HOLE CARDS ***
Manifestorr: folds 
Philbill87: folds 
gambler1258: raises $2 to $3
vezis3: folds 
50CandyJoe: folds 
XneferX: folds 
Uncalled bet ($2) returned to gambler1258
gambler1258 collected $2.50 from pot
*** SUMMARY ***
Total pot $2.50 | Rake $0 
Seat 1: Manifestorr folded before Flop (didn't bet)
Seat 2: Philbill87 folded before Flop (didn't bet)
Seat 3: gambler1258 collected ($2.50)
Seat 4: vezis3 (button) folded before Flop (didn't bet)
Seat 5: 50CandyJoe (small blind) folded before Flop
Seat 6: XneferX (big blind) folded before Flop



PokerStars Hand #254760847230:  Hold'em No Limit ($0.50/$1.00 USD) - 2025/02/07 3:30:25 WET [2025/02/07 22:30:25 ET]
Table 'Dheneb' 6-max Seat #5 is the button
Seat 1: Manifestorr ($106.48 in chips) 
Seat 2: Philbill87 ($32.85 in chips) 
Seat 3: gambler1258 ($126.28 in chips) 
Seat 4: vezis3 ($100.50 in chips) 
Seat 5: 50CandyJoe ($100 in chips) 
Seat 6: XneferX ($100 in chips) 
XneferX: posts small blind $0.50
Manifestorr: posts big blind $1
*** HOLE CARDS ***
Philbill87: calls $1
gambler1258: folds 
vezis3: folds 
50CandyJoe: raises $2.50 to $3.50
XneferX: folds 
Manifestorr: folds 
Philbill87: calls $2.50
*** FLOP *** [8s 2d 4c]
Philbill87: checks 
50CandyJoe: checks 
*** TURN *** [8s 2d 4c] [Js]
Philbill87: bets $2
50CandyJoe: folds 
Uncalled bet ($2) returned to Philbill87
Philbill87 collected $8.08 from pot
*** SUMMARY ***
Total pot $8.50 | Rake $0.42 
Board [8s 2d 4c Js]
Seat 1: Manifestorr (big blind) folded before Flop
Seat 2: Philbill87 collected ($8.08)
Seat 3: gambler1258 folded before Flop (didn't bet)
Seat 4: vezis3 folded before Flop (didn't bet)
Seat 5: 50CandyJoe (button) folded on the Turn
Seat 6: XneferX (small blind) folded before Flop



PokerStars Hand #254760853275:  Hold'em No Limit ($0.50/$1.00 USD) - 2025/02/07 3:31:10 WET [2025/02/07 22:31:10 ET]
Table 'Dheneb' 6-max Seat #6 is the button
Seat 1: Manifestorr ($105.48 in chips) 
Seat 2: Philbill87 ($37.43 in chips) 
Seat 3: gambler1258 ($126.28 in chips) 
Seat 4: vezis3 ($100.50 in chips) 
Seat 5: 50CandyJoe ($100 in chips) 
Seat 6: XneferX ($100 in chips) 
Manifestorr: posts small blind $0.50
Philbill87: posts big blind $1
*** HOLE CARDS ***
gambler1258: folds 
vezis3: folds 
50CandyJoe: folds 
XneferX: raises $1.77 to $2.77
Manifestorr: folds 
Philbill87: folds 
Uncalled bet ($1.77) returned to XneferX
XneferX collected $2.50 from pot
XneferX: doesn't show hand 
*** SUMMARY ***
Total pot $2.50 | Rake $0 
Seat 1: Manifestorr (small blind) folded before Flop
Seat 2: Philbill87 (big blind) folded before Flop
Seat 3: gambler1258 folded before Flop (didn't bet)
Seat 4: vezis3 folded before Flop (didn't bet)
Seat 5: 50CandyJoe folded before Flop (didn't bet)
Seat 6: XneferX (button) collected ($2.50)



PokerStars Hand #254760856180:  Hold'em No Limit ($0.50/$1.00 USD) - 2025/02/07 3:31:31 WET [2025/02/07 22:31:31 ET]
Table 'Dheneb' 6-max Seat #1 is the button
Seat 1: Manifestorr ($104.98 in chips) 
Seat 2: Philbill87 ($36.43 in chips) 
Seat 3: gambler1258 ($126.28 in chips) 
Seat 4: vezis3 ($100.50 in chips) 
Seat 5: 50CandyJoe ($100 in chips) 
Seat 6: XneferX ($101.50 in chips) 
Philbill87: posts small blind $0.50
gambler1258: posts big blind $1
*** HOLE CARDS ***
vezis3: folds 
50CandyJoe: folds 
XneferX: raises $1.30 to $2.30
Manifestorr: folds 
Philbill87: folds 
gambler1258: calls $1.30
*** FLOP *** [5s 9h 7c]
gambler1258: checks 
XneferX: bets $1.20
gambler1258: calls $1.20
*** TURN *** [5s 9h 7c] [7s]
gambler1258: checks 
XneferX: checks 
*** RIVER *** [5s 9h 7c 7s] [Kd]
gambler1258: checks 
XneferX: checks 
*** SHOW DOWN ***
gambler1258: shows [4d 4h] (two pair, Sevens and Fours)
XneferX: mucks hand 
gambler1258 collected $7.12 from pot
*** SUMMARY ***
Total pot $7.50 | Rake $0.38 
Board [5s 9h 7c 7s Kd]
Seat 1: Manifestorr (button) folded before Flop (didn't bet)
Seat 2: Philbill87 (small blind) folded before Flop
Seat 3: gambler1258 (big blind) showed [4d 4h] and won ($7.12) with two pair, Sevens and Fours
Seat 4: vezis3 folded before Flop (didn't bet)
Seat 5: 50CandyJoe folded before Flop (didn't bet)
Seat 6: XneferX mucked



PokerStars Hand #254760863310:  Hold'em No Limit ($0.50/$1.00 USD) - 2025/02/07 3:32:23 WET [2025/02/07 22:32:23 ET]
Table 'Dheneb' 6-max Seat #2 is the button
Seat 1: Manifestorr ($104.98 in chips) 
Seat 2: Philbill87 ($35.93 in chips) 
Seat 3: gambler1258 ($129.90 in chips) 
Seat 4: vezis3 ($100.50 in chips) 
Seat 5: 50CandyJoe ($100 in chips) 
Seat 6: XneferX ($100 in chips) 
gambler1258: posts small blind $0.50
vezis3: posts big blind $1
*** HOLE CARDS ***
50CandyJoe: folds 
XneferX: folds 
Manifestorr: folds 
Philbill87: folds 
gambler1258: raises $1 to $2
vezis3: folds 
Uncalled bet ($1) returned to gambler1258
gambler1258 collected $2 from pot
*** SUMMARY ***
Total pot $2 | Rake $0 
Seat 1: Manifestorr folded before Flop (didn't bet)
Seat 2: Philbill87 (button) folded before Flop (didn't bet)
Seat 3: gambler1258 (small blind) collected ($2)
Seat 4: vezis3 (big blind) folded before Flop
Seat 5: 50CandyJoe folded before Flop (didn't bet)
Seat 6: XneferX folded before Flop (didn't bet)



PokerStars Hand #254760865712:  Hold'em No Limit ($0.50/$1.00 USD) - 2025/02/07 3:32:40 WET [2025/02/07 22:32:40 ET]
Table 'Dheneb' 6-max Seat #3 is the button
Seat 1: Manifestorr ($104.98 in chips) 
Seat 2: Philbill87 ($35.93 in chips) 
Seat 3: gambler1258 ($130.90 in chips) 
Seat 4: vezis3 ($100 in chips) 
Seat 5: 50CandyJoe ($100 in chips) 
Seat 6: XneferX ($100 in chips) 
vezis3: posts small blind $0.50
50CandyJoe: posts big blind $1
*** HOLE CARDS ***
XneferX: raises $1.10 to $2.10
Manifestorr: folds 
Philbill87: folds 
gambler1258: folds 
vezis3: raises $9.90 to $12
50CandyJoe: folds 
XneferX: calls $9.90
*** FLOP *** [7d As 2c]
vezis3: bets $7.84
XneferX: folds 
Uncalled bet ($7.84) returned to vezis3
vezis3 collected $23.75 from pot
vezis3: doesn't show hand 
*** SUMMARY ***
Total pot $25 | Rake $1.25 
Board [7d As 2c]
Seat 1: Manifestorr folded before Flop (didn't bet)
Seat 2: Philbill87 folded before Flop (didn't bet)
Seat 3: gambler1258 (button) folded before Flop (didn't bet)
Seat 4: vezis3 (small blind) collected ($23.75)
Seat 5: 50CandyJoe (big blind) folded before Flop
Seat 6: XneferX folded on the Flop



PokerStars Hand #254760873229:  Hold'em No Limit ($0.50/$1.00 USD) - 2025/02/07 3:33:36 WET [2025/02/07 22:33:36 ET]
Table 'Dheneb' 6-max Seat #4 is the button
Seat 1: Manifestorr ($104.98 in chips) 
Seat 2: Philbill87 ($35.93 in chips) 
Seat 3: gambler1258 ($130.90 in chips) 
Seat 4: vezis3 ($111.75 in chips) 
Seat 5: 50CandyJoe ($100 in chips) 
Seat 6: XneferX ($100 in chips) 
50CandyJoe: posts small blind $0.50
XneferX: posts big blind $1
*** HOLE CARDS ***
Manifestorr: folds 
Philbill87: folds 
Philbill87 leaves the table
gambler1258: folds 
vezis3: folds 
50CandyJoe: folds 
Uncalled bet ($0.50) returned to XneferX
XneferX collected $1 from pot
XneferX: doesn't show hand 
Seavus10 joins the table at seat #2 
*** SUMMARY ***
Total pot $1 | Rake $0 
Seat 1: Manifestorr folded before Flop (didn't bet)
Seat 2: Philbill87 folded before Flop (didn't bet)
Seat 3: gambler1258 folded before Flop (didn't bet)
Seat 4: vezis3 (button) folded before Flop (didn't bet)
Seat 5: 50CandyJoe (small blind) folded before Flop
Seat 6: XneferX (big blind) collected ($1)



PokerStars Hand #254760875248:  Hold'em No Limit ($0.50/$1.00 USD) - 2025/02/07 3:33:51 WET [2025/02/07 22:33:51 ET]
Table 'Dheneb' 6-max Seat #5 is the button
Seat 2: Seavus10 ($180.16 in chips) is sitting out
Seat 1: Manifestorr ($104.98 in chips) 
Seat 3: gambler1258 ($130.90 in chips) 
Seat 4: vezis3 ($111.75 in chips) 
Seat 5: 50CandyJoe ($100 in chips) 
Seat 6: XneferX ($100.50 in chips) 
XneferX: posts small blind $0.50
Manifestorr: posts big blind $1
*** HOLE CARDS ***
gambler1258: folds 
vezis3: folds 
50CandyJoe: raises $1.50 to $2.50
XneferX: raises $9.50 to $12
Manifestorr: folds 
50CandyJoe: folds 
Uncalled bet ($9.50) returned to XneferX
XneferX collected $6 from pot
XneferX: doesn't show hand 
*** SUMMARY ***
Total pot $6 | Rake $0 
Seat 2: Seavus10
Seat 1: Manifestorr (big blind) folded before Flop
Seat 3: gambler1258 folded before Flop (didn't bet)
Seat 4: vezis3 folded before Flop (didn't bet)
Seat 5: 50CandyJoe (button) folded before Flop
Seat 6: XneferX (small blind) collected ($6)



PokerStars Hand #254760879695:  Hold'em No Limit ($0.50/$1.00 USD) - 2025/02/07 3:34:23 WET [2025/02/07 22:34:23 ET]
Table 'Dheneb' 6-max Seat #6 is the button
Seat 1: Manifestorr ($103.98 in chips) 
Seat 2: Seavus10 ($180.16 in chips) 
Seat 3: gambler1258 ($130.90 in chips) 
Seat 4: vezis3 ($111.75 in chips) 
Seat 5: 50CandyJoe ($100 in chips) 
Seat 6: XneferX ($104 in chips) 
Manifestorr: posts small blind $0.50
Seavus10: posts big blind $1
*** HOLE CARDS ***
gambler1258: folds 
vezis3: folds 
50CandyJoe: folds 
XneferX: raises $1.77 to $2.77
Manifestorr: folds 
Seavus10: raises $9.23 to $12
XneferX: folds 
Uncalled bet ($9.23) returned to Seavus10
Seavus10 collected $6.04 from pot
Seavus10: doesn't show hand 
*** SUMMARY ***
Total pot $6.04 | Rake $0 
Seat 1: Manifestorr (small blind) folded before Flop
Seat 2: Seavus10 (big blind) collected ($6.04)
Seat 3: gambler1258 folded before Flop (didn't bet)
Seat 4: vezis3 folded before Flop (didn't bet)
Seat 5: 50CandyJoe folded before Flop (didn't bet)
Seat 6: XneferX (button) folded before Flop



PokerStars Hand #254760885736:  Hold'em No Limit ($0.50/$1.00 USD) - 2025/02/07 3:35:07 WET [2025/02/07 22:35:07 ET]
Table 'Dheneb' 6-max Seat #1 is the button
Seat 1: Manifestorr ($103.48 in chips) 
Seat 2: Seavus10 ($183.43 in chips) 
Seat 3: gambler1258 ($130.90 in chips) 
Seat 4: vezis3 ($111.75 in chips) 
Seat 5: 50CandyJoe ($100 in chips) 
Seat 6: XneferX ($101.23 in chips) 
Seavus10: posts small blind $0.50
gambler1258: posts big blind $1
*** HOLE CARDS ***
vezis3: folds 
50CandyJoe: raises $1.20 to $2.20
XneferX: folds 
Manifestorr: folds 
Seavus10: folds 
gambler1258: calls $1.20
*** FLOP *** [Qs 2s 5h]
gambler1258: checks 
50CandyJoe: bets $3.49
gambler1258: folds 
Uncalled bet ($3.49) returned to 50CandyJoe
50CandyJoe collected $4.66 from pot
50CandyJoe: doesn't show hand 
*** SUMMARY ***
Total pot $4.90 | Rake $0.24 
Board [Qs 2s 5h]
Seat 1: Manifestorr (button) folded before Flop (didn't bet)
Seat 2: Seavus10 (small blind) folded before Flop
Seat 3: gambler1258 (big blind) folded on the Flop
Seat 4: vezis3 folded before Flop (didn't bet)
Seat 5: 50CandyJoe collected ($4.66)
Seat 6: XneferX folded before Flop (didn't bet)



PokerStars Hand #254760890613:  Hold'em No Limit ($0.50/$1.00 USD) - 2025/02/07 3:35:42 WET [2025/02/07 22:35:42 ET]
Table 'Dheneb' 6-max Seat #2 is the button
Seat 1: Manifestorr ($103.48 in chips) 
Seat 2: Seavus10 ($182.93 in chips) 
Seat 3: gambler1258 ($128.70 in chips) 
Seat 4: vezis3 ($111.75 in chips) 
Seat 5: 50CandyJoe ($102.46 in chips) 
Seat 6: XneferX ($101.23 in chips) 
gambler1258: posts small blind $0.50
vezis3: posts big blind $1
*** HOLE CARDS ***
50CandyJoe: folds 
XneferX: raises $1.10 to $2.10
Manifestorr: folds 
Seavus10: folds 
gambler1258: calls $1.60
vezis3: folds 
*** FLOP *** [Ac 5s 4h]
gambler1258: checks 
XneferX: bets $1.68
gambler1258: calls $1.68
*** TURN *** [Ac 5s 4h] [2h]
gambler1258: checks 
XneferX: checks 
*** RIVER *** [Ac 5s 4h 2h] [Qc]
gambler1258: checks 
XneferX: bets $6.26
gambler1258: folds 
Uncalled bet ($6.26) returned to XneferX
XneferX collected $8.13 from pot
XneferX: doesn't show hand 
*** SUMMARY ***
Total pot $8.56 | Rake $0.43 
Board [Ac 5s 4h 2h Qc]
Seat 1: Manifestorr folded before Flop (didn't bet)
Seat 2: Seavus10 (button) folded before Flop (didn't bet)
Seat 3: gambler1258 (small blind) folded on the River
Seat 4: vezis3 (big blind) folded before Flop
Seat 5: 50CandyJoe folded before Flop (didn't bet)
Seat 6: XneferX collected ($8.13)



PokerStars Hand #254760902965:  Hold'em No Limit ($0.50/$1.00 USD) - 2025/02/07 3:37:13 WET [2025/02/07 22:37:13 ET]
Table 'Dheneb' 6-max Seat #3 is the button
Seat 1: Manifestorr ($103.48 in chips) 
Seat 2: Seavus10 ($182.93 in chips) 
Seat 3: gambler1258 ($124.92 in chips) 
Seat 4: vezis3 ($110.75 in chips) 
Seat 5: 50CandyJoe ($102.46 in chips) 
Seat 6: XneferX ($105.58 in chips) 
vezis3: posts small blind $0.50
50CandyJoe: posts big blind $1
*** HOLE CARDS ***
XneferX: folds 
Manifestorr: folds 
Seavus10: folds 
gambler1258: folds 
vezis3: folds 
Uncalled bet ($0.50) returned to 50CandyJoe
50CandyJoe collected $1 from pot
50CandyJoe: doesn't show hand 
*** SUMMARY ***
Total pot $1 | Rake $0 
Seat 1: Manifestorr folded before Flop (didn't bet)
Seat 2: Seavus10 folded before Flop (didn't bet)
Seat 3: gambler1258 (button) folded before Flop (didn't bet)
Seat 4: vezis3 (small blind) folded before Flop
Seat 5: 50CandyJoe (big blind) collected ($1)
Seat 6: XneferX folded before Flop (didn't bet)



