PokerStars Hand #254760586674:  Hold'em No Limit ($0.50/$1.00 USD) - 2025/02/07 3:00:19 WET [2025/02/07 22:00:19 ET]
Table 'Euforbo II' 6-max Seat #3 is the button
Seat 6: pr0tecto ($100 in chips) is sitting out
Seat 1: An1an1 ($166.49 in chips) 
Seat 2: m0nTTu ($100 in chips) 
Seat 3: reeqar ($101 in chips) 
Seat 4: nastja336 ($100 in chips) 
Seat 5: Dshadow79 ($65.59 in chips) 
nastja336: posts small blind $0.50
Dshadow79: posts big blind $1
pr0tecto: sits out 
*** HOLE CARDS ***
An1an1: folds 
m0nTTu: folds 
reeqar: raises $1.50 to $2.50
nastja336: folds 
Dshadow79: calls $1.50
*** FLOP *** [8d 4h 5h]
Dshadow79: checks 
reeqar: checks 
*** TURN *** [8d 4h 5h] [8c]
Dshadow79: bets $2.61
reeqar: folds 
Uncalled bet ($2.61) returned to Dshadow79
Dshadow79 collected $5.22 from pot
*** SUMMARY ***
Total pot $5.50 | Rake $0.28 
Board [8d 4h 5h 8c]
Seat 6: pr0tecto
Seat 1: An1an1 folded before Flop (didn't bet)
Seat 2: m0nTTu folded before Flop (didn't bet)
Seat 3: reeqar (button) folded on the Turn
Seat 4: nastja336 (small blind) folded before Flop
Seat 5: Dshadow79 (big blind) collected ($5.22)



PokerStars Hand #254760595259:  Hold'em No Limit ($0.50/$1.00 USD) - 2025/02/07 3:01:19 WET [2025/02/07 22:01:19 ET]
Table 'Euforbo II' 6-max Seat #4 is the button
Seat 1: An1an1 ($166.49 in chips) is sitting out
Seat 2: m0nTTu ($100 in chips) 
Seat 3: reeqar ($100 in chips) 
Seat 4: nastja336 ($100 in chips) 
Seat 5: Dshadow79 ($68.31 in chips) 
Seat 6: pr0tecto ($100 in chips) 
Dshadow79: posts small blind $0.50
pr0tecto: posts big blind $1
*** HOLE CARDS ***
m0nTTu: folds 
reeqar: folds 
nastja336: folds 
Dshadow79: calls $0.50
pr0tecto: checks 
*** FLOP *** [5d Qd Qh]
Dshadow79: checks 
pr0tecto: checks 
*** TURN *** [5d Qd Qh] [8c]
Dshadow79: bets $2
pr0tecto: folds 
Uncalled bet ($2) returned to Dshadow79
Dshadow79 collected $1.90 from pot
*** SUMMARY ***
Total pot $2 | Rake $0.10 
Board [5d Qd Qh 8c]
Seat 1: An1an1
Seat 2: m0nTTu folded before Flop (didn't bet)
Seat 3: reeqar folded before Flop (didn't bet)
Seat 4: nastja336 (button) folded before Flop (didn't bet)
Seat 5: Dshadow79 (small blind) collected ($1.90)
Seat 6: pr0tecto (big blind) folded on the Turn



PokerStars Hand #254760602140:  Hold'em No Limit ($0.50/$1.00 USD) - 2025/02/07 3:02:03 WET [2025/02/07 22:02:03 ET]
Table 'Euforbo II' 6-max Seat #5 is the button
Seat 1: An1an1 ($166.49 in chips) 
Seat 2: m0nTTu ($100 in chips) 
Seat 3: reeqar ($100 in chips) 
Seat 4: nastja336 ($100 in chips) 
Seat 5: Dshadow79 ($69.21 in chips) 
Seat 6: pr0tecto ($99 in chips) 
pr0tecto: posts small blind $0.50
An1an1: posts big blind $1
*** HOLE CARDS ***
m0nTTu: folds 
reeqar: raises $1.50 to $2.50
nastja336: raises $5 to $7.50
Dshadow79: folds 
pr0tecto: folds 
An1an1: folds 
reeqar: folds 
Uncalled bet ($5) returned to nastja336
nastja336 collected $6.50 from pot
nastja336: doesn't show hand 
*** SUMMARY ***
Total pot $6.50 | Rake $0 
Seat 1: An1an1 (big blind) folded before Flop
Seat 2: m0nTTu folded before Flop (didn't bet)
Seat 3: reeqar folded before Flop
Seat 4: nastja336 collected ($6.50)
Seat 5: Dshadow79 (button) folded before Flop (didn't bet)
Seat 6: pr0tecto (small blind) folded before Flop



PokerStars Hand #254760604628:  Hold'em No Limit ($0.50/$1.00 USD) - 2025/02/07 3:02:19 WET [2025/02/07 22:02:19 ET]
Table 'Euforbo II' 6-max Seat #6 is the button
Seat 1: An1an1 ($165.49 in chips) 
Seat 2: m0nTTu ($100 in chips) 
Seat 3: reeqar ($100 in chips) 
Seat 4: nastja336 ($104 in chips) 
Seat 5: Dshadow79 ($69.21 in chips) 
Seat 6: pr0tecto ($100 in chips) 
An1an1: posts small blind $0.50
m0nTTu: posts big blind $1
*** HOLE CARDS ***
reeqar: raises $1.50 to $2.50
nastja336: folds 
Dshadow79: calls $2.50
pr0tecto: folds 
An1an1: folds 
m0nTTu: calls $1.50
*** FLOP *** [2d As Th]
m0nTTu: checks 
reeqar: bets $2.51
Dshadow79: folds 
m0nTTu: calls $2.51
*** TURN *** [2d As Th] [4h]
m0nTTu: checks 
reeqar: checks 
*** RIVER *** [2d As Th 4h] [Ah]
m0nTTu: checks 
reeqar: checks 
*** SHOW DOWN ***
m0nTTu: shows [Ts Td] (a full house, Tens full of Aces)
reeqar: mucks hand 
m0nTTu collected $12.37 from pot
*** SUMMARY ***
Total pot $13.02 | Rake $0.65 
Board [2d As Th 4h Ah]
Seat 1: An1an1 (small blind) folded before Flop
Seat 2: m0nTTu (big blind) showed [Ts Td] and won ($12.37) with a full house, Tens full of Aces
Seat 3: reeqar mucked
Seat 4: nastja336 folded before Flop (didn't bet)
Seat 5: Dshadow79 folded on the Flop
Seat 6: pr0tecto (button) folded before Flop (didn't bet)



PokerStars Hand #254760615165:  Hold'em No Limit ($0.50/$1.00 USD) - 2025/02/07 3:03:27 WET [2025/02/07 22:03:27 ET]
Table 'Euforbo II' 6-max Seat #1 is the button
Seat 1: An1an1 ($164.99 in chips) 
Seat 2: m0nTTu ($107.36 in chips) 
Seat 3: reeqar ($100 in chips) 
Seat 4: nastja336 ($104 in chips) 
Seat 5: Dshadow79 ($66.71 in chips) 
Seat 6: pr0tecto ($100 in chips) 
m0nTTu: posts small blind $0.50
reeqar: posts big blind $1
*** HOLE CARDS ***
nastja336: folds 
Dshadow79: calls $1
pr0tecto: raises $3.50 to $4.50
An1an1: folds 
m0nTTu: folds 
reeqar: folds 
Dshadow79: calls $3.50
*** FLOP *** [Jd 5d 4h]
Dshadow79: checks 
pr0tecto: checks 
*** TURN *** [Jd 5d 4h] [As]
Dshadow79: checks 
pr0tecto: bets $5.09
Dshadow79: calls $5.09
*** RIVER *** [Jd 5d 4h As] [Ad]
Dshadow79: checks 
pr0tecto: bets $14.74
Dshadow79: raises $14.74 to $29.48
pr0tecto: calls $14.74
*** SHOW DOWN ***
Dshadow79: shows [2d Kd] (a flush, Ace high)
pr0tecto: mucks hand 
Dshadow79 collected $77.14 from pot
*** SUMMARY ***
Total pot $79.64 | Rake $2.50 
Board [Jd 5d 4h As Ad]
Seat 1: An1an1 (button) folded before Flop (didn't bet)
Seat 2: m0nTTu (small blind) folded before Flop
Seat 3: reeqar (big blind) folded before Flop
Seat 4: nastja336 folded before Flop (didn't bet)
Seat 5: Dshadow79 showed [2d Kd] and won ($77.14) with a flush, Ace high
Seat 6: pr0tecto mucked



PokerStars Hand #254760623451:  Hold'em No Limit ($0.50/$1.00 USD) - 2025/02/07 3:04:21 WET [2025/02/07 22:04:21 ET]
Table 'Euforbo II' 6-max Seat #2 is the button
Seat 1: An1an1 ($164.99 in chips) 
Seat 2: m0nTTu ($106.86 in chips) 
Seat 3: reeqar ($100 in chips) 
Seat 4: nastja336 ($104 in chips) 
Seat 5: Dshadow79 ($104.78 in chips) 
Seat 6: pr0tecto ($100 in chips) 
reeqar: posts small blind $0.50
nastja336: posts big blind $1
*** HOLE CARDS ***
Dshadow79: calls $1
pr0tecto: folds 
An1an1: folds 
m0nTTu: folds 
reeqar: folds 
nastja336: checks 
*** FLOP *** [7c 4h 7h]
nastja336: checks 
Dshadow79: bets $103.78 and is all-in
nastja336: folds 
Uncalled bet ($103.78) returned to Dshadow79
Dshadow79 collected $2.38 from pot
*** SUMMARY ***
Total pot $2.50 | Rake $0.12 
Board [7c 4h 7h]
Seat 1: An1an1 folded before Flop (didn't bet)
Seat 2: m0nTTu (button) folded before Flop (didn't bet)
Seat 3: reeqar (small blind) folded before Flop
Seat 4: nastja336 (big blind) folded on the Flop
Seat 5: Dshadow79 collected ($2.38)
Seat 6: pr0tecto folded before Flop (didn't bet)



PokerStars Hand #254760630859:  Hold'em No Limit ($0.50/$1.00 USD) - 2025/02/07 3:05:09 WET [2025/02/07 22:05:09 ET]
Table 'Euforbo II' 6-max Seat #3 is the button
Seat 1: An1an1 ($164.99 in chips) 
Seat 2: m0nTTu ($106.86 in chips) 
Seat 3: reeqar ($100 in chips) 
Seat 4: nastja336 ($103 in chips) 
Seat 5: Dshadow79 ($106.16 in chips) 
Seat 6: pr0tecto ($100 in chips) 
nastja336: posts small blind $0.50
Dshadow79: posts big blind $1
*** HOLE CARDS ***
pr0tecto: folds 
An1an1: folds 
m0nTTu: raises $1.50 to $2.50
reeqar: folds 
nastja336: folds 
Dshadow79: calls $1.50
*** FLOP *** [Ks Kh 4c]
Dshadow79: checks 
m0nTTu: checks 
*** TURN *** [Ks Kh 4c] [7s]
Dshadow79: bets $2
m0nTTu: calls $2
*** RIVER *** [Ks Kh 4c 7s] [7h]
Dshadow79: bets $4
m0nTTu: calls $4
*** SHOW DOWN ***
Dshadow79: shows [9d 7c] (a full house, Sevens full of Kings)
m0nTTu: mucks hand 
Dshadow79 collected $16.62 from pot
*** SUMMARY ***
Total pot $17.50 | Rake $0.88 
Board [Ks Kh 4c 7s 7h]
Seat 1: An1an1 folded before Flop (didn't bet)
Seat 2: m0nTTu mucked
Seat 3: reeqar (button) folded before Flop (didn't bet)
Seat 4: nastja336 (small blind) folded before Flop
Seat 5: Dshadow79 (big blind) showed [9d 7c] and won ($16.62) with a full house, Sevens full of Kings
Seat 6: pr0tecto folded before Flop (didn't bet)



PokerStars Hand #254760642052:  Hold'em No Limit ($0.50/$1.00 USD) - 2025/02/07 3:06:23 WET [2025/02/07 22:06:23 ET]
Table 'Euforbo II' 6-max Seat #4 is the button
Seat 1: An1an1 ($164.99 in chips) 
Seat 2: m0nTTu ($98.36 in chips) 
Seat 3: reeqar ($100 in chips) 
Seat 4: nastja336 ($102.50 in chips) 
Seat 5: Dshadow79 ($114.28 in chips) 
Seat 6: pr0tecto ($100 in chips) 
Dshadow79: posts small blind $0.50
pr0tecto: posts big blind $1
*** HOLE CARDS ***
An1an1: raises $1 to $2
m0nTTu: folds 
reeqar: folds 
nastja336: calls $2
Dshadow79: folds 
pr0tecto: folds 
*** FLOP *** [Ah Ts Kh]
An1an1: checks 
nastja336: checks 
*** TURN *** [Ah Ts Kh] [3d]
An1an1: bets $3.48
nastja336: calls $3.48
*** RIVER *** [Ah Ts Kh 3d] [8s]
An1an1: bets $17.76
nastja336: folds 
Uncalled bet ($17.76) returned to An1an1
An1an1 collected $11.84 from pot
An1an1: doesn't show hand 
*** SUMMARY ***
Total pot $12.46 | Rake $0.62 
Board [Ah Ts Kh 3d 8s]
Seat 1: An1an1 collected ($11.84)
Seat 2: m0nTTu folded before Flop (didn't bet)
Seat 3: reeqar folded before Flop (didn't bet)
Seat 4: nastja336 (button) folded on the River
Seat 5: Dshadow79 (small blind) folded before Flop
Seat 6: pr0tecto (big blind) folded before Flop



PokerStars Hand #254760650546:  Hold'em No Limit ($0.50/$1.00 USD) - 2025/02/07 3:07:21 WET [2025/02/07 22:07:21 ET]
Table 'Euforbo II' 6-max Seat #5 is the button
Seat 1: An1an1 ($171.35 in chips) 
Seat 2: m0nTTu ($98.36 in chips) 
Seat 3: reeqar ($100 in chips) 
Seat 4: nastja336 ($100 in chips) 
Seat 5: Dshadow79 ($113.78 in chips) 
Seat 6: pr0tecto ($99 in chips) 
pr0tecto: posts small blind $0.50
An1an1: posts big blind $1
*** HOLE CARDS ***
m0nTTu: raises $1.50 to $2.50
reeqar: folds 
nastja336: folds 
Dshadow79: folds 
pr0tecto: folds 
An1an1: folds 
Uncalled bet ($1.50) returned to m0nTTu
m0nTTu collected $2.50 from pot
m0nTTu: doesn't show hand 
*** SUMMARY ***
Total pot $2.50 | Rake $0 
Seat 1: An1an1 (big blind) folded before Flop
Seat 2: m0nTTu collected ($2.50)
Seat 3: reeqar folded before Flop (didn't bet)
Seat 4: nastja336 folded before Flop (didn't bet)
Seat 5: Dshadow79 (button) folded before Flop (didn't bet)
Seat 6: pr0tecto (small blind) folded before Flop



PokerStars Hand #254760654758:  Hold'em No Limit ($0.50/$1.00 USD) - 2025/02/07 3:07:49 WET [2025/02/07 22:07:49 ET]
Table 'Euforbo II' 6-max Seat #6 is the button
Seat 1: An1an1 ($170.35 in chips) 
Seat 2: m0nTTu ($99.86 in chips) 
Seat 3: reeqar ($100 in chips) 
Seat 4: nastja336 ($100 in chips) 
Seat 5: Dshadow79 ($113.78 in chips) 
Seat 6: pr0tecto ($100 in chips) 
An1an1: posts small blind $0.50
m0nTTu: posts big blind $1
*** HOLE CARDS ***
reeqar: raises $1.50 to $2.50
nastja336: folds 
Dshadow79: calls $2.50
pr0tecto: raises $8 to $10.50
An1an1: folds 
m0nTTu: folds 
reeqar: folds 
Dshadow79: folds 
Uncalled bet ($8) returned to pr0tecto
pr0tecto collected $9 from pot
pr0tecto: doesn't show hand 
*** SUMMARY ***
Total pot $9 | Rake $0 
Seat 1: An1an1 (small blind) folded before Flop
Seat 2: m0nTTu (big blind) folded before Flop
Seat 3: reeqar folded before Flop
Seat 4: nastja336 folded before Flop (didn't bet)
Seat 5: Dshadow79 folded before Flop
Seat 6: pr0tecto (button) collected ($9)



PokerStars Hand #254760658719:  Hold'em No Limit ($0.50/$1.00 USD) - 2025/02/07 3:08:16 WET [2025/02/07 22:08:16 ET]
Table 'Euforbo II' 6-max Seat #1 is the button
Seat 1: An1an1 ($169.85 in chips) 
Seat 2: m0nTTu ($98.86 in chips) 
Seat 3: reeqar ($100 in chips) 
Seat 4: nastja336 ($100 in chips) 
Seat 5: Dshadow79 ($111.28 in chips) 
Seat 6: pr0tecto ($106.50 in chips) 
m0nTTu: posts small blind $0.50
reeqar: posts big blind $1
*** HOLE CARDS ***
nastja336: folds 
Dshadow79: folds 
pr0tecto: folds 
An1an1: raises $1.50 to $2.50
m0nTTu: folds 
reeqar: folds 
Uncalled bet ($1.50) returned to An1an1
An1an1 collected $2.50 from pot
An1an1: doesn't show hand 
*** SUMMARY ***
Total pot $2.50 | Rake $0 
Seat 1: An1an1 (button) collected ($2.50)
Seat 2: m0nTTu (small blind) folded before Flop
Seat 3: reeqar (big blind) folded before Flop
Seat 4: nastja336 folded before Flop (didn't bet)
Seat 5: Dshadow79 folded before Flop (didn't bet)
Seat 6: pr0tecto folded before Flop (didn't bet)



PokerStars Hand #254760662533:  Hold'em No Limit ($0.50/$1.00 USD) - 2025/02/07 3:08:42 WET [2025/02/07 22:08:42 ET]
Table 'Euforbo II' 6-max Seat #2 is the button
Seat 1: An1an1 ($171.35 in chips) 
Seat 2: m0nTTu ($98.36 in chips) 
Seat 3: reeqar ($100 in chips) 
Seat 4: nastja336 ($100 in chips) 
Seat 5: Dshadow79 ($111.28 in chips) 
Seat 6: pr0tecto ($106.50 in chips) 
reeqar: posts small blind $0.50
nastja336: posts big blind $1
*** HOLE CARDS ***
Dshadow79: calls $1
pr0tecto: folds 
An1an1: folds 
m0nTTu: folds 
reeqar: folds 
nastja336: raises $3 to $4
Dshadow79: calls $3
*** FLOP *** [Qc Tc 9h]
nastja336: checks 
Dshadow79: checks 
*** TURN *** [Qc Tc 9h] [5d]
nastja336: checks 
Dshadow79: checks 
*** RIVER *** [Qc Tc 9h 5d] [Ts]
nastja336: checks 
Dshadow79: checks 
*** SHOW DOWN ***
nastja336: shows [8h Ac] (a pair of Tens)
Dshadow79: shows [4d Ah] (a pair of Tens)
nastja336 collected $4.04 from pot
Dshadow79 collected $4.04 from pot
*** SUMMARY ***
Total pot $8.50 | Rake $0.42 
Board [Qc Tc 9h 5d Ts]
Seat 1: An1an1 folded before Flop (didn't bet)
Seat 2: m0nTTu (button) folded before Flop (didn't bet)
Seat 3: reeqar (small blind) folded before Flop
Seat 4: nastja336 (big blind) showed [8h Ac] and won ($4.04) with a pair of Tens
Seat 5: Dshadow79 showed [4d Ah] and won ($4.04) with a pair of Tens
Seat 6: pr0tecto folded before Flop (didn't bet)



PokerStars Hand #254760667898:  Hold'em No Limit ($0.50/$1.00 USD) - 2025/02/07 3:09:19 WET [2025/02/07 22:09:19 ET]
Table 'Euforbo II' 6-max Seat #3 is the button
Seat 1: An1an1 ($171.35 in chips) 
Seat 2: m0nTTu ($98.36 in chips) 
Seat 3: reeqar ($100 in chips) 
Seat 4: nastja336 ($100.04 in chips) 
Seat 5: Dshadow79 ($111.32 in chips) 
Seat 6: pr0tecto ($106.50 in chips) 
nastja336: posts small blind $0.50
Dshadow79: posts big blind $1
*** HOLE CARDS ***
pr0tecto: folds 
An1an1: raises $1.50 to $2.50
m0nTTu: folds 
reeqar: folds 
nastja336: folds 
Dshadow79: calls $1.50
*** FLOP *** [9c 6h 2d]
Dshadow79: checks 
An1an1: bets $2.61
Dshadow79: raises $4.61 to $7.22
An1an1: calls $4.61
*** TURN *** [9c 6h 2d] [Jh]
Dshadow79: bets $9.47
An1an1: calls $9.47
*** RIVER *** [9c 6h 2d Jh] [Qh]
Dshadow79: bets $18.47
An1an1: calls $18.47
*** SHOW DOWN ***
Dshadow79: shows [6s 2s] (two pair, Sixes and Deuces)
An1an1: mucks hand 
Dshadow79 collected $73.32 from pot
*** SUMMARY ***
Total pot $75.82 | Rake $2.50 
Board [9c 6h 2d Jh Qh]
Seat 1: An1an1 mucked
Seat 2: m0nTTu folded before Flop (didn't bet)
Seat 3: reeqar (button) folded before Flop (didn't bet)
Seat 4: nastja336 (small blind) folded before Flop
Seat 5: Dshadow79 (big blind) showed [6s 2s] and won ($73.32) with two pair, Sixes and Deuces
Seat 6: pr0tecto folded before Flop (didn't bet)



PokerStars Hand #254760681348:  Hold'em No Limit ($0.50/$1.00 USD) - 2025/02/07 3:10:51 WET [2025/02/07 22:10:51 ET]
Table 'Euforbo II' 6-max Seat #4 is the button
Seat 1: An1an1 ($133.69 in chips) 
Seat 2: m0nTTu ($98.36 in chips) 
Seat 3: reeqar ($100 in chips) 
Seat 4: nastja336 ($100 in chips) 
Seat 5: Dshadow79 ($146.98 in chips) 
Seat 6: pr0tecto ($106.50 in chips) 
Dshadow79: posts small blind $0.50
pr0tecto: posts big blind $1
*** HOLE CARDS ***
An1an1: folds 
m0nTTu: folds 
reeqar: raises $1.50 to $2.50
nastja336: raises $5 to $7.50
Dshadow79: calls $7
pr0tecto: folds 
reeqar: folds 
*** FLOP *** [4s 4c Ah]
Dshadow79: checks 
nastja336: bets $8.79
Dshadow79: folds [Kd Kh]
Uncalled bet ($8.79) returned to nastja336
nastja336 collected $17.58 from pot
nastja336: doesn't show hand 
*** SUMMARY ***
Total pot $18.50 | Rake $0.92 
Board [4s 4c Ah]
Seat 1: An1an1 folded before Flop (didn't bet)
Seat 2: m0nTTu folded before Flop (didn't bet)
Seat 3: reeqar folded before Flop
Seat 4: nastja336 (button) collected ($17.58)
Seat 5: Dshadow79 (small blind) folded on the Flop
Seat 6: pr0tecto (big blind) folded before Flop



PokerStars Hand #254760686536:  Hold'em No Limit ($0.50/$1.00 USD) - 2025/02/07 3:11:27 WET [2025/02/07 22:11:27 ET]
Table 'Euforbo II' 6-max Seat #5 is the button
Seat 1: An1an1 ($133.69 in chips) 
Seat 2: m0nTTu ($98.36 in chips) 
Seat 3: reeqar ($100 in chips) 
Seat 4: nastja336 ($110.08 in chips) 
Seat 5: Dshadow79 ($139.48 in chips) 
Seat 6: pr0tecto ($105.50 in chips) 
pr0tecto: posts small blind $0.50
An1an1: posts big blind $1
*** HOLE CARDS ***
m0nTTu: folds 
reeqar: raises $1.50 to $2.50
nastja336: folds 
Dshadow79: calls $2.50
pr0tecto: folds 
An1an1: folds 
*** FLOP *** [7d 5s 3s]
reeqar: checks 
Dshadow79: bets $2
reeqar: raises $8.39 to $10.39
Dshadow79: folds 
Uncalled bet ($8.39) returned to reeqar
reeqar collected $9.98 from pot
reeqar: doesn't show hand 
*** SUMMARY ***
Total pot $10.50 | Rake $0.52 
Board [7d 5s 3s]
Seat 1: An1an1 (big blind) folded before Flop
Seat 2: m0nTTu folded before Flop (didn't bet)
Seat 3: reeqar collected ($9.98)
Seat 4: nastja336 folded before Flop (didn't bet)
Seat 5: Dshadow79 (button) folded on the Flop
Seat 6: pr0tecto (small blind) folded before Flop



PokerStars Hand #254760693115:  Hold'em No Limit ($0.50/$1.00 USD) - 2025/02/07 3:12:13 WET [2025/02/07 22:12:13 ET]
Table 'Euforbo II' 6-max Seat #6 is the button
Seat 1: An1an1 ($132.69 in chips) 
Seat 2: m0nTTu ($98.36 in chips) 
Seat 3: reeqar ($105.48 in chips) 
Seat 4: nastja336 ($110.08 in chips) 
Seat 5: Dshadow79 ($134.98 in chips) 
Seat 6: pr0tecto ($105 in chips) 
An1an1: posts small blind $0.50
m0nTTu: posts big blind $1
*** HOLE CARDS ***
reeqar: raises $1.50 to $2.50
nastja336: folds 
Dshadow79: folds 
pr0tecto: folds 
An1an1: folds 
m0nTTu: folds 
Uncalled bet ($1.50) returned to reeqar
reeqar collected $2.50 from pot
reeqar: doesn't show hand 
*** SUMMARY ***
Total pot $2.50 | Rake $0 
Seat 1: An1an1 (small blind) folded before Flop
Seat 2: m0nTTu (big blind) folded before Flop
Seat 3: reeqar collected ($2.50)
Seat 4: nastja336 folded before Flop (didn't bet)
Seat 5: Dshadow79 folded before Flop (didn't bet)
Seat 6: pr0tecto (button) folded before Flop (didn't bet)



PokerStars Hand #254760697519:  Hold'em No Limit ($0.50/$1.00 USD) - 2025/02/07 3:12:44 WET [2025/02/07 22:12:44 ET]
Table 'Euforbo II' 6-max Seat #1 is the button
Seat 1: An1an1 ($132.19 in chips) 
Seat 2: m0nTTu ($97.36 in chips) 
Seat 3: reeqar ($106.98 in chips) 
Seat 4: nastja336 ($110.08 in chips) 
Seat 5: Dshadow79 ($134.98 in chips) 
Seat 6: pr0tecto ($105 in chips) 
m0nTTu: posts small blind $0.50
reeqar: posts big blind $1
*** HOLE CARDS ***
nastja336: folds 
Dshadow79: folds 
pr0tecto: folds 
An1an1: raises $1.50 to $2.50
m0nTTu: folds 
reeqar: calls $1.50
*** FLOP *** [4h 6s 8d]
Dshadow79 leaves the table
reeqar: checks 
nastja336 leaves the table
An1an1: checks 
*** TURN *** [4h 6s 8d] [3c]
Seavus10 joins the table at seat #4 
reeqar: checks 
An1an1: checks 
*** RIVER *** [4h 6s 8d 3c] [Ts]
Seavus10 leaves the table
reeqar: checks 
2g2betrue joins the table at seat #4 
An1an1: checks 
*** SHOW DOWN ***
reeqar: shows [As 2s] (high card Ace)
An1an1: shows [Jd Ah] (high card Ace - Jack kicker)
An1an1 collected $5.22 from pot
*** SUMMARY ***
Total pot $5.50 | Rake $0.28 
Board [4h 6s 8d 3c Ts]
Seat 1: An1an1 (button) showed [Jd Ah] and won ($5.22) with high card Ace
Seat 2: m0nTTu (small blind) folded before Flop
Seat 3: reeqar (big blind) showed [As 2s] and lost with high card Ace
Seat 4: nastja336 folded before Flop (didn't bet)
Seat 5: Dshadow79 folded before Flop (didn't bet)
Seat 6: pr0tecto folded before Flop (didn't bet)



PokerStars Hand #254760706622:  Hold'em No Limit ($0.50/$1.00 USD) - 2025/02/07 3:13:47 WET [2025/02/07 22:13:47 ET]
Table 'Euforbo II' 6-max Seat #2 is the button
Seat 1: An1an1 ($134.91 in chips) 
Seat 2: m0nTTu ($100 in chips) 
Seat 3: reeqar ($104.48 in chips) 
Seat 4: 2g2betrue ($26.24 in chips) 
Seat 6: pr0tecto ($105 in chips) 
reeqar: posts small blind $0.50
2g2betrue: posts big blind $1
*** HOLE CARDS ***
pr0tecto: folds 
nastja336 joins the table at seat #5 
An1an1: raises $1.50 to $2.50
m0nTTu: folds 
reeqar: folds 
2g2betrue: calls $1.50
*** FLOP *** [Ac Qd As]
2g2betrue: checks 
An1an1: bets $1.25
2g2betrue: folds 
Uncalled bet ($1.25) returned to An1an1
An1an1 collected $5.22 from pot
An1an1: doesn't show hand 
*** SUMMARY ***
Total pot $5.50 | Rake $0.28 
Board [Ac Qd As]
Seat 1: An1an1 collected ($5.22)
Seat 2: m0nTTu (button) folded before Flop (didn't bet)
Seat 3: reeqar (small blind) folded before Flop
Seat 4: 2g2betrue (big blind) folded on the Flop
Seat 6: pr0tecto folded before Flop (didn't bet)



PokerStars Hand #254760711714:  Hold'em No Limit ($0.50/$1.00 USD) - 2025/02/07 3:14:23 WET [2025/02/07 22:14:23 ET]
Table 'Euforbo II' 6-max Seat #3 is the button
Seat 1: An1an1 ($137.63 in chips) 
Seat 2: m0nTTu ($100 in chips) 
Seat 3: reeqar ($103.98 in chips) 
Seat 4: 2g2betrue ($23.74 in chips) 
Seat 5: nastja336 ($110.08 in chips) 
Seat 6: pr0tecto ($105 in chips) 
2g2betrue: posts small blind $0.50
nastja336: posts big blind $1
*** HOLE CARDS ***
pr0tecto: folds 
An1an1: folds 
m0nTTu: raises $1.50 to $2.50
reeqar: folds 
2g2betrue: raises $21.24 to $23.74 and is all-in
nastja336: folds 
m0nTTu: calls $21.24
*** FLOP *** [3c 4d Kh]
*** TURN *** [3c 4d Kh] [Qs]
*** RIVER *** [3c 4d Kh Qs] [Qd]
*** SHOW DOWN ***
2g2betrue: shows [7c 7s] (two pair, Queens and Sevens)
m0nTTu: shows [Tc Ac] (a pair of Queens)
2g2betrue collected $46.06 from pot
*** SUMMARY ***
Total pot $48.48 | Rake $2.42 
Board [3c 4d Kh Qs Qd]
Seat 1: An1an1 folded before Flop (didn't bet)
Seat 2: m0nTTu showed [Tc Ac] and lost with a pair of Queens
Seat 3: reeqar (button) folded before Flop (didn't bet)
Seat 4: 2g2betrue (small blind) showed [7c 7s] and won ($46.06) with two pair, Queens and Sevens
Seat 5: nastja336 (big blind) folded before Flop
Seat 6: pr0tecto folded before Flop (didn't bet)



PokerStars Hand #254760716451:  Hold'em No Limit ($0.50/$1.00 USD) - 2025/02/07 3:14:57 WET [2025/02/07 22:14:57 ET]
Table 'Euforbo II' 6-max Seat #5 is the button
Seat 1: An1an1 ($137.63 in chips) is sitting out
Seat 2: m0nTTu ($76.26 in chips) is sitting out
Seat 3: reeqar ($103.98 in chips) is sitting out
Seat 6: pr0tecto ($105 in chips) is sitting out
Seat 4: 2g2betrue ($46.06 in chips) 
Seat 5: nastja336 ($109.08 in chips) 
nastja336: posts small blind $0.50
pr0tecto: is sitting out 
An1an1: is sitting out 
m0nTTu: is sitting out 
reeqar: is sitting out 
2g2betrue: posts big blind $1
*** HOLE CARDS ***
An1an1 leaves the table
pr0tecto leaves the table
m0nTTu leaves the table
nastja336: folds 
Uncalled bet ($0.50) returned to 2g2betrue
2g2betrue collected $1 from pot
2g2betrue: doesn't show hand 
*** SUMMARY ***
Total pot $1 | Rake $0 
Seat 1: An1an1
Seat 2: m0nTTu
Seat 3: reeqar
Seat 6: pr0tecto
Seat 4: 2g2betrue (big blind) collected ($1)
Seat 5: nastja336 (button) (small blind) folded before Flop



PokerStars Hand #254760760058:  Hold'em No Limit ($0.50/$1.00 USD) - 2025/02/07 3:20:04 WET [2025/02/07 22:20:04 ET]
Table 'Euforbo II' 6-max Seat #6 is the button
Seat 2: ivan77769 ($12.42 in chips) 
Seat 3: nastja336 ($108.58 in chips) 
Seat 4: m0nTTu ($76.26 in chips) 
Seat 5: Rysiff ($100 in chips) 
Seat 6: vezis3 ($100 in chips) 
ivan77769: posts small blind $0.50
nastja336: posts big blind $1
*** HOLE CARDS ***
m0nTTu: folds 
Rysiff: raises $1.50 to $2.50
XneferX joins the table at seat #1 
vezis3: calls $2.50
ivan77769: folds 
nastja336: folds 
*** FLOP *** [Kh 7h 4c]
Rysiff: bets $2.04
vezis3: calls $2.04
*** TURN *** [Kh 7h 4c] [Qd]
Rysiff: checks 
vezis3: checks 
*** RIVER *** [Kh 7h 4c Qd] [8c]
Rysiff: bets $8.04
vezis3: folds 
Uncalled bet ($8.04) returned to Rysiff
Rysiff collected $10.05 from pot
Rysiff: doesn't show hand 
*** SUMMARY ***
Total pot $10.58 | Rake $0.53 
Board [Kh 7h 4c Qd 8c]
Seat 2: ivan77769 (small blind) folded before Flop
Seat 3: nastja336 (big blind) folded before Flop
Seat 4: m0nTTu folded before Flop (didn't bet)
Seat 5: Rysiff collected ($10.05)
Seat 6: vezis3 (button) folded on the River



PokerStars Hand #254760767661:  Hold'em No Limit ($0.50/$1.00 USD) - 2025/02/07 3:20:58 WET [2025/02/07 22:20:58 ET]
Table 'Euforbo II' 6-max Seat #2 is the button
Seat 1: XneferX ($100 in chips) is sitting out
Seat 2: ivan77769 ($11.92 in chips) 
Seat 3: nastja336 ($107.58 in chips) 
Seat 4: m0nTTu ($76.26 in chips) 
Seat 5: Rysiff ($105.51 in chips) 
Seat 6: vezis3 ($100 in chips) 
nastja336: posts small blind $0.50
m0nTTu: posts big blind $1
XneferX: sits out 
*** HOLE CARDS ***
Rysiff: folds 
vezis3: folds 
ivan77769: raises $1 to $2
nastja336: folds 
m0nTTu: folds 
Uncalled bet ($1) returned to ivan77769
ivan77769 collected $2.50 from pot
*** SUMMARY ***
Total pot $2.50 | Rake $0 
Seat 1: XneferX
Seat 2: ivan77769 (button) collected ($2.50)
Seat 3: nastja336 (small blind) folded before Flop
Seat 4: m0nTTu (big blind) folded before Flop
Seat 5: Rysiff folded before Flop (didn't bet)
Seat 6: vezis3 folded before Flop (didn't bet)



PokerStars Hand #254760770769:  Hold'em No Limit ($0.50/$1.00 USD) - 2025/02/07 3:21:20 WET [2025/02/07 22:21:20 ET]
Table 'Euforbo II' 6-max Seat #3 is the button
Seat 1: XneferX ($100 in chips) is sitting out
Seat 2: ivan77769 ($13.42 in chips) 
Seat 3: nastja336 ($107.08 in chips) 
Seat 4: m0nTTu ($75.26 in chips) 
Seat 5: Rysiff ($105.51 in chips) 
Seat 6: vezis3 ($100 in chips) 
m0nTTu: posts small blind $0.50
Rysiff: posts big blind $1
XneferX: sits out 
*** HOLE CARDS ***
vezis3: folds 
ivan77769: calls $1
nastja336: calls $1
m0nTTu: raises $6 to $7
Rysiff: folds 
ivan77769: folds 
nastja336: folds 
Uncalled bet ($6) returned to m0nTTu
m0nTTu collected $4 from pot
m0nTTu: doesn't show hand 
*** SUMMARY ***
Total pot $4 | Rake $0 
Seat 1: XneferX
Seat 2: ivan77769 folded before Flop
Seat 3: nastja336 (button) folded before Flop
Seat 4: m0nTTu (small blind) collected ($4)
Seat 5: Rysiff (big blind) folded before Flop
Seat 6: vezis3 folded before Flop (didn't bet)



PokerStars Hand #254760773969:  Hold'em No Limit ($0.50/$1.00 USD) - 2025/02/07 3:21:43 WET [2025/02/07 22:21:43 ET]
Table 'Euforbo II' 6-max Seat #4 is the button
Seat 1: XneferX ($100 in chips) is sitting out
Seat 2: ivan77769 ($12.42 in chips) 
Seat 3: nastja336 ($106.08 in chips) 
Seat 4: m0nTTu ($78.26 in chips) 
Seat 5: Rysiff ($104.51 in chips) 
Seat 6: vezis3 ($100 in chips) 
Rysiff: posts small blind $0.50
vezis3: posts big blind $1
XneferX: sits out 
*** HOLE CARDS ***
ivan77769: calls $1
nastja336: folds 
m0nTTu: folds 
Rysiff: folds 
vezis3: checks 
*** FLOP *** [8c Jh 4h]
vezis3: checks 
ivan77769: bets $1
vezis3: calls $1
*** TURN *** [8c Jh 4h] [Kc]
vezis3: checks 
ivan77769: bets $1
vezis3: folds 
Uncalled bet ($1) returned to ivan77769
ivan77769 collected $4.28 from pot
*** SUMMARY ***
Total pot $4.50 | Rake $0.22 
Board [8c Jh 4h Kc]
Seat 1: XneferX
Seat 2: ivan77769 collected ($4.28)
Seat 3: nastja336 folded before Flop (didn't bet)
Seat 4: m0nTTu (button) folded before Flop (didn't bet)
Seat 5: Rysiff (small blind) folded before Flop
Seat 6: vezis3 (big blind) folded on the Turn



PokerStars Hand #254760778150:  Hold'em No Limit ($0.50/$1.00 USD) - 2025/02/07 3:22:13 WET [2025/02/07 22:22:13 ET]
Table 'Euforbo II' 6-max Seat #5 is the button
Seat 1: XneferX ($100 in chips) 
Seat 2: ivan77769 ($14.70 in chips) 
Seat 3: nastja336 ($106.08 in chips) 
Seat 4: m0nTTu ($78.26 in chips) 
Seat 5: Rysiff ($104.01 in chips) 
Seat 6: vezis3 ($100 in chips) 
vezis3: posts small blind $0.50
XneferX: posts big blind $1
*** HOLE CARDS ***
ivan77769: calls $1
nastja336: folds 
m0nTTu: folds 
Rysiff: folds 
vezis3: folds 
XneferX: checks 
*** FLOP *** [Js Kh 2h]
XneferX: checks 
ivan77769: bets $1
XneferX: folds 
Uncalled bet ($1) returned to ivan77769
ivan77769 collected $2.38 from pot
*** SUMMARY ***
Total pot $2.50 | Rake $0.12 
Board [Js Kh 2h]
Seat 1: XneferX (big blind) folded on the Flop
Seat 2: ivan77769 collected ($2.38)
Seat 3: nastja336 folded before Flop (didn't bet)
Seat 4: m0nTTu folded before Flop (didn't bet)
Seat 5: Rysiff (button) folded before Flop (didn't bet)
Seat 6: vezis3 (small blind) folded before Flop



PokerStars Hand #254760782262:  Hold'em No Limit ($0.50/$1.00 USD) - 2025/02/07 3:22:42 WET [2025/02/07 22:22:42 ET]
Table 'Euforbo II' 6-max Seat #6 is the button
Seat 1: XneferX ($100 in chips) 
Seat 2: ivan77769 ($16.08 in chips) 
Seat 3: nastja336 ($106.08 in chips) 
Seat 4: m0nTTu ($78.26 in chips) 
Seat 5: Rysiff ($104.01 in chips) 
Seat 6: vezis3 ($100 in chips) 
XneferX: posts small blind $0.50
ivan77769: posts big blind $1
*** HOLE CARDS ***
nastja336: folds 
m0nTTu: folds 
Rysiff: folds 
vezis3: folds 
XneferX: folds 
Uncalled bet ($0.50) returned to ivan77769
ivan77769 collected $1 from pot
*** SUMMARY ***
Total pot $1 | Rake $0 
Seat 1: XneferX (small blind) folded before Flop
Seat 2: ivan77769 (big blind) collected ($1)
Seat 3: nastja336 folded before Flop (didn't bet)
Seat 4: m0nTTu folded before Flop (didn't bet)
Seat 5: Rysiff folded before Flop (didn't bet)
Seat 6: vezis3 (button) folded before Flop (didn't bet)



PokerStars Hand #254760784627:  Hold'em No Limit ($0.50/$1.00 USD) - 2025/02/07 3:22:59 WET [2025/02/07 22:22:59 ET]
Table 'Euforbo II' 6-max Seat #1 is the button
Seat 1: XneferX ($100 in chips) 
Seat 2: ivan77769 ($16.58 in chips) 
Seat 3: nastja336 ($106.08 in chips) 
Seat 4: m0nTTu ($78.26 in chips) 
Seat 5: Rysiff ($104.01 in chips) 
Seat 6: vezis3 ($100 in chips) 
ivan77769: posts small blind $0.50
nastja336: posts big blind $1
*** HOLE CARDS ***
m0nTTu: folds 
Rysiff: folds 
vezis3: folds 
XneferX: raises $1.77 to $2.77
ivan77769: folds 
nastja336: calls $1.77
*** FLOP *** [Jh 8c Kh]
nastja336: checks 
XneferX: checks 
*** TURN *** [Jh 8c Kh] [5d]
nastja336: bets $2.87
XneferX: calls $2.87
*** RIVER *** [Jh 8c Kh 5d] [7c]
nastja336: checks 
XneferX: bets $3.80
nastja336: folds 
Uncalled bet ($3.80) returned to XneferX
XneferX collected $11.19 from pot
XneferX: doesn't show hand 
*** SUMMARY ***
Total pot $11.78 | Rake $0.59 
Board [Jh 8c Kh 5d 7c]
Seat 1: XneferX (button) collected ($11.19)
Seat 2: ivan77769 (small blind) folded before Flop
Seat 3: nastja336 (big blind) folded on the River
Seat 4: m0nTTu folded before Flop (didn't bet)
Seat 5: Rysiff folded before Flop (didn't bet)
Seat 6: vezis3 folded before Flop (didn't bet)



PokerStars Hand #254760796113:  Hold'em No Limit ($0.50/$1.00 USD) - 2025/02/07 3:24:20 WET [2025/02/07 22:24:20 ET]
Table 'Euforbo II' 6-max Seat #2 is the button
Seat 4: m0nTTu ($78.26 in chips) is sitting out
Seat 1: XneferX ($105.55 in chips) 
Seat 2: ivan77769 ($16.08 in chips) 
Seat 3: nastja336 ($100.44 in chips) 
Seat 5: Rysiff ($104.01 in chips) 
Seat 6: vezis3 ($100 in chips) 
nastja336: posts small blind $0.50
m0nTTu: is sitting out 
Rysiff: posts big blind $1
*** HOLE CARDS ***
vezis3: raises $1 to $2
m0nTTu leaves the table
XneferX: folds 
ivan77769: calls $2
nastja336: raises $12 to $14
Rysiff: folds 
vezis3: folds 
ivan77769: folds 
Uncalled bet ($12) returned to nastja336
nastja336 collected $7 from pot
nastja336: doesn't show hand 
*** SUMMARY ***
Total pot $7 | Rake $0 
Seat 4: m0nTTu
Seat 1: XneferX folded before Flop (didn't bet)
Seat 2: ivan77769 (button) folded before Flop
Seat 3: nastja336 (small blind) collected ($7)
Seat 5: Rysiff (big blind) folded before Flop
Seat 6: vezis3 folded before Flop



PokerStars Hand #254760799843:  Hold'em No Limit ($0.50/$1.00 USD) - 2025/02/07 3:24:46 WET [2025/02/07 22:24:46 ET]
Table 'Euforbo II' 6-max Seat #3 is the button
Seat 1: XneferX ($105.55 in chips) 
Seat 2: ivan77769 ($14.08 in chips) 
Seat 3: nastja336 ($105.44 in chips) 
Seat 5: Rysiff ($103.01 in chips) 
Seat 6: vezis3 ($100 in chips) 
Rysiff: posts small blind $0.50
vezis3: posts big blind $1
*** HOLE CARDS ***
XneferX: folds 
ivan77769: calls $1
nastja336: folds 
Rysiff: calls $0.50
vezis3: checks 
*** FLOP *** [5s Jd 5d]
B1GBankroll joins the table at seat #4 
Rysiff: checks 
vezis3: checks 
ivan77769: bets $2
Rysiff: folds 
vezis3: calls $2
*** TURN *** [5s Jd 5d] [Jh]
vezis3: checks 
ivan77769: bets $6.65
vezis3: raises $6.65 to $13.30
ivan77769: folds 
Uncalled bet ($6.65) returned to vezis3
vezis3 collected $19.28 from pot
vezis3: doesn't show hand 
*** SUMMARY ***
Total pot $20.30 | Rake $1.02 
Board [5s Jd 5d Jh]
Seat 1: XneferX folded before Flop (didn't bet)
Seat 2: ivan77769 folded on the Turn
Seat 3: nastja336 (button) folded before Flop (didn't bet)
Seat 5: Rysiff (small blind) folded on the Flop
Seat 6: vezis3 (big blind) collected ($19.28)



PokerStars Hand #254760806517:  Hold'em No Limit ($0.50/$1.00 USD) - 2025/02/07 3:25:34 WET [2025/02/07 22:25:34 ET]
Table 'Euforbo II' 6-max Seat #5 is the button
Seat 4: B1GBankroll ($100 in chips) is sitting out
Seat 1: XneferX ($105.55 in chips) 
Seat 2: ivan77769 ($4.43 in chips) 
Seat 3: nastja336 ($105.44 in chips) 
Seat 5: Rysiff ($102.01 in chips) 
Seat 6: vezis3 ($109.63 in chips) 
vezis3: posts small blind $0.50
XneferX: posts big blind $1
B1GBankroll: sits out 
*** HOLE CARDS ***
ivan77769: calls $1
nastja336: folds 
Rysiff: folds 
vezis3: folds 
XneferX: checks 
*** FLOP *** [5c 6d 2c]
XneferX: checks 
ivan77769: checks 
*** TURN *** [5c 6d 2c] [6h]
XneferX: bets $3.62
ivan77769: folds 
Uncalled bet ($3.62) returned to XneferX
XneferX collected $2.38 from pot
XneferX: doesn't show hand 
*** SUMMARY ***
Total pot $2.50 | Rake $0.12 
Board [5c 6d 2c 6h]
Seat 4: B1GBankroll
Seat 1: XneferX (big blind) collected ($2.38)
Seat 2: ivan77769 folded on the Turn
Seat 3: nastja336 folded before Flop (didn't bet)
Seat 5: Rysiff (button) folded before Flop (didn't bet)
Seat 6: vezis3 (small blind) folded before Flop



PokerStars Hand #254760810214:  Hold'em No Limit ($0.50/$1.00 USD) - 2025/02/07 3:26:00 WET [2025/02/07 22:26:00 ET]
Table 'Euforbo II' 6-max Seat #6 is the button
Seat 4: B1GBankroll ($100 in chips) is sitting out
Seat 1: XneferX ($106.93 in chips) 
Seat 2: ivan77769 ($3.43 in chips) 
Seat 3: nastja336 ($105.44 in chips) 
Seat 5: Rysiff ($102.01 in chips) 
Seat 6: vezis3 ($109.13 in chips) 
XneferX: posts small blind $0.50
ivan77769: posts big blind $1
B1GBankroll: sits out 
*** HOLE CARDS ***
nastja336: folds 
Rysiff: raises $1.50 to $2.50
vezis3: folds 
XneferX: folds 
ivan77769: raises $0.93 to $3.43 and is all-in
Rysiff: calls $0.93
*** FLOP *** [Jd 9s 6c]
*** TURN *** [Jd 9s 6c] [Th]
*** RIVER *** [Jd 9s 6c Th] [5c]
*** SHOW DOWN ***
ivan77769: shows [8h Kc] (high card King)
Rysiff: shows [Ac Ad] (a pair of Aces)
Rysiff collected $6.99 from pot
*** SUMMARY ***
Total pot $7.36 | Rake $0.37 
Board [Jd 9s 6c Th 5c]
Seat 4: B1GBankroll
Seat 1: XneferX (small blind) folded before Flop
Seat 2: ivan77769 (big blind) showed [8h Kc] and lost with high card King
Seat 3: nastja336 folded before Flop (didn't bet)
Seat 5: Rysiff showed [Ac Ad] and won ($6.99) with a pair of Aces
Seat 6: vezis3 (button) folded before Flop (didn't bet)



PokerStars Hand #254760814021:  Hold'em No Limit ($0.50/$1.00 USD) - 2025/02/07 3:26:27 WET [2025/02/07 22:26:27 ET]
Table 'Euforbo II' 6-max Seat #1 is the button
Seat 2: ivan77769 ($0 in chips) is sitting out
Seat 1: XneferX ($106.43 in chips) 
Seat 3: nastja336 ($105.44 in chips) 
Seat 4: B1GBankroll ($100 in chips) 
Seat 5: Rysiff ($105.57 in chips) 
Seat 6: vezis3 ($109.13 in chips) 
nastja336: posts small blind $0.50
B1GBankroll: posts big blind $1
*** HOLE CARDS ***
Rysiff: raises $1.50 to $2.50
ivan77769 is disconnected 
vezis3: folds 
XneferX: folds 
nastja336: folds 
B1GBankroll: folds 
Uncalled bet ($1.50) returned to Rysiff
Rysiff collected $2.50 from pot
Rysiff: doesn't show hand 
*** SUMMARY ***
Total pot $2.50 | Rake $0 
Seat 2: ivan77769
Seat 1: XneferX (button) folded before Flop (didn't bet)
Seat 3: nastja336 (small blind) folded before Flop
Seat 4: B1GBankroll (big blind) folded before Flop
Seat 5: Rysiff collected ($2.50)
Seat 6: vezis3 folded before Flop (didn't bet)



PokerStars Hand #254760815913:  Hold'em No Limit ($0.50/$1.00 USD) - 2025/02/07 3:26:41 WET [2025/02/07 22:26:41 ET]
Table 'Euforbo II' 6-max Seat #3 is the button
Seat 2: ivan77769 ($0 in chips) is sitting out
Seat 5: Rysiff ($107.07 in chips) is sitting out
Seat 1: XneferX ($106.43 in chips) 
Seat 3: nastja336 ($104.94 in chips) 
Seat 4: B1GBankroll ($100 in chips) 
Seat 6: vezis3 ($109.13 in chips) 
B1GBankroll: posts small blind $0.50
Rysiff: is sitting out 
vezis3: posts big blind $1
*** HOLE CARDS ***
Rysiff leaves the table
XneferX: folds 
nastja336: folds 
nastja336 leaves the table
B1GBankroll: raises $2 to $3
vezis3: folds 
Uncalled bet ($2) returned to B1GBankroll
B1GBankroll collected $2 from pot
B1GBankroll: doesn't show hand 
*** SUMMARY ***
Total pot $2 | Rake $0 
Seat 2: ivan77769
Seat 5: Rysiff
Seat 1: XneferX folded before Flop (didn't bet)
Seat 3: nastja336 (button) folded before Flop (didn't bet)
Seat 4: B1GBankroll (small blind) collected ($2)
Seat 6: vezis3 (big blind) folded before Flop



PokerStars Hand #254760818229:  Hold'em No Limit ($0.50/$1.00 USD) - 2025/02/07 3:26:57 WET [2025/02/07 22:26:57 ET]
Table 'Euforbo II' 6-max Seat #4 is the button
Seat 2: ivan77769 ($0 in chips) is sitting out
Seat 1: XneferX ($106.43 in chips) 
Seat 4: B1GBankroll ($101 in chips) 
Seat 6: vezis3 ($108.13 in chips) 
vezis3: posts small blind $0.50
XneferX: posts big blind $1
*** HOLE CARDS ***
B1GBankroll: folds 
vezis3: raises $2 to $3
XneferX: folds 
Uncalled bet ($2) returned to vezis3
vezis3 collected $2 from pot
vezis3: doesn't show hand 
*** SUMMARY ***
Total pot $2 | Rake $0 
Seat 2: ivan77769
Seat 1: XneferX (big blind) folded before Flop
Seat 4: B1GBankroll (button) folded before Flop (didn't bet)
Seat 6: vezis3 (small blind) collected ($2)



