PokerStars Hand #254756279679:  Hold'em No Limit ($0.50/$1.00 USD) - 2025/02/07 21:45:19 WET [2025/02/07 16:45:19 ET]
Table 'Tama' 6-max Seat #3 is the button
Seat 6: nikalas22 ($100 in chips) is sitting out
Seat 1: ImaPeppaPig ($100 in chips) 
Seat 2: HOUGHY2024 ($40.64 in chips) 
Seat 3: SorinS28 ($100 in chips) 
Seat 4: tukeiron ($100 in chips) 
Seat 5: vadjkeee ($103.90 in chips) 
tukeiron: posts small blind $0.50
vadjkeee: posts big blind $1
nikalas22: sits out 
*** HOLE CARDS ***
ImaPeppaPig: folds 
HOUGHY2024: raises $2 to $3
SorinS28: folds 
tukeiron: folds 
vadjkeee: raises $9 to $12
HOUGHY2024: raises $28.64 to $40.64 and is all-in
vadjkeee: calls $28.64
*** FLOP *** [5h Jc 2c]
*** TURN *** [5h Jc 2c] [Js]
*** RIVER *** [5h Jc 2c Js] [Qd]
*** SHOW DOWN ***
vadjkeee: shows [Kd Ac] (a pair of Jacks)
HOUGHY2024: shows [Qs Kc] (two pair, Queens and Jacks)
HOUGHY2024 collected $79.28 from pot
*** SUMMARY ***
Total pot $81.78 | Rake $2.50 
Board [5h Jc 2c Js Qd]
Seat 6: nikalas22
Seat 1: ImaPeppaPig folded before Flop (didn't bet)
Seat 2: HOUGHY2024 showed [Qs Kc] and won ($79.28) with two pair, Queens and Jacks
Seat 3: SorinS28 (button) folded before Flop (didn't bet)
Seat 4: tukeiron (small blind) folded before Flop
Seat 5: vadjkeee (big blind) showed [Kd Ac] and lost with a pair of Jacks



PokerStars Hand #254756289873:  Hold'em No Limit ($0.50/$1.00 USD) - 2025/02/07 21:45:52 WET [2025/02/07 16:45:52 ET]
Table 'Tama' 6-max Seat #4 is the button
Seat 1: ImaPeppaPig ($100 in chips) 
Seat 2: HOUGHY2024 ($79.28 in chips) 
Seat 3: SorinS28 ($100 in chips) 
Seat 4: tukeiron ($100 in chips) 
Seat 5: vadjkeee ($100 in chips) 
Seat 6: nikalas22 ($100 in chips) 
vadjkeee: posts small blind $0.50
nikalas22: posts big blind $1
*** HOLE CARDS ***
ImaPeppaPig: folds 
HOUGHY2024: folds 
SorinS28: raises $1.30 to $2.30
tukeiron: folds 
vadjkeee: folds 
nikalas22: folds 
Uncalled bet ($1.30) returned to SorinS28
SorinS28 collected $2.50 from pot
SorinS28: doesn't show hand 
*** SUMMARY ***
Total pot $2.50 | Rake $0 
Seat 1: ImaPeppaPig folded before Flop (didn't bet)
Seat 2: HOUGHY2024 folded before Flop (didn't bet)
Seat 3: SorinS28 collected ($2.50)
Seat 4: tukeiron (button) folded before Flop (didn't bet)
Seat 5: vadjkeee (small blind) folded before Flop
Seat 6: nikalas22 (big blind) folded before Flop



PokerStars Hand #254756297779:  Hold'em No Limit ($0.50/$1.00 USD) - 2025/02/07 21:46:18 WET [2025/02/07 16:46:18 ET]
Table 'Tama' 6-max Seat #5 is the button
Seat 1: ImaPeppaPig ($100 in chips) 
Seat 2: HOUGHY2024 ($79.28 in chips) 
Seat 3: SorinS28 ($101.50 in chips) 
Seat 4: tukeiron ($100 in chips) 
Seat 5: vadjkeee ($100 in chips) 
Seat 6: nikalas22 ($100 in chips) 
nikalas22: posts small blind $0.50
ImaPeppaPig: posts big blind $1
*** HOLE CARDS ***
HOUGHY2024: folds 
SorinS28: folds 
tukeiron: raises $1.20 to $2.20
vadjkeee: folds 
nikalas22: folds 
ImaPeppaPig: calls $1.20
*** FLOP *** [9d 3d Ts]
ImaPeppaPig: checks 
tukeiron: checks 
*** TURN *** [9d 3d Ts] [Jd]
ImaPeppaPig: checks 
tukeiron: bets $2.56
ImaPeppaPig: folds 
Uncalled bet ($2.56) returned to tukeiron
tukeiron collected $4.66 from pot
*** SUMMARY ***
Total pot $4.90 | Rake $0.24 
Board [9d 3d Ts Jd]
Seat 1: ImaPeppaPig (big blind) folded on the Turn
Seat 2: HOUGHY2024 folded before Flop (didn't bet)
Seat 3: SorinS28 folded before Flop (didn't bet)
Seat 4: tukeiron collected ($4.66)
Seat 5: vadjkeee (button) folded before Flop (didn't bet)
Seat 6: nikalas22 (small blind) folded before Flop



PokerStars Hand #254756317480:  Hold'em No Limit ($0.50/$1.00 USD) - 2025/02/07 21:47:22 WET [2025/02/07 16:47:22 ET]
Table 'Tama' 6-max Seat #6 is the button
Seat 1: ImaPeppaPig ($100 in chips) 
Seat 2: HOUGHY2024 ($79.28 in chips) 
Seat 3: SorinS28 ($101.50 in chips) 
Seat 4: tukeiron ($102.46 in chips) 
Seat 5: vadjkeee ($100 in chips) 
Seat 6: nikalas22 ($100 in chips) 
ImaPeppaPig: posts small blind $0.50
HOUGHY2024: posts big blind $1
*** HOLE CARDS ***
SorinS28: folds 
tukeiron: raises $1.50 to $2.50
vadjkeee: folds 
nikalas22: folds 
ImaPeppaPig: folds 
HOUGHY2024: raises $8.50 to $11
tukeiron: calls $8.50
*** FLOP *** [Kd 6h 8h]
HOUGHY2024: checks 
tukeiron: checks 
*** TURN *** [Kd 6h 8h] [6c]
HOUGHY2024: bets $11
tukeiron: folds 
Uncalled bet ($11) returned to HOUGHY2024
HOUGHY2024 collected $21.38 from pot
HOUGHY2024: doesn't show hand 
*** SUMMARY ***
Total pot $22.50 | Rake $1.12 
Board [Kd 6h 8h 6c]
Seat 1: ImaPeppaPig (small blind) folded before Flop
Seat 2: HOUGHY2024 (big blind) collected ($21.38)
Seat 3: SorinS28 folded before Flop (didn't bet)
Seat 4: tukeiron folded on the Turn
Seat 5: vadjkeee folded before Flop (didn't bet)
Seat 6: nikalas22 (button) folded before Flop (didn't bet)



PokerStars Hand #254756333431:  Hold'em No Limit ($0.50/$1.00 USD) - 2025/02/07 21:48:14 WET [2025/02/07 16:48:14 ET]
Table 'Tama' 6-max Seat #1 is the button
Seat 1: ImaPeppaPig ($100 in chips) 
Seat 2: HOUGHY2024 ($89.66 in chips) 
Seat 3: SorinS28 ($101.50 in chips) 
Seat 4: tukeiron ($100 in chips) 
Seat 5: vadjkeee ($100 in chips) 
Seat 6: nikalas22 ($100 in chips) 
HOUGHY2024: posts small blind $0.50
SorinS28: posts big blind $1
*** HOLE CARDS ***
tukeiron: folds 
vadjkeee: folds 
nikalas22: folds 
ImaPeppaPig: raises $1.50 to $2.50
HOUGHY2024: folds 
SorinS28: folds 
Uncalled bet ($1.50) returned to ImaPeppaPig
ImaPeppaPig collected $2.50 from pot
ImaPeppaPig: doesn't show hand 
*** SUMMARY ***
Total pot $2.50 | Rake $0 
Seat 1: ImaPeppaPig (button) collected ($2.50)
Seat 2: HOUGHY2024 (small blind) folded before Flop
Seat 3: SorinS28 (big blind) folded before Flop
Seat 4: tukeiron folded before Flop (didn't bet)
Seat 5: vadjkeee folded before Flop (didn't bet)
Seat 6: nikalas22 folded before Flop (didn't bet)



PokerStars Hand #254756339071:  Hold'em No Limit ($0.50/$1.00 USD) - 2025/02/07 21:48:32 WET [2025/02/07 16:48:32 ET]
Table 'Tama' 6-max Seat #2 is the button
Seat 1: ImaPeppaPig ($101.50 in chips) 
Seat 2: HOUGHY2024 ($89.16 in chips) 
Seat 3: SorinS28 ($100.50 in chips) 
Seat 4: tukeiron ($100 in chips) 
Seat 5: vadjkeee ($100 in chips) 
Seat 6: nikalas22 ($100 in chips) 
SorinS28: posts small blind $0.50
tukeiron: posts big blind $1
*** HOLE CARDS ***
vadjkeee: folds 
nikalas22: folds 
ImaPeppaPig: folds 
HOUGHY2024: raises $1.50 to $2.50
SorinS28: raises $9 to $11.50
tukeiron: folds 
HOUGHY2024: raises $77.66 to $89.16 and is all-in
SorinS28: calls $77.66
*** FLOP *** [Qd 7c 8s]
*** TURN *** [Qd 7c 8s] [8c]
*** RIVER *** [Qd 7c 8s 8c] [5d]
*** SHOW DOWN ***
SorinS28: shows [Ks Kc] (two pair, Kings and Eights)
HOUGHY2024: shows [Kd 9s] (a pair of Eights)
SorinS28 cashed out the hand for $160.53 | Cash Out Fee $3.28
*** SUMMARY ***
Total pot $179.32 | Rake $2.50 
Board [Qd 7c 8s 8c 5d]
Seat 1: ImaPeppaPig folded before Flop (didn't bet)
Seat 2: HOUGHY2024 (button) showed [Kd 9s] and lost with a pair of Eights
Seat 3: SorinS28 (small blind) showed [Ks Kc] and won ($176.82) with two pair, Kings and Eights (pot not awarded as player cashed out)
Seat 4: tukeiron (big blind) folded before Flop
Seat 5: vadjkeee folded before Flop (didn't bet)
Seat 6: nikalas22 folded before Flop (didn't bet)



PokerStars Hand #254756352504:  Hold'em No Limit ($0.50/$1.00 USD) - 2025/02/07 21:49:16 WET [2025/02/07 16:49:16 ET]
Table 'Tama' 6-max Seat #3 is the button
Seat 2: HOUGHY2024 ($0 in chips) is sitting out
Seat 1: ImaPeppaPig ($101.50 in chips) 
Seat 3: SorinS28 ($171.87 in chips) 
Seat 4: tukeiron ($100 in chips) 
Seat 5: vadjkeee ($100 in chips) 
Seat 6: nikalas22 ($100 in chips) 
tukeiron: posts small blind $0.50
vadjkeee: posts big blind $1
*** HOLE CARDS ***
nikalas22: folds 
ImaPeppaPig: folds 
SorinS28: folds 
HOUGHY2024 leaves the table
tukeiron: folds 
Uncalled bet ($0.50) returned to vadjkeee
vadjkeee collected $1 from pot
vadjkeee: doesn't show hand 
*** SUMMARY ***
Total pot $1 | Rake $0 
Seat 2: HOUGHY2024
Seat 1: ImaPeppaPig folded before Flop (didn't bet)
Seat 3: SorinS28 (button) folded before Flop (didn't bet)
Seat 4: tukeiron (small blind) folded before Flop
Seat 5: vadjkeee (big blind) collected ($1)
Seat 6: nikalas22 folded before Flop (didn't bet)



PokerStars Hand #254756358112:  Hold'em No Limit ($0.50/$1.00 USD) - 2025/02/07 21:49:34 WET [2025/02/07 16:49:34 ET]
Table 'Tama' 6-max Seat #4 is the button
Seat 1: ImaPeppaPig ($101.50 in chips) 
Seat 3: SorinS28 ($171.87 in chips) 
Seat 4: tukeiron ($100 in chips) 
Seat 5: vadjkeee ($100.50 in chips) 
Seat 6: nikalas22 ($100 in chips) 
vadjkeee: posts small blind $0.50
nikalas22: posts big blind $1
*** HOLE CARDS ***
ImaPeppaPig: raises $1.50 to $2.50
SorinS28: folds 
tukeiron: folds 
vadjkeee: folds 
nikalas22: folds 
Uncalled bet ($1.50) returned to ImaPeppaPig
ImaPeppaPig collected $2.50 from pot
ImaPeppaPig: doesn't show hand 
*** SUMMARY ***
Total pot $2.50 | Rake $0 
Seat 1: ImaPeppaPig collected ($2.50)
Seat 3: SorinS28 folded before Flop (didn't bet)
Seat 4: tukeiron (button) folded before Flop (didn't bet)
Seat 5: vadjkeee (small blind) folded before Flop
Seat 6: nikalas22 (big blind) folded before Flop



PokerStars Hand #254756363962:  Hold'em No Limit ($0.50/$1.00 USD) - 2025/02/07 21:49:53 WET [2025/02/07 16:49:53 ET]
Table 'Tama' 6-max Seat #5 is the button
Seat 1: ImaPeppaPig ($103 in chips) 
Seat 3: SorinS28 ($171.87 in chips) 
Seat 4: tukeiron ($100 in chips) 
Seat 5: vadjkeee ($100 in chips) 
Seat 6: nikalas22 ($100 in chips) 
nikalas22: posts small blind $0.50
ImaPeppaPig: posts big blind $1
*** HOLE CARDS ***
SorinS28: folds 
tukeiron: folds 
vadjkeee: folds 
nikalas22: folds 
Uncalled bet ($0.50) returned to ImaPeppaPig
ImaPeppaPig collected $1 from pot
ImaPeppaPig: doesn't show hand 
*** SUMMARY ***
Total pot $1 | Rake $0 
Seat 1: ImaPeppaPig (big blind) collected ($1)
Seat 3: SorinS28 folded before Flop (didn't bet)
Seat 4: tukeiron folded before Flop (didn't bet)
Seat 5: vadjkeee (button) folded before Flop (didn't bet)
Seat 6: nikalas22 (small blind) folded before Flop



PokerStars Hand #254756366872:  Hold'em No Limit ($0.50/$1.00 USD) - 2025/02/07 21:50:03 WET [2025/02/07 16:50:03 ET]
Table 'Tama' 6-max Seat #6 is the button
Seat 1: ImaPeppaPig ($103.50 in chips) 
Seat 3: SorinS28 ($171.87 in chips) 
Seat 4: tukeiron ($100 in chips) 
Seat 5: vadjkeee ($100 in chips) 
Seat 6: nikalas22 ($100 in chips) 
ImaPeppaPig: posts small blind $0.50
SorinS28: posts big blind $1
*** HOLE CARDS ***
tukeiron: raises $1.50 to $2.50
vadjkeee: raises $5 to $7.50
nikalas22: folds 
ImaPeppaPig: folds 
SorinS28: folds 
ReneD1976 joins the table at seat #2 
ReneD1976 is disconnected 
tukeiron: raises $12.50 to $20
vadjkeee: calls $12.50
*** FLOP *** [7c 7s 3s]
tukeiron: bets $13.01
vadjkeee: calls $13.01
*** TURN *** [7c 7s 3s] [Th]
tukeiron: bets $16.26
vadjkeee: calls $16.26
*** RIVER *** [7c 7s 3s Th] [6d]
tukeiron: bets $50.73 and is all-in
vadjkeee: calls $50.73 and is all-in
*** SHOW DOWN ***
tukeiron: shows [Kd Kh] (two pair, Kings and Sevens)
vadjkeee: shows [Qs Qh] (two pair, Queens and Sevens)
tukeiron collected $199 from pot
*** SUMMARY ***
Total pot $201.50 | Rake $2.50 
Board [7c 7s 3s Th 6d]
Seat 1: ImaPeppaPig (small blind) folded before Flop
Seat 3: SorinS28 (big blind) folded before Flop
Seat 4: tukeiron showed [Kd Kh] and won ($199) with two pair, Kings and Sevens
Seat 5: vadjkeee showed [Qs Qh] and lost with two pair, Queens and Sevens
Seat 6: nikalas22 (button) folded before Flop (didn't bet)



PokerStars Hand #254756389613:  Hold'em No Limit ($0.50/$1.00 USD) - 2025/02/07 21:51:18 WET [2025/02/07 16:51:18 ET]
Table 'Tama' 6-max Seat #1 is the button
Seat 2: ReneD1976 ($100 in chips) is sitting out
Seat 1: ImaPeppaPig ($103 in chips) 
Seat 3: SorinS28 ($170.87 in chips) 
Seat 4: tukeiron ($199 in chips) 
Seat 5: vadjkeee ($100 in chips) 
Seat 6: nikalas22 ($100 in chips) 
SorinS28: posts small blind $0.50
tukeiron: posts big blind $1
*** HOLE CARDS ***
vadjkeee: folds 
nikalas22: folds 
ImaPeppaPig: folds 
SorinS28: folds 
Uncalled bet ($0.50) returned to tukeiron
tukeiron collected $1 from pot
*** SUMMARY ***
Total pot $1 | Rake $0 
Seat 2: ReneD1976
Seat 1: ImaPeppaPig (button) folded before Flop (didn't bet)
Seat 3: SorinS28 (small blind) folded before Flop
Seat 4: tukeiron (big blind) collected ($1)
Seat 5: vadjkeee folded before Flop (didn't bet)
Seat 6: nikalas22 folded before Flop (didn't bet)



PokerStars Hand #254756393048:  Hold'em No Limit ($0.50/$1.00 USD) - 2025/02/07 21:51:29 WET [2025/02/07 16:51:29 ET]
Table 'Tama' 6-max Seat #3 is the button
Seat 5: vadjkeee ($100 in chips) is sitting out
Seat 1: ImaPeppaPig ($103 in chips) 
Seat 2: ReneD1976 ($100 in chips) 
Seat 3: SorinS28 ($170.37 in chips) 
Seat 4: tukeiron ($199.50 in chips) 
Seat 6: nikalas22 ($100 in chips) 
tukeiron: posts small blind $0.50
vadjkeee: is sitting out 
nikalas22: posts big blind $1
ReneD1976: posts big blind $1
*** HOLE CARDS ***
ImaPeppaPig: raises $3 to $4
ReneD1976: calls $3
SorinS28: folds 
tukeiron: folds 
nikalas22: folds 
*** FLOP *** [9d 6s Qd]
ImaPeppaPig: checks 
ReneD1976: bets $4.51
ImaPeppaPig: raises $13.71 to $18.22
ReneD1976: folds 
Uncalled bet ($13.71) returned to ImaPeppaPig
ImaPeppaPig collected $17.59 from pot
ImaPeppaPig: doesn't show hand 
*** SUMMARY ***
Total pot $18.52 | Rake $0.93 
Board [9d 6s Qd]
Seat 5: vadjkeee
Seat 1: ImaPeppaPig collected ($17.59)
Seat 2: ReneD1976 folded on the Flop
Seat 3: SorinS28 (button) folded before Flop (didn't bet)
Seat 4: tukeiron (small blind) folded before Flop
Seat 6: nikalas22 (big blind) folded before Flop



PokerStars Hand #254756406337:  Hold'em No Limit ($0.50/$1.00 USD) - 2025/02/07 21:52:13 WET [2025/02/07 16:52:13 ET]
Table 'Tama' 6-max Seat #4 is the button
Seat 5: vadjkeee ($100 in chips) is sitting out
Seat 1: ImaPeppaPig ($112.08 in chips) 
Seat 2: ReneD1976 ($91.49 in chips) 
Seat 3: SorinS28 ($170.37 in chips) 
Seat 4: tukeiron ($199 in chips) 
Seat 6: nikalas22 ($100 in chips) 
nikalas22: posts small blind $0.50
ImaPeppaPig: posts big blind $1
*** HOLE CARDS ***
ReneD1976: calls $1
SorinS28: folds 
tukeiron: raises $3 to $4
nikalas22: folds 
ImaPeppaPig: calls $3
ReneD1976: calls $3
*** FLOP *** [3d 7d Qs]
ImaPeppaPig: checks 
ReneD1976: checks 
tukeiron: bets $3.92
ImaPeppaPig: folds 
ReneD1976: calls $3.92
*** TURN *** [3d 7d Qs] [7s]
ReneD1976: checks 
tukeiron: bets $3.86
ReneD1976: raises $13.52 to $17.38
tukeiron: folds 
Uncalled bet ($13.52) returned to ReneD1976
ReneD1976 collected $26.31 from pot
*** SUMMARY ***
Total pot $28.06 | Rake $1.75 
Board [3d 7d Qs 7s]
Seat 5: vadjkeee
Seat 1: ImaPeppaPig (big blind) folded on the Flop
Seat 2: ReneD1976 collected ($26.31)
Seat 3: SorinS28 folded before Flop (didn't bet)
Seat 4: tukeiron (button) folded on the Turn
Seat 6: nikalas22 (small blind) folded before Flop



PokerStars Hand #254756427822:  Hold'em No Limit ($0.50/$1.00 USD) - 2025/02/07 21:53:24 WET [2025/02/07 16:53:24 ET]
Table 'Tama' 6-max Seat #6 is the button
Seat 5: vadjkeee ($100 in chips) is sitting out
Seat 1: ImaPeppaPig ($108.08 in chips) 
Seat 2: ReneD1976 ($106.02 in chips) 
Seat 3: SorinS28 ($170.37 in chips) 
Seat 4: tukeiron ($187.22 in chips) 
Seat 6: nikalas22 ($100 in chips) 
ImaPeppaPig: posts small blind $0.50
ReneD1976: posts big blind $1
vadjkeee: sits out 
*** HOLE CARDS ***
SorinS28: folds 
tukeiron: raises $1.50 to $2.50
nikalas22: folds 
ImaPeppaPig: folds 
ReneD1976: calls $1.50
*** FLOP *** [Qh Qc Td]
ReneD1976: checks 
tukeiron: bets $1.72
ReneD1976: folds 
Uncalled bet ($1.72) returned to tukeiron
tukeiron collected $5.22 from pot
*** SUMMARY ***
Total pot $5.50 | Rake $0.28 
Board [Qh Qc Td]
Seat 5: vadjkeee
Seat 1: ImaPeppaPig (small blind) folded before Flop
Seat 2: ReneD1976 (big blind) folded on the Flop
Seat 3: SorinS28 folded before Flop (didn't bet)
Seat 4: tukeiron collected ($5.22)
Seat 6: nikalas22 (button) folded before Flop (didn't bet)



PokerStars Hand #254756441667:  Hold'em No Limit ($0.50/$1.00 USD) - 2025/02/07 21:54:09 WET [2025/02/07 16:54:09 ET]
Table 'Tama' 6-max Seat #1 is the button
Seat 5: vadjkeee ($100 in chips) is sitting out
Seat 1: ImaPeppaPig ($107.58 in chips) 
Seat 2: ReneD1976 ($103.52 in chips) 
Seat 3: SorinS28 ($170.37 in chips) 
Seat 4: tukeiron ($189.94 in chips) 
Seat 6: nikalas22 ($100 in chips) 
ReneD1976: posts small blind $0.50
SorinS28: posts big blind $1
vadjkeee: sits out 
*** HOLE CARDS ***
tukeiron: folds 
nikalas22: folds 
ImaPeppaPig: raises $1.50 to $2.50
ReneD1976: calls $2
SorinS28: calls $1.50
*** FLOP *** [5c 5d Kh]
ReneD1976: checks 
SorinS28: checks 
ImaPeppaPig: checks 
*** TURN *** [5c 5d Kh] [4c]
ReneD1976: bets $1
SorinS28: folds 
ImaPeppaPig: folds 
Uncalled bet ($1) returned to ReneD1976
ReneD1976 collected $7.02 from pot
*** SUMMARY ***
Total pot $7.50 | Rake $0.48 
Board [5c 5d Kh 4c]
Seat 5: vadjkeee
Seat 1: ImaPeppaPig (button) folded on the Turn
Seat 2: ReneD1976 (small blind) collected ($7.02)
Seat 3: SorinS28 (big blind) folded on the Turn
Seat 4: tukeiron folded before Flop (didn't bet)
Seat 6: nikalas22 folded before Flop (didn't bet)



PokerStars Hand #254756459207:  Hold'em No Limit ($0.50/$1.00 USD) - 2025/02/07 21:55:08 WET [2025/02/07 16:55:08 ET]
Table 'Tama' 6-max Seat #2 is the button
Seat 5: vadjkeee ($100 in chips) is sitting out
Seat 1: ImaPeppaPig ($105.08 in chips) 
Seat 2: ReneD1976 ($108.04 in chips) 
Seat 3: SorinS28 ($167.87 in chips) 
Seat 4: tukeiron ($189.94 in chips) 
Seat 6: nikalas22 ($100 in chips) 
SorinS28: posts small blind $0.50
tukeiron: posts big blind $1
vadjkeee: sits out 
*** HOLE CARDS ***
nikalas22: raises $1.20 to $2.20
ImaPeppaPig: folds 
ReneD1976: folds 
SorinS28: folds 
tukeiron: folds 
Uncalled bet ($1.20) returned to nikalas22
nikalas22 collected $2.50 from pot
nikalas22: doesn't show hand 
*** SUMMARY ***
Total pot $2.50 | Rake $0 
Seat 5: vadjkeee
Seat 1: ImaPeppaPig folded before Flop (didn't bet)
Seat 2: ReneD1976 (button) folded before Flop (didn't bet)
Seat 3: SorinS28 (small blind) folded before Flop
Seat 4: tukeiron (big blind) folded before Flop
Seat 6: nikalas22 collected ($2.50)



PokerStars Hand #254756462822:  Hold'em No Limit ($0.50/$1.00 USD) - 2025/02/07 21:55:25 WET [2025/02/07 16:55:25 ET]
Table 'Tama' 6-max Seat #3 is the button
Seat 1: ImaPeppaPig ($105.08 in chips) 
Seat 2: ReneD1976 ($108.04 in chips) 
Seat 3: SorinS28 ($167.37 in chips) 
Seat 4: tukeiron ($188.94 in chips) 
Seat 5: vadjkeee ($100 in chips) 
Seat 6: nikalas22 ($101.50 in chips) 
tukeiron: posts small blind $0.50
vadjkeee: posts big blind $1
*** HOLE CARDS ***
nikalas22: raises $1.20 to $2.20
ImaPeppaPig: folds 
ReneD1976: calls $2.20
SorinS28: folds 
tukeiron: folds 
vadjkeee: folds 
*** FLOP *** [8d Jc 8s]
nikalas22: bets $1.68
ReneD1976: raises $1.68 to $3.36
nikalas22: calls $1.68
*** TURN *** [8d Jc 8s] [2c]
nikalas22: checks 
ReneD1976: bets $6
nikalas22: calls $6
*** RIVER *** [8d Jc 8s 2c] [6h]
nikalas22: checks 
ReneD1976: bets $11.70
nikalas22 is disconnected 
ReneD1976 is disconnected 
nikalas22 is connected 
nikalas22: calls $11.70
*** SHOW DOWN ***
ReneD1976: shows [Jd As] (two pair, Jacks and Eights)
nikalas22: shows [Ks Kd] (two pair, Kings and Eights)
nikalas22 collected $45.62 from pot
*** SUMMARY ***
Total pot $48.02 | Rake $2.40 
Board [8d Jc 8s 2c 6h]
Seat 1: ImaPeppaPig folded before Flop (didn't bet)
Seat 2: ReneD1976 showed [Jd As] and lost with two pair, Jacks and Eights
Seat 3: SorinS28 (button) folded before Flop (didn't bet)
Seat 4: tukeiron (small blind) folded before Flop
Seat 5: vadjkeee (big blind) folded before Flop
Seat 6: nikalas22 showed [Ks Kd] and won ($45.62) with two pair, Kings and Eights



PokerStars Hand #254756493539:  Hold'em No Limit ($0.50/$1.00 USD) - 2025/02/07 21:57:45 WET [2025/02/07 16:57:45 ET]
Table 'Tama' 6-max Seat #4 is the button
Seat 1: ImaPeppaPig ($105.08 in chips) 
Seat 2: ReneD1976 ($84.78 in chips) 
Seat 3: SorinS28 ($167.37 in chips) 
Seat 4: tukeiron ($188.44 in chips) 
Seat 5: vadjkeee ($100 in chips) 
Seat 6: nikalas22 ($123.86 in chips) 
vadjkeee: posts small blind $0.50
nikalas22: posts big blind $1
*** HOLE CARDS ***
ImaPeppaPig: folds 
ReneD1976: calls $1
SorinS28: folds 
tukeiron: folds 
vadjkeee: folds 
nikalas22: checks 
*** FLOP *** [4h 3h Th]
nikalas22: checks 
ReneD1976: bets $2.38
nikalas22: folds 
Uncalled bet ($2.38) returned to ReneD1976
ReneD1976 collected $2.35 from pot
*** SUMMARY ***
Total pot $2.50 | Rake $0.15 
Board [4h 3h Th]
Seat 1: ImaPeppaPig folded before Flop (didn't bet)
Seat 2: ReneD1976 collected ($2.35)
Seat 3: SorinS28 folded before Flop (didn't bet)
Seat 4: tukeiron (button) folded before Flop (didn't bet)
Seat 5: vadjkeee (small blind) folded before Flop
Seat 6: nikalas22 (big blind) folded on the Flop



PokerStars Hand #254756498954:  Hold'em No Limit ($0.50/$1.00 USD) - 2025/02/07 21:58:10 WET [2025/02/07 16:58:10 ET]
Table 'Tama' 6-max Seat #5 is the button
Seat 1: ImaPeppaPig ($105.08 in chips) 
Seat 2: ReneD1976 ($86.13 in chips) 
Seat 3: SorinS28 ($167.37 in chips) 
Seat 4: tukeiron ($188.44 in chips) 
Seat 5: vadjkeee ($100 in chips) 
Seat 6: nikalas22 ($122.86 in chips) 
nikalas22: posts small blind $0.50
ImaPeppaPig: posts big blind $1
*** HOLE CARDS ***
ReneD1976: calls $1
SorinS28: folds 
tukeiron: folds 
vadjkeee: folds 
nikalas22: folds 
ImaPeppaPig: checks 
*** FLOP *** [Kd 8c Qs]
ImaPeppaPig: checks 
ReneD1976: bets $1
ImaPeppaPig: folds 
Uncalled bet ($1) returned to ReneD1976
ReneD1976 collected $2.35 from pot
*** SUMMARY ***
Total pot $2.50 | Rake $0.15 
Board [Kd 8c Qs]
Seat 1: ImaPeppaPig (big blind) folded on the Flop
Seat 2: ReneD1976 collected ($2.35)
Seat 3: SorinS28 folded before Flop (didn't bet)
Seat 4: tukeiron folded before Flop (didn't bet)
Seat 5: vadjkeee (button) folded before Flop (didn't bet)
Seat 6: nikalas22 (small blind) folded before Flop



PokerStars Hand #254756505571:  Hold'em No Limit ($0.50/$1.00 USD) - 2025/02/07 21:58:40 WET [2025/02/07 16:58:40 ET]
Table 'Tama' 6-max Seat #6 is the button
Seat 1: ImaPeppaPig ($104.08 in chips) 
Seat 2: ReneD1976 ($87.48 in chips) 
Seat 3: SorinS28 ($167.37 in chips) 
Seat 4: tukeiron ($188.44 in chips) 
Seat 5: vadjkeee ($100 in chips) 
Seat 6: nikalas22 ($122.36 in chips) 
ImaPeppaPig: posts small blind $0.50
ReneD1976: posts big blind $1
*** HOLE CARDS ***
SorinS28: folds 
tukeiron: raises $1.20 to $2.20
vadjkeee: folds 
nikalas22: folds 
ImaPeppaPig: folds 
ReneD1976: calls $1.20
*** FLOP *** [Js Ad 3s]
ReneD1976: checks 
tukeiron: checks 
*** TURN *** [Js Ad 3s] [5h]
ReneD1976: bets $5
tukeiron: folds 
Uncalled bet ($5) returned to ReneD1976
ReneD1976 collected $4.60 from pot
*** SUMMARY ***
Total pot $4.90 | Rake $0.30 
Board [Js Ad 3s 5h]
Seat 1: ImaPeppaPig (small blind) folded before Flop
Seat 2: ReneD1976 (big blind) collected ($4.60)
Seat 3: SorinS28 folded before Flop (didn't bet)
Seat 4: tukeiron folded on the Turn
Seat 5: vadjkeee folded before Flop (didn't bet)
Seat 6: nikalas22 (button) folded before Flop (didn't bet)



PokerStars Hand #254756516787:  Hold'em No Limit ($0.50/$1.00 USD) - 2025/02/07 21:59:31 WET [2025/02/07 16:59:31 ET]
Table 'Tama' 6-max Seat #1 is the button
Seat 1: ImaPeppaPig ($103.58 in chips) 
Seat 2: ReneD1976 ($89.88 in chips) 
Seat 3: SorinS28 ($167.37 in chips) 
Seat 4: tukeiron ($186.24 in chips) 
Seat 5: vadjkeee ($100 in chips) 
Seat 6: nikalas22 ($122.36 in chips) 
ReneD1976: posts small blind $0.50
SorinS28: posts big blind $1
*** HOLE CARDS ***
tukeiron: folds 
vadjkeee: folds 
nikalas22: folds 
ImaPeppaPig: raises $1.50 to $2.50
ReneD1976: calls $2
SorinS28: raises $11.50 to $14
ImaPeppaPig: folds 
ReneD1976: folds 
Uncalled bet ($11.50) returned to SorinS28
SorinS28 collected $7.50 from pot
SorinS28: doesn't show hand 
*** SUMMARY ***
Total pot $7.50 | Rake $0 
Seat 1: ImaPeppaPig (button) folded before Flop
Seat 2: ReneD1976 (small blind) folded before Flop
Seat 3: SorinS28 (big blind) collected ($7.50)
Seat 4: tukeiron folded before Flop (didn't bet)
Seat 5: vadjkeee folded before Flop (didn't bet)
Seat 6: nikalas22 folded before Flop (didn't bet)



PokerStars Hand #254756524099:  Hold'em No Limit ($0.50/$1.00 USD) - 2025/02/07 22:00:03 WET [2025/02/07 17:00:03 ET]
Table 'Tama' 6-max Seat #2 is the button
Seat 1: ImaPeppaPig ($101.08 in chips) 
Seat 2: ReneD1976 ($87.38 in chips) 
Seat 3: SorinS28 ($172.37 in chips) 
Seat 4: tukeiron ($186.24 in chips) 
Seat 5: vadjkeee ($100 in chips) 
Seat 6: nikalas22 ($122.36 in chips) 
SorinS28: posts small blind $0.50
tukeiron: posts big blind $1
*** HOLE CARDS ***
vadjkeee: raises $1.50 to $2.50
nikalas22: folds 
ImaPeppaPig: raises $5.50 to $8
ReneD1976: folds 
SorinS28: folds 
tukeiron: folds 
vadjkeee: folds 
Uncalled bet ($5.50) returned to ImaPeppaPig
ImaPeppaPig collected $6.50 from pot
ImaPeppaPig: doesn't show hand 
*** SUMMARY ***
Total pot $6.50 | Rake $0 
Seat 1: ImaPeppaPig collected ($6.50)
Seat 2: ReneD1976 (button) folded before Flop (didn't bet)
Seat 3: SorinS28 (small blind) folded before Flop
Seat 4: tukeiron (big blind) folded before Flop
Seat 5: vadjkeee folded before Flop
Seat 6: nikalas22 folded before Flop (didn't bet)



PokerStars Hand #254756531107:  Hold'em No Limit ($0.50/$1.00 USD) - 2025/02/07 22:00:33 WET [2025/02/07 17:00:33 ET]
Table 'Tama' 6-max Seat #3 is the button
Seat 1: ImaPeppaPig ($105.08 in chips) 
Seat 2: ReneD1976 ($87.38 in chips) 
Seat 3: SorinS28 ($171.87 in chips) 
Seat 4: tukeiron ($185.24 in chips) 
Seat 5: vadjkeee ($100 in chips) 
Seat 6: nikalas22 ($122.36 in chips) 
tukeiron: posts small blind $0.50
vadjkeee: posts big blind $1
*** HOLE CARDS ***
nikalas22: raises $1.20 to $2.20
ImaPeppaPig: folds 
ReneD1976: calls $2.20
SorinS28: folds 
tukeiron: folds 
vadjkeee: folds 
*** FLOP *** [7d 2h Kd]
nikalas22: checks 
ReneD1976: bets $2.80
nikalas22: folds 
Uncalled bet ($2.80) returned to ReneD1976
ReneD1976 collected $5.52 from pot
*** SUMMARY ***
Total pot $5.90 | Rake $0.38 
Board [7d 2h Kd]
Seat 1: ImaPeppaPig folded before Flop (didn't bet)
Seat 2: ReneD1976 collected ($5.52)
Seat 3: SorinS28 (button) folded before Flop (didn't bet)
Seat 4: tukeiron (small blind) folded before Flop
Seat 5: vadjkeee (big blind) folded before Flop
Seat 6: nikalas22 folded on the Flop



PokerStars Hand #254756542476:  Hold'em No Limit ($0.50/$1.00 USD) - 2025/02/07 22:01:18 WET [2025/02/07 17:01:18 ET]
Table 'Tama' 6-max Seat #4 is the button
Seat 1: ImaPeppaPig ($105.08 in chips) 
Seat 2: ReneD1976 ($90.70 in chips) 
Seat 3: SorinS28 ($171.87 in chips) 
Seat 4: tukeiron ($184.74 in chips) 
Seat 5: vadjkeee ($100 in chips) 
Seat 6: nikalas22 ($120.16 in chips) 
vadjkeee: posts small blind $0.50
nikalas22: posts big blind $1
*** HOLE CARDS ***
ImaPeppaPig: raises $1.50 to $2.50
ReneD1976: folds 
SorinS28: folds 
tukeiron: folds 
vadjkeee: folds 
nikalas22: folds 
Uncalled bet ($1.50) returned to ImaPeppaPig
ImaPeppaPig collected $2.50 from pot
ImaPeppaPig: doesn't show hand 
*** SUMMARY ***
Total pot $2.50 | Rake $0 
Seat 1: ImaPeppaPig collected ($2.50)
Seat 2: ReneD1976 folded before Flop (didn't bet)
Seat 3: SorinS28 folded before Flop (didn't bet)
Seat 4: tukeiron (button) folded before Flop (didn't bet)
Seat 5: vadjkeee (small blind) folded before Flop
Seat 6: nikalas22 (big blind) folded before Flop



PokerStars Hand #254756545986:  Hold'em No Limit ($0.50/$1.00 USD) - 2025/02/07 22:01:31 WET [2025/02/07 17:01:31 ET]
Table 'Tama' 6-max Seat #5 is the button
Seat 1: ImaPeppaPig ($106.58 in chips) 
Seat 2: ReneD1976 ($90.70 in chips) 
Seat 3: SorinS28 ($171.87 in chips) 
Seat 4: tukeiron ($184.74 in chips) 
Seat 5: vadjkeee ($100 in chips) 
Seat 6: nikalas22 ($119.16 in chips) 
nikalas22: posts small blind $0.50
ImaPeppaPig: posts big blind $1
*** HOLE CARDS ***
ReneD1976: calls $1
SorinS28: folds 
tukeiron: raises $3.50 to $4.50
vadjkeee: folds 
nikalas22: folds 
ImaPeppaPig: folds 
ReneD1976: calls $3.50
*** FLOP *** [Jc 4c 9h]
ReneD1976: checks 
tukeiron: bets $4.99
ReneD1976: folds 
Uncalled bet ($4.99) returned to tukeiron
tukeiron collected $9.98 from pot
tukeiron: doesn't show hand 
*** SUMMARY ***
Total pot $10.50 | Rake $0.52 
Board [Jc 4c 9h]
Seat 1: ImaPeppaPig (big blind) folded before Flop
Seat 2: ReneD1976 folded on the Flop
Seat 3: SorinS28 folded before Flop (didn't bet)
Seat 4: tukeiron collected ($9.98)
Seat 5: vadjkeee (button) folded before Flop (didn't bet)
Seat 6: nikalas22 (small blind) folded before Flop



PokerStars Hand #254756554827:  Hold'em No Limit ($0.50/$1.00 USD) - 2025/02/07 22:02:02 WET [2025/02/07 17:02:02 ET]
Table 'Tama' 6-max Seat #6 is the button
Seat 1: ImaPeppaPig ($105.58 in chips) 
Seat 2: ReneD1976 ($86.20 in chips) 
Seat 3: SorinS28 ($171.87 in chips) 
Seat 4: tukeiron ($190.22 in chips) 
Seat 5: vadjkeee ($100 in chips) 
Seat 6: nikalas22 ($118.66 in chips) 
ImaPeppaPig: posts small blind $0.50
ReneD1976: posts big blind $1
*** HOLE CARDS ***
SorinS28: folds 
tukeiron: folds 
vadjkeee: raises $1.50 to $2.50
nikalas22: folds 
ImaPeppaPig: folds 
ReneD1976: folds 
Uncalled bet ($1.50) returned to vadjkeee
vadjkeee collected $2.50 from pot
vadjkeee: doesn't show hand 
*** SUMMARY ***
Total pot $2.50 | Rake $0 
Seat 1: ImaPeppaPig (small blind) folded before Flop
Seat 2: ReneD1976 (big blind) folded before Flop
Seat 3: SorinS28 folded before Flop (didn't bet)
Seat 4: tukeiron folded before Flop (didn't bet)
Seat 5: vadjkeee collected ($2.50)
Seat 6: nikalas22 (button) folded before Flop (didn't bet)



PokerStars Hand #254756559099:  Hold'em No Limit ($0.50/$1.00 USD) - 2025/02/07 22:02:16 WET [2025/02/07 17:02:16 ET]
Table 'Tama' 6-max Seat #1 is the button
Seat 1: ImaPeppaPig ($105.08 in chips) 
Seat 2: ReneD1976 ($85.20 in chips) 
Seat 3: SorinS28 ($171.87 in chips) 
Seat 4: tukeiron ($190.22 in chips) 
Seat 5: vadjkeee ($101.50 in chips) 
Seat 6: nikalas22 ($118.66 in chips) 
ReneD1976: posts small blind $0.50
SorinS28: posts big blind $1
*** HOLE CARDS ***
tukeiron: folds 
vadjkeee: folds 
nikalas22: folds 
ImaPeppaPig: raises $1.50 to $2.50
ReneD1976: calls $2
SorinS28: raises $11.50 to $14
ImaPeppaPig: folds 
ReneD1976: calls $11.50
*** FLOP *** [As Ah 5d]
ReneD1976: checks 
SorinS28: checks 
*** TURN *** [As Ah 5d] [Td]
ReneD1976: bets $11
SorinS28: calls $11
*** RIVER *** [As Ah 5d Td] [3d]
ReneD1976: checks 
SorinS28: checks 
*** SHOW DOWN ***
ReneD1976: shows [9s 4s] (a pair of Aces)
SorinS28: shows [Kc Qh] (a pair of Aces - King kicker)
SorinS28 collected $50 from pot
*** SUMMARY ***
Total pot $52.50 | Rake $2.50 
Board [As Ah 5d Td 3d]
Seat 1: ImaPeppaPig (button) folded before Flop
Seat 2: ReneD1976 (small blind) showed [9s 4s] and lost with a pair of Aces
Seat 3: SorinS28 (big blind) showed [Kc Qh] and won ($50) with a pair of Aces
Seat 4: tukeiron folded before Flop (didn't bet)
Seat 5: vadjkeee folded before Flop (didn't bet)
Seat 6: nikalas22 folded before Flop (didn't bet)



PokerStars Hand #254756579648:  Hold'em No Limit ($0.50/$1.00 USD) - 2025/02/07 22:03:25 WET [2025/02/07 17:03:25 ET]
Table 'Tama' 6-max Seat #2 is the button
Seat 1: ImaPeppaPig ($102.58 in chips) 
Seat 2: ReneD1976 ($60.20 in chips) 
Seat 3: SorinS28 ($196.87 in chips) 
Seat 4: tukeiron ($190.22 in chips) 
Seat 5: vadjkeee ($101.50 in chips) 
Seat 6: nikalas22 ($118.66 in chips) 
SorinS28: posts small blind $0.50
tukeiron: posts big blind $1
*** HOLE CARDS ***
vadjkeee: folds 
nikalas22: raises $1.20 to $2.20
ImaPeppaPig: folds 
ReneD1976: calls $2.20
SorinS28: folds 
tukeiron: folds 
*** FLOP *** [Ks 3s 7c]
nikalas22: bets $1.68
ReneD1976: calls $1.68
*** TURN *** [Ks 3s 7c] [7d]
nikalas22: checks 
ReneD1976: checks 
*** RIVER *** [Ks 3s 7c 7d] [3h]
nikalas22: checks 
ReneD1976: bets $1
nikalas22: calls $1
*** SHOW DOWN ***
ReneD1976: shows [Jc Ah] (two pair, Sevens and Threes)
nikalas22: mucks hand 
ReneD1976 collected $10.56 from pot
*** SUMMARY ***
Total pot $11.26 | Rake $0.70 
Board [Ks 3s 7c 7d 3h]
Seat 1: ImaPeppaPig folded before Flop (didn't bet)
Seat 2: ReneD1976 (button) showed [Jc Ah] and won ($10.56) with two pair, Sevens and Threes
Seat 3: SorinS28 (small blind) folded before Flop
Seat 4: tukeiron (big blind) folded before Flop
Seat 5: vadjkeee folded before Flop (didn't bet)
Seat 6: nikalas22 mucked



PokerStars Hand #254756593779:  Hold'em No Limit ($0.50/$1.00 USD) - 2025/02/07 22:04:11 WET [2025/02/07 17:04:11 ET]
Table 'Tama' 6-max Seat #3 is the button
Seat 1: ImaPeppaPig ($102.58 in chips) 
Seat 2: ReneD1976 ($65.88 in chips) 
Seat 3: SorinS28 ($196.37 in chips) 
Seat 4: tukeiron ($189.22 in chips) 
Seat 5: vadjkeee ($101.50 in chips) 
Seat 6: nikalas22 ($113.78 in chips) 
tukeiron: posts small blind $0.50
vadjkeee: posts big blind $1
*** HOLE CARDS ***
nikalas22: folds 
ImaPeppaPig: raises $1.50 to $2.50
ReneD1976: calls $2.50
SorinS28: calls $2.50
tukeiron: folds 
vadjkeee: raises $11.50 to $14
ImaPeppaPig: raises $88.58 to $102.58 and is all-in
ReneD1976: folds 
SorinS28: folds 
vadjkeee: calls $87.50 and is all-in
Uncalled bet ($1.08) returned to ImaPeppaPig
*** FIRST FLOP *** [As Ad 8h]
*** FIRST TURN *** [As Ad 8h] [Kh]
*** FIRST RIVER *** [As Ad 8h Kh] [Ac]
*** SECOND FLOP *** [3d Ts 2d]
*** SECOND TURN *** [3d Ts 2d] [4d]
*** SECOND RIVER *** [3d Ts 2d 4d] [5s]
*** FIRST SHOW DOWN ***
vadjkeee: shows [Ks Kd] (a full house, Aces full of Kings)
ImaPeppaPig: shows [Jh Ah] (four of a kind, Aces)
ImaPeppaPig collected $103 from pot
*** SECOND SHOW DOWN ***
vadjkeee: shows [Ks Kd] (a pair of Kings)
ImaPeppaPig: shows [Jh Ah] (a straight, Ace to Five)
ImaPeppaPig collected $103 from pot
*** SUMMARY ***
Total pot $208.50 | Rake $2.50 
Hand was run twice
FIRST Board [As Ad 8h Kh Ac]
SECOND Board [3d Ts 2d 4d 5s]
Seat 1: ImaPeppaPig showed [Jh Ah] and won ($103) with four of a kind, Aces, and won ($103) with a straight, Ace to Five
Seat 2: ReneD1976 folded before Flop
Seat 3: SorinS28 (button) folded before Flop
Seat 4: tukeiron (small blind) folded before Flop
Seat 5: vadjkeee (big blind) showed [Ks Kd] and lost with a full house, Aces full of Kings, and lost with a pair of Kings
Seat 6: nikalas22 folded before Flop (didn't bet)



PokerStars Hand #254756614280:  Hold'em No Limit ($0.50/$1.00 USD) - 2025/02/07 22:05:19 WET [2025/02/07 17:05:19 ET]
Table 'Tama' 6-max Seat #4 is the button
Seat 1: ImaPeppaPig ($207.08 in chips) 
Seat 2: ReneD1976 ($63.38 in chips) 
Seat 3: SorinS28 ($193.87 in chips) 
Seat 4: tukeiron ($188.72 in chips) 
Seat 5: vadjkeee ($100 in chips) 
Seat 6: nikalas22 ($113.78 in chips) 
vadjkeee: posts small blind $0.50
nikalas22: posts big blind $1
*** HOLE CARDS ***
ImaPeppaPig: folds 
ReneD1976: folds 
SorinS28: folds 
tukeiron: folds 
vadjkeee: folds 
Uncalled bet ($0.50) returned to nikalas22
nikalas22 collected $1 from pot
nikalas22: doesn't show hand 
*** SUMMARY ***
Total pot $1 | Rake $0 
Seat 1: ImaPeppaPig folded before Flop (didn't bet)
Seat 2: ReneD1976 folded before Flop (didn't bet)
Seat 3: SorinS28 folded before Flop (didn't bet)
Seat 4: tukeiron (button) folded before Flop (didn't bet)
Seat 5: vadjkeee (small blind) folded before Flop
Seat 6: nikalas22 (big blind) collected ($1)



PokerStars Hand #254756619015:  Hold'em No Limit ($0.50/$1.00 USD) - 2025/02/07 22:05:35 WET [2025/02/07 17:05:35 ET]
Table 'Tama' 6-max Seat #5 is the button
Seat 1: ImaPeppaPig ($207.08 in chips) 
Seat 2: ReneD1976 ($63.38 in chips) 
Seat 3: SorinS28 ($193.87 in chips) 
Seat 4: tukeiron ($188.72 in chips) 
Seat 5: vadjkeee ($100 in chips) 
Seat 6: nikalas22 ($114.28 in chips) 
nikalas22: posts small blind $0.50
ImaPeppaPig: posts big blind $1
*** HOLE CARDS ***
ReneD1976: calls $1
SorinS28: folds 
tukeiron: raises $2.50 to $3.50
vadjkeee: folds 
nikalas22: folds 
ImaPeppaPig: folds 
ReneD1976: raises $2.50 to $6
tukeiron: calls $2.50
*** FLOP *** [6d 7s 4h]
ReneD1976: bets $7
tukeiron: folds 
Uncalled bet ($7) returned to ReneD1976
ReneD1976 collected $12.65 from pot
*** SUMMARY ***
Total pot $13.50 | Rake $0.85 
Board [6d 7s 4h]
Seat 1: ImaPeppaPig (big blind) folded before Flop
Seat 2: ReneD1976 collected ($12.65)
Seat 3: SorinS28 folded before Flop (didn't bet)
Seat 4: tukeiron folded on the Flop
Seat 5: vadjkeee (button) folded before Flop (didn't bet)
Seat 6: nikalas22 (small blind) folded before Flop



PokerStars Hand #254756633086:  Hold'em No Limit ($0.50/$1.00 USD) - 2025/02/07 22:06:21 WET [2025/02/07 17:06:21 ET]
Table 'Tama' 6-max Seat #6 is the button
Seat 1: ImaPeppaPig ($206.08 in chips) 
Seat 2: ReneD1976 ($70.03 in chips) 
Seat 3: SorinS28 ($193.87 in chips) 
Seat 4: tukeiron ($182.72 in chips) 
Seat 5: vadjkeee ($100 in chips) 
Seat 6: nikalas22 ($113.78 in chips) 
ImaPeppaPig: posts small blind $0.50
ReneD1976: posts big blind $1
*** HOLE CARDS ***
SorinS28: raises $1.02 to $2.02
tukeiron: folds 
vadjkeee: folds 
nikalas22: calls $2.02
ImaPeppaPig: folds 
ReneD1976: raises $6.02 to $8.04
SorinS28: raises $185.83 to $193.87 and is all-in
nikalas22: folds 
ReneD1976: folds 
Uncalled bet ($185.83) returned to SorinS28
SorinS28 collected $18.60 from pot
SorinS28: doesn't show hand 
*** SUMMARY ***
Total pot $18.60 | Rake $0 
Seat 1: ImaPeppaPig (small blind) folded before Flop
Seat 2: ReneD1976 (big blind) folded before Flop
Seat 3: SorinS28 collected ($18.60)
Seat 4: tukeiron folded before Flop (didn't bet)
Seat 5: vadjkeee folded before Flop (didn't bet)
Seat 6: nikalas22 (button) folded before Flop



PokerStars Hand #254756643702:  Hold'em No Limit ($0.50/$1.00 USD) - 2025/02/07 22:06:56 WET [2025/02/07 17:06:56 ET]
Table 'Tama' 6-max Seat #1 is the button
Seat 1: ImaPeppaPig ($205.58 in chips) 
Seat 2: ReneD1976 ($61.99 in chips) 
Seat 3: SorinS28 ($204.43 in chips) 
Seat 4: tukeiron ($182.72 in chips) 
Seat 5: vadjkeee ($100 in chips) 
Seat 6: nikalas22 ($111.76 in chips) 
ReneD1976: posts small blind $0.50
SorinS28: posts big blind $1
*** HOLE CARDS ***
tukeiron: folds 
vadjkeee: raises $1.50 to $2.50
nikalas22: folds 
ImaPeppaPig: folds 
ReneD1976: calls $2
SorinS28: folds 
*** FLOP *** [8c Kc 8d]
ReneD1976: checks 
vadjkeee: bets $1.43
ReneD1976: folds 
Uncalled bet ($1.43) returned to vadjkeee
vadjkeee collected $5.70 from pot
vadjkeee: doesn't show hand 
*** SUMMARY ***
Total pot $6 | Rake $0.30 
Board [8c Kc 8d]
Seat 1: ImaPeppaPig (button) folded before Flop (didn't bet)
Seat 2: ReneD1976 (small blind) folded on the Flop
Seat 3: SorinS28 (big blind) folded before Flop
Seat 4: tukeiron folded before Flop (didn't bet)
Seat 5: vadjkeee collected ($5.70)
Seat 6: nikalas22 folded before Flop (didn't bet)



PokerStars Hand #254756651829:  Hold'em No Limit ($0.50/$1.00 USD) - 2025/02/07 22:07:22 WET [2025/02/07 17:07:22 ET]
Table 'Tama' 6-max Seat #2 is the button
Seat 1: ImaPeppaPig ($205.58 in chips) 
Seat 2: ReneD1976 ($59.49 in chips) 
Seat 3: SorinS28 ($203.43 in chips) 
Seat 4: tukeiron ($182.72 in chips) 
Seat 5: vadjkeee ($103.20 in chips) 
Seat 6: nikalas22 ($111.76 in chips) 
SorinS28: posts small blind $0.50
tukeiron: posts big blind $1
*** HOLE CARDS ***
vadjkeee: folds 
nikalas22: folds 
ImaPeppaPig: raises $1.50 to $2.50
ReneD1976: raises $1.50 to $4
SorinS28: folds 
tukeiron: folds 
ImaPeppaPig: calls $1.50
*** FLOP *** [8d 6s 8s]
ImaPeppaPig: checks 
ReneD1976: bets $4.51
ImaPeppaPig: calls $4.51
*** TURN *** [8d 6s 8s] [5c]
ImaPeppaPig: checks 
ReneD1976: bets $8.80
ImaPeppaPig: calls $8.80
*** RIVER *** [8d 6s 8s 5c] [8h]
ImaPeppaPig: checks 
ReneD1976: checks 
*** SHOW DOWN ***
ImaPeppaPig: shows [6h 9h] (a full house, Eights full of Sixes)
ReneD1976: mucks hand 
ImaPeppaPig collected $34.31 from pot
*** SUMMARY ***
Total pot $36.12 | Rake $1.81 
Board [8d 6s 8s 5c 8h]
Seat 1: ImaPeppaPig showed [6h 9h] and won ($34.31) with a full house, Eights full of Sixes
Seat 2: ReneD1976 (button) mucked
Seat 3: SorinS28 (small blind) folded before Flop
Seat 4: tukeiron (big blind) folded before Flop
Seat 5: vadjkeee folded before Flop (didn't bet)
Seat 6: nikalas22 folded before Flop (didn't bet)



PokerStars Hand #254756671562:  Hold'em No Limit ($0.50/$1.00 USD) - 2025/02/07 22:08:27 WET [2025/02/07 17:08:27 ET]
Table 'Tama' 6-max Seat #3 is the button
Seat 1: ImaPeppaPig ($222.58 in chips) 
Seat 2: ReneD1976 ($42.18 in chips) 
Seat 3: SorinS28 ($202.93 in chips) 
Seat 4: tukeiron ($181.72 in chips) 
Seat 5: vadjkeee ($103.20 in chips) 
Seat 6: nikalas22 ($111.76 in chips) 
tukeiron: posts small blind $0.50
vadjkeee: posts big blind $1
*** HOLE CARDS ***
nikalas22: raises $1.20 to $2.20
ImaPeppaPig: folds 
ReneD1976: raises $1.20 to $3.40
SorinS28: raises $10.10 to $13.50
tukeiron: folds 
vadjkeee: folds 
nikalas22: folds 
ReneD1976: calls $10.10
*** FLOP *** [4c Jd Qd]
ReneD1976: checks 
SorinS28: checks 
*** TURN *** [4c Jd Qd] [3h]
ReneD1976: bets $28.68 and is all-in
SorinS28: folds 
Uncalled bet ($28.68) returned to ReneD1976
ReneD1976 collected $28.78 from pot
*** SUMMARY ***
Total pot $30.70 | Rake $1.92 
Board [4c Jd Qd 3h]
Seat 1: ImaPeppaPig folded before Flop (didn't bet)
Seat 2: ReneD1976 collected ($28.78)
Seat 3: SorinS28 (button) folded on the Turn
Seat 4: tukeiron (small blind) folded before Flop
Seat 5: vadjkeee (big blind) folded before Flop
Seat 6: nikalas22 folded before Flop



PokerStars Hand #254756690880:  Hold'em No Limit ($0.50/$1.00 USD) - 2025/02/07 22:09:31 WET [2025/02/07 17:09:31 ET]
Table 'Tama' 6-max Seat #4 is the button
Seat 1: ImaPeppaPig ($222.58 in chips) 
Seat 2: ReneD1976 ($57.46 in chips) 
Seat 3: SorinS28 ($189.43 in chips) 
Seat 4: tukeiron ($181.22 in chips) 
Seat 5: vadjkeee ($102.20 in chips) 
Seat 6: nikalas22 ($109.56 in chips) 
vadjkeee: posts small blind $0.50
nikalas22: posts big blind $1
*** HOLE CARDS ***
ImaPeppaPig: folds 
ReneD1976: folds 
SorinS28: folds 
tukeiron: raises $1.50 to $2.50
vadjkeee: folds 
nikalas22: raises $9.50 to $12
tukeiron: folds 
Uncalled bet ($9.50) returned to nikalas22
nikalas22 collected $5.50 from pot
nikalas22: doesn't show hand 
*** SUMMARY ***
Total pot $5.50 | Rake $0 
Seat 1: ImaPeppaPig folded before Flop (didn't bet)
Seat 2: ReneD1976 folded before Flop (didn't bet)
Seat 3: SorinS28 folded before Flop (didn't bet)
Seat 4: tukeiron (button) folded before Flop
Seat 5: vadjkeee (small blind) folded before Flop
Seat 6: nikalas22 (big blind) collected ($5.50)



PokerStars Hand #254756700204:  Hold'em No Limit ($0.50/$1.00 USD) - 2025/02/07 22:10:02 WET [2025/02/07 17:10:02 ET]
Table 'Tama' 6-max Seat #5 is the button
Seat 1: ImaPeppaPig ($222.58 in chips) 
Seat 2: ReneD1976 ($57.46 in chips) 
Seat 3: SorinS28 ($189.43 in chips) 
Seat 4: tukeiron ($178.72 in chips) 
Seat 5: vadjkeee ($101.70 in chips) 
Seat 6: nikalas22 ($112.56 in chips) 
nikalas22: posts small blind $0.50
ImaPeppaPig: posts big blind $1
*** HOLE CARDS ***
ReneD1976: folds 
SorinS28: folds 
tukeiron: folds 
vadjkeee: folds 
nikalas22: raises $2 to $3
ImaPeppaPig: folds 
Uncalled bet ($2) returned to nikalas22
nikalas22 collected $2 from pot
nikalas22: doesn't show hand 
*** SUMMARY ***
Total pot $2 | Rake $0 
Seat 1: ImaPeppaPig (big blind) folded before Flop
Seat 2: ReneD1976 folded before Flop (didn't bet)
Seat 3: SorinS28 folded before Flop (didn't bet)
Seat 4: tukeiron folded before Flop (didn't bet)
Seat 5: vadjkeee (button) folded before Flop (didn't bet)
Seat 6: nikalas22 (small blind) collected ($2)



PokerStars Hand #254756705202:  Hold'em No Limit ($0.50/$1.00 USD) - 2025/02/07 22:10:18 WET [2025/02/07 17:10:18 ET]
Table 'Tama' 6-max Seat #6 is the button
Seat 1: ImaPeppaPig ($221.58 in chips) 
Seat 2: ReneD1976 ($57.46 in chips) 
Seat 3: SorinS28 ($189.43 in chips) 
Seat 4: tukeiron ($178.72 in chips) 
Seat 5: vadjkeee ($101.70 in chips) 
Seat 6: nikalas22 ($113.56 in chips) 
ImaPeppaPig: posts small blind $0.50
ReneD1976: posts big blind $1
*** HOLE CARDS ***
SorinS28: folds 
tukeiron: folds 
vadjkeee: folds 
nikalas22: folds 
ImaPeppaPig: raises $2 to $3
ReneD1976: folds 
Uncalled bet ($2) returned to ImaPeppaPig
ImaPeppaPig collected $2 from pot
ImaPeppaPig: doesn't show hand 
*** SUMMARY ***
Total pot $2 | Rake $0 
Seat 1: ImaPeppaPig (small blind) collected ($2)
Seat 2: ReneD1976 (big blind) folded before Flop
Seat 3: SorinS28 folded before Flop (didn't bet)
Seat 4: tukeiron folded before Flop (didn't bet)
Seat 5: vadjkeee folded before Flop (didn't bet)
Seat 6: nikalas22 (button) folded before Flop (didn't bet)



PokerStars Hand #254756713450:  Hold'em No Limit ($0.50/$1.00 USD) - 2025/02/07 22:10:45 WET [2025/02/07 17:10:45 ET]
Table 'Tama' 6-max Seat #1 is the button
Seat 1: ImaPeppaPig ($222.58 in chips) 
Seat 2: ReneD1976 ($56.46 in chips) 
Seat 3: SorinS28 ($189.43 in chips) 
Seat 4: tukeiron ($178.72 in chips) 
Seat 5: vadjkeee ($101.70 in chips) 
Seat 6: nikalas22 ($113.56 in chips) 
ReneD1976: posts small blind $0.50
SorinS28: posts big blind $1
*** HOLE CARDS ***
tukeiron: folds 
vadjkeee: raises $1.50 to $2.50
nikalas22: folds 
ImaPeppaPig: folds 
ReneD1976: folds 
SorinS28: calls $1.50
*** FLOP *** [Ks 7h 4d]
SorinS28: checks 
vadjkeee: bets $1.62
SorinS28: calls $1.62
*** TURN *** [Ks 7h 4d] [Td]
SorinS28: checks 
vadjkeee: bets $6.23
SorinS28: folds 
Uncalled bet ($6.23) returned to vadjkeee
vadjkeee collected $8.30 from pot
vadjkeee: doesn't show hand 
*** SUMMARY ***
Total pot $8.74 | Rake $0.44 
Board [Ks 7h 4d Td]
Seat 1: ImaPeppaPig (button) folded before Flop (didn't bet)
Seat 2: ReneD1976 (small blind) folded before Flop
Seat 3: SorinS28 (big blind) folded on the Turn
Seat 4: tukeiron folded before Flop (didn't bet)
Seat 5: vadjkeee collected ($8.30)
Seat 6: nikalas22 folded before Flop (didn't bet)



PokerStars Hand #254756727493:  Hold'em No Limit ($0.50/$1.00 USD) - 2025/02/07 22:11:32 WET [2025/02/07 17:11:32 ET]
Table 'Tama' 6-max Seat #2 is the button
Seat 1: ImaPeppaPig ($222.58 in chips) 
Seat 2: ReneD1976 ($55.96 in chips) 
Seat 3: SorinS28 ($185.31 in chips) 
Seat 4: tukeiron ($178.72 in chips) 
Seat 5: vadjkeee ($105.88 in chips) 
Seat 6: nikalas22 ($113.56 in chips) 
SorinS28: posts small blind $0.50
tukeiron: posts big blind $1
*** HOLE CARDS ***
vadjkeee: raises $1.50 to $2.50
nikalas22: folds 
ImaPeppaPig: folds 
ReneD1976: calls $2.50
SorinS28: calls $2
tukeiron: folds 
*** FLOP *** [3d Jd Th]
SorinS28: checks 
vadjkeee: bets $5.09
ReneD1976: calls $5.09
SorinS28: calls $5.09
*** TURN *** [3d Jd Th] [7d]
SorinS28: checks 
vadjkeee: checks 
ReneD1976: bets $22.58
SorinS28: calls $22.58
vadjkeee: folds 
*** RIVER *** [3d Jd Th 7d] [2d]
SorinS28: bets $49.82
ReneD1976: calls $25.79 and is all-in
Uncalled bet ($24.03) returned to SorinS28
*** SHOW DOWN ***
SorinS28: shows [Ad 8d] (a flush, Ace high)
ReneD1976: shows [Td Js] (a flush, Jack high)
SorinS28 collected $118.01 from pot
*** SUMMARY ***
Total pot $120.51 | Rake $2.50 
Board [3d Jd Th 7d 2d]
Seat 1: ImaPeppaPig folded before Flop (didn't bet)
Seat 2: ReneD1976 (button) showed [Td Js] and lost with a flush, Jack high
Seat 3: SorinS28 (small blind) showed [Ad 8d] and won ($118.01) with a flush, Ace high
Seat 4: tukeiron (big blind) folded before Flop
Seat 5: vadjkeee folded on the Turn
Seat 6: nikalas22 folded before Flop (didn't bet)



PokerStars Hand #254756757414:  Hold'em No Limit ($0.50/$1.00 USD) - 2025/02/07 22:13:10 WET [2025/02/07 17:13:10 ET]
Table 'Tama' 6-max Seat #3 is the button
Seat 2: ReneD1976 ($0 in chips) is sitting out
Seat 1: ImaPeppaPig ($222.58 in chips) 
Seat 3: SorinS28 ($247.36 in chips) 
Seat 4: tukeiron ($177.72 in chips) 
Seat 5: vadjkeee ($100 in chips) 
Seat 6: nikalas22 ($113.56 in chips) 
tukeiron: posts small blind $0.50
vadjkeee: posts big blind $1
*** HOLE CARDS ***
nikalas22: raises $1.20 to $2.20
ImaPeppaPig: folds 
SorinS28: folds 
tukeiron: folds 
ReneD1976 leaves the table
vadjkeee: calls $1.20
*** FLOP *** [7h 5s 6c]
vadjkeee: checks 
nikalas22: checks 
*** TURN *** [7h 5s 6c] [Td]
vadjkeee: checks 
nikalas22: bets $1.40
vadjkeee: folds 
Uncalled bet ($1.40) returned to nikalas22
nikalas22 collected $4.66 from pot
nikalas22: doesn't show hand 
*** SUMMARY ***
Total pot $4.90 | Rake $0.24 
Board [7h 5s 6c Td]
Seat 2: ReneD1976
Seat 1: ImaPeppaPig folded before Flop (didn't bet)
Seat 3: SorinS28 (button) folded before Flop (didn't bet)
Seat 4: tukeiron (small blind) folded before Flop
Seat 5: vadjkeee (big blind) folded on the Turn
Seat 6: nikalas22 collected ($4.66)



PokerStars Hand #254756769200:  Hold'em No Limit ($0.50/$1.00 USD) - 2025/02/07 22:13:49 WET [2025/02/07 17:13:49 ET]
Table 'Tama' 6-max Seat #4 is the button
Seat 1: ImaPeppaPig ($222.58 in chips) 
Seat 3: SorinS28 ($247.36 in chips) 
Seat 4: tukeiron ($177.22 in chips) 
Seat 5: vadjkeee ($100 in chips) 
Seat 6: nikalas22 ($116.02 in chips) 
vadjkeee: posts small blind $0.50
nikalas22: posts big blind $1
*** HOLE CARDS ***
ImaPeppaPig: folds 
SorinS28: folds 
tukeiron: raises $1.50 to $2.50
vadjkeee: folds 
nikalas22: raises $9.50 to $12
tukeiron: folds 
Uncalled bet ($9.50) returned to nikalas22
nikalas22 collected $5.50 from pot
nikalas22: doesn't show hand 
*** SUMMARY ***
Total pot $5.50 | Rake $0 
Seat 1: ImaPeppaPig folded before Flop (didn't bet)
Seat 3: SorinS28 folded before Flop (didn't bet)
Seat 4: tukeiron (button) folded before Flop
Seat 5: vadjkeee (small blind) folded before Flop
Seat 6: nikalas22 (big blind) collected ($5.50)



PokerStars Hand #254756773950:  Hold'em No Limit ($0.50/$1.00 USD) - 2025/02/07 22:14:04 WET [2025/02/07 17:14:04 ET]
Table 'Tama' 6-max Seat #5 is the button
Seat 1: ImaPeppaPig ($222.58 in chips) 
Seat 3: SorinS28 ($247.36 in chips) 
Seat 4: tukeiron ($174.72 in chips) 
Seat 5: vadjkeee ($100 in chips) 
Seat 6: nikalas22 ($119.02 in chips) 
nikalas22: posts small blind $0.50
ImaPeppaPig: posts big blind $1
*** HOLE CARDS ***
SorinS28: raises $1.02 to $2.02
tukeiron: folds 
vadjkeee: raises $5.48 to $7.50
nikalas22: folds 
YeeesMan joins the table at seat #2 
ImaPeppaPig: folds 
SorinS28: folds 
Uncalled bet ($5.48) returned to vadjkeee
vadjkeee collected $5.54 from pot
vadjkeee: doesn't show hand 
*** SUMMARY ***
Total pot $5.54 | Rake $0 
Seat 1: ImaPeppaPig (big blind) folded before Flop
Seat 3: SorinS28 folded before Flop
Seat 4: tukeiron folded before Flop (didn't bet)
Seat 5: vadjkeee (button) collected ($5.54)
Seat 6: nikalas22 (small blind) folded before Flop



PokerStars Hand #254756784127:  Hold'em No Limit ($0.50/$1.00 USD) - 2025/02/07 22:14:38 WET [2025/02/07 17:14:38 ET]
Table 'Tama' 6-max Seat #6 is the button
Seat 1: ImaPeppaPig ($221.58 in chips) 
Seat 2: YeeesMan ($100 in chips) 
Seat 3: SorinS28 ($245.34 in chips) 
Seat 4: tukeiron ($174.72 in chips) 
Seat 5: vadjkeee ($103.52 in chips) 
Seat 6: nikalas22 ($118.52 in chips) 
ImaPeppaPig: posts small blind $0.50
YeeesMan: posts big blind $1
*** HOLE CARDS ***
SorinS28: folds 
tukeiron: raises $1.50 to $2.50
vadjkeee: folds 
nikalas22: folds 
ImaPeppaPig: folds 
YeeesMan: calls $1.50
*** FLOP *** [5h Js 4d]
YeeesMan: checks 
tukeiron: bets $1.04
YeeesMan: calls $1.04
*** TURN *** [5h Js 4d] [Kd]
SorinS28 leaves the table
YeeesMan: checks 
tukeiron: bets $10.80
YeeesMan: raises $21.60 to $32.40
tukeiron: folds 
Uncalled bet ($21.60) returned to YeeesMan
YeeesMan collected $27.72 from pot
YeeesMan: doesn't show hand 
*** SUMMARY ***
Total pot $29.18 | Rake $1.46 
Board [5h Js 4d Kd]
Seat 1: ImaPeppaPig (small blind) folded before Flop
Seat 2: YeeesMan (big blind) collected ($27.72)
Seat 3: SorinS28 folded before Flop (didn't bet)
Seat 4: tukeiron folded on the Turn
Seat 5: vadjkeee folded before Flop (didn't bet)
Seat 6: nikalas22 (button) folded before Flop (didn't bet)



PokerStars Hand #254756816927:  Hold'em No Limit ($0.50/$1.00 USD) - 2025/02/07 22:16:26 WET [2025/02/07 17:16:26 ET]
Table 'Tama' 6-max Seat #1 is the button
Seat 1: ImaPeppaPig ($221.08 in chips) 
Seat 2: YeeesMan ($113.38 in chips) 
Seat 4: tukeiron ($160.38 in chips) 
Seat 5: vadjkeee ($103.52 in chips) 
Seat 6: nikalas22 ($118.52 in chips) 
YeeesMan: posts small blind $0.50
tukeiron: posts big blind $1
*** HOLE CARDS ***
vadjkeee: folds 
nikalas22: raises $1.20 to $2.20
ImaPeppaPig: folds 
YeeesMan: folds 
tukeiron: folds 
Uncalled bet ($1.20) returned to nikalas22
nikalas22 collected $2.50 from pot
nikalas22: doesn't show hand 
*** SUMMARY ***
Total pot $2.50 | Rake $0 
Seat 1: ImaPeppaPig (button) folded before Flop (didn't bet)
Seat 2: YeeesMan (small blind) folded before Flop
Seat 4: tukeiron (big blind) folded before Flop
Seat 5: vadjkeee folded before Flop (didn't bet)
Seat 6: nikalas22 collected ($2.50)



PokerStars Hand #254756822695:  Hold'em No Limit ($0.50/$1.00 USD) - 2025/02/07 22:16:45 WET [2025/02/07 17:16:45 ET]
Table 'Tama' 6-max Seat #2 is the button
Seat 5: vadjkeee ($103.52 in chips) is sitting out
Seat 6: nikalas22 ($120.02 in chips) is sitting out
Seat 1: ImaPeppaPig ($221.08 in chips) 
Seat 2: YeeesMan ($112.88 in chips) 
Seat 4: tukeiron ($159.38 in chips) 
tukeiron: posts small blind $0.50
vadjkeee: is sitting out 
nikalas22: is sitting out 
ImaPeppaPig: posts big blind $1
*** HOLE CARDS ***
YeeesMan: folds 
nikalas22 leaves the table
tukeiron: raises $2 to $3
ImaPeppaPig: folds 
Uncalled bet ($2) returned to tukeiron
tukeiron collected $2 from pot
*** SUMMARY ***
Total pot $2 | Rake $0 
Seat 5: vadjkeee
Seat 6: nikalas22
Seat 1: ImaPeppaPig (big blind) folded before Flop
Seat 2: YeeesMan (button) folded before Flop (didn't bet)
Seat 4: tukeiron (small blind) collected ($2)



PokerStars Hand #254756829056:  Hold'em No Limit ($0.50/$1.00 USD) - 2025/02/07 22:17:06 WET [2025/02/07 17:17:06 ET]
Table 'Tama' 6-max Seat #1 is the button
Seat 2: YeeesMan ($112.88 in chips) is sitting out
Seat 1: ImaPeppaPig ($220.08 in chips) 
Seat 4: tukeiron ($160.38 in chips) 
ImaPeppaPig: posts small blind $0.50
vadjkeee leaves the table
YeeesMan: is sitting out 
tukeiron: posts big blind $1
*** HOLE CARDS ***
ImaPeppaPig: folds 
Uncalled bet ($0.50) returned to tukeiron
tukeiron collected $1 from pot
*** SUMMARY ***
Total pot $1 | Rake $0 
Seat 2: YeeesMan
Seat 1: ImaPeppaPig (button) (small blind) folded before Flop
Seat 4: tukeiron (big blind) collected ($1)



PokerStars Hand #254756831305:  Hold'em No Limit ($0.50/$1.00 USD) - 2025/02/07 22:17:13 WET [2025/02/07 17:17:13 ET]
Table 'Tama' 6-max Seat #4 is the button
Seat 2: YeeesMan ($112.88 in chips) is sitting out
Seat 1: ImaPeppaPig ($219.58 in chips) 
Seat 4: tukeiron ($160.88 in chips) 
tukeiron: posts small blind $0.50
ImaPeppaPig: posts big blind $1
*** HOLE CARDS ***
YeeesMan leaves the table
tukeiron: folds 
Uncalled bet ($0.50) returned to ImaPeppaPig
ImaPeppaPig collected $1 from pot
ImaPeppaPig: doesn't show hand 
tukeiron leaves the table
*** SUMMARY ***
Total pot $1 | Rake $0 
Seat 2: YeeesMan
Seat 1: ImaPeppaPig (big blind) collected ($1)
Seat 4: tukeiron (button) (small blind) folded before Flop



PokerStars Hand #254757578761:  Hold'em No Limit ($0.50/$1.00 USD) - 2025/02/07 23:00:35 WET [2025/02/07 18:00:35 ET]
Table 'Tama' 6-max Seat #5 is the button
Seat 4: XneferX ($100 in chips) is sitting out
Seat 1: Sadyhov V.V. ($100 in chips) 
Seat 5: YeeesMan ($100 in chips) 
YeeesMan: posts small blind $0.50
Sadyhov V.V.: posts big blind $1
*** HOLE CARDS ***
YeeesMan: raises $1.50 to $2.50
Sadyhov V.V.: folds 
Uncalled bet ($1.50) returned to YeeesMan
YeeesMan collected $2 from pot
YeeesMan: doesn't show hand 
*** SUMMARY ***
Total pot $2 | Rake $0 
Seat 4: XneferX
Seat 1: Sadyhov V.V. (big blind) folded before Flop
Seat 5: YeeesMan (button) (small blind) collected ($2)



PokerStars Hand #254757581691:  Hold'em No Limit ($0.50/$1.00 USD) - 2025/02/07 23:00:47 WET [2025/02/07 18:00:47 ET]
Table 'Tama' 6-max Seat #5 is the button
Seat 1: Sadyhov V.V. ($100 in chips) 
Seat 4: XneferX ($100 in chips) 
Seat 5: YeeesMan ($101 in chips) 
Sadyhov V.V.: posts small blind $0.50
XneferX: posts big blind $1
*** HOLE CARDS ***
YeeesMan: folds 
Sadyhov V.V.: calls $0.50
XneferX: checks 
*** FLOP *** [2h Ah 7s]
Sadyhov V.V.: bets $1
XneferX: folds 
Uncalled bet ($1) returned to Sadyhov V.V.
Sadyhov V.V. collected $1.90 from pot
Sadyhov V.V.: doesn't show hand 
*** SUMMARY ***
Total pot $2 | Rake $0.10 
Board [2h Ah 7s]
Seat 1: Sadyhov V.V. (small blind) collected ($1.90)
Seat 4: XneferX (big blind) folded on the Flop
Seat 5: YeeesMan (button) folded before Flop (didn't bet)



PokerStars Hand #254757592928:  Hold'em No Limit ($0.50/$1.00 USD) - 2025/02/07 23:01:31 WET [2025/02/07 18:01:31 ET]
Table 'Tama' 6-max Seat #1 is the button
Seat 1: Sadyhov V.V. ($100.90 in chips) 
Seat 4: XneferX ($100 in chips) 
Seat 5: YeeesMan ($101 in chips) 
XneferX: posts small blind $0.50
YeeesMan: posts big blind $1
*** HOLE CARDS ***
Sadyhov V.V.: folds 
XneferX: folds 
Uncalled bet ($0.50) returned to YeeesMan
YeeesMan collected $1 from pot
YeeesMan: doesn't show hand 
*** SUMMARY ***
Total pot $1 | Rake $0 
Seat 1: Sadyhov V.V. (button) folded before Flop (didn't bet)
Seat 4: XneferX (small blind) folded before Flop
Seat 5: YeeesMan (big blind) collected ($1)



PokerStars Hand #254757615569:  Hold'em No Limit ($0.50/$1.00 USD) - 2025/02/07 23:02:50 WET [2025/02/07 18:02:50 ET]
Table 'Tama' 6-max Seat #3 is the button
Seat 1: Sadyhov V.V. ($100.90 in chips) is sitting out
Seat 3: nikalas22 ($100 in chips) 
Seat 5: YeeesMan ($101.50 in chips) 
nikalas22: posts small blind $0.50
YeeesMan: posts big blind $1
*** HOLE CARDS ***
nikalas22: folds 
Uncalled bet ($0.50) returned to YeeesMan
YeeesMan collected $1 from pot
YeeesMan: doesn't show hand 
*** SUMMARY ***
Total pot $1 | Rake $0 
Seat 1: Sadyhov V.V.
Seat 3: nikalas22 (button) (small blind) folded before Flop
Seat 5: YeeesMan (big blind) collected ($1)



PokerStars Hand #254757618679:  Hold'em No Limit ($0.50/$1.00 USD) - 2025/02/07 23:03:01 WET [2025/02/07 18:03:01 ET]
Table 'Tama' 6-max Seat #5 is the button
Seat 1: Sadyhov V.V. ($100.90 in chips) is sitting out
Seat 3: nikalas22 ($100 in chips) 
Seat 5: YeeesMan ($102 in chips) 
YeeesMan: posts small blind $0.50
nikalas22: posts big blind $1
*** HOLE CARDS ***
YeeesMan: folds 
Uncalled bet ($0.50) returned to nikalas22
nikalas22 collected $1 from pot
nikalas22: doesn't show hand 
*** SUMMARY ***
Total pot $1 | Rake $0 
Seat 1: Sadyhov V.V.
Seat 3: nikalas22 (big blind) collected ($1)
Seat 5: YeeesMan (button) (small blind) folded before Flop



PokerStars Hand #254757621125:  Hold'em No Limit ($0.50/$1.00 USD) - 2025/02/07 23:03:09 WET [2025/02/07 18:03:09 ET]
Table 'Tama' 6-max Seat #3 is the button
Seat 1: Sadyhov V.V. ($100.90 in chips) is sitting out
Seat 3: nikalas22 ($100.50 in chips) 
Seat 5: YeeesMan ($101.50 in chips) 
nikalas22: posts small blind $0.50
YeeesMan: posts big blind $1
*** HOLE CARDS ***
nikalas22: raises $1.20 to $2.20
andutu34 joins the table at seat #4 
blackclan7 joins the table at seat #2 
phbasso joins the table at seat #6 
phbasso is disconnected 
YeeesMan has timed out
YeeesMan: folds 
Uncalled bet ($1.20) returned to nikalas22
nikalas22 collected $2 from pot
nikalas22: doesn't show hand 
*** SUMMARY ***
Total pot $2 | Rake $0 
Seat 1: Sadyhov V.V.
Seat 3: nikalas22 (button) (small blind) collected ($2)
Seat 5: YeeesMan (big blind) folded before Flop



PokerStars Hand #254757634768:  Hold'em No Limit ($0.50/$1.00 USD) - 2025/02/07 23:03:57 WET [2025/02/07 18:03:57 ET]
Table 'Tama' 6-max Seat #4 is the button
Seat 5: YeeesMan ($100.50 in chips) is sitting out
Seat 1: Sadyhov V.V. ($100.90 in chips) 
Seat 2: blackclan7 ($100 in chips) 
Seat 3: nikalas22 ($101.50 in chips) 
Seat 4: andutu34 ($100 in chips) 
Seat 6: phbasso ($40 in chips) 
phbasso: posts small blind $0.50
Sadyhov V.V.: posts big blind $1
*** HOLE CARDS ***
blackclan7: folds 
nikalas22: folds 
andutu34: raises $1.49 to $2.49
phbasso: folds 
Sadyhov V.V.: calls $1.49
*** FLOP *** [Qd 3h 8h]
Sadyhov V.V.: checks 
andutu34: bets $1.72
Sadyhov V.V.: calls $1.72
*** TURN *** [Qd 3h 8h] [2s]
Sadyhov V.V.: checks 
andutu34: bets $12.71
Sadyhov V.V.: folds 
Uncalled bet ($12.71) returned to andutu34
andutu34 collected $8.47 from pot
andutu34: doesn't show hand 
*** SUMMARY ***
Total pot $8.92 | Rake $0.45 
Board [Qd 3h 8h 2s]
Seat 5: YeeesMan
Seat 1: Sadyhov V.V. (big blind) folded on the Turn
Seat 2: blackclan7 folded before Flop (didn't bet)
Seat 3: nikalas22 folded before Flop (didn't bet)
Seat 4: andutu34 (button) collected ($8.47)
Seat 6: phbasso (small blind) folded before Flop



PokerStars Hand #254757647417:  Hold'em No Limit ($0.50/$1.00 USD) - 2025/02/07 23:04:42 WET [2025/02/07 18:04:42 ET]
Table 'Tama' 6-max Seat #6 is the button
Seat 5: YeeesMan ($100.50 in chips) is sitting out
Seat 1: Sadyhov V.V. ($100 in chips) 
Seat 2: blackclan7 ($100 in chips) 
Seat 3: nikalas22 ($101.50 in chips) 
Seat 4: andutu34 ($104.26 in chips) 
Seat 6: phbasso ($39.50 in chips) 
Sadyhov V.V.: posts small blind $0.50
blackclan7: posts big blind $1
YeeesMan: sits out 
*** HOLE CARDS ***
nikalas22: folds 
andutu34: folds 
phbasso: raises $4 to $5
Sadyhov V.V.: folds 
blackclan7: calls $4
*** FLOP *** [3d 7s 6d]
blackclan7: checks 
phbasso: bets $9.98
blackclan7: calls $9.98
*** TURN *** [3d 7s 6d] [Ah]
blackclan7: checks 
phbasso: bets $14.47
blackclan7: raises $70.55 to $85.02 and is all-in
phbasso: calls $10.05 and is all-in
Uncalled bet ($60.50) returned to blackclan7
*** RIVER *** [3d 7s 6d Ah] [3c]
*** SHOW DOWN ***
blackclan7: shows [Ad Qd] (two pair, Aces and Threes)
phbasso: shows [9c Ac] (two pair, Aces and Threes - lower kicker)
blackclan7 cashed out the hand for $72.03 | Cash Out Fee $1.47
*** SUMMARY ***
Total pot $79.50 | Rake $2.50 
Board [3d 7s 6d Ah 3c]
Seat 5: YeeesMan
Seat 1: Sadyhov V.V. (small blind) folded before Flop
Seat 2: blackclan7 (big blind) showed [Ad Qd] and won ($77) with two pair, Aces and Threes (pot not awarded as player cashed out)
Seat 3: nikalas22 folded before Flop (didn't bet)
Seat 4: andutu34 folded before Flop (didn't bet)
Seat 6: phbasso (button) showed [9c Ac] and lost with two pair, Aces and Threes



PokerStars Hand #254757663053:  Hold'em No Limit ($0.50/$1.00 USD) - 2025/02/07 23:05:38 WET [2025/02/07 18:05:38 ET]
Table 'Tama' 6-max Seat #1 is the button
Seat 5: YeeesMan ($100.50 in chips) is sitting out
Seat 6: phbasso ($0 in chips) is sitting out
Seat 1: Sadyhov V.V. ($100 in chips) 
Seat 2: blackclan7 ($132.53 in chips) 
Seat 3: nikalas22 ($101.50 in chips) 
Seat 4: andutu34 ($104.26 in chips) 
blackclan7: posts small blind $0.50
nikalas22: posts big blind $1
YeeesMan: sits out 
*** HOLE CARDS ***
andutu34: folds 
phbasso is disconnected 
Sadyhov V.V.: raises $1.20 to $2.20
blackclan7: raises $8.10 to $10.30
nikalas22: folds 
Sadyhov V.V.: folds 
Uncalled bet ($8.10) returned to blackclan7
blackclan7 collected $5.40 from pot
blackclan7: doesn't show hand 
*** SUMMARY ***
Total pot $5.40 | Rake $0 
Seat 5: YeeesMan
Seat 6: phbasso
Seat 1: Sadyhov V.V. (button) folded before Flop
Seat 2: blackclan7 (small blind) collected ($5.40)
Seat 3: nikalas22 (big blind) folded before Flop
Seat 4: andutu34 folded before Flop (didn't bet)



PokerStars Hand #254757671914:  Hold'em No Limit ($0.50/$1.00 USD) - 2025/02/07 23:06:09 WET [2025/02/07 18:06:09 ET]
Table 'Tama' 6-max Seat #2 is the button
Seat 5: YeeesMan ($100.50 in chips) is sitting out
Seat 6: phbasso ($0 in chips) is sitting out
Seat 1: Sadyhov V.V. ($100 in chips) 
Seat 2: blackclan7 ($135.73 in chips) 
Seat 3: nikalas22 ($100.50 in chips) 
Seat 4: andutu34 ($104.26 in chips) 
nikalas22: posts small blind $0.50
andutu34: posts big blind $1
YeeesMan: sits out 
*** HOLE CARDS ***
Sadyhov V.V.: folds 
blackclan7: folds 
nikalas22: folds 
Uncalled bet ($0.50) returned to andutu34
andutu34 collected $1 from pot
andutu34: doesn't show hand 
*** SUMMARY ***
Total pot $1 | Rake $0 
Seat 5: YeeesMan
Seat 6: phbasso
Seat 1: Sadyhov V.V. folded before Flop (didn't bet)
Seat 2: blackclan7 (button) folded before Flop (didn't bet)
Seat 3: nikalas22 (small blind) folded before Flop
Seat 4: andutu34 (big blind) collected ($1)



PokerStars Hand #254757674790:  Hold'em No Limit ($0.50/$1.00 USD) - 2025/02/07 23:06:20 WET [2025/02/07 18:06:20 ET]
Table 'Tama' 6-max Seat #3 is the button
Seat 6: phbasso ($0 in chips) is sitting out
Seat 1: Sadyhov V.V. ($100 in chips) 
Seat 2: blackclan7 ($135.73 in chips) 
Seat 3: nikalas22 ($100 in chips) 
Seat 4: andutu34 ($104.76 in chips) 
Seat 5: YeeesMan ($100.50 in chips) 
andutu34: posts small blind $0.50
YeeesMan: posts big blind $1
*** HOLE CARDS ***
Sadyhov V.V.: folds 
blackclan7: folds 
nikalas22: folds 
andutu34: folds 
Uncalled bet ($0.50) returned to YeeesMan
YeeesMan collected $1 from pot
YeeesMan: doesn't show hand 
*** SUMMARY ***
Total pot $1 | Rake $0 
Seat 6: phbasso
Seat 1: Sadyhov V.V. folded before Flop (didn't bet)
Seat 2: blackclan7 folded before Flop (didn't bet)
Seat 3: nikalas22 (button) folded before Flop (didn't bet)
Seat 4: andutu34 (small blind) folded before Flop
Seat 5: YeeesMan (big blind) collected ($1)



PokerStars Hand #254757680641:  Hold'em No Limit ($0.50/$1.00 USD) - 2025/02/07 23:06:41 WET [2025/02/07 18:06:41 ET]
Table 'Tama' 6-max Seat #4 is the button
Seat 6: phbasso ($0 in chips) is sitting out
Seat 1: Sadyhov V.V. ($100 in chips) 
Seat 2: blackclan7 ($135.73 in chips) 
Seat 3: nikalas22 ($100 in chips) 
Seat 4: andutu34 ($104.26 in chips) 
Seat 5: YeeesMan ($101 in chips) 
YeeesMan: posts small blind $0.50
Sadyhov V.V.: posts big blind $1
*** HOLE CARDS ***
blackclan7: folds 
nikalas22: raises $1.20 to $2.20
andutu34: folds 
blackclan7 leaves the table
YeeesMan: folds 
Sadyhov V.V.: folds 
Uncalled bet ($1.20) returned to nikalas22
nikalas22 collected $2.50 from pot
nikalas22: doesn't show hand 
*** SUMMARY ***
Total pot $2.50 | Rake $0 
Seat 6: phbasso
Seat 1: Sadyhov V.V. (big blind) folded before Flop
Seat 2: blackclan7 folded before Flop (didn't bet)
Seat 3: nikalas22 collected ($2.50)
Seat 4: andutu34 (button) folded before Flop (didn't bet)
Seat 5: YeeesMan (small blind) folded before Flop



PokerStars Hand #254757686608:  Hold'em No Limit ($0.50/$1.00 USD) - 2025/02/07 23:07:02 WET [2025/02/07 18:07:02 ET]
Table 'Tama' 6-max Seat #5 is the button
Seat 6: phbasso ($0 in chips) is sitting out
Seat 1: Sadyhov V.V. ($100 in chips) 
Seat 3: nikalas22 ($101.50 in chips) 
Seat 4: andutu34 ($104.26 in chips) 
Seat 5: YeeesMan ($100.50 in chips) 
Sadyhov V.V.: posts small blind $0.50
nikalas22: posts big blind $1
*** HOLE CARDS ***
andutu34: folds 
NE0FLY joins the table at seat #2 
YeeesMan has timed out
YeeesMan: folds 
Sadyhov V.V.: folds 
Uncalled bet ($0.50) returned to nikalas22
nikalas22 collected $1 from pot
nikalas22: doesn't show hand 
*** SUMMARY ***
Total pot $1 | Rake $0 
Seat 6: phbasso
Seat 1: Sadyhov V.V. (small blind) folded before Flop
Seat 3: nikalas22 (big blind) collected ($1)
Seat 4: andutu34 folded before Flop (didn't bet)
Seat 5: YeeesMan (button) folded before Flop (didn't bet)



PokerStars Hand #254757692503:  Hold'em No Limit ($0.50/$1.00 USD) - 2025/02/07 23:07:23 WET [2025/02/07 18:07:23 ET]
Table 'Tama' 6-max Seat #3 is the button
Seat 2: NE0FLY ($76.46 in chips) is sitting out
Seat 4: andutu34 ($104.26 in chips) is sitting out
Seat 5: YeeesMan ($100.50 in chips) is sitting out
Seat 6: phbasso ($0 in chips) is sitting out
Seat 1: Sadyhov V.V. ($100 in chips) 
Seat 3: nikalas22 ($102 in chips) 
nikalas22: posts small blind $0.50
andutu34: is sitting out 
Sadyhov V.V.: posts big blind $1
*** HOLE CARDS ***
nikalas22: raises $1.20 to $2.20
Sadyhov V.V.: calls $1.20
*** FLOP *** [6d Ac 9d]
Sadyhov V.V.: checks 
nikalas22: checks 
*** TURN *** [6d Ac 9d] [6h]
Sadyhov V.V.: checks 
nikalas22: checks 
*** RIVER *** [6d Ac 9d 6h] [Jh]
Sadyhov V.V.: checks 
nikalas22: checks 
*** SHOW DOWN ***
Sadyhov V.V.: shows [9s Td] (two pair, Nines and Sixes)
nikalas22: mucks hand 
Sadyhov V.V. collected $4.18 from pot
*** SUMMARY ***
Total pot $4.40 | Rake $0.22 
Board [6d Ac 9d 6h Jh]
Seat 2: NE0FLY
Seat 4: andutu34
Seat 5: YeeesMan
Seat 6: phbasso
Seat 1: Sadyhov V.V. (big blind) showed [9s Td] and won ($4.18) with two pair, Nines and Sixes
Seat 3: nikalas22 (button) (small blind) mucked



PokerStars Hand #254757702420:  Hold'em No Limit ($0.50/$1.00 USD) - 2025/02/07 23:07:58 WET [2025/02/07 18:07:58 ET]
Table 'Tama' 6-max Seat #1 is the button
Seat 2: NE0FLY ($76.46 in chips) is sitting out
Seat 6: phbasso ($0 in chips) is sitting out
Seat 1: Sadyhov V.V. ($101.98 in chips) 
Seat 3: nikalas22 ($100 in chips) 
Seat 4: andutu34 ($104.26 in chips) 
Seat 5: YeeesMan ($100.50 in chips) 
nikalas22: posts small blind $0.50
andutu34: posts big blind $1
YeeesMan: posts big blind $1
*** HOLE CARDS ***
YeeesMan: checks 
Sadyhov V.V.: folds 
nikalas22: folds 
andutu34: checks 
*** FLOP *** [4c 2c Qh]
andutu34: bets $1.79
YeeesMan: folds 
Uncalled bet ($1.79) returned to andutu34
andutu34 collected $2.38 from pot
andutu34: doesn't show hand 
*** SUMMARY ***
Total pot $2.50 | Rake $0.12 
Board [4c 2c Qh]
Seat 2: NE0FLY
Seat 6: phbasso
Seat 1: Sadyhov V.V. (button) folded before Flop (didn't bet)
Seat 3: nikalas22 (small blind) folded before Flop
Seat 4: andutu34 (big blind) collected ($2.38)
Seat 5: YeeesMan folded on the Flop (didn't bet)



PokerStars Hand #254757709024:  Hold'em No Limit ($0.50/$1.00 USD) - 2025/02/07 23:08:21 WET [2025/02/07 18:08:21 ET]
Table 'Tama' 6-max Seat #3 is the button
Seat 6: phbasso ($0 in chips) is sitting out
Seat 1: Sadyhov V.V. ($101.98 in chips) 
Seat 2: NE0FLY ($76.46 in chips) 
Seat 3: nikalas22 ($100 in chips) 
Seat 4: andutu34 ($105.64 in chips) 
Seat 5: YeeesMan ($100 in chips) 
andutu34: posts small blind $0.50
YeeesMan: posts big blind $1
NE0FLY: posts small & big blinds $1.50
*** HOLE CARDS ***
Sadyhov V.V.: raises $1.20 to $2.20
NE0FLY: folds 
nikalas22: folds 
andutu34: folds 
YeeesMan: folds 
Uncalled bet ($1.20) returned to Sadyhov V.V.
Sadyhov V.V. collected $4 from pot
Sadyhov V.V.: doesn't show hand 
*** SUMMARY ***
Total pot $4 | Rake $0 
Seat 6: phbasso
Seat 1: Sadyhov V.V. collected ($4)
Seat 2: NE0FLY folded before Flop (didn't bet)
Seat 3: nikalas22 (button) folded before Flop (didn't bet)
Seat 4: andutu34 (small blind) folded before Flop
Seat 5: YeeesMan (big blind) folded before Flop



PokerStars Hand #254757715687:  Hold'em No Limit ($0.50/$1.00 USD) - 2025/02/07 23:08:45 WET [2025/02/07 18:08:45 ET]
Table 'Tama' 6-max Seat #4 is the button
Seat 6: phbasso ($0 in chips) is sitting out
Seat 1: Sadyhov V.V. ($104.98 in chips) 
Seat 2: NE0FLY ($74.96 in chips) 
Seat 3: nikalas22 ($100 in chips) 
Seat 4: andutu34 ($105.14 in chips) 
Seat 5: YeeesMan ($100 in chips) 
YeeesMan: posts small blind $0.50
Sadyhov V.V.: posts big blind $1
*** HOLE CARDS ***
NE0FLY: raises $1 to $2
nikalas22: folds 
andutu34: folds 
YeeesMan: folds 
Sadyhov V.V.: calls $1
*** FLOP *** [5d Ks Tc]
Sadyhov V.V.: checks 
NE0FLY: checks 
*** TURN *** [5d Ks Tc] [3d]
Sadyhov V.V.: bets $1.41
NE0FLY: calls $1.41
*** RIVER *** [5d Ks Tc 3d] [6d]
Sadyhov V.V.: bets $3.82
NE0FLY: folds 
Uncalled bet ($3.82) returned to Sadyhov V.V.
Sadyhov V.V. collected $6.95 from pot
Sadyhov V.V.: doesn't show hand 
*** SUMMARY ***
Total pot $7.32 | Rake $0.37 
Board [5d Ks Tc 3d 6d]
Seat 6: phbasso
Seat 1: Sadyhov V.V. (big blind) collected ($6.95)
Seat 2: NE0FLY folded on the River
Seat 3: nikalas22 folded before Flop (didn't bet)
Seat 4: andutu34 (button) folded before Flop (didn't bet)
Seat 5: YeeesMan (small blind) folded before Flop



PokerStars Hand #254757727291:  Hold'em No Limit ($0.50/$1.00 USD) - 2025/02/07 23:09:25 WET [2025/02/07 18:09:25 ET]
Table 'Tama' 6-max Seat #5 is the button
Seat 6: phbasso ($0 in chips) is sitting out
Seat 1: Sadyhov V.V. ($108.52 in chips) 
Seat 2: NE0FLY ($71.55 in chips) 
Seat 3: nikalas22 ($100 in chips) 
Seat 4: andutu34 ($105.14 in chips) 
Seat 5: YeeesMan ($100 in chips) 
Sadyhov V.V.: posts small blind $0.50
NE0FLY: posts big blind $1
*** HOLE CARDS ***
nikalas22: raises $1.20 to $2.20
andutu34: folds 
YeeesMan: folds 
Sadyhov V.V.: folds 
NE0FLY: raises $3.20 to $5.40
nikalas22: folds 
Uncalled bet ($3.20) returned to NE0FLY
NE0FLY collected $4.90 from pot
NE0FLY: doesn't show hand 
*** SUMMARY ***
Total pot $4.90 | Rake $0 
Seat 6: phbasso
Seat 1: Sadyhov V.V. (small blind) folded before Flop
Seat 2: NE0FLY (big blind) collected ($4.90)
Seat 3: nikalas22 folded before Flop
Seat 4: andutu34 folded before Flop (didn't bet)
Seat 5: YeeesMan (button) folded before Flop (didn't bet)



PokerStars Hand #254757734945:  Hold'em No Limit ($0.50/$1.00 USD) - 2025/02/07 23:09:52 WET [2025/02/07 18:09:52 ET]
Table 'Tama' 6-max Seat #1 is the button
Seat 6: phbasso ($0 in chips) is sitting out
Seat 1: Sadyhov V.V. ($108.02 in chips) 
Seat 2: NE0FLY ($74.25 in chips) 
Seat 3: nikalas22 ($100 in chips) 
Seat 4: andutu34 ($105.14 in chips) 
Seat 5: YeeesMan ($100 in chips) 
NE0FLY: posts small blind $0.50
nikalas22: posts big blind $1
*** HOLE CARDS ***
andutu34: raises $1 to $2
YeeesMan: folds 
Sadyhov V.V.: folds 
NE0FLY: calls $1.50
nikalas22: folds 
*** FLOP *** [4s Jd 2d]
NE0FLY: checks 
andutu34: checks 
*** TURN *** [4s Jd 2d] [6h]
NE0FLY: checks 
andutu34: checks 
*** RIVER *** [4s Jd 2d 6h] [7c]
NE0FLY: bets $2.38
andutu34: calls $2.38
*** SHOW DOWN ***
NE0FLY: shows [8h Kh] (high card King)
andutu34: shows [7h 9h] (a pair of Sevens)
andutu34 collected $9.27 from pot
*** SUMMARY ***
Total pot $9.76 | Rake $0.49 
Board [4s Jd 2d 6h 7c]
Seat 6: phbasso
Seat 1: Sadyhov V.V. (button) folded before Flop (didn't bet)
Seat 2: NE0FLY (small blind) showed [8h Kh] and lost with high card King
Seat 3: nikalas22 (big blind) folded before Flop
Seat 4: andutu34 showed [7h 9h] and won ($9.27) with a pair of Sevens
Seat 5: YeeesMan folded before Flop (didn't bet)



PokerStars Hand #254757749246:  Hold'em No Limit ($0.50/$1.00 USD) - 2025/02/07 23:10:42 WET [2025/02/07 18:10:42 ET]
Table 'Tama' 6-max Seat #2 is the button
Seat 6: phbasso ($0 in chips) is sitting out
Seat 1: Sadyhov V.V. ($108.02 in chips) 
Seat 2: NE0FLY ($69.87 in chips) 
Seat 3: nikalas22 ($100 in chips) 
Seat 4: andutu34 ($110.03 in chips) 
Seat 5: YeeesMan ($100 in chips) 
nikalas22: posts small blind $0.50
andutu34: posts big blind $1
*** HOLE CARDS ***
YeeesMan: folds 
Sadyhov V.V.: folds 
NE0FLY: folds 
nikalas22: raises $2 to $3
andutu34: folds 
Uncalled bet ($2) returned to nikalas22
nikalas22 collected $2 from pot
nikalas22: doesn't show hand 
*** SUMMARY ***
Total pot $2 | Rake $0 
Seat 6: phbasso
Seat 1: Sadyhov V.V. folded before Flop (didn't bet)
Seat 2: NE0FLY (button) folded before Flop (didn't bet)
Seat 3: nikalas22 (small blind) collected ($2)
Seat 4: andutu34 (big blind) folded before Flop
Seat 5: YeeesMan folded before Flop (didn't bet)



PokerStars Hand #254757754911:  Hold'em No Limit ($0.50/$1.00 USD) - 2025/02/07 23:11:02 WET [2025/02/07 18:11:02 ET]
Table 'Tama' 6-max Seat #3 is the button
Seat 6: phbasso ($0 in chips) is sitting out
Seat 1: Sadyhov V.V. ($108.02 in chips) 
Seat 2: NE0FLY ($69.87 in chips) 
Seat 3: nikalas22 ($101 in chips) 
Seat 4: andutu34 ($109.03 in chips) 
Seat 5: YeeesMan ($100 in chips) 
andutu34: posts small blind $0.50
YeeesMan: posts big blind $1
*** HOLE CARDS ***
Sadyhov V.V.: raises $1.20 to $2.20
NE0FLY: folds 
nikalas22: folds 
andutu34: folds 
YeeesMan: calls $1.20
*** FLOP *** [8s Qd 9s]
YeeesMan: checks 
Sadyhov V.V.: checks 
*** TURN *** [8s Qd 9s] [2s]
YeeesMan: bets $3.50
Sadyhov V.V.: raises $6.41 to $9.91
YeeesMan: folds 
Uncalled bet ($6.41) returned to Sadyhov V.V.
Sadyhov V.V. collected $11.30 from pot
Sadyhov V.V.: doesn't show hand 
*** SUMMARY ***
Total pot $11.90 | Rake $0.60 
Board [8s Qd 9s 2s]
Seat 6: phbasso
Seat 1: Sadyhov V.V. collected ($11.30)
Seat 2: NE0FLY folded before Flop (didn't bet)
Seat 3: nikalas22 (button) folded before Flop (didn't bet)
Seat 4: andutu34 (small blind) folded before Flop
Seat 5: YeeesMan (big blind) folded on the Turn



PokerStars Hand #254757776798:  Hold'em No Limit ($0.50/$1.00 USD) - 2025/02/07 23:12:19 WET [2025/02/07 18:12:19 ET]
Table 'Tama' 6-max Seat #4 is the button
Seat 6: phbasso ($0 in chips) is sitting out
Seat 1: Sadyhov V.V. ($113.62 in chips) 
Seat 2: NE0FLY ($69.87 in chips) 
Seat 3: nikalas22 ($101 in chips) 
Seat 4: andutu34 ($108.53 in chips) 
Seat 5: YeeesMan ($100 in chips) 
YeeesMan: posts small blind $0.50
Sadyhov V.V.: posts big blind $1
*** HOLE CARDS ***
NE0FLY: folds 
nikalas22: folds 
andutu34: folds 
YeeesMan: folds 
Uncalled bet ($0.50) returned to Sadyhov V.V.
Sadyhov V.V. collected $1 from pot
Sadyhov V.V.: doesn't show hand 
*** SUMMARY ***
Total pot $1 | Rake $0 
Seat 6: phbasso
Seat 1: Sadyhov V.V. (big blind) collected ($1)
Seat 2: NE0FLY folded before Flop (didn't bet)
Seat 3: nikalas22 folded before Flop (didn't bet)
Seat 4: andutu34 (button) folded before Flop (didn't bet)
Seat 5: YeeesMan (small blind) folded before Flop



PokerStars Hand #254757781083:  Hold'em No Limit ($0.50/$1.00 USD) - 2025/02/07 23:12:35 WET [2025/02/07 18:12:35 ET]
Table 'Tama' 6-max Seat #5 is the button
Seat 6: phbasso ($0 in chips) is sitting out
Seat 1: Sadyhov V.V. ($114.12 in chips) 
Seat 2: NE0FLY ($69.87 in chips) 
Seat 3: nikalas22 ($101 in chips) 
Seat 4: andutu34 ($108.53 in chips) 
Seat 5: YeeesMan ($100 in chips) 
Sadyhov V.V.: posts small blind $0.50
NE0FLY: posts big blind $1
*** HOLE CARDS ***
nikalas22: folds 
andutu34: folds 
YeeesMan: raises $1.50 to $2.50
Sadyhov V.V.: folds 
NE0FLY: calls $1.50
*** FLOP *** [3s 9h Js]
NE0FLY: checks 
YeeesMan: checks 
*** TURN *** [3s 9h Js] [Ac]
NE0FLY: checks 
YeeesMan: checks 
*** RIVER *** [3s 9h Js Ac] [Ts]
NE0FLY: bets $2.61
YeeesMan: raises $8.22 to $10.83
NE0FLY: calls $8.22
*** SHOW DOWN ***
YeeesMan: shows [9s 8h] (a pair of Nines)
NE0FLY: shows [Th Jh] (two pair, Jacks and Tens)
NE0FLY collected $25.80 from pot
*** SUMMARY ***
Total pot $27.16 | Rake $1.36 
Board [3s 9h Js Ac Ts]
Seat 6: phbasso
Seat 1: Sadyhov V.V. (small blind) folded before Flop
Seat 2: NE0FLY (big blind) showed [Th Jh] and won ($25.80) with two pair, Jacks and Tens
Seat 3: nikalas22 folded before Flop (didn't bet)
Seat 4: andutu34 folded before Flop (didn't bet)
Seat 5: YeeesMan (button) showed [9s 8h] and lost with a pair of Nines



PokerStars Hand #254757797238:  Hold'em No Limit ($0.50/$1.00 USD) - 2025/02/07 23:13:32 WET [2025/02/07 18:13:32 ET]
Table 'Tama' 6-max Seat #1 is the button
Seat 6: phbasso ($0 in chips) is sitting out
Seat 1: Sadyhov V.V. ($113.62 in chips) 
Seat 2: NE0FLY ($82.34 in chips) 
Seat 3: nikalas22 ($101 in chips) 
Seat 4: andutu34 ($108.53 in chips) 
Seat 5: YeeesMan ($100 in chips) 
NE0FLY: posts small blind $0.50
nikalas22: posts big blind $1
*** HOLE CARDS ***
andutu34: folds 
YeeesMan: folds 
Sadyhov V.V.: raises $1.20 to $2.20
NE0FLY: folds 
nikalas22: folds 
Uncalled bet ($1.20) returned to Sadyhov V.V.
Sadyhov V.V. collected $2.50 from pot
Sadyhov V.V.: doesn't show hand 
*** SUMMARY ***
Total pot $2.50 | Rake $0 
Seat 6: phbasso
Seat 1: Sadyhov V.V. (button) collected ($2.50)
Seat 2: NE0FLY (small blind) folded before Flop
Seat 3: nikalas22 (big blind) folded before Flop
Seat 4: andutu34 folded before Flop (didn't bet)
Seat 5: YeeesMan folded before Flop (didn't bet)



PokerStars Hand #254757801801:  Hold'em No Limit ($0.50/$1.00 USD) - 2025/02/07 23:13:48 WET [2025/02/07 18:13:48 ET]
Table 'Tama' 6-max Seat #2 is the button
Seat 6: phbasso ($0 in chips) is sitting out
Seat 1: Sadyhov V.V. ($115.12 in chips) 
Seat 2: NE0FLY ($81.84 in chips) 
Seat 3: nikalas22 ($100 in chips) 
Seat 4: andutu34 ($108.53 in chips) 
Seat 5: YeeesMan ($100 in chips) 
nikalas22: posts small blind $0.50
andutu34: posts big blind $1
*** HOLE CARDS ***
YeeesMan: folds 
Sadyhov V.V.: folds 
NE0FLY: folds 
nikalas22: folds 
Uncalled bet ($0.50) returned to andutu34
andutu34 collected $1 from pot
andutu34: doesn't show hand 
*** SUMMARY ***
Total pot $1 | Rake $0 
Seat 6: phbasso
Seat 1: Sadyhov V.V. folded before Flop (didn't bet)
Seat 2: NE0FLY (button) folded before Flop (didn't bet)
Seat 3: nikalas22 (small blind) folded before Flop
Seat 4: andutu34 (big blind) collected ($1)
Seat 5: YeeesMan folded before Flop (didn't bet)



PokerStars Hand #254757805851:  Hold'em No Limit ($0.50/$1.00 USD) - 2025/02/07 23:14:02 WET [2025/02/07 18:14:02 ET]
Table 'Tama' 6-max Seat #3 is the button
Seat 6: phbasso ($0 in chips) is sitting out
Seat 1: Sadyhov V.V. ($115.12 in chips) 
Seat 2: NE0FLY ($81.84 in chips) 
Seat 3: nikalas22 ($100 in chips) 
Seat 4: andutu34 ($109.03 in chips) 
Seat 5: YeeesMan ($100 in chips) 
andutu34: posts small blind $0.50
YeeesMan: posts big blind $1
*** HOLE CARDS ***
Sadyhov V.V.: raises $1.20 to $2.20
NE0FLY: calls $2.20
nikalas22: folds 
andutu34: folds 
YeeesMan: folds 
*** FLOP *** [5h 9h 8d]
Sadyhov V.V.: bets $4.31
NE0FLY: folds 
Uncalled bet ($4.31) returned to Sadyhov V.V.
Sadyhov V.V. collected $5.60 from pot
Sadyhov V.V.: doesn't show hand 
*** SUMMARY ***
Total pot $5.90 | Rake $0.30 
Board [5h 9h 8d]
Seat 6: phbasso
Seat 1: Sadyhov V.V. collected ($5.60)
Seat 2: NE0FLY folded on the Flop
Seat 3: nikalas22 (button) folded before Flop (didn't bet)
Seat 4: andutu34 (small blind) folded before Flop
Seat 5: YeeesMan (big blind) folded before Flop



PokerStars Hand #254757816721:  Hold'em No Limit ($0.50/$1.00 USD) - 2025/02/07 23:14:42 WET [2025/02/07 18:14:42 ET]
Table 'Tama' 6-max Seat #4 is the button
Seat 6: phbasso ($0 in chips) is sitting out
Seat 1: Sadyhov V.V. ($118.52 in chips) 
Seat 2: NE0FLY ($79.64 in chips) 
Seat 3: nikalas22 ($100 in chips) 
Seat 4: andutu34 ($108.53 in chips) 
Seat 5: YeeesMan ($100 in chips) 
YeeesMan: posts small blind $0.50
Sadyhov V.V.: posts big blind $1
*** HOLE CARDS ***
NE0FLY: folds 
nikalas22: folds 
andutu34: folds 
YeeesMan: raises $2 to $3
Sadyhov V.V.: folds 
Uncalled bet ($2) returned to YeeesMan
YeeesMan collected $2 from pot
phbasso leaves the table
YeeesMan: doesn't show hand 
*** SUMMARY ***
Total pot $2 | Rake $0 
Seat 6: phbasso
Seat 1: Sadyhov V.V. (big blind) folded before Flop
Seat 2: NE0FLY folded before Flop (didn't bet)
Seat 3: nikalas22 folded before Flop (didn't bet)
Seat 4: andutu34 (button) folded before Flop (didn't bet)
Seat 5: YeeesMan (small blind) collected ($2)



PokerStars Hand #254757822878:  Hold'em No Limit ($0.50/$1.00 USD) - 2025/02/07 23:15:04 WET [2025/02/07 18:15:04 ET]
Table 'Tama' 6-max Seat #5 is the button
Seat 1: Sadyhov V.V. ($117.52 in chips) 
Seat 2: NE0FLY ($79.64 in chips) 
Seat 3: nikalas22 ($100 in chips) 
Seat 4: andutu34 ($108.53 in chips) 
Seat 5: YeeesMan ($101 in chips) 
Sadyhov V.V.: posts small blind $0.50
NE0FLY: posts big blind $1
*** HOLE CARDS ***
nikalas22: folds 
andutu34: raises $1.30 to $2.30
ghc_2 joins the table at seat #6 
YeeesMan: raises $5.70 to $8
Sadyhov V.V.: folds 
NE0FLY: folds 
andutu34: folds 
Uncalled bet ($5.70) returned to YeeesMan
YeeesMan collected $6.10 from pot
YeeesMan: doesn't show hand 
*** SUMMARY ***
Total pot $6.10 | Rake $0 
Seat 1: Sadyhov V.V. (small blind) folded before Flop
Seat 2: NE0FLY (big blind) folded before Flop
Seat 3: nikalas22 folded before Flop (didn't bet)
Seat 4: andutu34 folded before Flop
Seat 5: YeeesMan (button) collected ($6.10)



PokerStars Hand #254757830325:  Hold'em No Limit ($0.50/$1.00 USD) - 2025/02/07 23:15:32 WET [2025/02/07 18:15:32 ET]
Table 'Tama' 6-max Seat #1 is the button
Seat 6: ghc_2 ($100 in chips) is sitting out
Seat 1: Sadyhov V.V. ($117.02 in chips) 
Seat 2: NE0FLY ($78.64 in chips) 
Seat 3: nikalas22 ($100 in chips) 
Seat 4: andutu34 ($106.23 in chips) 
Seat 5: YeeesMan ($104.80 in chips) 
NE0FLY: posts small blind $0.50
nikalas22: posts big blind $1
ghc_2: sits out 
*** HOLE CARDS ***
andutu34: folds 
YeeesMan: raises $1.50 to $2.50
Sadyhov V.V.: folds 
NE0FLY: folds 
nikalas22: folds 
Uncalled bet ($1.50) returned to YeeesMan
YeeesMan collected $2.50 from pot
YeeesMan: doesn't show hand 
*** SUMMARY ***
Total pot $2.50 | Rake $0 
Seat 6: ghc_2
Seat 1: Sadyhov V.V. (button) folded before Flop (didn't bet)
Seat 2: NE0FLY (small blind) folded before Flop
Seat 3: nikalas22 (big blind) folded before Flop
Seat 4: andutu34 folded before Flop (didn't bet)
Seat 5: YeeesMan collected ($2.50)



PokerStars Hand #254757835729:  Hold'em No Limit ($0.50/$1.00 USD) - 2025/02/07 23:15:52 WET [2025/02/07 18:15:52 ET]
Table 'Tama' 6-max Seat #2 is the button
Seat 6: ghc_2 ($100 in chips) is sitting out
Seat 1: Sadyhov V.V. ($117.02 in chips) 
Seat 2: NE0FLY ($78.14 in chips) 
Seat 3: nikalas22 ($100 in chips) 
Seat 4: andutu34 ($106.23 in chips) 
Seat 5: YeeesMan ($106.30 in chips) 
nikalas22: posts small blind $0.50
andutu34: posts big blind $1
ghc_2: sits out 
*** HOLE CARDS ***
YeeesMan: folds 
Sadyhov V.V.: folds 
NE0FLY: folds 
nikalas22: raises $2 to $3
andutu34: calls $2
*** FLOP *** [Kd Qh 5c]
nikalas22: checks 
andutu34: checks 
*** TURN *** [Kd Qh 5c] [5s]
nikalas22: checks 
andutu34: checks 
*** RIVER *** [Kd Qh 5c 5s] [2c]
nikalas22: checks 
andutu34: checks 
*** SHOW DOWN ***
nikalas22: shows [Jd Js] (two pair, Jacks and Fives)
andutu34: mucks hand 
nikalas22 collected $5.70 from pot
*** SUMMARY ***
Total pot $6 | Rake $0.30 
Board [Kd Qh 5c 5s 2c]
Seat 6: ghc_2
Seat 1: Sadyhov V.V. folded before Flop (didn't bet)
Seat 2: NE0FLY (button) folded before Flop (didn't bet)
Seat 3: nikalas22 (small blind) showed [Jd Js] and won ($5.70) with two pair, Jacks and Fives
Seat 4: andutu34 (big blind) mucked
Seat 5: YeeesMan folded before Flop (didn't bet)



PokerStars Hand #254757845493:  Hold'em No Limit ($0.50/$1.00 USD) - 2025/02/07 23:16:27 WET [2025/02/07 18:16:27 ET]
Table 'Tama' 6-max Seat #3 is the button
Seat 5: YeeesMan ($106.30 in chips) is sitting out
Seat 1: Sadyhov V.V. ($117.02 in chips) 
Seat 2: NE0FLY ($78.14 in chips) 
Seat 3: nikalas22 ($102.70 in chips) 
Seat 4: andutu34 ($103.23 in chips) 
Seat 6: ghc_2 ($100 in chips) 
andutu34: posts small blind $0.50
YeeesMan: is sitting out 
ghc_2: posts big blind $1
*** HOLE CARDS ***
Sadyhov V.V.: folds 
YeeesMan leaves the table
NE0FLY: calls $1
nikalas22: folds 
andutu34: folds 
ghc_2: checks 
*** FLOP *** [9d Jd 2s]
z00mba joins the table at seat #5 
ghc_2: checks 
NE0FLY: checks 
*** TURN *** [9d Jd 2s] [6d]
ghc_2: bets $1.19
NE0FLY: calls $1.19
*** RIVER *** [9d Jd 2s 6d] [9h]
ghc_2: bets $3.48
NE0FLY: folds 
Uncalled bet ($3.48) returned to ghc_2
ghc_2 collected $4.64 from pot
ghc_2: doesn't show hand 
*** SUMMARY ***
Total pot $4.88 | Rake $0.24 
Board [9d Jd 2s 6d 9h]
Seat 5: YeeesMan
Seat 1: Sadyhov V.V. folded before Flop (didn't bet)
Seat 2: NE0FLY folded on the River
Seat 3: nikalas22 (button) folded before Flop (didn't bet)
Seat 4: andutu34 (small blind) folded before Flop
Seat 6: ghc_2 (big blind) collected ($4.64)



PokerStars Hand #254757858578:  Hold'em No Limit ($0.50/$1.00 USD) - 2025/02/07 23:17:15 WET [2025/02/07 18:17:15 ET]
Table 'Tama' 6-max Seat #4 is the button
Seat 5: z00mba ($100 in chips) is sitting out
Seat 1: Sadyhov V.V. ($117.02 in chips) 
Seat 2: NE0FLY ($75.95 in chips) 
Seat 3: nikalas22 ($102.70 in chips) 
Seat 4: andutu34 ($102.73 in chips) 
Seat 6: ghc_2 ($102.45 in chips) 
ghc_2: posts small blind $0.50
Sadyhov V.V.: posts big blind $1
*** HOLE CARDS ***
NE0FLY: folds 
nikalas22: folds 
andutu34: raises $1.49 to $2.49
ghc_2: raises $9.01 to $11.50
Sadyhov V.V.: raises $12.50 to $24
andutu34: folds 
ghc_2: folds 
Uncalled bet ($12.50) returned to Sadyhov V.V.
Sadyhov V.V. collected $25.49 from pot
Sadyhov V.V.: doesn't show hand 
*** SUMMARY ***
Total pot $25.49 | Rake $0 
Seat 5: z00mba
Seat 1: Sadyhov V.V. (big blind) collected ($25.49)
Seat 2: NE0FLY folded before Flop (didn't bet)
Seat 3: nikalas22 folded before Flop (didn't bet)
Seat 4: andutu34 (button) folded before Flop
Seat 6: ghc_2 (small blind) folded before Flop



PokerStars Hand #254757871255:  Hold'em No Limit ($0.50/$1.00 USD) - 2025/02/07 23:18:01 WET [2025/02/07 18:18:01 ET]
Table 'Tama' 6-max Seat #6 is the button
Seat 5: z00mba ($100 in chips) is sitting out
Seat 1: Sadyhov V.V. ($131.01 in chips) 
Seat 2: NE0FLY ($75.95 in chips) 
Seat 3: nikalas22 ($102.70 in chips) 
Seat 4: andutu34 ($100.24 in chips) 
Seat 6: ghc_2 ($100 in chips) 
Sadyhov V.V.: posts small blind $0.50
NE0FLY: posts big blind $1
z00mba: sits out 
*** HOLE CARDS ***
nikalas22: folds 
andutu34: raises $1.30 to $2.30
ghc_2: folds 
Sadyhov V.V.: folds 
NE0FLY: calls $1.30
*** FLOP *** [Td 3c Ac]
NE0FLY: checks 
andutu34: bets $1.21
NE0FLY: calls $1.21
*** TURN *** [Td 3c Ac] [Ah]
NE0FLY: checks 
andutu34: checks 
*** RIVER *** [Td 3c Ac Ah] [4h]
NE0FLY: bets $3.57
andutu34: calls $3.57
*** SHOW DOWN ***
NE0FLY: shows [Ad 7s] (three of a kind, Aces)
andutu34: mucks hand 
NE0FLY collected $13.93 from pot
*** SUMMARY ***
Total pot $14.66 | Rake $0.73 
Board [Td 3c Ac Ah 4h]
Seat 5: z00mba
Seat 1: Sadyhov V.V. (small blind) folded before Flop
Seat 2: NE0FLY (big blind) showed [Ad 7s] and won ($13.93) with three of a kind, Aces
Seat 3: nikalas22 folded before Flop (didn't bet)
Seat 4: andutu34 mucked
Seat 6: ghc_2 (button) folded before Flop (didn't bet)



PokerStars Hand #254757881462:  Hold'em No Limit ($0.50/$1.00 USD) - 2025/02/07 23:18:38 WET [2025/02/07 18:18:38 ET]
Table 'Tama' 6-max Seat #1 is the button
Seat 5: z00mba ($100 in chips) is sitting out
Seat 1: Sadyhov V.V. ($130.51 in chips) 
Seat 2: NE0FLY ($82.80 in chips) 
Seat 3: nikalas22 ($102.70 in chips) 
Seat 4: andutu34 ($100 in chips) 
Seat 6: ghc_2 ($100 in chips) 
NE0FLY: posts small blind $0.50
nikalas22: posts big blind $1
z00mba: sits out 
*** HOLE CARDS ***
andutu34: raises $1 to $2
ghc_2: folds 
Sadyhov V.V.: folds 
NE0FLY: folds 
nikalas22: raises $9 to $11
andutu34: folds 
Uncalled bet ($9) returned to nikalas22
nikalas22 collected $4.50 from pot
nikalas22: doesn't show hand 
*** SUMMARY ***
Total pot $4.50 | Rake $0 
Seat 5: z00mba
Seat 1: Sadyhov V.V. (button) folded before Flop (didn't bet)
Seat 2: NE0FLY (small blind) folded before Flop
Seat 3: nikalas22 (big blind) collected ($4.50)
Seat 4: andutu34 folded before Flop
Seat 6: ghc_2 folded before Flop (didn't bet)



PokerStars Hand #254757885860:  Hold'em No Limit ($0.50/$1.00 USD) - 2025/02/07 23:18:54 WET [2025/02/07 18:18:54 ET]
Table 'Tama' 6-max Seat #2 is the button
Seat 5: z00mba ($100 in chips) is sitting out
Seat 1: Sadyhov V.V. ($130.51 in chips) 
Seat 2: NE0FLY ($82.30 in chips) 
Seat 3: nikalas22 ($105.20 in chips) 
Seat 4: andutu34 ($100 in chips) 
Seat 6: ghc_2 ($100 in chips) 
nikalas22: posts small blind $0.50
andutu34: posts big blind $1
z00mba: sits out 
*** HOLE CARDS ***
ghc_2: folds 
Sadyhov V.V.: folds 
NE0FLY: folds 
nikalas22: raises $2 to $3
andutu34: raises $7 to $10
nikalas22: folds 
Uncalled bet ($7) returned to andutu34
andutu34 collected $6 from pot
andutu34: doesn't show hand 
*** SUMMARY ***
Total pot $6 | Rake $0 
Seat 5: z00mba
Seat 1: Sadyhov V.V. folded before Flop (didn't bet)
Seat 2: NE0FLY (button) folded before Flop (didn't bet)
Seat 3: nikalas22 (small blind) folded before Flop
Seat 4: andutu34 (big blind) collected ($6)
Seat 6: ghc_2 folded before Flop (didn't bet)



PokerStars Hand #254757894061:  Hold'em No Limit ($0.50/$1.00 USD) - 2025/02/07 23:19:24 WET [2025/02/07 18:19:24 ET]
Table 'Tama' 6-max Seat #3 is the button
Seat 1: Sadyhov V.V. ($130.51 in chips) 
Seat 2: NE0FLY ($82.30 in chips) 
Seat 3: nikalas22 ($102.20 in chips) 
Seat 4: andutu34 ($103 in chips) 
Seat 5: z00mba ($100 in chips) 
Seat 6: ghc_2 ($100 in chips) 
andutu34: posts small blind $0.50
z00mba: posts big blind $1
*** HOLE CARDS ***
ghc_2: folds 
Sadyhov V.V.: folds 
NE0FLY: calls $1
nikalas22: folds 
andutu34: folds 
z00mba: checks 
*** FLOP *** [Ac Ks 6s]
z00mba: checks 
NE0FLY: bets $2
z00mba: calls $2
*** TURN *** [Ac Ks 6s] [9d]
z00mba: checks 
NE0FLY: bets $3.09
z00mba: calls $3.09
*** RIVER *** [Ac Ks 6s 9d] [Jh]
z00mba: checks 
NE0FLY: checks 
*** SHOW DOWN ***
z00mba: shows [Ad 7c] (a pair of Aces)
NE0FLY: shows [8s As] (a pair of Aces)
z00mba collected $6.03 from pot
NE0FLY collected $6.02 from pot
*** SUMMARY ***
Total pot $12.68 | Rake $0.63 
Board [Ac Ks 6s 9d Jh]
Seat 1: Sadyhov V.V. folded before Flop (didn't bet)
Seat 2: NE0FLY showed [8s As] and won ($6.02) with a pair of Aces
Seat 3: nikalas22 (button) folded before Flop (didn't bet)
Seat 4: andutu34 (small blind) folded before Flop
Seat 5: z00mba (big blind) showed [Ad 7c] and won ($6.03) with a pair of Aces
Seat 6: ghc_2 folded before Flop (didn't bet)



PokerStars Hand #254757904395:  Hold'em No Limit ($0.50/$1.00 USD) - 2025/02/07 23:20:01 WET [2025/02/07 18:20:01 ET]
Table 'Tama' 6-max Seat #4 is the button
Seat 1: Sadyhov V.V. ($130.51 in chips) 
Seat 2: NE0FLY ($82.23 in chips) 
Seat 3: nikalas22 ($102.20 in chips) 
Seat 4: andutu34 ($102.50 in chips) 
Seat 5: z00mba ($100 in chips) 
Seat 6: ghc_2 ($100 in chips) 
z00mba: posts small blind $0.50
ghc_2: posts big blind $1
*** HOLE CARDS ***
Sadyhov V.V.: folds 
NE0FLY: folds 
nikalas22: raises $1.20 to $2.20
andutu34: folds 
z00mba: raises $9.30 to $11.50
ghc_2: folds 
nikalas22: calls $9.30
*** FLOP *** [6h 4h Ah]
z00mba: checks 
nikalas22: bets $6.84
z00mba: calls $6.84
*** TURN *** [6h 4h Ah] [Qc]
z00mba: checks 
nikalas22: checks 
*** RIVER *** [6h 4h Ah Qc] [Ks]
z00mba: checks 
nikalas22: checks 
*** SHOW DOWN ***
z00mba: shows [Qd Ad] (two pair, Aces and Queens)
nikalas22: mucks hand 
z00mba collected $35.80 from pot
*** SUMMARY ***
Total pot $37.68 | Rake $1.88 
Board [6h 4h Ah Qc Ks]
Seat 1: Sadyhov V.V. folded before Flop (didn't bet)
Seat 2: NE0FLY folded before Flop (didn't bet)
Seat 3: nikalas22 mucked
Seat 4: andutu34 (button) folded before Flop (didn't bet)
Seat 5: z00mba (small blind) showed [Qd Ad] and won ($35.80) with two pair, Aces and Queens
Seat 6: ghc_2 (big blind) folded before Flop



PokerStars Hand #254757916151:  Hold'em No Limit ($0.50/$1.00 USD) - 2025/02/07 23:20:43 WET [2025/02/07 18:20:43 ET]
Table 'Tama' 6-max Seat #5 is the button
Seat 1: Sadyhov V.V. ($130.51 in chips) 
Seat 2: NE0FLY ($82.23 in chips) 
Seat 3: nikalas22 ($100 in chips) 
Seat 4: andutu34 ($102.50 in chips) 
Seat 5: z00mba ($117.46 in chips) 
Seat 6: ghc_2 ($100 in chips) 
ghc_2: posts small blind $0.50
Sadyhov V.V.: posts big blind $1
*** HOLE CARDS ***
NE0FLY: folds 
nikalas22: folds 
andutu34: folds 
z00mba: folds 
ghc_2: raises $2 to $3
Sadyhov V.V.: folds 
Uncalled bet ($2) returned to ghc_2
ghc_2 collected $2 from pot
ghc_2: doesn't show hand 
*** SUMMARY ***
Total pot $2 | Rake $0 
Seat 1: Sadyhov V.V. (big blind) folded before Flop
Seat 2: NE0FLY folded before Flop (didn't bet)
Seat 3: nikalas22 folded before Flop (didn't bet)
Seat 4: andutu34 folded before Flop (didn't bet)
Seat 5: z00mba (button) folded before Flop (didn't bet)
Seat 6: ghc_2 (small blind) collected ($2)



PokerStars Hand #254757920790:  Hold'em No Limit ($0.50/$1.00 USD) - 2025/02/07 23:20:59 WET [2025/02/07 18:20:59 ET]
Table 'Tama' 6-max Seat #6 is the button
Seat 1: Sadyhov V.V. ($129.51 in chips) 
Seat 2: NE0FLY ($82.23 in chips) 
Seat 3: nikalas22 ($100 in chips) 
Seat 4: andutu34 ($102.50 in chips) 
Seat 5: z00mba ($117.46 in chips) 
Seat 6: ghc_2 ($101 in chips) 
Sadyhov V.V.: posts small blind $0.50
NE0FLY: posts big blind $1
*** HOLE CARDS ***
nikalas22: raises $1.20 to $2.20
andutu34: folds 
z00mba: folds 
ghc_2: folds 
Sadyhov V.V.: folds 
NE0FLY: calls $1.20
*** FLOP *** [9d Qd Kh]
NE0FLY: checks 
nikalas22: bets $3.50
NE0FLY: calls $3.50
*** TURN *** [9d Qd Kh] [6d]
NE0FLY: checks 
nikalas22: bets $8.48
NE0FLY: folds 
Uncalled bet ($8.48) returned to nikalas22
nikalas22 collected $11.30 from pot
nikalas22: doesn't show hand 
*** SUMMARY ***
Total pot $11.90 | Rake $0.60 
Board [9d Qd Kh 6d]
Seat 1: Sadyhov V.V. (small blind) folded before Flop
Seat 2: NE0FLY (big blind) folded on the Turn
Seat 3: nikalas22 collected ($11.30)
Seat 4: andutu34 folded before Flop (didn't bet)
Seat 5: z00mba folded before Flop (didn't bet)
Seat 6: ghc_2 (button) folded before Flop (didn't bet)



PokerStars Hand #254757931753:  Hold'em No Limit ($0.50/$1.00 USD) - 2025/02/07 23:21:39 WET [2025/02/07 18:21:39 ET]
Table 'Tama' 6-max Seat #1 is the button
Seat 1: Sadyhov V.V. ($129.01 in chips) 
Seat 2: NE0FLY ($76.53 in chips) 
Seat 3: nikalas22 ($105.60 in chips) 
Seat 4: andutu34 ($102.50 in chips) 
Seat 5: z00mba ($117.46 in chips) 
Seat 6: ghc_2 ($101 in chips) 
NE0FLY: posts small blind $0.50
nikalas22: posts big blind $1
*** HOLE CARDS ***
andutu34: folds 
z00mba: folds 
ghc_2: folds 
Sadyhov V.V.: raises $1.20 to $2.20
NE0FLY: folds 
nikalas22: calls $1.20
*** FLOP *** [3h Ts 9s]
nikalas22: checks 
Sadyhov V.V.: checks 
*** TURN *** [3h Ts 9s] [5s]
nikalas22: checks 
Sadyhov V.V.: checks 
*** RIVER *** [3h Ts 9s 5s] [9h]
nikalas22: bets $1.40
Sadyhov V.V.: folds 
Uncalled bet ($1.40) returned to nikalas22
nikalas22 collected $4.66 from pot
nikalas22: doesn't show hand 
*** SUMMARY ***
Total pot $4.90 | Rake $0.24 
Board [3h Ts 9s 5s 9h]
Seat 1: Sadyhov V.V. (button) folded on the River
Seat 2: NE0FLY (small blind) folded before Flop
Seat 3: nikalas22 (big blind) collected ($4.66)
Seat 4: andutu34 folded before Flop (didn't bet)
Seat 5: z00mba folded before Flop (didn't bet)
Seat 6: ghc_2 folded before Flop (didn't bet)



PokerStars Hand #254757943337:  Hold'em No Limit ($0.50/$1.00 USD) - 2025/02/07 23:22:20 WET [2025/02/07 18:22:20 ET]
Table 'Tama' 6-max Seat #2 is the button
Seat 1: Sadyhov V.V. ($126.81 in chips) 
Seat 2: NE0FLY ($76.03 in chips) 
Seat 3: nikalas22 ($108.06 in chips) 
Seat 4: andutu34 ($102.50 in chips) 
Seat 5: z00mba ($117.46 in chips) 
Seat 6: ghc_2 ($101 in chips) 
nikalas22: posts small blind $0.50
andutu34: posts big blind $1
*** HOLE CARDS ***
z00mba: folds 
ghc_2: folds 
Sadyhov V.V.: folds 
NE0FLY: folds 
nikalas22: raises $2 to $3
andutu34: raises $7 to $10
nikalas22: folds 
Uncalled bet ($7) returned to andutu34
andutu34 collected $6 from pot
andutu34: doesn't show hand 
*** SUMMARY ***
Total pot $6 | Rake $0 
Seat 1: Sadyhov V.V. folded before Flop (didn't bet)
Seat 2: NE0FLY (button) folded before Flop (didn't bet)
Seat 3: nikalas22 (small blind) folded before Flop
Seat 4: andutu34 (big blind) collected ($6)
Seat 5: z00mba folded before Flop (didn't bet)
Seat 6: ghc_2 folded before Flop (didn't bet)



PokerStars Hand #254757951175:  Hold'em No Limit ($0.50/$1.00 USD) - 2025/02/07 23:22:48 WET [2025/02/07 18:22:48 ET]
Table 'Tama' 6-max Seat #3 is the button
Seat 1: Sadyhov V.V. ($126.81 in chips) 
Seat 2: NE0FLY ($76.03 in chips) 
Seat 3: nikalas22 ($105.06 in chips) 
Seat 4: andutu34 ($105.50 in chips) 
Seat 5: z00mba ($117.46 in chips) 
Seat 6: ghc_2 ($101 in chips) 
andutu34: posts small blind $0.50
z00mba: posts big blind $1
*** HOLE CARDS ***
ghc_2: folds 
Sadyhov V.V.: folds 
NE0FLY: folds 
nikalas22: raises $1.20 to $2.20
andutu34: folds 
z00mba: folds 
Uncalled bet ($1.20) returned to nikalas22
nikalas22 collected $2.50 from pot
nikalas22: doesn't show hand 
*** SUMMARY ***
Total pot $2.50 | Rake $0 
Seat 1: Sadyhov V.V. folded before Flop (didn't bet)
Seat 2: NE0FLY folded before Flop (didn't bet)
Seat 3: nikalas22 (button) collected ($2.50)
Seat 4: andutu34 (small blind) folded before Flop
Seat 5: z00mba (big blind) folded before Flop
Seat 6: ghc_2 folded before Flop (didn't bet)



PokerStars Hand #254758004945:  Hold'em No Limit ($0.50/$1.00 USD) - 2025/02/07 23:26:01 WET [2025/02/07 18:26:01 ET]
Table 'Tama' 6-max Seat #4 is the button
Seat 1: santi820 ($100 in chips) is sitting out
Seat 2: NE0FLY ($80.07 in chips) 
Seat 3: nikalas22 ($105.86 in chips) 
Seat 4: andutu34 ($101.01 in chips) 
Seat 5: z00mba ($110.05 in chips) 
Seat 6: ghc_2 ($107.30 in chips) 
z00mba: posts small blind $0.50
ghc_2: posts big blind $1
santi820: sits out 
*** HOLE CARDS ***
NE0FLY: folds 
nikalas22: raises $1.20 to $2.20
andutu34: folds 
z00mba: raises $9.30 to $11.50
ghc_2: folds 
nikalas22: folds 
Uncalled bet ($9.30) returned to z00mba
z00mba collected $5.40 from pot
z00mba: doesn't show hand 
*** SUMMARY ***
Total pot $5.40 | Rake $0 
Seat 1: santi820
Seat 2: NE0FLY folded before Flop (didn't bet)
Seat 3: nikalas22 folded before Flop
Seat 4: andutu34 (button) folded before Flop (didn't bet)
Seat 5: z00mba (small blind) collected ($5.40)
Seat 6: ghc_2 (big blind) folded before Flop



PokerStars Hand #254758353636:  Hold'em No Limit ($0.50/$1.00 USD) - 2025/02/07 23:47:31 WET [2025/02/07 18:47:31 ET]
Table 'Tama' 6-max Seat #5 is the button
Seat 1: santi820 ($109.22 in chips) 
Seat 2: NE0FLY ($61.13 in chips) 
Seat 3: Rikardas777 ($43.69 in chips) 
Seat 4: andutu34 ($111.07 in chips) 
Seat 5: reiyser ($189.84 in chips) 
Seat 6: ghc_2 ($122.57 in chips) 
ghc_2: posts small blind $0.50
santi820: posts big blind $1
*** HOLE CARDS ***
NE0FLY: folds 
Rikardas777: calls $1
andutu34: folds 
reiyser: folds 
ghc_2: folds 
santi820: checks 
*** FLOP *** [3h 4s 6h]
santi820: checks 
Rikardas777: checks 
*** TURN *** [3h 4s 6h] [5d]
santi820: checks 
Rikardas777: bets $2.38
santi820: calls $2.38
*** RIVER *** [3h 4s 6h 5d] [5c]
santi820: checks 
Rikardas777: checks 
*** SHOW DOWN ***
santi820: shows [5h 8s] (three of a kind, Fives)
Rikardas777: mucks hand 
santi820 collected $6.90 from pot
*** SUMMARY ***
Total pot $7.26 | Rake $0.36 
Board [3h 4s 6h 5d 5c]
Seat 1: santi820 (big blind) showed [5h 8s] and won ($6.90) with three of a kind, Fives
Seat 2: NE0FLY folded before Flop (didn't bet)
Seat 3: Rikardas777 mucked
Seat 4: andutu34 folded before Flop (didn't bet)
Seat 5: reiyser (button) folded before Flop (didn't bet)
Seat 6: ghc_2 (small blind) folded before Flop



PokerStars Hand #254758369427:  Hold'em No Limit ($0.50/$1.00 USD) - 2025/02/07 23:48:33 WET [2025/02/07 18:48:33 ET]
Table 'Tama' 6-max Seat #6 is the button
Seat 1: santi820 ($112.74 in chips) 
Seat 2: NE0FLY ($61.13 in chips) 
Seat 3: Rikardas777 ($40.31 in chips) 
Seat 4: andutu34 ($111.07 in chips) 
Seat 5: reiyser ($189.84 in chips) 
Seat 6: ghc_2 ($122.07 in chips) 
santi820: posts small blind $0.50
NE0FLY: posts big blind $1
*** HOLE CARDS ***
Rikardas777: calls $1
andutu34: folds 
reiyser: folds 
ghc_2: folds 
santi820: raises $4 to $5
NE0FLY: folds 
Rikardas777: folds 
Uncalled bet ($4) returned to santi820
santi820 collected $3 from pot
santi820: doesn't show hand 
*** SUMMARY ***
Total pot $3 | Rake $0 
Seat 1: santi820 (small blind) collected ($3)
Seat 2: NE0FLY (big blind) folded before Flop
Seat 3: Rikardas777 folded before Flop
Seat 4: andutu34 folded before Flop (didn't bet)
Seat 5: reiyser folded before Flop (didn't bet)
Seat 6: ghc_2 (button) folded before Flop (didn't bet)



PokerStars Hand #254758376284:  Hold'em No Limit ($0.50/$1.00 USD) - 2025/02/07 23:49:00 WET [2025/02/07 18:49:00 ET]
Table 'Tama' 6-max Seat #1 is the button
Seat 1: santi820 ($114.74 in chips) 
Seat 2: NE0FLY ($60.13 in chips) 
Seat 3: Rikardas777 ($39.31 in chips) 
Seat 4: andutu34 ($111.07 in chips) 
Seat 5: reiyser ($189.84 in chips) 
Seat 6: ghc_2 ($122.07 in chips) 
NE0FLY: posts small blind $0.50
Rikardas777: posts big blind $1
*** HOLE CARDS ***
andutu34: folds 
reiyser: folds 
ghc_2: folds 
santi820: folds 
NE0FLY: folds 
Uncalled bet ($0.50) returned to Rikardas777
Rikardas777 collected $1 from pot
*** SUMMARY ***
Total pot $1 | Rake $0 
Seat 1: santi820 (button) folded before Flop (didn't bet)
Seat 2: NE0FLY (small blind) folded before Flop
Seat 3: Rikardas777 (big blind) collected ($1)
Seat 4: andutu34 folded before Flop (didn't bet)
Seat 5: reiyser folded before Flop (didn't bet)
Seat 6: ghc_2 folded before Flop (didn't bet)



PokerStars Hand #254758380896:  Hold'em No Limit ($0.50/$1.00 USD) - 2025/02/07 23:49:18 WET [2025/02/07 18:49:18 ET]
Table 'Tama' 6-max Seat #2 is the button
Seat 1: santi820 ($114.74 in chips) 
Seat 2: NE0FLY ($59.63 in chips) 
Seat 3: Rikardas777 ($39.81 in chips) 
Seat 4: andutu34 ($111.07 in chips) 
Seat 5: reiyser ($189.84 in chips) 
Seat 6: ghc_2 ($122.07 in chips) 
Rikardas777: posts small blind $0.50
andutu34: posts big blind $1
*** HOLE CARDS ***
reiyser: folds 
ghc_2: folds 
santi820: folds 
NE0FLY: folds 
Rikardas777: folds 
Uncalled bet ($0.50) returned to andutu34
andutu34 collected $1 from pot
andutu34: doesn't show hand 
*** SUMMARY ***
Total pot $1 | Rake $0 
Seat 1: santi820 folded before Flop (didn't bet)
Seat 2: NE0FLY (button) folded before Flop (didn't bet)
Seat 3: Rikardas777 (small blind) folded before Flop
Seat 4: andutu34 (big blind) collected ($1)
Seat 5: reiyser folded before Flop (didn't bet)
Seat 6: ghc_2 folded before Flop (didn't bet)



PokerStars Hand #254758384437:  Hold'em No Limit ($0.50/$1.00 USD) - 2025/02/07 23:49:31 WET [2025/02/07 18:49:31 ET]
Table 'Tama' 6-max Seat #3 is the button
Seat 1: santi820 ($114.74 in chips) 
Seat 2: NE0FLY ($59.63 in chips) 
Seat 3: Rikardas777 ($39.31 in chips) 
Seat 4: andutu34 ($111.57 in chips) 
Seat 5: reiyser ($189.84 in chips) 
Seat 6: ghc_2 ($122.07 in chips) 
andutu34: posts small blind $0.50
reiyser: posts big blind $1
*** HOLE CARDS ***
ghc_2: folds 
santi820: folds 
NE0FLY: folds 
Rikardas777: calls $1
andutu34: folds 
reiyser: checks 
*** FLOP *** [Jh Qh As]
reiyser: checks 
Rikardas777: checks 
*** TURN *** [Jh Qh As] [Ts]
reiyser: checks 
Rikardas777: checks 
*** RIVER *** [Jh Qh As Ts] [Td]
reiyser: checks 
Rikardas777: checks 
*** SHOW DOWN ***
reiyser: shows [6h 9s] (a pair of Tens)
Rikardas777: shows [7d 9h] (a pair of Tens)
reiyser collected $1.19 from pot
Rikardas777 collected $1.19 from pot
*** SUMMARY ***
Total pot $2.50 | Rake $0.12 
Board [Jh Qh As Ts Td]
Seat 1: santi820 folded before Flop (didn't bet)
Seat 2: NE0FLY folded before Flop (didn't bet)
Seat 3: Rikardas777 (button) showed [7d 9h] and won ($1.19) with a pair of Tens
Seat 4: andutu34 (small blind) folded before Flop
Seat 5: reiyser (big blind) showed [6h 9s] and won ($1.19) with a pair of Tens
Seat 6: ghc_2 folded before Flop (didn't bet)



PokerStars Hand #254758398317:  Hold'em No Limit ($0.50/$1.00 USD) - 2025/02/07 23:50:26 WET [2025/02/07 18:50:26 ET]
Table 'Tama' 6-max Seat #4 is the button
Seat 1: santi820 ($114.74 in chips) 
Seat 2: NE0FLY ($59.63 in chips) 
Seat 3: Rikardas777 ($39.50 in chips) 
Seat 4: andutu34 ($111.07 in chips) 
Seat 5: reiyser ($190.03 in chips) 
Seat 6: ghc_2 ($122.07 in chips) 
reiyser: posts small blind $0.50
ghc_2: posts big blind $1
*** HOLE CARDS ***
santi820: folds 
NE0FLY: folds 
Rikardas777: calls $1
andutu34: raises $3 to $4
reiyser: folds 
ghc_2: folds 
Rikardas777: folds 
Uncalled bet ($3) returned to andutu34
andutu34 collected $3.50 from pot
andutu34: doesn't show hand 
*** SUMMARY ***
Total pot $3.50 | Rake $0 
Seat 1: santi820 folded before Flop (didn't bet)
Seat 2: NE0FLY folded before Flop (didn't bet)
Seat 3: Rikardas777 folded before Flop
Seat 4: andutu34 (button) collected ($3.50)
Seat 5: reiyser (small blind) folded before Flop
Seat 6: ghc_2 (big blind) folded before Flop



PokerStars Hand #254758403420:  Hold'em No Limit ($0.50/$1.00 USD) - 2025/02/07 23:50:46 WET [2025/02/07 18:50:46 ET]
Table 'Tama' 6-max Seat #5 is the button
Seat 1: santi820 ($114.74 in chips) 
Seat 2: NE0FLY ($59.63 in chips) 
Seat 3: Rikardas777 ($38.50 in chips) 
Seat 4: andutu34 ($113.57 in chips) 
Seat 5: reiyser ($189.53 in chips) 
Seat 6: ghc_2 ($121.07 in chips) 
ghc_2: posts small blind $0.50
santi820: posts big blind $1
*** HOLE CARDS ***
NE0FLY: folds 
Rikardas777: calls $1
andutu34: folds 
reiyser: raises $3 to $4
ghc_2: folds 
santi820: folds 
Rikardas777: folds 
Uncalled bet ($3) returned to reiyser
reiyser collected $3.50 from pot
reiyser: doesn't show hand 
*** SUMMARY ***
Total pot $3.50 | Rake $0 
Seat 1: santi820 (big blind) folded before Flop
Seat 2: NE0FLY folded before Flop (didn't bet)
Seat 3: Rikardas777 folded before Flop
Seat 4: andutu34 folded before Flop (didn't bet)
Seat 5: reiyser (button) collected ($3.50)
Seat 6: ghc_2 (small blind) folded before Flop



PokerStars Hand #254758408998:  Hold'em No Limit ($0.50/$1.00 USD) - 2025/02/07 23:51:08 WET [2025/02/07 18:51:08 ET]
Table 'Tama' 6-max Seat #6 is the button
Seat 1: santi820 ($113.74 in chips) 
Seat 2: NE0FLY ($59.63 in chips) 
Seat 3: Rikardas777 ($37.50 in chips) 
Seat 4: andutu34 ($113.57 in chips) 
Seat 5: reiyser ($192.03 in chips) 
Seat 6: ghc_2 ($120.57 in chips) 
santi820: posts small blind $0.50
NE0FLY: posts big blind $1
*** HOLE CARDS ***
Rikardas777: folds 
andutu34: folds 
reiyser: folds 
ghc_2: raises $1.40 to $2.40
santi820: folds 
NE0FLY: folds 
Uncalled bet ($1.40) returned to ghc_2
ghc_2 collected $2.50 from pot
ghc_2: doesn't show hand 
*** SUMMARY ***
Total pot $2.50 | Rake $0 
Seat 1: santi820 (small blind) folded before Flop
Seat 2: NE0FLY (big blind) folded before Flop
Seat 3: Rikardas777 folded before Flop (didn't bet)
Seat 4: andutu34 folded before Flop (didn't bet)
Seat 5: reiyser folded before Flop (didn't bet)
Seat 6: ghc_2 (button) collected ($2.50)



PokerStars Hand #254758414186:  Hold'em No Limit ($0.50/$1.00 USD) - 2025/02/07 23:51:29 WET [2025/02/07 18:51:29 ET]
Table 'Tama' 6-max Seat #1 is the button
Seat 1: santi820 ($113.24 in chips) 
Seat 2: NE0FLY ($58.63 in chips) 
Seat 3: Rikardas777 ($37.50 in chips) 
Seat 4: andutu34 ($113.57 in chips) 
Seat 5: reiyser ($192.03 in chips) 
Seat 6: ghc_2 ($122.07 in chips) 
NE0FLY: posts small blind $0.50
Rikardas777: posts big blind $1
*** HOLE CARDS ***
andutu34: folds 
reiyser: folds 
ghc_2: folds 
santi820: folds 
NE0FLY: folds 
Uncalled bet ($0.50) returned to Rikardas777
Rikardas777 collected $1 from pot
*** SUMMARY ***
Total pot $1 | Rake $0 
Seat 1: santi820 (button) folded before Flop (didn't bet)
Seat 2: NE0FLY (small blind) folded before Flop
Seat 3: Rikardas777 (big blind) collected ($1)
Seat 4: andutu34 folded before Flop (didn't bet)
Seat 5: reiyser folded before Flop (didn't bet)
Seat 6: ghc_2 folded before Flop (didn't bet)



PokerStars Hand #254758417726:  Hold'em No Limit ($0.50/$1.00 USD) - 2025/02/07 23:51:43 WET [2025/02/07 18:51:43 ET]
Table 'Tama' 6-max Seat #2 is the button
Seat 1: santi820 ($113.24 in chips) 
Seat 2: NE0FLY ($58.13 in chips) 
Seat 3: Rikardas777 ($38 in chips) 
Seat 4: andutu34 ($113.57 in chips) 
Seat 5: reiyser ($192.03 in chips) 
Seat 6: ghc_2 ($122.07 in chips) 
Rikardas777: posts small blind $0.50
andutu34: posts big blind $1
*** HOLE CARDS ***
reiyser: folds 
ghc_2: folds 
santi820: folds 
NE0FLY: raises $2 to $3
Rikardas777: calls $2.50
andutu34: folds 
*** FLOP *** [8d 2c 5h]
Rikardas777: checks 
NE0FLY: bets $3.33
Rikardas777: folds 
Uncalled bet ($3.33) returned to NE0FLY
NE0FLY collected $6.65 from pot
NE0FLY: doesn't show hand 
*** SUMMARY ***
Total pot $7 | Rake $0.35 
Board [8d 2c 5h]
Seat 1: santi820 folded before Flop (didn't bet)
Seat 2: NE0FLY (button) collected ($6.65)
Seat 3: Rikardas777 (small blind) folded on the Flop
Seat 4: andutu34 (big blind) folded before Flop
Seat 5: reiyser folded before Flop (didn't bet)
Seat 6: ghc_2 folded before Flop (didn't bet)



PokerStars Hand #254758424776:  Hold'em No Limit ($0.50/$1.00 USD) - 2025/02/07 23:52:11 WET [2025/02/07 18:52:11 ET]
Table 'Tama' 6-max Seat #3 is the button
Seat 1: santi820 ($113.24 in chips) 
Seat 2: NE0FLY ($61.78 in chips) 
Seat 3: Rikardas777 ($35 in chips) 
Seat 4: andutu34 ($112.57 in chips) 
Seat 5: reiyser ($192.03 in chips) 
Seat 6: ghc_2 ($122.07 in chips) 
andutu34: posts small blind $0.50
reiyser: posts big blind $1
*** HOLE CARDS ***
ghc_2: folds 
santi820: raises $1 to $2
NE0FLY: folds 
Rikardas777: calls $2
andutu34: folds 
reiyser: folds 
*** FLOP *** [8c 4d Ks]
santi820: bets $1.72
Rikardas777: calls $1.72
*** TURN *** [8c 4d Ks] [8d]
santi820: checks 
Rikardas777: checks 
*** RIVER *** [8c 4d Ks 8d] [Kh]
santi820: checks 
Rikardas777: bets $8.49
santi820: folds 
Uncalled bet ($8.49) returned to Rikardas777
Rikardas777 collected $8.49 from pot
*** SUMMARY ***
Total pot $8.94 | Rake $0.45 
Board [8c 4d Ks 8d Kh]
Seat 1: santi820 folded on the River
Seat 2: NE0FLY folded before Flop (didn't bet)
Seat 3: Rikardas777 (button) collected ($8.49)
Seat 4: andutu34 (small blind) folded before Flop
Seat 5: reiyser (big blind) folded before Flop
Seat 6: ghc_2 folded before Flop (didn't bet)



PokerStars Hand #254758443536:  Hold'em No Limit ($0.50/$1.00 USD) - 2025/02/07 23:53:25 WET [2025/02/07 18:53:25 ET]
Table 'Tama' 6-max Seat #4 is the button
Seat 1: santi820 ($109.52 in chips) 
Seat 2: NE0FLY ($61.78 in chips) 
Seat 3: Rikardas777 ($39.77 in chips) 
Seat 4: andutu34 ($112.07 in chips) 
Seat 5: reiyser ($191.03 in chips) 
Seat 6: ghc_2 ($122.07 in chips) 
reiyser: posts small blind $0.50
ghc_2: posts big blind $1
*** HOLE CARDS ***
santi820: folds 
NE0FLY: folds 
Rikardas777: folds 
andutu34: raises $1.49 to $2.49
reiyser: folds 
ghc_2: folds 
Uncalled bet ($1.49) returned to andutu34
andutu34 collected $2.50 from pot
andutu34: doesn't show hand 
*** SUMMARY ***
Total pot $2.50 | Rake $0 
Seat 1: santi820 folded before Flop (didn't bet)
Seat 2: NE0FLY folded before Flop (didn't bet)
Seat 3: Rikardas777 folded before Flop (didn't bet)
Seat 4: andutu34 (button) collected ($2.50)
Seat 5: reiyser (small blind) folded before Flop
Seat 6: ghc_2 (big blind) folded before Flop



PokerStars Hand #254758448236:  Hold'em No Limit ($0.50/$1.00 USD) - 2025/02/07 23:53:43 WET [2025/02/07 18:53:43 ET]
Table 'Tama' 6-max Seat #5 is the button
Seat 1: santi820 ($109.52 in chips) 
Seat 2: NE0FLY ($61.78 in chips) 
Seat 3: Rikardas777 ($39.77 in chips) 
Seat 4: andutu34 ($113.57 in chips) 
Seat 5: reiyser ($190.53 in chips) 
Seat 6: ghc_2 ($121.07 in chips) 
ghc_2: posts small blind $0.50
santi820: posts big blind $1
*** HOLE CARDS ***
NE0FLY: folds 
Rikardas777: calls $1
andutu34: raises $3 to $4
reiyser: folds 
ghc_2: folds 
santi820: folds 
Rikardas777: calls $3
*** FLOP *** [Ts 8d 6s]
Rikardas777: checks 
andutu34: bets $2.98
Rikardas777: calls $2.98
*** TURN *** [Ts 8d 6s] [Th]
Rikardas777: checks 
andutu34: checks 
*** RIVER *** [Ts 8d 6s Th] [Ah]
Rikardas777: checks 
andutu34: checks 
*** SHOW DOWN ***
Rikardas777: shows [6h Jh] (two pair, Tens and Sixes)
andutu34: shows [8s Js] (two pair, Tens and Eights)
andutu34 collected $14.69 from pot
*** SUMMARY ***
Total pot $15.46 | Rake $0.77 
Board [Ts 8d 6s Th Ah]
Seat 1: santi820 (big blind) folded before Flop
Seat 2: NE0FLY folded before Flop (didn't bet)
Seat 3: Rikardas777 showed [6h Jh] and lost with two pair, Tens and Sixes
Seat 4: andutu34 showed [8s Js] and won ($14.69) with two pair, Tens and Eights
Seat 5: reiyser (button) folded before Flop (didn't bet)
Seat 6: ghc_2 (small blind) folded before Flop



PokerStars Hand #254758458569:  Hold'em No Limit ($0.50/$1.00 USD) - 2025/02/07 23:54:24 WET [2025/02/07 18:54:24 ET]
Table 'Tama' 6-max Seat #6 is the button
Seat 1: santi820 ($108.52 in chips) 
Seat 2: NE0FLY ($61.78 in chips) 
Seat 3: Rikardas777 ($32.79 in chips) 
Seat 4: andutu34 ($121.28 in chips) 
Seat 5: reiyser ($190.53 in chips) 
Seat 6: ghc_2 ($120.57 in chips) 
santi820: posts small blind $0.50
NE0FLY: posts big blind $1
*** HOLE CARDS ***
Rikardas777: folds 
andutu34: folds 
reiyser: folds 
ghc_2: raises $1.40 to $2.40
santi820: folds 
NE0FLY: calls $1.40
*** FLOP *** [2s Ks 8s]
NE0FLY: checks 
ghc_2: checks 
*** TURN *** [2s Ks 8s] [9h]
NE0FLY: checks 
ghc_2: bets $2.52
NE0FLY: calls $2.52
*** RIVER *** [2s Ks 8s 9h] [4d]
NE0FLY: checks 
ghc_2: checks 
*** SHOW DOWN ***
NE0FLY: shows [5s Ac] (high card Ace)
ghc_2: shows [Td 9s] (a pair of Nines)
ghc_2 collected $9.82 from pot
*** SUMMARY ***
Total pot $10.34 | Rake $0.52 
Board [2s Ks 8s 9h 4d]
Seat 1: santi820 (small blind) folded before Flop
Seat 2: NE0FLY (big blind) showed [5s Ac] and lost with high card Ace
Seat 3: Rikardas777 folded before Flop (didn't bet)
Seat 4: andutu34 folded before Flop (didn't bet)
Seat 5: reiyser folded before Flop (didn't bet)
Seat 6: ghc_2 (button) showed [Td 9s] and won ($9.82) with a pair of Nines



PokerStars Hand #254758469065:  Hold'em No Limit ($0.50/$1.00 USD) - 2025/02/07 23:55:06 WET [2025/02/07 18:55:06 ET]
Table 'Tama' 6-max Seat #1 is the button
Seat 1: santi820 ($108.02 in chips) 
Seat 2: NE0FLY ($56.86 in chips) 
Seat 3: Rikardas777 ($32.79 in chips) 
Seat 4: andutu34 ($121.28 in chips) 
Seat 5: reiyser ($190.53 in chips) 
Seat 6: ghc_2 ($125.47 in chips) 
NE0FLY: posts small blind $0.50
Rikardas777: posts big blind $1
*** HOLE CARDS ***
andutu34: raises $1 to $2
reiyser: folds 
ghc_2: folds 
santi820: folds 
NE0FLY: folds 
Rikardas777: calls $1
*** FLOP *** [2h Jc 3s]
Rikardas777: checks 
andutu34: bets $3.21
Rikardas777: folds 
Uncalled bet ($3.21) returned to andutu34
andutu34 collected $4.28 from pot
andutu34: doesn't show hand 
*** SUMMARY ***
Total pot $4.50 | Rake $0.22 
Board [2h Jc 3s]
Seat 1: santi820 (button) folded before Flop (didn't bet)
Seat 2: NE0FLY (small blind) folded before Flop
Seat 3: Rikardas777 (big blind) folded on the Flop
Seat 4: andutu34 collected ($4.28)
Seat 5: reiyser folded before Flop (didn't bet)
Seat 6: ghc_2 folded before Flop (didn't bet)



PokerStars Hand #254758476868:  Hold'em No Limit ($0.50/$1.00 USD) - 2025/02/07 23:55:46 WET [2025/02/07 18:55:46 ET]
Table 'Tama' 6-max Seat #2 is the button
Seat 1: santi820 ($108.02 in chips) 
Seat 2: NE0FLY ($56.36 in chips) 
Seat 3: Rikardas777 ($30.79 in chips) 
Seat 4: andutu34 ($123.56 in chips) 
Seat 5: reiyser ($190.53 in chips) 
Seat 6: ghc_2 ($125.47 in chips) 
Rikardas777: posts small blind $0.50
andutu34: posts big blind $1
*** HOLE CARDS ***
reiyser: folds 
ghc_2: folds 
santi820: folds 
NE0FLY: folds 
Rikardas777: calls $0.50
andutu34: checks 
*** FLOP *** [7s Th 5c]
Rikardas777: checks 
andutu34: checks 
*** TURN *** [7s Th 5c] [5d]
Rikardas777: checks 
andutu34: bets $1.43
Rikardas777: calls $1.43
*** RIVER *** [7s Th 5c 5d] [Kd]
Rikardas777: checks 
andutu34: bets $3.47
Rikardas777: folds 
Uncalled bet ($3.47) returned to andutu34
andutu34 collected $4.62 from pot
andutu34: doesn't show hand 
*** SUMMARY ***
Total pot $4.86 | Rake $0.24 
Board [7s Th 5c 5d Kd]
Seat 1: santi820 folded before Flop (didn't bet)
Seat 2: NE0FLY (button) folded before Flop (didn't bet)
Seat 3: Rikardas777 (small blind) folded on the River
Seat 4: andutu34 (big blind) collected ($4.62)
Seat 5: reiyser folded before Flop (didn't bet)
Seat 6: ghc_2 folded before Flop (didn't bet)



PokerStars Hand #254758484536:  Hold'em No Limit ($0.50/$1.00 USD) - 2025/02/07 23:56:25 WET [2025/02/07 18:56:25 ET]
Table 'Tama' 6-max Seat #3 is the button
Seat 1: santi820 ($108.02 in chips) 
Seat 2: NE0FLY ($56.36 in chips) 
Seat 3: Rikardas777 ($28.36 in chips) 
Seat 4: andutu34 ($125.75 in chips) 
Seat 5: reiyser ($190.53 in chips) 
Seat 6: ghc_2 ($125.47 in chips) 
andutu34: posts small blind $0.50
reiyser: posts big blind $1
*** HOLE CARDS ***
ghc_2: folds 
santi820: folds 
NE0FLY: raises $2 to $3
Rikardas777: raises $25.36 to $28.36 and is all-in
andutu34: folds 
reiyser: folds 
NE0FLY: calls $25.36
*** FLOP *** [7d Kd Ks]
*** TURN *** [7d Kd Ks] [5d]
*** RIVER *** [7d Kd Ks 5d] [4d]
*** SHOW DOWN ***
NE0FLY: shows [Jd Qh] (a flush, King high)
Rikardas777: shows [9c Ts] (a pair of Kings)
NE0FLY collected $55.72 from pot
*** SUMMARY ***
Total pot $58.22 | Rake $2.50 
Board [7d Kd Ks 5d 4d]
Seat 1: santi820 folded before Flop (didn't bet)
Seat 2: NE0FLY showed [Jd Qh] and won ($55.72) with a flush, King high
Seat 3: Rikardas777 (button) showed [9c Ts] and lost with a pair of Kings
Seat 4: andutu34 (small blind) folded before Flop
Seat 5: reiyser (big blind) folded before Flop
Seat 6: ghc_2 folded before Flop (didn't bet)



PokerStars Hand #254758491830:  Hold'em No Limit ($0.50/$1.00 USD) - 2025/02/07 23:57:03 WET [2025/02/07 18:57:03 ET]
Table 'Tama' 6-max Seat #4 is the button
Seat 1: santi820 ($108.02 in chips) 
Seat 2: NE0FLY ($83.72 in chips) 
Seat 4: andutu34 ($125.25 in chips) 
Seat 5: reiyser ($189.53 in chips) 
Seat 6: ghc_2 ($125.47 in chips) 
reiyser: posts small blind $0.50
ghc_2: posts big blind $1
*** HOLE CARDS ***
santi820: folds 
NE0FLY: folds 
andutu34: raises $1.49 to $2.49
reiyser: folds 
ghc_2: folds 
Uncalled bet ($1.49) returned to andutu34
andutu34 collected $2.50 from pot
andutu34: doesn't show hand 
*** SUMMARY ***
Total pot $2.50 | Rake $0 
Seat 1: santi820 folded before Flop (didn't bet)
Seat 2: NE0FLY folded before Flop (didn't bet)
Seat 4: andutu34 (button) collected ($2.50)
Seat 5: reiyser (small blind) folded before Flop
Seat 6: ghc_2 (big blind) folded before Flop



PokerStars Hand #254758494175:  Hold'em No Limit ($0.50/$1.00 USD) - 2025/02/07 23:57:15 WET [2025/02/07 18:57:15 ET]
Table 'Tama' 6-max Seat #5 is the button
Seat 1: santi820 ($108.02 in chips) 
Seat 2: NE0FLY ($83.72 in chips) 
Seat 4: andutu34 ($126.75 in chips) 
Seat 5: reiyser ($189.03 in chips) 
Seat 6: ghc_2 ($124.47 in chips) 
ghc_2: posts small blind $0.50
santi820: posts big blind $1
*** HOLE CARDS ***
NE0FLY: folds 
andutu34: folds 
reiyser: folds 
ghc_2: folds 
Uncalled bet ($0.50) returned to santi820
santi820 collected $1 from pot
santi820: doesn't show hand 
*** SUMMARY ***
Total pot $1 | Rake $0 
Seat 1: santi820 (big blind) collected ($1)
Seat 2: NE0FLY folded before Flop (didn't bet)
Seat 4: andutu34 folded before Flop (didn't bet)
Seat 5: reiyser (button) folded before Flop (didn't bet)
Seat 6: ghc_2 (small blind) folded before Flop



PokerStars Hand #254758496522:  Hold'em No Limit ($0.50/$1.00 USD) - 2025/02/07 23:57:27 WET [2025/02/07 18:57:27 ET]
Table 'Tama' 6-max Seat #6 is the button
Seat 1: santi820 ($108.52 in chips) 
Seat 2: NE0FLY ($83.72 in chips) 
Seat 4: andutu34 ($126.75 in chips) 
Seat 5: reiyser ($189.03 in chips) 
Seat 6: ghc_2 ($123.97 in chips) 
santi820: posts small blind $0.50
m0nTTu joins the table at seat #3 
NE0FLY: posts big blind $1
*** HOLE CARDS ***
andutu34: folds 
reiyser: raises $1.23 to $2.23
ghc_2: folds 
santi820: raises $8.27 to $10.50
NE0FLY: folds 
reiyser: calls $8.27
*** FLOP *** [8h 4h 3s]
santi820: bets $15.68
reiyser: folds 
Uncalled bet ($15.68) returned to santi820
santi820 collected $20.90 from pot
santi820: doesn't show hand 
*** SUMMARY ***
Total pot $22 | Rake $1.10 
Board [8h 4h 3s]
Seat 1: santi820 (small blind) collected ($20.90)
Seat 2: NE0FLY (big blind) folded before Flop
Seat 4: andutu34 folded before Flop (didn't bet)
Seat 5: reiyser folded on the Flop
Seat 6: ghc_2 (button) folded before Flop (didn't bet)



PokerStars Hand #254758507729:  Hold'em No Limit ($0.50/$1.00 USD) - 2025/02/07 23:58:24 WET [2025/02/07 18:58:24 ET]
Table 'Tama' 6-max Seat #1 is the button
Seat 1: santi820 ($118.92 in chips) 
Seat 2: NE0FLY ($82.72 in chips) 
Seat 3: m0nTTu ($80 in chips) 
Seat 4: andutu34 ($126.75 in chips) 
Seat 5: reiyser ($178.53 in chips) 
Seat 6: ghc_2 ($123.97 in chips) 
NE0FLY: posts small blind $0.50
m0nTTu: posts big blind $1
*** HOLE CARDS ***
andutu34: folds 
reiyser: raises $1.23 to $2.23
ghc_2: folds 
santi820: raises $4.77 to $7
NE0FLY: folds 
m0nTTu: folds 
reiyser: folds 
Uncalled bet ($4.77) returned to santi820
santi820 collected $5.96 from pot
santi820: doesn't show hand 
*** SUMMARY ***
Total pot $5.96 | Rake $0 
Seat 1: santi820 (button) collected ($5.96)
Seat 2: NE0FLY (small blind) folded before Flop
Seat 3: m0nTTu (big blind) folded before Flop
Seat 4: andutu34 folded before Flop (didn't bet)
Seat 5: reiyser folded before Flop
Seat 6: ghc_2 folded before Flop (didn't bet)



PokerStars Hand #254758514936:  Hold'em No Limit ($0.50/$1.00 USD) - 2025/02/07 23:59:01 WET [2025/02/07 18:59:01 ET]
Table 'Tama' 6-max Seat #2 is the button
Seat 4: andutu34 ($126.75 in chips) is sitting out
Seat 1: santi820 ($122.65 in chips) 
Seat 2: NE0FLY ($82.22 in chips) 
Seat 3: m0nTTu ($79 in chips) 
Seat 5: reiyser ($176.30 in chips) 
Seat 6: ghc_2 ($123.97 in chips) 
m0nTTu: posts small blind $0.50
andutu34: is sitting out 
reiyser: posts big blind $1
*** HOLE CARDS ***
ghc_2: folds 
andutu34 leaves the table
santi820: folds 
NE0FLY: folds 
m0nTTu: folds 
Uncalled bet ($0.50) returned to reiyser
reiyser collected $1 from pot
reiyser: doesn't show hand 
*** SUMMARY ***
Total pot $1 | Rake $0 
Seat 4: andutu34
Seat 1: santi820 folded before Flop (didn't bet)
Seat 2: NE0FLY (button) folded before Flop (didn't bet)
Seat 3: m0nTTu (small blind) folded before Flop
Seat 5: reiyser (big blind) collected ($1)
Seat 6: ghc_2 folded before Flop (didn't bet)



PokerStars Hand #254758517451:  Hold'em No Limit ($0.50/$1.00 USD) - 2025/02/07 23:59:15 WET [2025/02/07 18:59:15 ET]
Table 'Tama' 6-max Seat #3 is the button
Seat 1: santi820 ($122.65 in chips) 
Seat 2: NE0FLY ($82.22 in chips) 
Seat 3: m0nTTu ($100 in chips) 
Seat 5: reiyser ($176.80 in chips) 
Seat 6: ghc_2 ($123.97 in chips) 
reiyser: posts small blind $0.50
ghc_2: posts big blind $1
*** HOLE CARDS ***
santi820: folds 
NE0FLY: folds 
m0nTTu: raises $1.50 to $2.50
reiyser: folds 
ghc_2: folds 
Uncalled bet ($1.50) returned to m0nTTu
m0nTTu collected $2.50 from pot
m0nTTu: doesn't show hand 
*** SUMMARY ***
Total pot $2.50 | Rake $0 
Seat 1: santi820 folded before Flop (didn't bet)
Seat 2: NE0FLY folded before Flop (didn't bet)
Seat 3: m0nTTu (button) collected ($2.50)
Seat 5: reiyser (small blind) folded before Flop
Seat 6: ghc_2 (big blind) folded before Flop



PokerStars Hand #254758522289:  Hold'em No Limit ($0.50/$1.00 USD) - 2025/02/07 23:59:39 WET [2025/02/07 18:59:39 ET]
Table 'Tama' 6-max Seat #5 is the button
Seat 1: santi820 ($122.65 in chips) 
Seat 2: NE0FLY ($82.22 in chips) 
Seat 3: m0nTTu ($101.50 in chips) 
Seat 5: reiyser ($176.30 in chips) 
Seat 6: ghc_2 ($122.97 in chips) 
ghc_2: posts small blind $0.50
santi820: posts big blind $1
*** HOLE CARDS ***
NE0FLY: folds 
m0nTTu: raises $1.50 to $2.50
reiyser: raises $5.50 to $8
ghc_2: folds 
santi820: folds 
m0nTTu: folds 
Uncalled bet ($5.50) returned to reiyser
reiyser collected $6.50 from pot
reiyser: doesn't show hand 
*** SUMMARY ***
Total pot $6.50 | Rake $0 
Seat 1: santi820 (big blind) folded before Flop
Seat 2: NE0FLY folded before Flop (didn't bet)
Seat 3: m0nTTu folded before Flop
Seat 5: reiyser (button) collected ($6.50)
Seat 6: ghc_2 (small blind) folded before Flop



PokerStars Hand #254758527275:  Hold'em No Limit ($0.50/$1.00 USD) - 2025/02/07 0:00:04 WET [2025/02/07 19:00:04 ET]
Table 'Tama' 6-max Seat #6 is the button
Seat 1: santi820 ($121.65 in chips) 
Seat 2: NE0FLY ($82.22 in chips) 
Seat 3: m0nTTu ($99 in chips) 
Seat 5: reiyser ($180.30 in chips) 
Seat 6: ghc_2 ($122.47 in chips) 
santi820: posts small blind $0.50
NE0FLY: posts big blind $1
*** HOLE CARDS ***
m0nTTu: folds 
reiyser: folds 
ghc_2: folds 
santi820: folds 
Uncalled bet ($0.50) returned to NE0FLY
NE0FLY collected $1 from pot
NE0FLY: doesn't show hand 
*** SUMMARY ***
Total pot $1 | Rake $0 
Seat 1: santi820 (small blind) folded before Flop
Seat 2: NE0FLY (big blind) collected ($1)
Seat 3: m0nTTu folded before Flop (didn't bet)
Seat 5: reiyser folded before Flop (didn't bet)
Seat 6: ghc_2 (button) folded before Flop (didn't bet)



PokerStars Hand #254758530923:  Hold'em No Limit ($0.50/$1.00 USD) - 2025/02/07 0:00:22 WET [2025/02/07 19:00:22 ET]
Table 'Tama' 6-max Seat #1 is the button
Seat 1: santi820 ($121.15 in chips) 
Seat 2: NE0FLY ($82.72 in chips) 
Seat 3: m0nTTu ($99 in chips) 
Seat 5: reiyser ($180.30 in chips) 
Seat 6: ghc_2 ($122.47 in chips) 
NE0FLY: posts small blind $0.50
m0nTTu: posts big blind $1
*** HOLE CARDS ***
reiyser: folds 
ghc_2: folds 
PippetChase joins the table at seat #4 
PippetChase is disconnected 
santi820: raises $1.50 to $2.50
NE0FLY: folds 
m0nTTu: calls $1.50
*** FLOP *** [8d Qc Tc]
m0nTTu: checks 
santi820: bets $1.72
m0nTTu: folds 
Uncalled bet ($1.72) returned to santi820
santi820 collected $5.22 from pot
santi820: doesn't show hand 
*** SUMMARY ***
Total pot $5.50 | Rake $0.28 
Board [8d Qc Tc]
Seat 1: santi820 (button) collected ($5.22)
Seat 2: NE0FLY (small blind) folded before Flop
Seat 3: m0nTTu (big blind) folded on the Flop
Seat 5: reiyser folded before Flop (didn't bet)
Seat 6: ghc_2 folded before Flop (didn't bet)



PokerStars Hand #254758540655:  Hold'em No Limit ($0.50/$1.00 USD) - 2025/02/07 0:01:04 WET [2025/02/07 19:01:04 ET]
Table 'Tama' 6-max Seat #2 is the button
Seat 1: santi820 ($123.87 in chips) 
Seat 2: NE0FLY ($82.22 in chips) 
Seat 3: m0nTTu ($96.50 in chips) 
Seat 4: PippetChase ($100 in chips) 
Seat 5: reiyser ($180.30 in chips) 
Seat 6: ghc_2 ($122.47 in chips) 
m0nTTu: posts small blind $0.50
PippetChase: posts big blind $1
*** HOLE CARDS ***
reiyser: raises $1.23 to $2.23
ghc_2: folds 
santi820: folds 
NE0FLY: folds 
m0nTTu: folds 
PippetChase: calls $1.23
*** FLOP *** [8h Jh Ad]
PippetChase: bets $2.36
reiyser: calls $2.36
*** TURN *** [8h Jh Ad] [Kd]
PippetChase: checks 
reiyser: bets $6.99
PippetChase: folds 
Uncalled bet ($6.99) returned to reiyser
reiyser collected $9.20 from pot
reiyser: doesn't show hand 
*** SUMMARY ***
Total pot $9.68 | Rake $0.48 
Board [8h Jh Ad Kd]
Seat 1: santi820 folded before Flop (didn't bet)
Seat 2: NE0FLY (button) folded before Flop (didn't bet)
Seat 3: m0nTTu (small blind) folded before Flop
Seat 4: PippetChase (big blind) folded on the Turn
Seat 5: reiyser collected ($9.20)
Seat 6: ghc_2 folded before Flop (didn't bet)



PokerStars Hand #254758557587:  Hold'em No Limit ($0.50/$1.00 USD) - 2025/02/07 0:02:12 WET [2025/02/07 19:02:12 ET]
Table 'Tama' 6-max Seat #3 is the button
Seat 1: santi820 ($123.87 in chips) 
Seat 2: NE0FLY ($82.22 in chips) 
Seat 3: m0nTTu ($96 in chips) 
Seat 4: PippetChase ($95.41 in chips) 
Seat 5: reiyser ($184.91 in chips) 
Seat 6: ghc_2 ($122.47 in chips) 
PippetChase: posts small blind $0.50
reiyser: posts big blind $1
*** HOLE CARDS ***
ghc_2: folds 
santi820: folds 
NE0FLY: raises $1 to $2
m0nTTu: folds 
PippetChase: calls $1.50
reiyser: folds 
*** FLOP *** [3d 3s Qh]
PippetChase: checks 
NE0FLY: checks 
*** TURN *** [3d 3s Qh] [Qc]
PippetChase: checks 
NE0FLY: checks 
*** RIVER *** [3d 3s Qh Qc] [7c]
PippetChase: checks 
NE0FLY: bets $4.75
PippetChase: calls $4.75
*** SHOW DOWN ***
NE0FLY: shows [8d Ad] (two pair, Queens and Threes)
PippetChase: mucks hand 
NE0FLY collected $13.78 from pot
*** SUMMARY ***
Total pot $14.50 | Rake $0.72 
Board [3d 3s Qh Qc 7c]
Seat 1: santi820 folded before Flop (didn't bet)
Seat 2: NE0FLY showed [8d Ad] and won ($13.78) with two pair, Queens and Threes
Seat 3: m0nTTu (button) folded before Flop (didn't bet)
Seat 4: PippetChase (small blind) mucked
Seat 5: reiyser (big blind) folded before Flop
Seat 6: ghc_2 folded before Flop (didn't bet)



PokerStars Hand #254758567039:  Hold'em No Limit ($0.50/$1.00 USD) - 2025/02/07 0:02:50 WET [2025/02/07 19:02:50 ET]
Table 'Tama' 6-max Seat #4 is the button
Seat 1: santi820 ($123.87 in chips) 
Seat 2: NE0FLY ($89.25 in chips) 
Seat 3: m0nTTu ($96 in chips) 
Seat 4: PippetChase ($88.66 in chips) 
Seat 5: reiyser ($183.91 in chips) 
Seat 6: ghc_2 ($122.47 in chips) 
reiyser: posts small blind $0.50
ghc_2: posts big blind $1
*** HOLE CARDS ***
santi820: folds 
NE0FLY: folds 
m0nTTu: folds 
PippetChase: folds 
reiyser: raises $1.80 to $2.80
ghc_2: calls $1.80
*** FLOP *** [5s 9c 2d]
reiyser: checks 
ghc_2: checks 
*** TURN *** [5s 9c 2d] [Qs]
reiyser: checks 
ghc_2: checks 
*** RIVER *** [5s 9c 2d Qs] [6c]
reiyser: checks 
ghc_2: checks 
*** SHOW DOWN ***
reiyser: shows [Ah Kc] (high card Ace)
ghc_2: shows [4h 4c] (a pair of Fours)
ghc_2 collected $5.32 from pot
*** SUMMARY ***
Total pot $5.60 | Rake $0.28 
Board [5s 9c 2d Qs 6c]
Seat 1: santi820 folded before Flop (didn't bet)
Seat 2: NE0FLY folded before Flop (didn't bet)
Seat 3: m0nTTu folded before Flop (didn't bet)
Seat 4: PippetChase (button) folded before Flop (didn't bet)
Seat 5: reiyser (small blind) showed [Ah Kc] and lost with high card Ace
Seat 6: ghc_2 (big blind) showed [4h 4c] and won ($5.32) with a pair of Fours



PokerStars Hand #254758580054:  Hold'em No Limit ($0.50/$1.00 USD) - 2025/02/07 0:03:42 WET [2025/02/07 19:03:42 ET]
Table 'Tama' 6-max Seat #5 is the button
Seat 1: santi820 ($123.87 in chips) 
Seat 2: NE0FLY ($89.25 in chips) 
Seat 3: m0nTTu ($96 in chips) 
Seat 4: PippetChase ($88.66 in chips) 
Seat 5: reiyser ($181.11 in chips) 
Seat 6: ghc_2 ($124.99 in chips) 
ghc_2: posts small blind $0.50
santi820: posts big blind $1
*** HOLE CARDS ***
NE0FLY: folds 
m0nTTu: folds 
PippetChase: raises $1 to $2
reiyser: folds 
ghc_2: folds 
santi820: folds 
Uncalled bet ($1) returned to PippetChase
PippetChase collected $2.50 from pot
*** SUMMARY ***
Total pot $2.50 | Rake $0 
Seat 1: santi820 (big blind) folded before Flop
Seat 2: NE0FLY folded before Flop (didn't bet)
Seat 3: m0nTTu folded before Flop (didn't bet)
Seat 4: PippetChase collected ($2.50)
Seat 5: reiyser (button) folded before Flop (didn't bet)
Seat 6: ghc_2 (small blind) folded before Flop



PokerStars Hand #254758584451:  Hold'em No Limit ($0.50/$1.00 USD) - 2025/02/07 0:04:00 WET [2025/02/07 19:04:00 ET]
Table 'Tama' 6-max Seat #6 is the button
Seat 1: santi820 ($122.87 in chips) 
Seat 2: NE0FLY ($89.25 in chips) 
Seat 3: m0nTTu ($96 in chips) 
Seat 4: PippetChase ($90.16 in chips) 
Seat 5: reiyser ($181.11 in chips) 
Seat 6: ghc_2 ($124.49 in chips) 
santi820: posts small blind $0.50
NE0FLY: posts big blind $1
*** HOLE CARDS ***
m0nTTu: folds 
PippetChase: calls $1
reiyser: folds 
ghc_2: folds 
santi820: folds 
NE0FLY: checks 
*** FLOP *** [8h Kd 9s]
NE0FLY: checks 
PippetChase: bets $1.19
NE0FLY: calls $1.19
*** TURN *** [8h Kd 9s] [Qc]
NE0FLY: checks 
PippetChase: bets $1
NE0FLY: raises $6.64 to $7.64
PippetChase: calls $6.64
*** RIVER *** [8h Kd 9s Qc] [Jh]
NE0FLY: bets $19.15
PippetChase: raises $19.15 to $38.30
NE0FLY: folds 
Uncalled bet ($19.15) returned to PippetChase
PippetChase collected $55.96 from pot
*** SUMMARY ***
Total pot $58.46 | Rake $2.50 
Board [8h Kd 9s Qc Jh]
Seat 1: santi820 (small blind) folded before Flop
Seat 2: NE0FLY (big blind) folded on the River
Seat 3: m0nTTu folded before Flop (didn't bet)
Seat 4: PippetChase collected ($55.96)
Seat 5: reiyser folded before Flop (didn't bet)
Seat 6: ghc_2 (button) folded before Flop (didn't bet)



PokerStars Hand #254758605236:  Hold'em No Limit ($0.50/$1.00 USD) - 2025/02/07 0:05:24 WET [2025/02/07 19:05:24 ET]
Table 'Tama' 6-max Seat #1 is the button
Seat 3: m0nTTu ($96 in chips) is sitting out
Seat 1: santi820 ($122.37 in chips) 
Seat 2: NE0FLY ($60.27 in chips) 
Seat 4: PippetChase ($117.14 in chips) 
Seat 5: reiyser ($181.11 in chips) 
Seat 6: ghc_2 ($124.49 in chips) 
NE0FLY: posts small blind $0.50
m0nTTu: is sitting out 
PippetChase: posts big blind $1
*** HOLE CARDS ***
reiyser: folds 
ghc_2: folds 
santi820: raises $1.50 to $2.50
NE0FLY: calls $2
m0nTTu leaves the table
PippetChase: calls $1.50
*** FLOP *** [2s 6h Jc]
equilibrium_tv joins the table at seat #3 
NE0FLY: checks 
PippetChase: checks 
santi820: bets $2.35
NE0FLY: folds 
PippetChase: folds 
Uncalled bet ($2.35) returned to santi820
santi820 collected $7.12 from pot
santi820: doesn't show hand 
*** SUMMARY ***
Total pot $7.50 | Rake $0.38 
Board [2s 6h Jc]
Seat 3: m0nTTu
Seat 1: santi820 (button) collected ($7.12)
Seat 2: NE0FLY (small blind) folded on the Flop
Seat 4: PippetChase (big blind) folded on the Flop
Seat 5: reiyser folded before Flop (didn't bet)
Seat 6: ghc_2 folded before Flop (didn't bet)



PokerStars Hand #254758617610:  Hold'em No Limit ($0.50/$1.00 USD) - 2025/02/07 0:06:15 WET [2025/02/07 19:06:15 ET]
Table 'Tama' 6-max Seat #2 is the button
Seat 3: equilibrium_tv ($40 in chips) is sitting out
Seat 1: santi820 ($126.99 in chips) 
Seat 2: NE0FLY ($57.77 in chips) 
Seat 4: PippetChase ($114.64 in chips) 
Seat 5: reiyser ($181.11 in chips) 
Seat 6: ghc_2 ($124.49 in chips) 
PippetChase: posts small blind $0.50
reiyser: posts big blind $1
*** HOLE CARDS ***
ghc_2: folds 
santi820: folds 
NE0FLY: folds 
PippetChase: folds 
Uncalled bet ($0.50) returned to reiyser
reiyser collected $1 from pot
reiyser: doesn't show hand 
*** SUMMARY ***
Total pot $1 | Rake $0 
Seat 3: equilibrium_tv
Seat 1: santi820 folded before Flop (didn't bet)
Seat 2: NE0FLY (button) folded before Flop (didn't bet)
Seat 4: PippetChase (small blind) folded before Flop
Seat 5: reiyser (big blind) collected ($1)
Seat 6: ghc_2 folded before Flop (didn't bet)



PokerStars Hand #254758620772:  Hold'em No Limit ($0.50/$1.00 USD) - 2025/02/07 0:06:28 WET [2025/02/07 19:06:28 ET]
Table 'Tama' 6-max Seat #4 is the button
Seat 3: equilibrium_tv ($40 in chips) is sitting out
Seat 1: santi820 ($126.99 in chips) 
Seat 2: NE0FLY ($57.77 in chips) 
Seat 4: PippetChase ($114.14 in chips) 
Seat 5: reiyser ($181.61 in chips) 
Seat 6: ghc_2 ($124.49 in chips) 
reiyser: posts small blind $0.50
ghc_2: posts big blind $1
equilibrium_tv: sits out 
*** HOLE CARDS ***
santi820: folds 
NE0FLY: folds 
PippetChase: folds 
reiyser: folds 
Uncalled bet ($0.50) returned to ghc_2
ghc_2 collected $1 from pot
ghc_2: doesn't show hand 
*** SUMMARY ***
Total pot $1 | Rake $0 
Seat 3: equilibrium_tv
Seat 1: santi820 folded before Flop (didn't bet)
Seat 2: NE0FLY folded before Flop (didn't bet)
Seat 4: PippetChase (button) folded before Flop (didn't bet)
Seat 5: reiyser (small blind) folded before Flop
Seat 6: ghc_2 (big blind) collected ($1)



PokerStars Hand #254758625071:  Hold'em No Limit ($0.50/$1.00 USD) - 2025/02/07 0:06:46 WET [2025/02/07 19:06:46 ET]
Table 'Tama' 6-max Seat #5 is the button
Seat 3: equilibrium_tv ($40 in chips) is sitting out
Seat 1: santi820 ($126.99 in chips) 
Seat 2: NE0FLY ($57.77 in chips) 
Seat 4: PippetChase ($114.14 in chips) 
Seat 5: reiyser ($181.11 in chips) 
Seat 6: ghc_2 ($124.99 in chips) 
ghc_2: posts small blind $0.50
santi820: posts big blind $1
equilibrium_tv: sits out 
*** HOLE CARDS ***
NE0FLY: calls $1
PippetChase: folds 
reiyser: raises $3 to $4
ghc_2: folds 
santi820: folds 
NE0FLY: calls $3
*** FLOP *** [Qd 6s Ac]
NE0FLY: bets $4.51
reiyser: calls $4.51
*** TURN *** [Qd 6s Ac] [Jc]
NE0FLY: bets $8.80
reiyser: calls $8.80
*** RIVER *** [Qd 6s Ac Jc] [9h]
NE0FLY: checks 
reiyser: bets $26.08
NE0FLY: calls $26.08
*** SHOW DOWN ***
reiyser: shows [As Ah] (three of a kind, Aces)
NE0FLY: mucks hand 
reiyser collected $85.78 from pot
*** SUMMARY ***
Total pot $88.28 | Rake $2.50 
Board [Qd 6s Ac Jc 9h]
Seat 3: equilibrium_tv
Seat 1: santi820 (big blind) folded before Flop
Seat 2: NE0FLY mucked
Seat 4: PippetChase folded before Flop (didn't bet)
Seat 5: reiyser (button) showed [As Ah] and won ($85.78) with three of a kind, Aces
Seat 6: ghc_2 (small blind) folded before Flop



PokerStars Hand #254758012522:  Hold'em No Limit ($0.50/$1.00 USD) - 2025/02/07 23:26:28 WET [2025/02/07 18:26:28 ET]
Table 'Tama' 6-max Seat #5 is the button
Seat 1: santi820 ($100 in chips) 
Seat 2: NE0FLY ($80.07 in chips) 
Seat 3: nikalas22 ($103.66 in chips) 
Seat 4: andutu34 ($101.01 in chips) 
Seat 5: z00mba ($113.25 in chips) 
Seat 6: ghc_2 ($106.30 in chips) 
ghc_2: posts small blind $0.50
santi820: posts big blind $1
*** HOLE CARDS ***
NE0FLY: folds 
nikalas22: folds 
andutu34: folds 
z00mba: folds 
ghc_2: folds 
Uncalled bet ($0.50) returned to santi820
santi820 collected $1 from pot
santi820: doesn't show hand 
z00mba leaves the table
*** SUMMARY ***
Total pot $1 | Rake $0 
Seat 1: santi820 (big blind) collected ($1)
Seat 2: NE0FLY folded before Flop (didn't bet)
Seat 3: nikalas22 folded before Flop (didn't bet)
Seat 4: andutu34 folded before Flop (didn't bet)
Seat 5: z00mba (button) folded before Flop (didn't bet)
Seat 6: ghc_2 (small blind) folded before Flop



PokerStars Hand #254758017433:  Hold'em No Limit ($0.50/$1.00 USD) - 2025/02/07 23:26:46 WET [2025/02/07 18:26:46 ET]
Table 'Tama' 6-max Seat #6 is the button
Seat 1: santi820 ($100.50 in chips) 
Seat 2: NE0FLY ($80.07 in chips) 
Seat 3: nikalas22 ($103.66 in chips) 
Seat 4: andutu34 ($101.01 in chips) 
Seat 6: ghc_2 ($105.80 in chips) 
santi820: posts small blind $0.50
NE0FLY: posts big blind $1
*** HOLE CARDS ***
nikalas22: folds 
andutu34: folds 
ghc_2: raises $1.40 to $2.40
nikalas22 leaves the table
reiyser joins the table at seat #5 
Rikardas777 joins the table at seat #3 
Rikardas777 is disconnected 
santi820: raises $8.10 to $10.50
NE0FLY: folds 
ghc_2: folds 
Uncalled bet ($8.10) returned to santi820
santi820 collected $5.80 from pot
santi820: doesn't show hand 
*** SUMMARY ***
Total pot $5.80 | Rake $0 
Seat 1: santi820 (small blind) collected ($5.80)
Seat 2: NE0FLY (big blind) folded before Flop
Seat 3: nikalas22 folded before Flop (didn't bet)
Seat 4: andutu34 folded before Flop (didn't bet)
Seat 6: ghc_2 (button) folded before Flop



PokerStars Hand #254758026540:  Hold'em No Limit ($0.50/$1.00 USD) - 2025/02/07 23:27:19 WET [2025/02/07 18:27:19 ET]
Table 'Tama' 6-max Seat #1 is the button
Seat 5: reiyser ($100 in chips) is sitting out
Seat 1: santi820 ($103.90 in chips) 
Seat 2: NE0FLY ($79.07 in chips) 
Seat 3: Rikardas777 ($59.65 in chips) 
Seat 4: andutu34 ($101.01 in chips) 
Seat 6: ghc_2 ($103.40 in chips) 
NE0FLY: posts small blind $0.50
Rikardas777: posts big blind $1
reiyser: sits out 
*** HOLE CARDS ***
andutu34: folds 
ghc_2: folds 
santi820: folds 
NE0FLY: folds 
Uncalled bet ($0.50) returned to Rikardas777
Rikardas777 collected $1 from pot
*** SUMMARY ***
Total pot $1 | Rake $0 
Seat 5: reiyser
Seat 1: santi820 (button) folded before Flop (didn't bet)
Seat 2: NE0FLY (small blind) folded before Flop
Seat 3: Rikardas777 (big blind) collected ($1)
Seat 4: andutu34 folded before Flop (didn't bet)
Seat 6: ghc_2 folded before Flop (didn't bet)



PokerStars Hand #254758029440:  Hold'em No Limit ($0.50/$1.00 USD) - 2025/02/07 23:27:29 WET [2025/02/07 18:27:29 ET]
Table 'Tama' 6-max Seat #2 is the button
Seat 5: reiyser ($100 in chips) is sitting out
Seat 1: santi820 ($103.90 in chips) 
Seat 2: NE0FLY ($78.57 in chips) 
Seat 3: Rikardas777 ($60.15 in chips) 
Seat 4: andutu34 ($101.01 in chips) 
Seat 6: ghc_2 ($103.40 in chips) 
Rikardas777: posts small blind $0.50
andutu34: posts big blind $1
reiyser: sits out 
*** HOLE CARDS ***
ghc_2: folds 
santi820: folds 
NE0FLY: raises $2 to $3
Rikardas777: folds 
andutu34: calls $2
*** FLOP *** [Jd 8d Th]
andutu34: checks 
NE0FLY: bets $3.09
andutu34: folds 
Uncalled bet ($3.09) returned to NE0FLY
NE0FLY collected $6.18 from pot
NE0FLY: doesn't show hand 
*** SUMMARY ***
Total pot $6.50 | Rake $0.32 
Board [Jd 8d Th]
Seat 5: reiyser
Seat 1: santi820 folded before Flop (didn't bet)
Seat 2: NE0FLY (button) collected ($6.18)
Seat 3: Rikardas777 (small blind) folded before Flop
Seat 4: andutu34 (big blind) folded on the Flop
Seat 6: ghc_2 folded before Flop (didn't bet)



PokerStars Hand #254758036348:  Hold'em No Limit ($0.50/$1.00 USD) - 2025/02/07 23:27:53 WET [2025/02/07 18:27:53 ET]
Table 'Tama' 6-max Seat #3 is the button
Seat 1: santi820 ($103.90 in chips) 
Seat 2: NE0FLY ($81.75 in chips) 
Seat 3: Rikardas777 ($59.65 in chips) 
Seat 4: andutu34 ($100 in chips) 
Seat 5: reiyser ($100 in chips) 
Seat 6: ghc_2 ($103.40 in chips) 
andutu34: posts small blind $0.50
reiyser: posts big blind $1
*** HOLE CARDS ***
ghc_2: folds 
santi820: folds 
NE0FLY: raises $1 to $2
Rikardas777: calls $2
andutu34: calls $1.50
reiyser: folds 
*** FLOP *** [Th 9h 2h]
andutu34: checks 
NE0FLY: checks 
Rikardas777: checks 
*** TURN *** [Th 9h 2h] [Qc]
andutu34: checks 
NE0FLY: checks 
Rikardas777: checks 
*** RIVER *** [Th 9h 2h Qc] [Qh]
andutu34: checks 
NE0FLY: bets $3.33
Rikardas777: folds 
andutu34: calls $3.33
*** SHOW DOWN ***
NE0FLY: shows [Kc Tc] (two pair, Queens and Tens)
andutu34: shows [3s 3h] (a flush, Queen high)
andutu34 collected $12.98 from pot
*** SUMMARY ***
Total pot $13.66 | Rake $0.68 
Board [Th 9h 2h Qc Qh]
Seat 1: santi820 folded before Flop (didn't bet)
Seat 2: NE0FLY showed [Kc Tc] and lost with two pair, Queens and Tens
Seat 3: Rikardas777 (button) folded on the River
Seat 4: andutu34 (small blind) showed [3s 3h] and won ($12.98) with a flush, Queen high
Seat 5: reiyser (big blind) folded before Flop
Seat 6: ghc_2 folded before Flop (didn't bet)



PokerStars Hand #254758054008:  Hold'em No Limit ($0.50/$1.00 USD) - 2025/02/07 23:28:58 WET [2025/02/07 18:28:58 ET]
Table 'Tama' 6-max Seat #4 is the button
Seat 1: santi820 ($103.90 in chips) 
Seat 2: NE0FLY ($76.42 in chips) 
Seat 3: Rikardas777 ($57.65 in chips) 
Seat 4: andutu34 ($107.65 in chips) 
Seat 5: reiyser ($100 in chips) 
Seat 6: ghc_2 ($103.40 in chips) 
reiyser: posts small blind $0.50
ghc_2: posts big blind $1
*** HOLE CARDS ***
santi820: folds 
NE0FLY: folds 
Rikardas777: folds 
andutu34: folds 
reiyser: folds 
Uncalled bet ($0.50) returned to ghc_2
ghc_2 collected $1 from pot
ghc_2: doesn't show hand 
*** SUMMARY ***
Total pot $1 | Rake $0 
Seat 1: santi820 folded before Flop (didn't bet)
Seat 2: NE0FLY folded before Flop (didn't bet)
Seat 3: Rikardas777 folded before Flop (didn't bet)
Seat 4: andutu34 (button) folded before Flop (didn't bet)
Seat 5: reiyser (small blind) folded before Flop
Seat 6: ghc_2 (big blind) collected ($1)



PokerStars Hand #254758058232:  Hold'em No Limit ($0.50/$1.00 USD) - 2025/02/07 23:29:13 WET [2025/02/07 18:29:13 ET]
Table 'Tama' 6-max Seat #5 is the button
Seat 1: santi820 ($103.90 in chips) 
Seat 2: NE0FLY ($76.42 in chips) 
Seat 3: Rikardas777 ($57.65 in chips) 
Seat 4: andutu34 ($107.65 in chips) 
Seat 5: reiyser ($100 in chips) 
Seat 6: ghc_2 ($103.90 in chips) 
ghc_2: posts small blind $0.50
santi820: posts big blind $1
*** HOLE CARDS ***
NE0FLY: folds 
Rikardas777: calls $1
andutu34: folds 
reiyser: folds 
ghc_2: folds 
santi820: checks 
*** FLOP *** [Ks Qs 5s]
santi820: checks 
Rikardas777: checks 
*** TURN *** [Ks Qs 5s] [3s]
santi820: checks 
Rikardas777: checks 
*** RIVER *** [Ks Qs 5s 3s] [Jc]
santi820: bets $1.79
Rikardas777: calls $1.79
*** SHOW DOWN ***
santi820: shows [7h 8s] (a flush, King high)
Rikardas777: mucks hand 
santi820 collected $5.78 from pot
*** SUMMARY ***
Total pot $6.08 | Rake $0.30 
Board [Ks Qs 5s 3s Jc]
Seat 1: santi820 (big blind) showed [7h 8s] and won ($5.78) with a flush, King high
Seat 2: NE0FLY folded before Flop (didn't bet)
Seat 3: Rikardas777 mucked
Seat 4: andutu34 folded before Flop (didn't bet)
Seat 5: reiyser (button) folded before Flop (didn't bet)
Seat 6: ghc_2 (small blind) folded before Flop



PokerStars Hand #254758080182:  Hold'em No Limit ($0.50/$1.00 USD) - 2025/02/07 23:30:32 WET [2025/02/07 18:30:32 ET]
Table 'Tama' 6-max Seat #6 is the button
Seat 1: santi820 ($106.89 in chips) 
Seat 2: NE0FLY ($76.42 in chips) 
Seat 3: Rikardas777 ($54.86 in chips) 
Seat 4: andutu34 ($107.65 in chips) 
Seat 5: reiyser ($100 in chips) 
Seat 6: ghc_2 ($103.40 in chips) 
santi820: posts small blind $0.50
NE0FLY: posts big blind $1
*** HOLE CARDS ***
Rikardas777: folds 
andutu34: folds 
reiyser: raises $1.23 to $2.23
ghc_2: folds 
santi820: raises $8.27 to $10.50
NE0FLY: folds 
reiyser: raises $13.50 to $24
santi820: calls $13.50
*** FLOP *** [2d Jh 9c]
santi820: checks 
reiyser: checks 
*** TURN *** [2d Jh 9c] [4c]
santi820: checks 
reiyser: bets $24.21
santi820: raises $58.68 to $82.89 and is all-in
reiyser: calls $51.79 and is all-in
Uncalled bet ($6.89) returned to santi820
*** RIVER *** [2d Jh 9c 4c] [Ks]
*** SHOW DOWN ***
santi820: shows [Qc Kc] (a pair of Kings)
reiyser: shows [As Ad] (a pair of Aces)
reiyser collected $198.50 from pot
*** SUMMARY ***
Total pot $201 | Rake $2.50 
Board [2d Jh 9c 4c Ks]
Seat 1: santi820 (small blind) showed [Qc Kc] and lost with a pair of Kings
Seat 2: NE0FLY (big blind) folded before Flop
Seat 3: Rikardas777 folded before Flop (didn't bet)
Seat 4: andutu34 folded before Flop (didn't bet)
Seat 5: reiyser showed [As Ad] and won ($198.50) with a pair of Aces
Seat 6: ghc_2 (button) folded before Flop (didn't bet)



PokerStars Hand #254758113212:  Hold'em No Limit ($0.50/$1.00 USD) - 2025/02/07 23:32:32 WET [2025/02/07 18:32:32 ET]
Table 'Tama' 6-max Seat #1 is the button
Seat 1: santi820 ($100 in chips) 
Seat 2: NE0FLY ($75.42 in chips) 
Seat 3: Rikardas777 ($54.86 in chips) 
Seat 4: andutu34 ($107.65 in chips) 
Seat 5: reiyser ($198.50 in chips) 
Seat 6: ghc_2 ($103.40 in chips) 
NE0FLY: posts small blind $0.50
Rikardas777: posts big blind $1
*** HOLE CARDS ***
andutu34: folds 
reiyser: folds 
ghc_2: folds 
santi820: raises $1.50 to $2.50
NE0FLY: folds 
Rikardas777: folds 
Uncalled bet ($1.50) returned to santi820
santi820 collected $2.50 from pot
santi820: doesn't show hand 
*** SUMMARY ***
Total pot $2.50 | Rake $0 
Seat 1: santi820 (button) collected ($2.50)
Seat 2: NE0FLY (small blind) folded before Flop
Seat 3: Rikardas777 (big blind) folded before Flop
Seat 4: andutu34 folded before Flop (didn't bet)
Seat 5: reiyser folded before Flop (didn't bet)
Seat 6: ghc_2 folded before Flop (didn't bet)



PokerStars Hand #254758117537:  Hold'em No Limit ($0.50/$1.00 USD) - 2025/02/07 23:32:47 WET [2025/02/07 18:32:47 ET]
Table 'Tama' 6-max Seat #2 is the button
Seat 1: santi820 ($101.50 in chips) 
Seat 2: NE0FLY ($74.92 in chips) 
Seat 3: Rikardas777 ($53.86 in chips) 
Seat 4: andutu34 ($107.65 in chips) 
Seat 5: reiyser ($198.50 in chips) 
Seat 6: ghc_2 ($103.40 in chips) 
Rikardas777: posts small blind $0.50
andutu34: posts big blind $1
*** HOLE CARDS ***
reiyser: folds 
ghc_2: folds 
santi820: raises $1.50 to $2.50
NE0FLY: folds 
Rikardas777: folds 
andutu34: folds 
Uncalled bet ($1.50) returned to santi820
santi820 collected $2.50 from pot
santi820: doesn't show hand 
*** SUMMARY ***
Total pot $2.50 | Rake $0 
Seat 1: santi820 collected ($2.50)
Seat 2: NE0FLY (button) folded before Flop (didn't bet)
Seat 3: Rikardas777 (small blind) folded before Flop
Seat 4: andutu34 (big blind) folded before Flop
Seat 5: reiyser folded before Flop (didn't bet)
Seat 6: ghc_2 folded before Flop (didn't bet)



PokerStars Hand #254758124571:  Hold'em No Limit ($0.50/$1.00 USD) - 2025/02/07 23:33:13 WET [2025/02/07 18:33:13 ET]
Table 'Tama' 6-max Seat #3 is the button
Seat 1: santi820 ($103 in chips) 
Seat 2: NE0FLY ($74.92 in chips) 
Seat 3: Rikardas777 ($53.36 in chips) 
Seat 4: andutu34 ($106.65 in chips) 
Seat 5: reiyser ($198.50 in chips) 
Seat 6: ghc_2 ($103.40 in chips) 
andutu34: posts small blind $0.50
reiyser: posts big blind $1
*** HOLE CARDS ***
ghc_2: folds 
santi820: folds 
NE0FLY: folds 
Rikardas777: calls $1
andutu34: calls $0.50
reiyser: checks 
*** FLOP *** [Qc Kc 9d]
andutu34: checks 
reiyser: checks 
Rikardas777: checks 
*** TURN *** [Qc Kc 9d] [9c]
andutu34: checks 
reiyser: checks 
Rikardas777: bets $2.85
andutu34: calls $2.85
reiyser: folds 
*** RIVER *** [Qc Kc 9d 9c] [4c]
andutu34: checks 
Rikardas777: checks 
*** SHOW DOWN ***
andutu34: shows [7s Ks] (two pair, Kings and Nines)
Rikardas777: shows [Qd Kh] (two pair, Kings and Queens)
Rikardas777 collected $8.26 from pot
*** SUMMARY ***
Total pot $8.70 | Rake $0.44 
Board [Qc Kc 9d 9c 4c]
Seat 1: santi820 folded before Flop (didn't bet)
Seat 2: NE0FLY folded before Flop (didn't bet)
Seat 3: Rikardas777 (button) showed [Qd Kh] and won ($8.26) with two pair, Kings and Queens
Seat 4: andutu34 (small blind) showed [7s Ks] and lost with two pair, Kings and Nines
Seat 5: reiyser (big blind) folded on the Turn
Seat 6: ghc_2 folded before Flop (didn't bet)



PokerStars Hand #254758135159:  Hold'em No Limit ($0.50/$1.00 USD) - 2025/02/07 23:33:51 WET [2025/02/07 18:33:51 ET]
Table 'Tama' 6-max Seat #4 is the button
Seat 1: santi820 ($103 in chips) 
Seat 2: NE0FLY ($74.92 in chips) 
Seat 3: Rikardas777 ($57.77 in chips) 
Seat 4: andutu34 ($102.80 in chips) 
Seat 5: reiyser ($197.50 in chips) 
Seat 6: ghc_2 ($103.40 in chips) 
reiyser: posts small blind $0.50
ghc_2: posts big blind $1
*** HOLE CARDS ***
santi820: folds 
NE0FLY: folds 
Rikardas777: folds 
andutu34: folds 
reiyser: folds 
Uncalled bet ($0.50) returned to ghc_2
ghc_2 collected $1 from pot
ghc_2: doesn't show hand 
*** SUMMARY ***
Total pot $1 | Rake $0 
Seat 1: santi820 folded before Flop (didn't bet)
Seat 2: NE0FLY folded before Flop (didn't bet)
Seat 3: Rikardas777 folded before Flop (didn't bet)
Seat 4: andutu34 (button) folded before Flop (didn't bet)
Seat 5: reiyser (small blind) folded before Flop
Seat 6: ghc_2 (big blind) collected ($1)



PokerStars Hand #254758139381:  Hold'em No Limit ($0.50/$1.00 USD) - 2025/02/07 23:34:06 WET [2025/02/07 18:34:06 ET]
Table 'Tama' 6-max Seat #5 is the button
Seat 1: santi820 ($103 in chips) 
Seat 2: NE0FLY ($74.92 in chips) 
Seat 3: Rikardas777 ($57.77 in chips) 
Seat 4: andutu34 ($102.80 in chips) 
Seat 5: reiyser ($197 in chips) 
Seat 6: ghc_2 ($103.90 in chips) 
ghc_2: posts small blind $0.50
santi820: posts big blind $1
*** HOLE CARDS ***
NE0FLY: raises $1 to $2
Rikardas777: calls $2
andutu34: raises $7.50 to $9.50
reiyser: folds 
ghc_2: folds 
santi820: folds 
NE0FLY: folds 
Rikardas777: folds 
Uncalled bet ($7.50) returned to andutu34
andutu34 collected $7.50 from pot
andutu34: doesn't show hand 
*** SUMMARY ***
Total pot $7.50 | Rake $0 
Seat 1: santi820 (big blind) folded before Flop
Seat 2: NE0FLY folded before Flop
Seat 3: Rikardas777 folded before Flop
Seat 4: andutu34 collected ($7.50)
Seat 5: reiyser (button) folded before Flop (didn't bet)
Seat 6: ghc_2 (small blind) folded before Flop



PokerStars Hand #254758150946:  Hold'em No Limit ($0.50/$1.00 USD) - 2025/02/07 23:34:49 WET [2025/02/07 18:34:49 ET]
Table 'Tama' 6-max Seat #6 is the button
Seat 1: santi820 ($102 in chips) 
Seat 2: NE0FLY ($72.92 in chips) 
Seat 3: Rikardas777 ($55.77 in chips) 
Seat 4: andutu34 ($108.30 in chips) 
Seat 5: reiyser ($197 in chips) 
Seat 6: ghc_2 ($103.40 in chips) 
santi820: posts small blind $0.50
NE0FLY: posts big blind $1
*** HOLE CARDS ***
Rikardas777: calls $1
andutu34: raises $3 to $4
reiyser: folds 
ghc_2: folds 
santi820: folds 
NE0FLY: calls $3
Rikardas777: folds 
*** FLOP *** [4d 3h Ac]
NE0FLY: checks 
andutu34: bets $2.26
NE0FLY: calls $2.26
*** TURN *** [4d 3h Ac] [Qc]
NE0FLY: checks 
andutu34: checks 
*** RIVER *** [4d 3h Ac Qc] [2c]
NE0FLY: bets $6.66
andutu34: calls $6.66
*** SHOW DOWN ***
NE0FLY: shows [Ad 3d] (two pair, Aces and Threes)
andutu34: mucks hand 
NE0FLY collected $25.97 from pot
*** SUMMARY ***
Total pot $27.34 | Rake $1.37 
Board [4d 3h Ac Qc 2c]
Seat 1: santi820 (small blind) folded before Flop
Seat 2: NE0FLY (big blind) showed [Ad 3d] and won ($25.97) with two pair, Aces and Threes
Seat 3: Rikardas777 folded before Flop
Seat 4: andutu34 mucked
Seat 5: reiyser folded before Flop (didn't bet)
Seat 6: ghc_2 (button) folded before Flop (didn't bet)



PokerStars Hand #254758165323:  Hold'em No Limit ($0.50/$1.00 USD) - 2025/02/07 23:35:41 WET [2025/02/07 18:35:41 ET]
Table 'Tama' 6-max Seat #1 is the button
Seat 1: santi820 ($101.50 in chips) 
Seat 2: NE0FLY ($85.97 in chips) 
Seat 3: Rikardas777 ($54.77 in chips) 
Seat 4: andutu34 ($100 in chips) 
Seat 5: reiyser ($197 in chips) 
Seat 6: ghc_2 ($103.40 in chips) 
NE0FLY: posts small blind $0.50
Rikardas777: posts big blind $1
*** HOLE CARDS ***
andutu34: folds 
reiyser: raises $1.23 to $2.23
ghc_2: folds 
santi820: folds 
NE0FLY: folds 
Rikardas777: calls $1.23
*** FLOP *** [2c 5c 2s]
Rikardas777: checks 
reiyser: bets $1.37
Rikardas777: calls $1.37
*** TURN *** [2c 5c 2s] [Ah]
Rikardas777: checks 
reiyser: bets $5.56
Rikardas777: calls $5.56
*** RIVER *** [2c 5c 2s Ah] [8d]
Rikardas777: checks 
reiyser: checks 
*** SHOW DOWN ***
Rikardas777: shows [5d 4d] (two pair, Fives and Deuces)
reiyser: mucks hand 
Rikardas777 collected $17.88 from pot
*** SUMMARY ***
Total pot $18.82 | Rake $0.94 
Board [2c 5c 2s Ah 8d]
Seat 1: santi820 (button) folded before Flop (didn't bet)
Seat 2: NE0FLY (small blind) folded before Flop
Seat 3: Rikardas777 (big blind) showed [5d 4d] and won ($17.88) with two pair, Fives and Deuces
Seat 4: andutu34 folded before Flop (didn't bet)
Seat 5: reiyser mucked
Seat 6: ghc_2 folded before Flop (didn't bet)



PokerStars Hand #254758182750:  Hold'em No Limit ($0.50/$1.00 USD) - 2025/02/07 23:36:45 WET [2025/02/07 18:36:45 ET]
Table 'Tama' 6-max Seat #2 is the button
Seat 1: santi820 ($101.50 in chips) 
Seat 2: NE0FLY ($85.47 in chips) 
Seat 3: Rikardas777 ($63.49 in chips) 
Seat 4: andutu34 ($100 in chips) 
Seat 5: reiyser ($187.84 in chips) 
Seat 6: ghc_2 ($103.40 in chips) 
Rikardas777: posts small blind $0.50
andutu34: posts big blind $1
*** HOLE CARDS ***
reiyser: folds 
ghc_2: raises $1 to $2
santi820: folds 
NE0FLY: folds 
Rikardas777: calls $1.50
andutu34: folds 
*** FLOP *** [5h Qc 2s]
Rikardas777: checks 
ghc_2: bets $1.90
Rikardas777: calls $1.90
*** TURN *** [5h Qc 2s] [As]
Rikardas777: checks 
ghc_2: bets $8.36
Rikardas777: folds 
Uncalled bet ($8.36) returned to ghc_2
ghc_2 collected $8.36 from pot
ghc_2: doesn't show hand 
*** SUMMARY ***
Total pot $8.80 | Rake $0.44 
Board [5h Qc 2s As]
Seat 1: santi820 folded before Flop (didn't bet)
Seat 2: NE0FLY (button) folded before Flop (didn't bet)
Seat 3: Rikardas777 (small blind) folded on the Turn
Seat 4: andutu34 (big blind) folded before Flop
Seat 5: reiyser folded before Flop (didn't bet)
Seat 6: ghc_2 collected ($8.36)



PokerStars Hand #254758192821:  Hold'em No Limit ($0.50/$1.00 USD) - 2025/02/07 23:37:22 WET [2025/02/07 18:37:22 ET]
Table 'Tama' 6-max Seat #3 is the button
Seat 1: santi820 ($101.50 in chips) 
Seat 2: NE0FLY ($85.47 in chips) 
Seat 3: Rikardas777 ($59.59 in chips) 
Seat 4: andutu34 ($100 in chips) 
Seat 5: reiyser ($187.84 in chips) 
Seat 6: ghc_2 ($107.86 in chips) 
andutu34: posts small blind $0.50
reiyser: posts big blind $1
*** HOLE CARDS ***
ghc_2: folds 
santi820: raises $1 to $2
NE0FLY: folds 
Rikardas777: calls $2
andutu34: folds 
reiyser: folds 
*** FLOP *** [7c Qd Ad]
santi820: bets $1.72
Rikardas777: calls $1.72
*** TURN *** [7c Qd Ad] [Js]
santi820: checks 
Rikardas777: bets $4.25
santi820: calls $4.25
*** RIVER *** [7c Qd Ad Js] [Jd]
santi820: bets $16
Rikardas777: folds 
Uncalled bet ($16) returned to santi820
santi820 collected $16.57 from pot
santi820: doesn't show hand 
*** SUMMARY ***
Total pot $17.44 | Rake $0.87 
Board [7c Qd Ad Js Jd]
Seat 1: santi820 collected ($16.57)
Seat 2: NE0FLY folded before Flop (didn't bet)
Seat 3: Rikardas777 (button) folded on the River
Seat 4: andutu34 (small blind) folded before Flop
Seat 5: reiyser (big blind) folded before Flop
Seat 6: ghc_2 folded before Flop (didn't bet)



PokerStars Hand #254758217615:  Hold'em No Limit ($0.50/$1.00 USD) - 2025/02/07 23:38:54 WET [2025/02/07 18:38:54 ET]
Table 'Tama' 6-max Seat #4 is the button
Seat 1: santi820 ($110.10 in chips) 
Seat 2: NE0FLY ($85.47 in chips) 
Seat 3: Rikardas777 ($51.62 in chips) 
Seat 4: andutu34 ($100 in chips) 
Seat 5: reiyser ($186.84 in chips) 
Seat 6: ghc_2 ($107.86 in chips) 
reiyser: posts small blind $0.50
ghc_2: posts big blind $1
*** HOLE CARDS ***
santi820: folds 
NE0FLY: folds 
Rikardas777: calls $1
andutu34: raises $3 to $4
reiyser: folds 
ghc_2: folds 
Rikardas777: calls $3
*** FLOP *** [Qs Ts 4d]
Rikardas777: checks 
andutu34: bets $3.61
Rikardas777: folds 
Uncalled bet ($3.61) returned to andutu34
andutu34 collected $9.02 from pot
andutu34: doesn't show hand 
*** SUMMARY ***
Total pot $9.50 | Rake $0.48 
Board [Qs Ts 4d]
Seat 1: santi820 folded before Flop (didn't bet)
Seat 2: NE0FLY folded before Flop (didn't bet)
Seat 3: Rikardas777 folded on the Flop
Seat 4: andutu34 (button) collected ($9.02)
Seat 5: reiyser (small blind) folded before Flop
Seat 6: ghc_2 (big blind) folded before Flop



PokerStars Hand #254758226129:  Hold'em No Limit ($0.50/$1.00 USD) - 2025/02/07 23:39:26 WET [2025/02/07 18:39:26 ET]
Table 'Tama' 6-max Seat #5 is the button
Seat 1: santi820 ($110.10 in chips) 
Seat 2: NE0FLY ($85.47 in chips) 
Seat 3: Rikardas777 ($47.62 in chips) 
Seat 4: andutu34 ($105.02 in chips) 
Seat 5: reiyser ($186.34 in chips) 
Seat 6: ghc_2 ($106.86 in chips) 
ghc_2: posts small blind $0.50
santi820: posts big blind $1
*** HOLE CARDS ***
NE0FLY: calls $1
Rikardas777: folds 
andutu34: folds 
reiyser: folds 
ghc_2: folds 
santi820: raises $4.50 to $5.50
NE0FLY: calls $4.50
*** FLOP *** [6h 9s Ac]
santi820: bets $3.60
NE0FLY: folds 
Uncalled bet ($3.60) returned to santi820
santi820 collected $10.92 from pot
santi820: doesn't show hand 
*** SUMMARY ***
Total pot $11.50 | Rake $0.58 
Board [6h 9s Ac]
Seat 1: santi820 (big blind) collected ($10.92)
Seat 2: NE0FLY folded on the Flop
Seat 3: Rikardas777 folded before Flop (didn't bet)
Seat 4: andutu34 folded before Flop (didn't bet)
Seat 5: reiyser (button) folded before Flop (didn't bet)
Seat 6: ghc_2 (small blind) folded before Flop



PokerStars Hand #254758241563:  Hold'em No Limit ($0.50/$1.00 USD) - 2025/02/07 23:40:23 WET [2025/02/07 18:40:23 ET]
Table 'Tama' 6-max Seat #6 is the button
Seat 1: santi820 ($115.52 in chips) 
Seat 2: NE0FLY ($79.97 in chips) 
Seat 3: Rikardas777 ($47.62 in chips) 
Seat 4: andutu34 ($105.02 in chips) 
Seat 5: reiyser ($186.34 in chips) 
Seat 6: ghc_2 ($106.36 in chips) 
santi820: posts small blind $0.50
NE0FLY: posts big blind $1
*** HOLE CARDS ***
Rikardas777: calls $1
andutu34: raises $3 to $4
reiyser: raises $7 to $11
ghc_2: folds 
santi820: folds 
NE0FLY: folds 
Rikardas777: folds 
andutu34: folds 
Uncalled bet ($7) returned to reiyser
reiyser collected $10.50 from pot
reiyser: doesn't show hand 
*** SUMMARY ***
Total pot $10.50 | Rake $0 
Seat 1: santi820 (small blind) folded before Flop
Seat 2: NE0FLY (big blind) folded before Flop
Seat 3: Rikardas777 folded before Flop
Seat 4: andutu34 folded before Flop
Seat 5: reiyser collected ($10.50)
Seat 6: ghc_2 (button) folded before Flop (didn't bet)



PokerStars Hand #254758247301:  Hold'em No Limit ($0.50/$1.00 USD) - 2025/02/07 23:40:45 WET [2025/02/07 18:40:45 ET]
Table 'Tama' 6-max Seat #1 is the button
Seat 1: santi820 ($115.02 in chips) 
Seat 2: NE0FLY ($78.97 in chips) 
Seat 3: Rikardas777 ($46.62 in chips) 
Seat 4: andutu34 ($101.02 in chips) 
Seat 5: reiyser ($192.84 in chips) 
Seat 6: ghc_2 ($106.36 in chips) 
NE0FLY: posts small blind $0.50
Rikardas777: posts big blind $1
*** HOLE CARDS ***
andutu34: folds 
reiyser: folds 
ghc_2: folds 
santi820: folds 
NE0FLY: folds 
Uncalled bet ($0.50) returned to Rikardas777
Rikardas777 collected $1 from pot
*** SUMMARY ***
Total pot $1 | Rake $0 
Seat 1: santi820 (button) folded before Flop (didn't bet)
Seat 2: NE0FLY (small blind) folded before Flop
Seat 3: Rikardas777 (big blind) collected ($1)
Seat 4: andutu34 folded before Flop (didn't bet)
Seat 5: reiyser folded before Flop (didn't bet)
Seat 6: ghc_2 folded before Flop (didn't bet)



PokerStars Hand #254758250094:  Hold'em No Limit ($0.50/$1.00 USD) - 2025/02/07 23:40:56 WET [2025/02/07 18:40:56 ET]
Table 'Tama' 6-max Seat #2 is the button
Seat 1: santi820 ($115.02 in chips) 
Seat 2: NE0FLY ($78.47 in chips) 
Seat 3: Rikardas777 ($47.12 in chips) 
Seat 4: andutu34 ($101.02 in chips) 
Seat 5: reiyser ($192.84 in chips) 
Seat 6: ghc_2 ($106.36 in chips) 
Rikardas777: posts small blind $0.50
andutu34: posts big blind $1
*** HOLE CARDS ***
reiyser: folds 
ghc_2: folds 
santi820: raises $1.30 to $2.30
NE0FLY: folds 
Rikardas777: raises $44.82 to $47.12 and is all-in
andutu34: folds 
santi820: folds 
Uncalled bet ($44.82) returned to Rikardas777
Rikardas777 collected $5.60 from pot
*** SUMMARY ***
Total pot $5.60 | Rake $0 
Seat 1: santi820 folded before Flop
Seat 2: NE0FLY (button) folded before Flop (didn't bet)
Seat 3: Rikardas777 (small blind) collected ($5.60)
Seat 4: andutu34 (big blind) folded before Flop
Seat 5: reiyser folded before Flop (didn't bet)
Seat 6: ghc_2 folded before Flop (didn't bet)



PokerStars Hand #254758255818:  Hold'em No Limit ($0.50/$1.00 USD) - 2025/02/07 23:41:17 WET [2025/02/07 18:41:17 ET]
Table 'Tama' 6-max Seat #3 is the button
Seat 1: santi820 ($112.72 in chips) 
Seat 2: NE0FLY ($78.47 in chips) 
Seat 3: Rikardas777 ($50.42 in chips) 
Seat 4: andutu34 ($100.02 in chips) 
Seat 5: reiyser ($192.84 in chips) 
Seat 6: ghc_2 ($106.36 in chips) 
andutu34: posts small blind $0.50
reiyser: posts big blind $1
*** HOLE CARDS ***
ghc_2: folds 
santi820: folds 
NE0FLY: folds 
Rikardas777: calls $1
andutu34: raises $4 to $5
reiyser: folds 
Rikardas777: folds 
Uncalled bet ($4) returned to andutu34
andutu34 collected $3 from pot
andutu34: doesn't show hand 
*** SUMMARY ***
Total pot $3 | Rake $0 
Seat 1: santi820 folded before Flop (didn't bet)
Seat 2: NE0FLY folded before Flop (didn't bet)
Seat 3: Rikardas777 (button) folded before Flop
Seat 4: andutu34 (small blind) collected ($3)
Seat 5: reiyser (big blind) folded before Flop
Seat 6: ghc_2 folded before Flop (didn't bet)



PokerStars Hand #254758261525:  Hold'em No Limit ($0.50/$1.00 USD) - 2025/02/07 23:41:38 WET [2025/02/07 18:41:38 ET]
Table 'Tama' 6-max Seat #4 is the button
Seat 1: santi820 ($112.72 in chips) 
Seat 2: NE0FLY ($78.47 in chips) 
Seat 3: Rikardas777 ($49.42 in chips) 
Seat 4: andutu34 ($102.02 in chips) 
Seat 5: reiyser ($191.84 in chips) 
Seat 6: ghc_2 ($106.36 in chips) 
reiyser: posts small blind $0.50
ghc_2: posts big blind $1
*** HOLE CARDS ***
santi820: folds 
NE0FLY: calls $1
Rikardas777: calls $1
andutu34: folds 
reiyser: folds 
ghc_2: checks 
*** FLOP *** [2h 9s 9c]
ghc_2: checks 
NE0FLY: checks 
Rikardas777: checks 
*** TURN *** [2h 9s 9c] [Qs]
ghc_2: checks 
NE0FLY: checks 
Rikardas777: checks 
*** RIVER *** [2h 9s 9c Qs] [4d]
ghc_2: checks 
NE0FLY: checks 
Rikardas777: bets $3.32
ghc_2: folds 
NE0FLY: folds 
Uncalled bet ($3.32) returned to Rikardas777
Rikardas777 collected $3.32 from pot
*** SUMMARY ***
Total pot $3.50 | Rake $0.18 
Board [2h 9s 9c Qs 4d]
Seat 1: santi820 folded before Flop (didn't bet)
Seat 2: NE0FLY folded on the River
Seat 3: Rikardas777 collected ($3.32)
Seat 4: andutu34 (button) folded before Flop (didn't bet)
Seat 5: reiyser (small blind) folded before Flop
Seat 6: ghc_2 (big blind) folded on the River



PokerStars Hand #254758273849:  Hold'em No Limit ($0.50/$1.00 USD) - 2025/02/07 23:42:25 WET [2025/02/07 18:42:25 ET]
Table 'Tama' 6-max Seat #5 is the button
Seat 1: santi820 ($112.72 in chips) 
Seat 2: NE0FLY ($77.47 in chips) 
Seat 3: Rikardas777 ($51.74 in chips) 
Seat 4: andutu34 ($102.02 in chips) 
Seat 5: reiyser ($191.34 in chips) 
Seat 6: ghc_2 ($105.36 in chips) 
ghc_2: posts small blind $0.50
santi820: posts big blind $1
*** HOLE CARDS ***
NE0FLY: folds 
Rikardas777: calls $1
andutu34: folds 
reiyser: folds 
ghc_2: raises $4 to $5
santi820: folds 
Rikardas777: calls $4
*** FLOP *** [3d Qd Qc]
ghc_2: bets $2.61
Rikardas777: folds 
Uncalled bet ($2.61) returned to ghc_2
ghc_2 collected $10.45 from pot
ghc_2: doesn't show hand 
*** SUMMARY ***
Total pot $11 | Rake $0.55 
Board [3d Qd Qc]
Seat 1: santi820 (big blind) folded before Flop
Seat 2: NE0FLY folded before Flop (didn't bet)
Seat 3: Rikardas777 folded on the Flop
Seat 4: andutu34 folded before Flop (didn't bet)
Seat 5: reiyser (button) folded before Flop (didn't bet)
Seat 6: ghc_2 (small blind) collected ($10.45)



PokerStars Hand #254758283558:  Hold'em No Limit ($0.50/$1.00 USD) - 2025/02/07 23:43:02 WET [2025/02/07 18:43:02 ET]
Table 'Tama' 6-max Seat #6 is the button
Seat 1: santi820 ($111.72 in chips) 
Seat 2: NE0FLY ($77.47 in chips) 
Seat 3: Rikardas777 ($46.74 in chips) 
Seat 4: andutu34 ($102.02 in chips) 
Seat 5: reiyser ($191.34 in chips) 
Seat 6: ghc_2 ($110.81 in chips) 
santi820: posts small blind $0.50
NE0FLY: posts big blind $1
*** HOLE CARDS ***
Rikardas777: calls $1
andutu34: raises $3 to $4
reiyser: folds 
ghc_2: folds 
santi820: folds 
NE0FLY: calls $3
Rikardas777: calls $3
*** FLOP *** [5c Kh Qd]
NE0FLY: checks 
Rikardas777: checks 
andutu34: bets $2.97
NE0FLY: folds 
Rikardas777: calls $2.97
*** TURN *** [5c Kh Qd] [Jh]
Rikardas777: checks 
andutu34: checks 
*** RIVER *** [5c Kh Qd Jh] [Ac]
Rikardas777: checks 
andutu34: bets $87
Rikardas777: folds 
Uncalled bet ($87) returned to andutu34
andutu34 collected $17.52 from pot
andutu34: doesn't show hand 
*** SUMMARY ***
Total pot $18.44 | Rake $0.92 
Board [5c Kh Qd Jh Ac]
Seat 1: santi820 (small blind) folded before Flop
Seat 2: NE0FLY (big blind) folded on the Flop
Seat 3: Rikardas777 folded on the River
Seat 4: andutu34 collected ($17.52)
Seat 5: reiyser folded before Flop (didn't bet)
Seat 6: ghc_2 (button) folded before Flop (didn't bet)



PokerStars Hand #254758304816:  Hold'em No Limit ($0.50/$1.00 USD) - 2025/02/07 23:44:23 WET [2025/02/07 18:44:23 ET]
Table 'Tama' 6-max Seat #1 is the button
Seat 1: santi820 ($111.22 in chips) 
Seat 2: NE0FLY ($73.47 in chips) 
Seat 3: Rikardas777 ($39.77 in chips) 
Seat 4: andutu34 ($112.57 in chips) 
Seat 5: reiyser ($191.34 in chips) 
Seat 6: ghc_2 ($110.81 in chips) 
NE0FLY: posts small blind $0.50
Rikardas777: posts big blind $1
*** HOLE CARDS ***
andutu34: folds 
reiyser: folds 
ghc_2: folds 
santi820: folds 
NE0FLY: raises $2 to $3
Rikardas777: calls $2
*** FLOP *** [6c 5d 4h]
NE0FLY: checks 
Rikardas777: bets $36.77 and is all-in
NE0FLY: folds 
Uncalled bet ($36.77) returned to Rikardas777
Rikardas777 collected $5.70 from pot
*** SUMMARY ***
Total pot $6 | Rake $0.30 
Board [6c 5d 4h]
Seat 1: santi820 (button) folded before Flop (didn't bet)
Seat 2: NE0FLY (small blind) folded on the Flop
Seat 3: Rikardas777 (big blind) collected ($5.70)
Seat 4: andutu34 folded before Flop (didn't bet)
Seat 5: reiyser folded before Flop (didn't bet)
Seat 6: ghc_2 folded before Flop (didn't bet)



PokerStars Hand #254758313632:  Hold'em No Limit ($0.50/$1.00 USD) - 2025/02/07 23:44:57 WET [2025/02/07 18:44:57 ET]
Table 'Tama' 6-max Seat #2 is the button
Seat 1: santi820 ($111.22 in chips) 
Seat 2: NE0FLY ($70.47 in chips) 
Seat 3: Rikardas777 ($42.47 in chips) 
Seat 4: andutu34 ($112.57 in chips) 
Seat 5: reiyser ($191.34 in chips) 
Seat 6: ghc_2 ($110.81 in chips) 
Rikardas777: posts small blind $0.50
andutu34: posts big blind $1
*** HOLE CARDS ***
reiyser: folds 
ghc_2: raises $1 to $2
santi820: folds 
NE0FLY: calls $2
Rikardas777: calls $1.50
andutu34: folds 
*** FLOP *** [4h 5d Qd]
Rikardas777: checks 
ghc_2: bets $2.66
NE0FLY: calls $2.66
Rikardas777: folds 
*** TURN *** [4h 5d Qd] [3c]
ghc_2: bets $4.68
NE0FLY: calls $4.68
*** RIVER *** [4h 5d Qd 3c] [8d]
ghc_2: bets $6.80
NE0FLY: folds 
Uncalled bet ($6.80) returned to ghc_2
ghc_2 collected $20.60 from pot
ghc_2: doesn't show hand 
*** SUMMARY ***
Total pot $21.68 | Rake $1.08 
Board [4h 5d Qd 3c 8d]
Seat 1: santi820 folded before Flop (didn't bet)
Seat 2: NE0FLY (button) folded on the River
Seat 3: Rikardas777 (small blind) folded on the Flop
Seat 4: andutu34 (big blind) folded before Flop
Seat 5: reiyser folded before Flop (didn't bet)
Seat 6: ghc_2 collected ($20.60)



PokerStars Hand #254758331386:  Hold'em No Limit ($0.50/$1.00 USD) - 2025/02/07 23:46:06 WET [2025/02/07 18:46:06 ET]
Table 'Tama' 6-max Seat #3 is the button
Seat 1: santi820 ($111.22 in chips) 
Seat 2: NE0FLY ($61.13 in chips) 
Seat 3: Rikardas777 ($40.47 in chips) 
Seat 4: andutu34 ($111.57 in chips) 
Seat 5: reiyser ($191.34 in chips) 
Seat 6: ghc_2 ($122.07 in chips) 
andutu34: posts small blind $0.50
reiyser: posts big blind $1
*** HOLE CARDS ***
ghc_2: folds 
santi820: raises $1 to $2
NE0FLY: folds 
Rikardas777: calls $2
andutu34: folds 
reiyser: folds 
*** FLOP *** [As 6s 9s]
santi820: checks 
Rikardas777: checks 
*** TURN *** [As 6s 9s] [5h]
santi820: checks 
Rikardas777: bets $5.22
santi820: folds 
Uncalled bet ($5.22) returned to Rikardas777
Rikardas777 collected $5.22 from pot
*** SUMMARY ***
Total pot $5.50 | Rake $0.28 
Board [As 6s 9s 5h]
Seat 1: santi820 folded on the Turn
Seat 2: NE0FLY folded before Flop (didn't bet)
Seat 3: Rikardas777 (button) collected ($5.22)
Seat 4: andutu34 (small blind) folded before Flop
Seat 5: reiyser (big blind) folded before Flop
Seat 6: ghc_2 folded before Flop (didn't bet)



PokerStars Hand #254758350231:  Hold'em No Limit ($0.50/$1.00 USD) - 2025/02/07 23:47:18 WET [2025/02/07 18:47:18 ET]
Table 'Tama' 6-max Seat #4 is the button
Seat 1: santi820 ($109.22 in chips) 
Seat 2: NE0FLY ($61.13 in chips) 
Seat 3: Rikardas777 ($43.69 in chips) 
Seat 4: andutu34 ($111.07 in chips) 
Seat 5: reiyser ($190.34 in chips) 
Seat 6: ghc_2 ($122.07 in chips) 
reiyser: posts small blind $0.50
ghc_2: posts big blind $1
*** HOLE CARDS ***
santi820: folds 
NE0FLY: folds 
Rikardas777: folds 
andutu34: folds 
reiyser: folds 
Uncalled bet ($0.50) returned to ghc_2
ghc_2 collected $1 from pot
ghc_2: doesn't show hand 
*** SUMMARY ***
Total pot $1 | Rake $0 
Seat 1: santi820 folded before Flop (didn't bet)
Seat 2: NE0FLY folded before Flop (didn't bet)
Seat 3: Rikardas777 folded before Flop (didn't bet)
Seat 4: andutu34 (button) folded before Flop (didn't bet)
Seat 5: reiyser (small blind) folded before Flop
Seat 6: ghc_2 (big blind) collected ($1)



PokerStars Hand #254758696634:  Hold'em No Limit ($0.50/$1.00 USD) - 2025/02/07 0:11:44 WET [2025/02/07 19:11:44 ET]
Table 'Tama' 6-max Seat #5 is the button
Seat 2: z00mba ($113.25 in chips) is sitting out
Seat 3: equilibrium_tv ($40 in chips) is sitting out
Seat 1: santi820 ($152.98 in chips) 
Seat 4: PippetChase ($95.10 in chips) 
Seat 5: reiyser ($218.50 in chips) 
Seat 6: ghc_2 ($121.09 in chips) 
ghc_2: posts small blind $0.50
santi820: posts big blind $1
z00mba: sits out 
equilibrium_tv: sits out 
*** HOLE CARDS ***
PippetChase: folds 
reiyser: folds 
ghc_2: folds 
Uncalled bet ($0.50) returned to santi820
santi820 collected $1 from pot
santi820: doesn't show hand 
*** SUMMARY ***
Total pot $1 | Rake $0 
Seat 2: z00mba
Seat 3: equilibrium_tv
Seat 1: santi820 (big blind) collected ($1)
Seat 4: PippetChase folded before Flop (didn't bet)
Seat 5: reiyser (button) folded before Flop (didn't bet)
Seat 6: ghc_2 (small blind) folded before Flop



PokerStars Hand #254758698776:  Hold'em No Limit ($0.50/$1.00 USD) - 2025/02/07 0:11:53 WET [2025/02/07 19:11:53 ET]
Table 'Tama' 6-max Seat #6 is the button
Seat 3: equilibrium_tv ($40 in chips) is sitting out
Seat 1: santi820 ($153.48 in chips) 
Seat 2: z00mba ($113.25 in chips) 
Seat 4: PippetChase ($95.10 in chips) 
Seat 5: reiyser ($218.50 in chips) 
Seat 6: ghc_2 ($120.59 in chips) 
santi820: posts small blind $0.50
z00mba: posts big blind $1
equilibrium_tv: sits out 
*** HOLE CARDS ***
PippetChase: raises $1 to $2
reiyser: folds 
ghc_2: folds 
santi820: folds 
z00mba: folds 
Uncalled bet ($1) returned to PippetChase
PippetChase collected $2.50 from pot
*** SUMMARY ***
Total pot $2.50 | Rake $0 
Seat 3: equilibrium_tv
Seat 1: santi820 (small blind) folded before Flop
Seat 2: z00mba (big blind) folded before Flop
Seat 4: PippetChase collected ($2.50)
Seat 5: reiyser folded before Flop (didn't bet)
Seat 6: ghc_2 (button) folded before Flop (didn't bet)



PokerStars Hand #254758701928:  Hold'em No Limit ($0.50/$1.00 USD) - 2025/02/07 0:12:07 WET [2025/02/07 19:12:07 ET]
Table 'Tama' 6-max Seat #1 is the button
Seat 1: santi820 ($152.98 in chips) 
Seat 2: z00mba ($112.25 in chips) 
Seat 3: equilibrium_tv ($40 in chips) 
Seat 4: PippetChase ($96.60 in chips) 
Seat 5: reiyser ($218.50 in chips) 
Seat 6: ghc_2 ($120.59 in chips) 
z00mba: posts small blind $0.50
equilibrium_tv: posts big blind $1
*** HOLE CARDS ***
PippetChase: calls $1
reiyser: folds 
ghc_2: folds 
santi820: folds 
z00mba: calls $0.50
equilibrium_tv: checks 
*** FLOP *** [Td Kc Kh]
z00mba: checks 
equilibrium_tv: checks 
PippetChase: bets $1.43
z00mba: folds 
equilibrium_tv: folds 
Uncalled bet ($1.43) returned to PippetChase
PippetChase collected $2.85 from pot
*** SUMMARY ***
Total pot $3 | Rake $0.15 
Board [Td Kc Kh]
Seat 1: santi820 (button) folded before Flop (didn't bet)
Seat 2: z00mba (small blind) folded on the Flop
Seat 3: equilibrium_tv (big blind) folded on the Flop
Seat 4: PippetChase collected ($2.85)
Seat 5: reiyser folded before Flop (didn't bet)
Seat 6: ghc_2 folded before Flop (didn't bet)



PokerStars Hand #254758708871:  Hold'em No Limit ($0.50/$1.00 USD) - 2025/02/07 0:12:37 WET [2025/02/07 19:12:37 ET]
Table 'Tama' 6-max Seat #2 is the button
Seat 1: santi820 ($152.98 in chips) 
Seat 2: z00mba ($111.25 in chips) 
Seat 3: equilibrium_tv ($39 in chips) 
Seat 4: PippetChase ($98.45 in chips) 
Seat 5: reiyser ($218.50 in chips) 
Seat 6: ghc_2 ($120.59 in chips) 
equilibrium_tv: posts small blind $0.50
PippetChase: posts big blind $1
*** HOLE CARDS ***
reiyser: folds 
ghc_2: folds 
santi820: folds 
z00mba: raises $1.50 to $2.50
equilibrium_tv: folds 
PippetChase: calls $1.50
*** FLOP *** [Js Td Kd]
PippetChase: bets $2.61
z00mba: folds 
Uncalled bet ($2.61) returned to PippetChase
PippetChase collected $5.22 from pot
*** SUMMARY ***
Total pot $5.50 | Rake $0.28 
Board [Js Td Kd]
Seat 1: santi820 folded before Flop (didn't bet)
Seat 2: z00mba (button) folded on the Flop
Seat 3: equilibrium_tv (small blind) folded before Flop
Seat 4: PippetChase (big blind) collected ($5.22)
Seat 5: reiyser folded before Flop (didn't bet)
Seat 6: ghc_2 folded before Flop (didn't bet)



PokerStars Hand #254758715486:  Hold'em No Limit ($0.50/$1.00 USD) - 2025/02/07 0:13:06 WET [2025/02/07 19:13:06 ET]
Table 'Tama' 6-max Seat #3 is the button
Seat 1: santi820 ($152.98 in chips) 
Seat 2: z00mba ($108.75 in chips) 
Seat 3: equilibrium_tv ($38.50 in chips) 
Seat 4: PippetChase ($101.17 in chips) 
Seat 5: reiyser ($218.50 in chips) 
Seat 6: ghc_2 ($120.59 in chips) 
PippetChase: posts small blind $0.50
reiyser: posts big blind $1
*** HOLE CARDS ***
ghc_2: folds 
santi820: folds 
z00mba: raises $1.50 to $2.50
equilibrium_tv: folds 
PippetChase: calls $2
reiyser: calls $1.50
*** FLOP *** [Kh 3h Ah]
PippetChase: bets $3.56
reiyser: calls $3.56
z00mba: calls $3.56
*** TURN *** [Kh 3h Ah] [Ts]
PippetChase: bets $8.64
reiyser: folds 
z00mba: calls $8.64
*** RIVER *** [Kh 3h Ah Ts] [Qs]
PippetChase: bets $16.85
z00mba: calls $16.85
*** SHOW DOWN ***
PippetChase: shows [Qh 5d] (a pair of Queens)
z00mba: shows [Ac Js] (a straight, Ten to Ace)
z00mba collected $66.66 from pot
*** SUMMARY ***
Total pot $69.16 | Rake $2.50 
Board [Kh 3h Ah Ts Qs]
Seat 1: santi820 folded before Flop (didn't bet)
Seat 2: z00mba showed [Ac Js] and won ($66.66) with a straight, Ten to Ace
Seat 3: equilibrium_tv (button) folded before Flop (didn't bet)
Seat 4: PippetChase (small blind) showed [Qh 5d] and lost with a pair of Queens
Seat 5: reiyser (big blind) folded on the Turn
Seat 6: ghc_2 folded before Flop (didn't bet)



PokerStars Hand #254758728562:  Hold'em No Limit ($0.50/$1.00 USD) - 2025/02/07 0:14:02 WET [2025/02/07 19:14:02 ET]
Table 'Tama' 6-max Seat #4 is the button
Seat 1: santi820 ($152.98 in chips) 
Seat 2: z00mba ($143.86 in chips) 
Seat 3: equilibrium_tv ($38.50 in chips) 
Seat 4: PippetChase ($69.62 in chips) 
Seat 5: reiyser ($212.44 in chips) 
Seat 6: ghc_2 ($120.59 in chips) 
reiyser: posts small blind $0.50
ghc_2: posts big blind $1
*** HOLE CARDS ***
santi820: raises $1.30 to $2.30
z00mba: folds 
equilibrium_tv: folds 
PippetChase: calls $2.30
reiyser: folds 
ghc_2: folds 
*** FLOP *** [Th Kd 3d]
santi820: checks 
PippetChase: checks 
*** TURN *** [Th Kd 3d] [Jc]
santi820: checks 
PippetChase: checks 
*** RIVER *** [Th Kd 3d Jc] [6h]
santi820: bets $1.50
PippetChase: raises $1.50 to $3
santi820: calls $1.50
*** SHOW DOWN ***
PippetChase: shows [8c 6c] (a pair of Sixes)
santi820: shows [9d 9c] (a pair of Nines)
santi820 collected $11.50 from pot
*** SUMMARY ***
Total pot $12.10 | Rake $0.60 
Board [Th Kd 3d Jc 6h]
Seat 1: santi820 showed [9d 9c] and won ($11.50) with a pair of Nines
Seat 2: z00mba folded before Flop (didn't bet)
Seat 3: equilibrium_tv folded before Flop (didn't bet)
Seat 4: PippetChase (button) showed [8c 6c] and lost with a pair of Sixes
Seat 5: reiyser (small blind) folded before Flop
Seat 6: ghc_2 (big blind) folded before Flop



PokerStars Hand #254758744044:  Hold'em No Limit ($0.50/$1.00 USD) - 2025/02/07 0:15:08 WET [2025/02/07 19:15:08 ET]
Table 'Tama' 6-max Seat #5 is the button
Seat 1: santi820 ($159.18 in chips) 
Seat 2: z00mba ($143.86 in chips) 
Seat 3: equilibrium_tv ($38.50 in chips) 
Seat 4: PippetChase ($64.32 in chips) 
Seat 5: reiyser ($211.94 in chips) 
Seat 6: ghc_2 ($119.59 in chips) 
ghc_2: posts small blind $0.50
santi820: posts big blind $1
*** HOLE CARDS ***
z00mba: folds 
equilibrium_tv: folds 
PippetChase: folds 
PippetChase leaves the table
reiyser: raises $1.23 to $2.23
ghc_2: folds 
santi820: calls $1.23
*** FLOP *** [Qs 5s Kh]
santi820: checks 
reiyser: bets $2.45
z00mba leaves the table
santi820: calls $2.45
*** TURN *** [Qs 5s Kh] [As]
santi820: checks 
reiyser: bets $4.87
santi820: raises $14.33 to $19.20
reiyser: calls $14.33
*** RIVER *** [Qs 5s Kh As] [4s]
santi820: bets $15.13
reiyser: folds 
Uncalled bet ($15.13) returned to santi820
santi820 collected $45.85 from pot
santi820: doesn't show hand 
*** SUMMARY ***
Total pot $48.26 | Rake $2.41 
Board [Qs 5s Kh As 4s]
Seat 1: santi820 (big blind) collected ($45.85)
Seat 2: z00mba folded before Flop (didn't bet)
Seat 3: equilibrium_tv folded before Flop (didn't bet)
Seat 4: PippetChase folded before Flop (didn't bet)
Seat 5: reiyser (button) folded on the River
Seat 6: ghc_2 (small blind) folded before Flop



PokerStars Hand #254758776649:  Hold'em No Limit ($0.50/$1.00 USD) - 2025/02/07 0:17:26 WET [2025/02/07 19:17:26 ET]
Table 'Tama' 6-max Seat #1 is the button
Seat 3: equilibrium_tv ($38.50 in chips) is sitting out
Seat 5: reiyser ($188.06 in chips) is sitting out
Seat 1: santi820 ($181.15 in chips) 
Seat 6: ghc_2 ($119.09 in chips) 
santi820: posts small blind $0.50
equilibrium_tv: is sitting out 
reiyser: is sitting out 
ghc_2: posts big blind $1
*** HOLE CARDS ***
equilibrium_tv leaves the table
santi820: raises $1.50 to $2.50
ghc_2: folds 
Uncalled bet ($1.50) returned to santi820
santi820 collected $2 from pot
santi820: doesn't show hand 
*** SUMMARY ***
Total pot $2 | Rake $0 
Seat 3: equilibrium_tv
Seat 5: reiyser
Seat 1: santi820 (button) (small blind) collected ($2)
Seat 6: ghc_2 (big blind) folded before Flop



PokerStars Hand #254758883202:  Hold'em No Limit ($0.50/$1.00 USD) - 2025/02/07 0:25:04 WET [2025/02/07 19:25:04 ET]
Table 'Tama' 6-max Seat #3 is the button
Seat 1: D10samaradona ($50 in chips) 
Seat 3: Alinyr ($100 in chips) 
Seat 4: equilibrium_tv ($38.50 in chips) 
equilibrium_tv: posts small blind $0.50
D10samaradona: posts big blind $1
*** HOLE CARDS ***
Alinyr: folds 
equilibrium_tv: folds 
Uncalled bet ($0.50) returned to D10samaradona
D10samaradona collected $1 from pot
D10samaradona: doesn't show hand 
*** SUMMARY ***
Total pot $1 | Rake $0 
Seat 1: D10samaradona (big blind) collected ($1)
Seat 3: Alinyr (button) folded before Flop (didn't bet)
Seat 4: equilibrium_tv (small blind) folded before Flop



PokerStars Hand #254758885811:  Hold'em No Limit ($0.50/$1.00 USD) - 2025/02/07 0:25:15 WET [2025/02/07 19:25:15 ET]
Table 'Tama' 6-max Seat #4 is the button
Seat 1: D10samaradona ($50.50 in chips) 
Seat 3: Alinyr ($100 in chips) 
Seat 4: equilibrium_tv ($38 in chips) 
D10samaradona: posts small blind $0.50
Alinyr: posts big blind $1
*** HOLE CARDS ***
equilibrium_tv: raises $1 to $2
D10samaradona: calls $1.50
Alinyr: raises $9 to $11
equilibrium_tv: folds 
D10samaradona: folds 
Uncalled bet ($9) returned to Alinyr
Alinyr collected $6 from pot
Alinyr: doesn't show hand 
*** SUMMARY ***
Total pot $6 | Rake $0 
Seat 1: D10samaradona (small blind) folded before Flop
Seat 3: Alinyr (big blind) collected ($6)
Seat 4: equilibrium_tv (button) folded before Flop



PokerStars Hand #254758890345:  Hold'em No Limit ($0.50/$1.00 USD) - 2025/02/07 0:25:35 WET [2025/02/07 19:25:35 ET]
Table 'Tama' 6-max Seat #1 is the button
Seat 1: D10samaradona ($48.50 in chips) 
Seat 3: Alinyr ($104 in chips) 
Seat 4: equilibrium_tv ($36 in chips) 
Alinyr: posts small blind $0.50
equilibrium_tv: posts big blind $1
*** HOLE CARDS ***
D10samaradona: folds 
Alinyr: raises $2 to $3
equilibrium_tv: calls $2
*** FLOP *** [Qc 6c 5d]
Alinyr: bets $1.88
equilibrium_tv: calls $1.88
*** TURN *** [Qc 6c 5d] [7c]
Alinyr: checks 
equilibrium_tv: bets $6.12
Alinyr: calls $6.12
*** RIVER *** [Qc 6c 5d 7c] [2d]
Alinyr: checks 
equilibrium_tv: bets $25 and is all-in
Alinyr: calls $25
*** SHOW DOWN ***
equilibrium_tv: shows [8d Ac] (high card Ace)
Alinyr: shows [7d 7h] (three of a kind, Sevens)
Alinyr collected $71 from pot
*** SUMMARY ***
Total pot $72 | Rake $1 
Board [Qc 6c 5d 7c 2d]
Seat 1: D10samaradona (button) folded before Flop (didn't bet)
Seat 3: Alinyr (small blind) showed [7d 7h] and won ($71) with three of a kind, Sevens
Seat 4: equilibrium_tv (big blind) showed [8d Ac] and lost with high card Ace



PokerStars Hand #254758908593:  Hold'em No Limit ($0.50/$1.00 USD) - 2025/02/07 0:26:56 WET [2025/02/07 19:26:56 ET]
Table 'Tama' 6-max Seat #3 is the button
Seat 1: D10samaradona ($48.50 in chips) 
Seat 3: Alinyr ($139 in chips) 
Seat 4: equilibrium_tv ($40 in chips) 
equilibrium_tv: posts small blind $0.50
D10samaradona: posts big blind $1
*** HOLE CARDS ***
Alinyr: folds 
equilibrium_tv: folds 
Uncalled bet ($0.50) returned to D10samaradona
D10samaradona collected $1 from pot
D10samaradona: doesn't show hand 
*** SUMMARY ***
Total pot $1 | Rake $0 
Seat 1: D10samaradona (big blind) collected ($1)
Seat 3: Alinyr (button) folded before Flop (didn't bet)
Seat 4: equilibrium_tv (small blind) folded before Flop



PokerStars Hand #254758912120:  Hold'em No Limit ($0.50/$1.00 USD) - 2025/02/07 0:27:11 WET [2025/02/07 19:27:11 ET]
Table 'Tama' 6-max Seat #4 is the button
Seat 1: D10samaradona ($49 in chips) 
Seat 3: Alinyr ($139 in chips) 
Seat 4: equilibrium_tv ($39.50 in chips) 
D10samaradona: posts small blind $0.50
Alinyr: posts big blind $1
*** HOLE CARDS ***
equilibrium_tv: raises $1 to $2
D10samaradona: folds 
Alinyr: folds 
Uncalled bet ($1) returned to equilibrium_tv
equilibrium_tv collected $2.50 from pot
*** SUMMARY ***
Total pot $2.50 | Rake $0 
Seat 1: D10samaradona (small blind) folded before Flop
Seat 3: Alinyr (big blind) folded before Flop
Seat 4: equilibrium_tv (button) collected ($2.50)



PokerStars Hand #254758914175:  Hold'em No Limit ($0.50/$1.00 USD) - 2025/02/07 0:27:20 WET [2025/02/07 19:27:20 ET]
Table 'Tama' 6-max Seat #3 is the button
Seat 4: equilibrium_tv ($41 in chips) is sitting out
Seat 1: D10samaradona ($48.50 in chips) 
Seat 3: Alinyr ($138 in chips) 
Alinyr: posts small blind $0.50
equilibrium_tv: is sitting out 
D10samaradona: posts big blind $1
*** HOLE CARDS ***
equilibrium_tv leaves the table
Alinyr: folds 
Uncalled bet ($0.50) returned to D10samaradona
D10samaradona collected $1 from pot
D10samaradona: doesn't show hand 
*** SUMMARY ***
Total pot $1 | Rake $0 
Seat 4: equilibrium_tv
Seat 1: D10samaradona (big blind) collected ($1)
Seat 3: Alinyr (button) (small blind) folded before Flop



PokerStars Hand #254758915788:  Hold'em No Limit ($0.50/$1.00 USD) - 2025/02/07 0:27:28 WET [2025/02/07 19:27:28 ET]
Table 'Tama' 6-max Seat #1 is the button
Seat 1: D10samaradona ($49 in chips) 
Seat 3: Alinyr ($137.50 in chips) 
D10samaradona: posts small blind $0.50
Alinyr: posts big blind $1
*** HOLE CARDS ***
D10samaradona: raises $1 to $2
Alinyr: folds 
Uncalled bet ($1) returned to D10samaradona
D10samaradona collected $2 from pot
D10samaradona: doesn't show hand 
*** SUMMARY ***
Total pot $2 | Rake $0 
Seat 1: D10samaradona (button) (small blind) collected ($2)
Seat 3: Alinyr (big blind) folded before Flop



