PokerStars Hand #254757566824:  Hold'em No Limit ($0.50/$1.00 USD) - 2025/02/07 22:59:41 WET [2025/02/07 17:59:41 ET]
Table 'Aten' 6-max Seat #4 is the button
Seat 2: Stelian231 ($0 in chips) is sitting out
Seat 3: Alinyr ($100 in chips) 
Seat 4: henri789 ($115.54 in chips) 
Seat 5: mr.Jckpot ($133.31 in chips) 
Seat 6: nikalas22 ($130.26 in chips) 
mr.Jckpot: posts small blind $0.50
nikalas22: posts big blind $1
*** HOLE CARDS ***
Alinyr: raises $1.28 to $2.28
Stelian231 leaves the table
henri789: folds 
mr.Jckpot: folds 
nikalas22: calls $1.28
*** FLOP *** [Ts 2c 2s]
nikalas22: checks 
Alinyr: bets $1.20
nikalas22: calls $1.20
*** TURN *** [Ts 2c 2s] [3d]
nikalas22: checks 
Alinyr: bets $7.16
nikalas22: folds 
Uncalled bet ($7.16) returned to Alinyr
Alinyr collected $7.09 from pot
Alinyr: doesn't show hand 
*** SUMMARY ***
Total pot $7.46 | Rake $0.37 
Board [Ts 2c 2s 3d]
Seat 2: Stelian231
Seat 3: Alinyr collected ($7.09)
Seat 4: henri789 (button) folded before Flop (didn't bet)
Seat 5: mr.Jckpot (small blind) folded before Flop
Seat 6: nikalas22 (big blind) folded on the Turn



PokerStars Hand #254757585933:  Hold'em No Limit ($0.50/$1.00 USD) - 2025/02/07 23:01:03 WET [2025/02/07 18:01:03 ET]
Table 'Aten' 6-max Seat #5 is the button
Seat 3: Alinyr ($103.61 in chips) 
Seat 4: henri789 ($115.54 in chips) 
Seat 5: mr.Jckpot ($132.81 in chips) 
Seat 6: nikalas22 ($126.78 in chips) 
nikalas22: posts small blind $0.50
Alinyr: posts big blind $1
*** HOLE CARDS ***
henri789: raises $1.50 to $2.50
mr.Jckpot: raises $5 to $7.50
nikalas22: folds 
Alinyr: folds 
henri789: folds 
Uncalled bet ($5) returned to mr.Jckpot
mr.Jckpot collected $6.50 from pot
mr.Jckpot: doesn't show hand 
*** SUMMARY ***
Total pot $6.50 | Rake $0 
Seat 3: Alinyr (big blind) folded before Flop
Seat 4: henri789 folded before Flop
Seat 5: mr.Jckpot (button) collected ($6.50)
Seat 6: nikalas22 (small blind) folded before Flop



PokerStars Hand #254757714456:  Hold'em No Limit ($0.50/$1.00 USD) - 2025/02/07 23:08:40 WET [2025/02/07 18:08:40 ET]
Table 'Aten' 6-max Seat #6 is the button
Seat 1: BoyLoc0 ($100 in chips) 
Seat 2: z00mba ($101 in chips) 
Seat 3: nikalas22 ($126.28 in chips) 
Seat 5: BJGL ($10 in chips) 
Seat 6: XneferX ($100 in chips) 
BoyLoc0: posts small blind $0.50
z00mba: posts big blind $1
*** HOLE CARDS ***
nikalas22: folds 
BJGL: folds 
XneferX: raises $1.77 to $2.77
BoyLoc0: folds 
z00mba: folds 
Uncalled bet ($1.77) returned to XneferX
XneferX collected $2.50 from pot
XneferX: doesn't show hand 
*** SUMMARY ***
Total pot $2.50 | Rake $0 
Seat 1: BoyLoc0 (small blind) folded before Flop
Seat 2: z00mba (big blind) folded before Flop
Seat 3: nikalas22 folded before Flop (didn't bet)
Seat 5: BJGL folded before Flop (didn't bet)
Seat 6: XneferX (button) collected ($2.50)



PokerStars Hand #254757719959:  Hold'em No Limit ($0.50/$1.00 USD) - 2025/02/07 23:09:00 WET [2025/02/07 18:09:00 ET]
Table 'Aten' 6-max Seat #1 is the button
Seat 1: BoyLoc0 ($100 in chips) 
Seat 2: z00mba ($100 in chips) 
Seat 3: nikalas22 ($126.28 in chips) 
Seat 5: BJGL ($10 in chips) 
Seat 6: XneferX ($101.50 in chips) 
z00mba: posts small blind $0.50
nikalas22: posts big blind $1
*** HOLE CARDS ***
BJGL: folds 
XneferX: folds 
BoyLoc0: raises $1.50 to $2.50
z00mba: folds 
YeeesMan joins the table at seat #4 
nikalas22: calls $1.50
*** FLOP *** [Ah Ac 2d]
nikalas22: checks 
BoyLoc0: bets $3.92
nikalas22: folds 
Uncalled bet ($3.92) returned to BoyLoc0
BoyLoc0 collected $5.22 from pot
BoyLoc0: doesn't show hand 
*** SUMMARY ***
Total pot $5.50 | Rake $0.28 
Board [Ah Ac 2d]
Seat 1: BoyLoc0 (button) collected ($5.22)
Seat 2: z00mba (small blind) folded before Flop
Seat 3: nikalas22 (big blind) folded on the Flop
Seat 5: BJGL folded before Flop (didn't bet)
Seat 6: XneferX folded before Flop (didn't bet)



PokerStars Hand #254757731666:  Hold'em No Limit ($0.50/$1.00 USD) - 2025/02/07 23:09:40 WET [2025/02/07 18:09:40 ET]
Table 'Aten' 6-max Seat #2 is the button
Seat 1: BoyLoc0 ($102.72 in chips) 
Seat 2: z00mba ($100 in chips) 
Seat 3: nikalas22 ($123.78 in chips) 
Seat 4: YeeesMan ($100 in chips) 
Seat 5: BJGL ($10 in chips) 
Seat 6: XneferX ($101.50 in chips) 
nikalas22: posts small blind $0.50
YeeesMan: posts big blind $1
*** HOLE CARDS ***
BJGL: folds 
XneferX: folds 
BoyLoc0: raises $1.50 to $2.50
z00mba: folds 
nikalas22: folds 
YeeesMan: folds 
Uncalled bet ($1.50) returned to BoyLoc0
BoyLoc0 collected $2.50 from pot
BoyLoc0: doesn't show hand 
*** SUMMARY ***
Total pot $2.50 | Rake $0 
Seat 1: BoyLoc0 collected ($2.50)
Seat 2: z00mba (button) folded before Flop (didn't bet)
Seat 3: nikalas22 (small blind) folded before Flop
Seat 4: YeeesMan (big blind) folded before Flop
Seat 5: BJGL folded before Flop (didn't bet)
Seat 6: XneferX folded before Flop (didn't bet)



PokerStars Hand #254757737703:  Hold'em No Limit ($0.50/$1.00 USD) - 2025/02/07 23:10:02 WET [2025/02/07 18:10:02 ET]
Table 'Aten' 6-max Seat #3 is the button
Seat 1: BoyLoc0 ($104.22 in chips) 
Seat 2: z00mba ($100 in chips) 
Seat 3: nikalas22 ($123.28 in chips) 
Seat 4: YeeesMan ($100 in chips) 
Seat 5: BJGL ($10 in chips) 
Seat 6: XneferX ($101.50 in chips) 
YeeesMan: posts small blind $0.50
BJGL: posts big blind $1
*** HOLE CARDS ***
XneferX: folds 
BoyLoc0: folds 
z00mba: folds 
nikalas22: folds 
YeeesMan: folds 
Uncalled bet ($0.50) returned to BJGL
BJGL collected $1 from pot
BJGL: doesn't show hand 
*** SUMMARY ***
Total pot $1 | Rake $0 
Seat 1: BoyLoc0 folded before Flop (didn't bet)
Seat 2: z00mba folded before Flop (didn't bet)
Seat 3: nikalas22 (button) folded before Flop (didn't bet)
Seat 4: YeeesMan (small blind) folded before Flop
Seat 5: BJGL (big blind) collected ($1)
Seat 6: XneferX folded before Flop (didn't bet)



PokerStars Hand #254757744941:  Hold'em No Limit ($0.50/$1.00 USD) - 2025/02/07 23:10:27 WET [2025/02/07 18:10:27 ET]
Table 'Aten' 6-max Seat #4 is the button
Seat 1: BoyLoc0 ($104.22 in chips) 
Seat 2: z00mba ($100 in chips) 
Seat 3: nikalas22 ($123.28 in chips) 
Seat 4: YeeesMan ($100 in chips) 
Seat 5: BJGL ($10.50 in chips) 
Seat 6: XneferX ($101.50 in chips) 
BJGL: posts small blind $0.50
XneferX: posts big blind $1
*** HOLE CARDS ***
BoyLoc0: raises $1.50 to $2.50
z00mba: folds 
nikalas22: folds 
YeeesMan: folds 
BJGL: folds 
XneferX: folds 
Uncalled bet ($1.50) returned to BoyLoc0
BoyLoc0 collected $2.50 from pot
BoyLoc0: doesn't show hand 
*** SUMMARY ***
Total pot $2.50 | Rake $0 
Seat 1: BoyLoc0 collected ($2.50)
Seat 2: z00mba folded before Flop (didn't bet)
Seat 3: nikalas22 folded before Flop (didn't bet)
Seat 4: YeeesMan (button) folded before Flop (didn't bet)
Seat 5: BJGL (small blind) folded before Flop
Seat 6: XneferX (big blind) folded before Flop



PokerStars Hand #254757751064:  Hold'em No Limit ($0.50/$1.00 USD) - 2025/02/07 23:10:49 WET [2025/02/07 18:10:49 ET]
Table 'Aten' 6-max Seat #5 is the button
Seat 1: BoyLoc0 ($105.72 in chips) is sitting out
Seat 2: z00mba ($100 in chips) is sitting out
Seat 3: nikalas22 ($123.28 in chips) 
Seat 4: YeeesMan ($100 in chips) 
Seat 5: BJGL ($10 in chips) 
Seat 6: XneferX ($100.50 in chips) 
XneferX: posts small blind $0.50
BoyLoc0: is sitting out 
z00mba: is sitting out 
nikalas22: posts big blind $1
*** HOLE CARDS ***
BoyLoc0 leaves the table
YeeesMan: folds 
BJGL: folds 
XneferX: folds 
Uncalled bet ($0.50) returned to nikalas22
nikalas22 collected $1 from pot
nikalas22: doesn't show hand 
z00mba leaves the table
*** SUMMARY ***
Total pot $1 | Rake $0 
Seat 1: BoyLoc0
Seat 2: z00mba
Seat 3: nikalas22 (big blind) collected ($1)
Seat 4: YeeesMan folded before Flop (didn't bet)
Seat 5: BJGL (button) folded before Flop (didn't bet)
Seat 6: XneferX (small blind) folded before Flop



PokerStars Hand #254757755654:  Hold'em No Limit ($0.50/$1.00 USD) - 2025/02/07 23:11:05 WET [2025/02/07 18:11:05 ET]
Table 'Aten' 6-max Seat #6 is the button
Seat 4: YeeesMan ($100 in chips) is sitting out
Seat 3: nikalas22 ($123.78 in chips) 
Seat 5: BJGL ($10 in chips) 
Seat 6: XneferX ($100 in chips) 
nikalas22: posts small blind $0.50
YeeesMan: is sitting out 
BJGL: posts big blind $1
*** HOLE CARDS ***
XneferX: folds 
nikalas22: folds 
Uncalled bet ($0.50) returned to BJGL
BJGL collected $1 from pot
BJGL: doesn't show hand 
*** SUMMARY ***
Total pot $1 | Rake $0 
Seat 4: YeeesMan
Seat 3: nikalas22 (small blind) folded before Flop
Seat 5: BJGL (big blind) collected ($1)
Seat 6: XneferX (button) folded before Flop (didn't bet)



PokerStars Hand #254757761195:  Hold'em No Limit ($0.50/$1.00 USD) - 2025/02/07 23:11:24 WET [2025/02/07 18:11:24 ET]
Table 'Aten' 6-max Seat #3 is the button
Seat 4: YeeesMan ($100 in chips) is sitting out
Seat 3: nikalas22 ($123.28 in chips) 
Seat 5: BJGL ($10.50 in chips) 
Seat 6: XneferX ($100 in chips) 
BJGL: posts small blind $0.50
XneferX: posts big blind $1
*** HOLE CARDS ***
nikalas22: folds 
BJGL: folds 
Uncalled bet ($0.50) returned to XneferX
XneferX collected $1 from pot
XneferX: doesn't show hand 
*** SUMMARY ***
Total pot $1 | Rake $0 
Seat 4: YeeesMan
Seat 3: nikalas22 (button) folded before Flop (didn't bet)
Seat 5: BJGL (small blind) folded before Flop
Seat 6: XneferX (big blind) collected ($1)



PokerStars Hand #254757763537:  Hold'em No Limit ($0.50/$1.00 USD) - 2025/02/07 23:11:32 WET [2025/02/07 18:11:32 ET]
Table 'Aten' 6-max Seat #5 is the button
Seat 4: YeeesMan ($100 in chips) is sitting out
Seat 3: nikalas22 ($123.28 in chips) 
Seat 5: BJGL ($10 in chips) 
Seat 6: XneferX ($100.50 in chips) 
XneferX: posts small blind $0.50
nikalas22: posts big blind $1
*** HOLE CARDS ***
BJGL: folds 
XneferX: raises $2 to $3
nikalas22: raises $6 to $9
XneferX: calls $6
*** FLOP *** [5s Jd 4d]
XneferX: checks 
nikalas22: bets $8.55
XneferX: calls $8.55
*** TURN *** [5s Jd 4d] [Ks]
XneferX: checks 
nikalas22: bets $25.58
XneferX: folds 
Uncalled bet ($25.58) returned to nikalas22
nikalas22 collected $34.10 from pot
nikalas22: doesn't show hand 
*** SUMMARY ***
Total pot $35.10 | Rake $1 
Board [5s Jd 4d Ks]
Seat 4: YeeesMan
Seat 3: nikalas22 (big blind) collected ($34.10)
Seat 5: BJGL (button) folded before Flop (didn't bet)
Seat 6: XneferX (small blind) folded on the Turn



PokerStars Hand #254757779408:  Hold'em No Limit ($0.50/$1.00 USD) - 2025/02/07 23:12:29 WET [2025/02/07 18:12:29 ET]
Table 'Aten' 6-max Seat #6 is the button
Seat 4: YeeesMan ($100 in chips) is sitting out
Seat 3: nikalas22 ($139.83 in chips) 
Seat 5: BJGL ($10 in chips) 
Seat 6: XneferX ($100 in chips) 
nikalas22: posts small blind $0.50
BJGL: posts big blind $1
*** HOLE CARDS ***
XneferX: raises $1.77 to $2.77
nikalas22: folds 
BJGL: folds 
Uncalled bet ($1.77) returned to XneferX
XneferX collected $2.50 from pot
XneferX: doesn't show hand 
*** SUMMARY ***
Total pot $2.50 | Rake $0 
Seat 4: YeeesMan
Seat 3: nikalas22 (small blind) folded before Flop
Seat 5: BJGL (big blind) folded before Flop
Seat 6: XneferX (button) collected ($2.50)



PokerStars Hand #254757782280:  Hold'em No Limit ($0.50/$1.00 USD) - 2025/02/07 23:12:39 WET [2025/02/07 18:12:39 ET]
Table 'Aten' 6-max Seat #3 is the button
Seat 4: YeeesMan ($100 in chips) is sitting out
Seat 3: nikalas22 ($139.33 in chips) 
Seat 5: BJGL ($9 in chips) 
Seat 6: XneferX ($101.50 in chips) 
BJGL: posts small blind $0.50
XneferX: posts big blind $1
*** HOLE CARDS ***
nikalas22: raises $1.20 to $2.20
BJGL: folds 
Zvst joins the table at seat #2 
XneferX: calls $1.20
*** FLOP *** [3d Qh 4d]
XneferX: checks 
nikalas22: checks 
*** TURN *** [3d Qh 4d] [7s]
XneferX: checks 
nikalas22: bets $1.40
XneferX: calls $1.40
*** RIVER *** [3d Qh 4d 7s] [Js]
XneferX: checks 
nikalas22: checks 
*** SHOW DOWN ***
XneferX: shows [Qc Jh] (two pair, Queens and Jacks)
nikalas22: mucks hand 
XneferX collected $7.32 from pot
*** SUMMARY ***
Total pot $7.70 | Rake $0.38 
Board [3d Qh 4d 7s Js]
Seat 4: YeeesMan
Seat 3: nikalas22 (button) mucked
Seat 5: BJGL (small blind) folded before Flop
Seat 6: XneferX (big blind) showed [Qc Jh] and won ($7.32) with two pair, Queens and Jacks



PokerStars Hand #254757796487:  Hold'em No Limit ($0.50/$1.00 USD) - 2025/02/07 23:13:29 WET [2025/02/07 18:13:29 ET]
Table 'Aten' 6-max Seat #5 is the button
Seat 4: YeeesMan ($100 in chips) is sitting out
Seat 2: Zvst ($20.28 in chips) 
Seat 3: nikalas22 ($135.73 in chips) 
Seat 5: BJGL ($8.50 in chips) 
Seat 6: XneferX ($105.22 in chips) 
XneferX: posts small blind $0.50
Zvst: posts big blind $1
*** HOLE CARDS ***
nikalas22: raises $1.20 to $2.20
BJGL: folds 
XneferX: folds 
Zvst: folds 
Uncalled bet ($1.20) returned to nikalas22
nikalas22 collected $2.50 from pot
nikalas22: doesn't show hand 
*** SUMMARY ***
Total pot $2.50 | Rake $0 
Seat 4: YeeesMan
Seat 2: Zvst (big blind) folded before Flop
Seat 3: nikalas22 collected ($2.50)
Seat 5: BJGL (button) folded before Flop (didn't bet)
Seat 6: XneferX (small blind) folded before Flop



PokerStars Hand #254757800853:  Hold'em No Limit ($0.50/$1.00 USD) - 2025/02/07 23:13:45 WET [2025/02/07 18:13:45 ET]
Table 'Aten' 6-max Seat #6 is the button
Seat 4: YeeesMan ($100 in chips) is sitting out
Seat 2: Zvst ($20.28 in chips) 
Seat 3: nikalas22 ($137.23 in chips) 
Seat 5: BJGL ($8.50 in chips) 
Seat 6: XneferX ($104.72 in chips) 
Zvst: posts small blind $0.50
nikalas22: posts big blind $1
*** HOLE CARDS ***
BJGL: folds 
XneferX: folds 
Zvst: folds 
Uncalled bet ($0.50) returned to nikalas22
nikalas22 collected $1 from pot
nikalas22: doesn't show hand 
*** SUMMARY ***
Total pot $1 | Rake $0 
Seat 4: YeeesMan
Seat 2: Zvst (small blind) folded before Flop
Seat 3: nikalas22 (big blind) collected ($1)
Seat 5: BJGL folded before Flop (didn't bet)
Seat 6: XneferX (button) folded before Flop (didn't bet)



PokerStars Hand #254757803855:  Hold'em No Limit ($0.50/$1.00 USD) - 2025/02/07 23:13:55 WET [2025/02/07 18:13:55 ET]
Table 'Aten' 6-max Seat #2 is the button
Seat 4: YeeesMan ($100 in chips) is sitting out
Seat 2: Zvst ($20.28 in chips) 
Seat 3: nikalas22 ($137.73 in chips) 
Seat 5: BJGL ($8.50 in chips) 
Seat 6: XneferX ($104.72 in chips) 
nikalas22: posts small blind $0.50
BJGL: posts big blind $1
*** HOLE CARDS ***
YeeesMan leaves the table
XneferX: raises $1.30 to $2.30
Zvst: folds 
nikalas22: folds 
BJGL: folds 
Uncalled bet ($1.30) returned to XneferX
XneferX collected $2.50 from pot
XneferX: doesn't show hand 
*** SUMMARY ***
Total pot $2.50 | Rake $0 
Seat 4: YeeesMan
Seat 2: Zvst (button) folded before Flop (didn't bet)
Seat 3: nikalas22 (small blind) folded before Flop
Seat 5: BJGL (big blind) folded before Flop
Seat 6: XneferX collected ($2.50)



PokerStars Hand #254757807714:  Hold'em No Limit ($0.50/$1.00 USD) - 2025/02/07 23:14:09 WET [2025/02/07 18:14:09 ET]
Table 'Aten' 6-max Seat #3 is the button
Seat 2: Zvst ($20.28 in chips) 
Seat 3: nikalas22 ($137.23 in chips) 
Seat 5: BJGL ($7.50 in chips) 
Seat 6: XneferX ($106.22 in chips) 
BJGL: posts small blind $0.50
XneferX: posts big blind $1
*** HOLE CARDS ***
Zvst: folds 
nikalas22: folds 
BJGL: folds 
Uncalled bet ($0.50) returned to XneferX
XneferX collected $1 from pot
XneferX: doesn't show hand 
*** SUMMARY ***
Total pot $1 | Rake $0 
Seat 2: Zvst folded before Flop (didn't bet)
Seat 3: nikalas22 (button) folded before Flop (didn't bet)
Seat 5: BJGL (small blind) folded before Flop
Seat 6: XneferX (big blind) collected ($1)



PokerStars Hand #254757810327:  Hold'em No Limit ($0.50/$1.00 USD) - 2025/02/07 23:14:19 WET [2025/02/07 18:14:19 ET]
Table 'Aten' 6-max Seat #5 is the button
Seat 2: Zvst ($20.28 in chips) is sitting out
Seat 3: nikalas22 ($137.23 in chips) 
Seat 5: BJGL ($7 in chips) 
Seat 6: XneferX ($106.72 in chips) 
XneferX: posts small blind $0.50
Zvst: is sitting out 
nikalas22: posts big blind $1
*** HOLE CARDS ***
BJGL: raises $1 to $2
Zvst leaves the table
XneferX: folds 
nikalas22: raises $135.23 to $137.23 and is all-in
BJGL: calls $5 and is all-in
Uncalled bet ($130.23) returned to nikalas22
BJGL has timed out
*** FLOP *** [6h 8s 3c]
*** TURN *** [6h 8s 3c] [Jh]
*** RIVER *** [6h 8s 3c Jh] [Tc]
*** SHOW DOWN ***
nikalas22: shows [Qd Qc] (a pair of Queens)
BJGL: shows [Th Qh] (a pair of Tens)
nikalas22 collected $13.78 from pot
*** SUMMARY ***
Total pot $14.50 | Rake $0.72 
Board [6h 8s 3c Jh Tc]
Seat 2: Zvst
Seat 3: nikalas22 (big blind) showed [Qd Qc] and won ($13.78) with a pair of Queens
Seat 5: BJGL (button) showed [Th Qh] and lost with a pair of Tens
Seat 6: XneferX (small blind) folded before Flop



PokerStars Hand #254757821039:  Hold'em No Limit ($0.50/$1.00 USD) - 2025/02/07 23:14:58 WET [2025/02/07 18:14:58 ET]
Table 'Aten' 6-max Seat #3 is the button
Seat 5: BJGL ($0 in chips) is sitting out
Seat 3: nikalas22 ($144.01 in chips) 
Seat 6: XneferX ($106.22 in chips) 
nikalas22: posts small blind $0.50
XneferX: posts big blind $1
*** HOLE CARDS ***
nikalas22: raises $1.20 to $2.20
XneferX: calls $1.20
*** FLOP *** [Jc 9d Ks]
BJGL leaves the table
XneferX: checks 
nikalas22: checks 
*** TURN *** [Jc 9d Ks] [3d]
XneferX: bets $3.22
nikalas22: calls $3.22
*** RIVER *** [Jc 9d Ks 3d] [8c]
XneferX: bets $7.93
nikalas22: folds 
Uncalled bet ($7.93) returned to XneferX
XneferX collected $10.30 from pot
XneferX: doesn't show hand 
*** SUMMARY ***
Total pot $10.84 | Rake $0.54 
Board [Jc 9d Ks 3d 8c]
Seat 5: BJGL
Seat 3: nikalas22 (button) (small blind) folded on the River
Seat 6: XneferX (big blind) collected ($10.30)



