PokerStars Hand #254748085897:  Hold'em No Limit ($0.50/$1.00 USD) - 2025/02/07 11:37:05 WET [2025/02/07 6:37:05 ET]
Table 'Sadeya' 6-max Seat #1 is the button
Seat 1: vadjkeee ($100 in chips) 
Seat 2: nickreason17 ($100 in chips) 
Seat 3: zharris77 ($61.88 in chips) 
Seat 4: shave_mustache ($100 in chips) 
Seat 5: Punzzzer ($100 in chips) 
Seat 6: NoonTime1991 ($100 in chips) 
nickreason17: posts small blind $0.50
zharris77: posts big blind $1
*** HOLE CARDS ***
shave_mustache: folds 
Punzzzer: folds 
NoonTime1991: folds 
vadjkeee: folds 
nickreason17: folds 
Uncalled bet ($0.50) returned to zharris77
zharris77 collected $1 from pot
*** SUMMARY ***
Total pot $1 | Rake $0 
Seat 1: vadjkeee (button) folded before Flop (didn't bet)
Seat 2: nickreason17 (small blind) folded before Flop
Seat 3: zharris77 (big blind) collected ($1)
Seat 4: shave_mustache folded before Flop (didn't bet)
Seat 5: Punzzzer folded before Flop (didn't bet)
Seat 6: NoonTime1991 folded before Flop (didn't bet)



PokerStars Hand #254748088640:  Hold'em No Limit ($0.50/$1.00 USD) - 2025/02/07 11:37:26 WET [2025/02/07 6:37:26 ET]
Table 'Sadeya' 6-max Seat #2 is the button
Seat 1: vadjkeee ($100 in chips) 
Seat 2: nickreason17 ($100 in chips) 
Seat 3: zharris77 ($62.38 in chips) 
Seat 4: shave_mustache ($100 in chips) 
Seat 5: Punzzzer ($100 in chips) 
Seat 6: NoonTime1991 ($100 in chips) 
zharris77: posts small blind $0.50
shave_mustache: posts big blind $1
*** HOLE CARDS ***
Punzzzer: folds 
NoonTime1991: raises $2 to $3
vadjkeee: folds 
nickreason17: folds 
zharris77: raises $3 to $6
shave_mustache: folds 
NoonTime1991: raises $6 to $12
zharris77: raises $50.38 to $62.38 and is all-in
NoonTime1991: calls $50.38
*** FLOP *** [Kd 7c As]
*** TURN *** [Kd 7c As] [8c]
*** RIVER *** [Kd 7c As 8c] [Jh]
*** SHOW DOWN ***
zharris77: shows [Qc Kc] (a pair of Kings)
NoonTime1991: shows [Tc Ts] (a pair of Tens)
zharris77 collected $123.26 from pot
NoonTime1991 cashed out the hand for $65.02 | Cash Out Fee $1.33
*** SUMMARY ***
Total pot $125.76 | Rake $2.50 
Board [Kd 7c As 8c Jh]
Seat 1: vadjkeee folded before Flop (didn't bet)
Seat 2: nickreason17 (button) folded before Flop (didn't bet)
Seat 3: zharris77 (small blind) showed [Qc Kc] and won ($123.26) with a pair of Kings
Seat 4: shave_mustache (big blind) folded before Flop
Seat 5: Punzzzer folded before Flop (didn't bet)
Seat 6: NoonTime1991 showed [Tc Ts] and lost with a pair of Tens (cashed out).



PokerStars Hand #254748094864:  Hold'em No Limit ($0.50/$1.00 USD) - 2025/02/07 11:38:12 WET [2025/02/07 6:38:12 ET]
Table 'Sadeya' 6-max Seat #3 is the button
Seat 1: vadjkeee ($100 in chips) 
Seat 2: nickreason17 ($100 in chips) 
Seat 3: zharris77 ($123.26 in chips) 
Seat 4: shave_mustache ($100 in chips) 
Seat 5: Punzzzer ($100 in chips) 
Seat 6: NoonTime1991 ($102.64 in chips) 
shave_mustache: posts small blind $0.50
Punzzzer: posts big blind $1
*** HOLE CARDS ***
NoonTime1991: folds 
vadjkeee: folds 
nickreason17: raises $1.25 to $2.25
zharris77: calls $2.25
shave_mustache: folds 
Punzzzer: folds 
*** FLOP *** [6c 7h 6h]
nickreason17: bets $1.71
zharris77: folds 
Uncalled bet ($1.71) returned to nickreason17
nickreason17 collected $5.70 from pot
nickreason17: doesn't show hand 
zharris77 leaves the table
*** SUMMARY ***
Total pot $6 | Rake $0.30 
Board [6c 7h 6h]
Seat 1: vadjkeee folded before Flop (didn't bet)
Seat 2: nickreason17 collected ($5.70)
Seat 3: zharris77 (button) folded on the Flop
Seat 4: shave_mustache (small blind) folded before Flop
Seat 5: Punzzzer (big blind) folded before Flop
Seat 6: NoonTime1991 folded before Flop (didn't bet)



PokerStars Hand #254748098188:  Hold'em No Limit ($0.50/$1.00 USD) - 2025/02/07 11:38:37 WET [2025/02/07 6:38:37 ET]
Table 'Sadeya' 6-max Seat #4 is the button
Seat 1: vadjkeee ($100 in chips) 
Seat 2: nickreason17 ($103.45 in chips) 
Seat 4: shave_mustache ($100 in chips) 
Seat 5: Punzzzer ($100 in chips) 
Seat 6: NoonTime1991 ($102.64 in chips) 
Punzzzer: posts small blind $0.50
NoonTime1991: posts big blind $1
*** HOLE CARDS ***
vadjkeee: raises $1.50 to $2.50
nickreason17: folds 
shave_mustache: raises $5 to $7.50
Punzzzer: folds 
NoonTime1991: raises $17.50 to $25
vadjkeee: folds 
shave_mustache: folds 
Uncalled bet ($17.50) returned to NoonTime1991
NoonTime1991 collected $18 from pot
NoonTime1991: doesn't show hand 
*** SUMMARY ***
Total pot $18 | Rake $0 
Seat 1: vadjkeee folded before Flop
Seat 2: nickreason17 folded before Flop (didn't bet)
Seat 4: shave_mustache (button) folded before Flop
Seat 5: Punzzzer (small blind) folded before Flop
Seat 6: NoonTime1991 (big blind) collected ($18)



PokerStars Hand #254748102997:  Hold'em No Limit ($0.50/$1.00 USD) - 2025/02/07 11:39:13 WET [2025/02/07 6:39:13 ET]
Table 'Sadeya' 6-max Seat #5 is the button
Seat 1: vadjkeee ($100 in chips) 
Seat 2: nickreason17 ($103.45 in chips) 
Seat 4: shave_mustache ($100 in chips) 
Seat 5: Punzzzer ($100 in chips) 
Seat 6: NoonTime1991 ($113.14 in chips) 
NoonTime1991: posts small blind $0.50
vadjkeee: posts big blind $1
*** HOLE CARDS ***
nickreason17: folds 
rekk85 joins the table at seat #3 
shave_mustache: folds 
Punzzzer: folds 
NoonTime1991: folds 
Uncalled bet ($0.50) returned to vadjkeee
vadjkeee collected $1 from pot
vadjkeee: doesn't show hand 
*** SUMMARY ***
Total pot $1 | Rake $0 
Seat 1: vadjkeee (big blind) collected ($1)
Seat 2: nickreason17 folded before Flop (didn't bet)
Seat 4: shave_mustache folded before Flop (didn't bet)
Seat 5: Punzzzer (button) folded before Flop (didn't bet)
Seat 6: NoonTime1991 (small blind) folded before Flop



PokerStars Hand #254748104717:  Hold'em No Limit ($0.50/$1.00 USD) - 2025/02/07 11:39:26 WET [2025/02/07 6:39:26 ET]
Table 'Sadeya' 6-max Seat #6 is the button
Seat 2: nickreason17 ($103.45 in chips) is sitting out
Seat 1: vadjkeee ($100.50 in chips) 
Seat 3: rekk85 ($100 in chips) 
Seat 4: shave_mustache ($100 in chips) 
Seat 5: Punzzzer ($100 in chips) 
Seat 6: NoonTime1991 ($112.64 in chips) 
vadjkeee: posts small blind $0.50
nickreason17: is sitting out 
rekk85: posts big blind $1
*** HOLE CARDS ***
nickreason17 leaves the table
shave_mustache: folds 
Punzzzer: raises $1.20 to $2.20
NoonTime1991: raises $4.80 to $7
vadjkeee: folds 
rekk85: folds 
Punzzzer: folds 
Uncalled bet ($4.80) returned to NoonTime1991
NoonTime1991 collected $5.90 from pot
NoonTime1991: doesn't show hand 
*** SUMMARY ***
Total pot $5.90 | Rake $0 
Seat 2: nickreason17
Seat 1: vadjkeee (small blind) folded before Flop
Seat 3: rekk85 (big blind) folded before Flop
Seat 4: shave_mustache folded before Flop (didn't bet)
Seat 5: Punzzzer folded before Flop
Seat 6: NoonTime1991 (button) collected ($5.90)



PokerStars Hand #254748108242:  Hold'em No Limit ($0.50/$1.00 USD) - 2025/02/07 11:39:52 WET [2025/02/07 6:39:52 ET]
Table 'Sadeya' 6-max Seat #3 is the button
Seat 4: shave_mustache ($100 in chips) is sitting out
Seat 5: Punzzzer ($100 in chips) is sitting out
Seat 6: NoonTime1991 ($116.34 in chips) is sitting out
Seat 1: vadjkeee ($100 in chips) 
Seat 3: rekk85 ($100 in chips) 
rekk85: posts small blind $0.50
shave_mustache: is sitting out 
Punzzzer: is sitting out 
NoonTime1991: is sitting out 
vadjkeee: posts big blind $1
*** HOLE CARDS ***
rekk85: folds 
Uncalled bet ($0.50) returned to vadjkeee
Punzzzer leaves the table
vadjkeee collected $1 from pot
vadjkeee: doesn't show hand 
*** SUMMARY ***
Total pot $1 | Rake $0 
Seat 4: shave_mustache
Seat 5: Punzzzer
Seat 6: NoonTime1991
Seat 1: vadjkeee (big blind) collected ($1)
Seat 3: rekk85 (button) (small blind) folded before Flop



PokerStars Hand #254748109151:  Hold'em No Limit ($0.50/$1.00 USD) - 2025/02/07 11:39:59 WET [2025/02/07 6:39:59 ET]
Table 'Sadeya' 6-max Seat #1 is the button
Seat 4: shave_mustache ($100 in chips) is sitting out
Seat 6: NoonTime1991 ($116.34 in chips) is sitting out
Seat 1: vadjkeee ($100.50 in chips) 
Seat 3: rekk85 ($100 in chips) 
vadjkeee: posts small blind $0.50
rekk85: posts big blind $1
*** HOLE CARDS ***
vadjkeee: raises $1.50 to $2.50
rekk85: raises $6.50 to $9
shave_mustache leaves the table
vadjkeee: folds 
Uncalled bet ($6.50) returned to rekk85
rekk85 collected $5 from pot
rekk85: doesn't show hand 
*** SUMMARY ***
Total pot $5 | Rake $0 
Seat 4: shave_mustache
Seat 6: NoonTime1991
Seat 1: vadjkeee (button) (small blind) folded before Flop
Seat 3: rekk85 (big blind) collected ($5)



