PokerStars Hand #254754579398:  Hold'em No Limit ($0.50/$1.00 USD) - 2025/02/07 20:11:31 WET [2025/02/07 15:11:31 ET]
Table 'Vincentina II' 6-max Seat #3 is the button
Seat 1: XneferX ($100 in chips) 
Seat 3: coeeeelho ($100 in chips) 
Seat 5: michasia ($101.50 in chips) 
michasia: posts small blind $0.50
XneferX: posts big blind $1
*** HOLE CARDS ***
coeeeelho: raises $1.50 to $2.50
michasia: folds 
XneferX: folds 
Uncalled bet ($1.50) returned to coeeeelho
coeeeelho collected $2.50 from pot
*** SUMMARY ***
Total pot $2.50 | Rake $0 
Seat 1: XneferX (big blind) folded before Flop
Seat 3: coeeeelho (button) collected ($2.50)
Seat 5: michasia (small blind) folded before Flop



PokerStars Hand #254754583201:  Hold'em No Limit ($0.50/$1.00 USD) - 2025/02/07 20:11:43 WET [2025/02/07 15:11:43 ET]
Table 'Vincentina II' 6-max Seat #5 is the button
Seat 1: XneferX ($100 in chips) 
Seat 3: coeeeelho ($101.50 in chips) 
Seat 5: michasia ($101 in chips) 
XneferX: posts small blind $0.50
coeeeelho: posts big blind $1
*** HOLE CARDS ***
michasia: folds 
XneferX: raises $2 to $3
coeeeelho: folds 
Uncalled bet ($2) returned to XneferX
XneferX collected $2 from pot
XneferX: doesn't show hand 
*** SUMMARY ***
Total pot $2 | Rake $0 
Seat 1: XneferX (small blind) collected ($2)
Seat 3: coeeeelho (big blind) folded before Flop
Seat 5: michasia (button) folded before Flop (didn't bet)



PokerStars Hand #254754587073:  Hold'em No Limit ($0.50/$1.00 USD) - 2025/02/07 20:11:56 WET [2025/02/07 15:11:56 ET]
Table 'Vincentina II' 6-max Seat #1 is the button
Seat 1: XneferX ($101 in chips) 
Seat 3: coeeeelho ($100.50 in chips) 
Seat 5: michasia ($101 in chips) 
coeeeelho: posts small blind $0.50
michasia: posts big blind $1
*** HOLE CARDS ***
XneferX: raises $1.77 to $2.77
coeeeelho: folds 
michasia: folds 
Uncalled bet ($1.77) returned to XneferX
XneferX collected $2.50 from pot
XneferX: doesn't show hand 
*** SUMMARY ***
Total pot $2.50 | Rake $0 
Seat 1: XneferX (button) collected ($2.50)
Seat 3: coeeeelho (small blind) folded before Flop
Seat 5: michasia (big blind) folded before Flop



PokerStars Hand #254754589905:  Hold'em No Limit ($0.50/$1.00 USD) - 2025/02/07 20:12:05 WET [2025/02/07 15:12:05 ET]
Table 'Vincentina II' 6-max Seat #3 is the button
Seat 1: XneferX ($102.50 in chips) 
Seat 3: coeeeelho ($100 in chips) 
Seat 5: michasia ($100 in chips) 
michasia: posts small blind $0.50
XneferX: posts big blind $1
*** HOLE CARDS ***
coeeeelho: folds 
michasia: folds 
Uncalled bet ($0.50) returned to XneferX
XneferX collected $1 from pot
XneferX: doesn't show hand 
*** SUMMARY ***
Total pot $1 | Rake $0 
Seat 1: XneferX (big blind) collected ($1)
Seat 3: coeeeelho (button) folded before Flop (didn't bet)
Seat 5: michasia (small blind) folded before Flop



PokerStars Hand #254754592564:  Hold'em No Limit ($0.50/$1.00 USD) - 2025/02/07 20:12:14 WET [2025/02/07 15:12:14 ET]
Table 'Vincentina II' 6-max Seat #5 is the button
Seat 1: XneferX ($103 in chips) 
Seat 3: coeeeelho ($100 in chips) 
Seat 5: michasia ($100 in chips) 
XneferX: posts small blind $0.50
coeeeelho: posts big blind $1
*** HOLE CARDS ***
michasia: folds 
XneferX: folds 
Uncalled bet ($0.50) returned to coeeeelho
coeeeelho collected $1 from pot
*** SUMMARY ***
Total pot $1 | Rake $0 
Seat 1: XneferX (small blind) folded before Flop
Seat 3: coeeeelho (big blind) collected ($1)
Seat 5: michasia (button) folded before Flop (didn't bet)



PokerStars Hand #254754595010:  Hold'em No Limit ($0.50/$1.00 USD) - 2025/02/07 20:12:22 WET [2025/02/07 15:12:22 ET]
Table 'Vincentina II' 6-max Seat #1 is the button
Seat 1: XneferX ($102.50 in chips) 
Seat 3: coeeeelho ($100.50 in chips) 
Seat 5: michasia ($100 in chips) 
coeeeelho: posts small blind $0.50
michasia: posts big blind $1
*** HOLE CARDS ***
XneferX: raises $1.77 to $2.77
coeeeelho: folds 
michasia: calls $1.77
*** FLOP *** [6c Jc Tc]
michasia: checks 
XneferX: bets $1.95
michasia: calls $1.95
*** TURN *** [6c Jc Tc] [2s]
michasia: checks 
XneferX: checks 
*** RIVER *** [6c Jc Tc 2s] [4s]
michasia: bets $6.29
EmanuelScher joins the table at seat #4 
sta$igk joins the table at seat #2 
rao999 joins the table at seat #6 
XneferX: raises $9.43 to $15.72
michasia: folds 
Uncalled bet ($9.43) returned to XneferX
XneferX collected $21.52 from pot
XneferX: doesn't show hand 
*** SUMMARY ***
Total pot $22.52 | Rake $1 
Board [6c Jc Tc 2s 4s]
Seat 1: XneferX (button) collected ($21.52)
Seat 3: coeeeelho (small blind) folded before Flop
Seat 5: michasia (big blind) folded on the River



PokerStars Hand #254754610496:  Hold'em No Limit ($0.50/$1.00 USD) - 2025/02/07 20:13:13 WET [2025/02/07 15:13:13 ET]
Table 'Vincentina II' 6-max Seat #3 is the button
Seat 2: sta$igk ($100 in chips) is sitting out
Seat 4: EmanuelScher ($28.02 in chips) is sitting out
Seat 1: XneferX ($113.01 in chips) 
Seat 3: coeeeelho ($100 in chips) 
Seat 5: michasia ($100 in chips) 
Seat 6: rao999 ($100 in chips) 
michasia: posts small blind $0.50
rao999: posts big blind $1
sta$igk: sits out 
*** HOLE CARDS ***
XneferX: folds 
coeeeelho: folds 
michasia: folds 
Uncalled bet ($0.50) returned to rao999
rao999 collected $1 from pot
rao999: doesn't show hand 
*** SUMMARY ***
Total pot $1 | Rake $0 
Seat 2: sta$igk
Seat 4: EmanuelScher
Seat 1: XneferX folded before Flop (didn't bet)
Seat 3: coeeeelho (button) folded before Flop (didn't bet)
Seat 5: michasia (small blind) folded before Flop
Seat 6: rao999 (big blind) collected ($1)



PokerStars Hand #254754615150:  Hold'em No Limit ($0.50/$1.00 USD) - 2025/02/07 20:13:29 WET [2025/02/07 15:13:29 ET]
Table 'Vincentina II' 6-max Seat #5 is the button
Seat 2: sta$igk ($100 in chips) is sitting out
Seat 4: EmanuelScher ($28.02 in chips) is sitting out
Seat 1: XneferX ($113.01 in chips) 
Seat 3: coeeeelho ($100 in chips) 
Seat 5: michasia ($100 in chips) 
Seat 6: rao999 ($100.50 in chips) 
rao999: posts small blind $0.50
XneferX: posts big blind $1
sta$igk: sits out 
EmanuelScher: sits out 
*** HOLE CARDS ***
coeeeelho: raises $1.30 to $2.30
michasia: folds 
rao999: folds 
XneferX: folds 
Uncalled bet ($1.30) returned to coeeeelho
coeeeelho collected $2.50 from pot
*** SUMMARY ***
Total pot $2.50 | Rake $0 
Seat 2: sta$igk
Seat 4: EmanuelScher
Seat 1: XneferX (big blind) folded before Flop
Seat 3: coeeeelho collected ($2.50)
Seat 5: michasia (button) folded before Flop (didn't bet)
Seat 6: rao999 (small blind) folded before Flop



PokerStars Hand #254754618463:  Hold'em No Limit ($0.50/$1.00 USD) - 2025/02/07 20:13:40 WET [2025/02/07 15:13:40 ET]
Table 'Vincentina II' 6-max Seat #6 is the button
Seat 4: EmanuelScher ($28.02 in chips) is sitting out
Seat 1: XneferX ($112.01 in chips) 
Seat 2: sta$igk ($100 in chips) 
Seat 3: coeeeelho ($101.50 in chips) 
Seat 5: michasia ($100 in chips) 
Seat 6: rao999 ($100 in chips) 
XneferX: posts small blind $0.50
sta$igk: posts big blind $1
EmanuelScher: sits out 
*** HOLE CARDS ***
coeeeelho: folds 
michasia: raises $1.80 to $2.80
rao999: folds 
XneferX: folds 
sta$igk: calls $1.80
*** FLOP *** [2s As Kc]
sta$igk: checks 
michasia: checks 
*** TURN *** [2s As Kc] [Jd]
sta$igk: checks 
michasia: checks 
*** RIVER *** [2s As Kc Jd] [9s]
sta$igk: checks 
michasia: checks 
*** SHOW DOWN ***
sta$igk: shows [5h 5c] (a pair of Fives)
michasia: mucks hand 
sta$igk collected $5.80 from pot
*** SUMMARY ***
Total pot $6.10 | Rake $0.30 
Board [2s As Kc Jd 9s]
Seat 4: EmanuelScher
Seat 1: XneferX (small blind) folded before Flop
Seat 2: sta$igk (big blind) showed [5h 5c] and won ($5.80) with a pair of Fives
Seat 3: coeeeelho folded before Flop (didn't bet)
Seat 5: michasia mucked
Seat 6: rao999 (button) folded before Flop (didn't bet)



PokerStars Hand #254754635511:  Hold'em No Limit ($0.50/$1.00 USD) - 2025/02/07 20:14:36 WET [2025/02/07 15:14:36 ET]
Table 'Vincentina II' 6-max Seat #1 is the button
Seat 1: XneferX ($111.51 in chips) 
Seat 2: sta$igk ($103 in chips) 
Seat 3: coeeeelho ($101.50 in chips) 
Seat 4: EmanuelScher ($28.02 in chips) 
Seat 5: michasia ($100 in chips) 
Seat 6: rao999 ($100 in chips) 
sta$igk: posts small blind $0.50
coeeeelho: posts big blind $1
EmanuelScher: posts big blind $1
*** HOLE CARDS ***
EmanuelScher: checks 
michasia: raises $3 to $4
rao999: folds 
XneferX: folds 
sta$igk: folds 
coeeeelho: folds 
EmanuelScher: calls $3
*** FLOP *** [2s 6h Td]
EmanuelScher: checks 
michasia: bets $2.98
EmanuelScher: folds 
Uncalled bet ($2.98) returned to michasia
michasia collected $9.02 from pot
michasia: doesn't show hand 
*** SUMMARY ***
Total pot $9.50 | Rake $0.48 
Board [2s 6h Td]
Seat 1: XneferX (button) folded before Flop (didn't bet)
Seat 2: sta$igk (small blind) folded before Flop
Seat 3: coeeeelho (big blind) folded before Flop
Seat 4: EmanuelScher folded on the Flop
Seat 5: michasia collected ($9.02)
Seat 6: rao999 folded before Flop (didn't bet)



PokerStars Hand #254754648384:  Hold'em No Limit ($0.50/$1.00 USD) - 2025/02/07 20:15:18 WET [2025/02/07 15:15:18 ET]
Table 'Vincentina II' 6-max Seat #2 is the button
Seat 1: XneferX ($111.51 in chips) 
Seat 2: sta$igk ($102.50 in chips) 
Seat 3: coeeeelho ($100.50 in chips) 
Seat 4: EmanuelScher ($24.02 in chips) 
Seat 5: michasia ($105.02 in chips) 
Seat 6: rao999 ($100 in chips) 
coeeeelho: posts small blind $0.50
EmanuelScher: posts big blind $1
*** HOLE CARDS ***
michasia: folds 
rao999: raises $1.50 to $2.50
XneferX: folds 
sta$igk: folds 
coeeeelho: folds 
EmanuelScher: raises $2.50 to $5
rao999: calls $2.50
*** FLOP *** [Jd Jh 5h]
EmanuelScher: bets $5
rao999: folds 
Uncalled bet ($5) returned to EmanuelScher
EmanuelScher collected $9.98 from pot
EmanuelScher: doesn't show hand 
*** SUMMARY ***
Total pot $10.50 | Rake $0.52 
Board [Jd Jh 5h]
Seat 1: XneferX folded before Flop (didn't bet)
Seat 2: sta$igk (button) folded before Flop (didn't bet)
Seat 3: coeeeelho (small blind) folded before Flop
Seat 4: EmanuelScher (big blind) collected ($9.98)
Seat 5: michasia folded before Flop (didn't bet)
Seat 6: rao999 folded on the Flop



PokerStars Hand #254754658988:  Hold'em No Limit ($0.50/$1.00 USD) - 2025/02/07 20:15:54 WET [2025/02/07 15:15:54 ET]
Table 'Vincentina II' 6-max Seat #3 is the button
Seat 1: XneferX ($111.51 in chips) 
Seat 2: sta$igk ($102.50 in chips) 
Seat 3: coeeeelho ($100 in chips) 
Seat 4: EmanuelScher ($29 in chips) 
Seat 5: michasia ($105.02 in chips) 
Seat 6: rao999 ($100 in chips) 
EmanuelScher: posts small blind $0.50
michasia: posts big blind $1
*** HOLE CARDS ***
rao999: folds 
XneferX: raises $1.10 to $2.10
sta$igk: folds 
coeeeelho: folds 
EmanuelScher: calls $1.60
michasia: folds 
*** FLOP *** [Kd 2d 5c]
EmanuelScher: checks 
XneferX: checks 
*** TURN *** [Kd 2d 5c] [3h]
EmanuelScher: bets $3
XneferX: folds 
Uncalled bet ($3) returned to EmanuelScher
EmanuelScher collected $4.94 from pot
EmanuelScher: doesn't show hand 
*** SUMMARY ***
Total pot $5.20 | Rake $0.26 
Board [Kd 2d 5c 3h]
Seat 1: XneferX folded on the Turn
Seat 2: sta$igk folded before Flop (didn't bet)
Seat 3: coeeeelho (button) folded before Flop (didn't bet)
Seat 4: EmanuelScher (small blind) collected ($4.94)
Seat 5: michasia (big blind) folded before Flop
Seat 6: rao999 folded before Flop (didn't bet)



PokerStars Hand #254754675887:  Hold'em No Limit ($0.50/$1.00 USD) - 2025/02/07 20:16:50 WET [2025/02/07 15:16:50 ET]
Table 'Vincentina II' 6-max Seat #4 is the button
Seat 1: XneferX ($109.41 in chips) 
Seat 2: sta$igk ($102.50 in chips) 
Seat 3: coeeeelho ($100 in chips) 
Seat 4: EmanuelScher ($31.84 in chips) 
Seat 5: michasia ($104.02 in chips) 
Seat 6: rao999 ($100 in chips) 
michasia: posts small blind $0.50
rao999: posts big blind $1
*** HOLE CARDS ***
XneferX: folds 
sta$igk: folds 
coeeeelho: folds 
EmanuelScher: raises $2 to $3
michasia: folds 
rao999: calls $2
*** FLOP *** [2d 3h 7h]
rao999: checks 
EmanuelScher: bets $4
rao999: folds 
Uncalled bet ($4) returned to EmanuelScher
EmanuelScher collected $6.18 from pot
EmanuelScher: doesn't show hand 
*** SUMMARY ***
Total pot $6.50 | Rake $0.32 
Board [2d 3h 7h]
Seat 1: XneferX folded before Flop (didn't bet)
Seat 2: sta$igk folded before Flop (didn't bet)
Seat 3: coeeeelho folded before Flop (didn't bet)
Seat 4: EmanuelScher (button) collected ($6.18)
Seat 5: michasia (small blind) folded before Flop
Seat 6: rao999 (big blind) folded on the Flop



PokerStars Hand #254754685224:  Hold'em No Limit ($0.50/$1.00 USD) - 2025/02/07 20:17:20 WET [2025/02/07 15:17:20 ET]
Table 'Vincentina II' 6-max Seat #5 is the button
Seat 1: XneferX ($109.41 in chips) 
Seat 2: sta$igk ($102.50 in chips) 
Seat 3: coeeeelho ($100 in chips) 
Seat 4: EmanuelScher ($35.02 in chips) 
Seat 5: michasia ($103.52 in chips) 
Seat 6: rao999 ($100 in chips) 
rao999: posts small blind $0.50
XneferX: posts big blind $1
*** HOLE CARDS ***
sta$igk: folds 
coeeeelho: folds 
EmanuelScher: folds 
michasia: folds 
rao999: raises $2 to $3
EmanuelScher leaves the table
XneferX: calls $2
*** FLOP *** [9d 8d 9s]
rao999: bets $1.88
XneferX: folds 
Uncalled bet ($1.88) returned to rao999
rao999 collected $5.70 from pot
rao999: doesn't show hand 
*** SUMMARY ***
Total pot $6 | Rake $0.30 
Board [9d 8d 9s]
Seat 1: XneferX (big blind) folded on the Flop
Seat 2: sta$igk folded before Flop (didn't bet)
Seat 3: coeeeelho folded before Flop (didn't bet)
Seat 4: EmanuelScher folded before Flop (didn't bet)
Seat 5: michasia (button) folded before Flop (didn't bet)
Seat 6: rao999 (small blind) collected ($5.70)



PokerStars Hand #254754696630:  Hold'em No Limit ($0.50/$1.00 USD) - 2025/02/07 20:17:58 WET [2025/02/07 15:17:58 ET]
Table 'Vincentina II' 6-max Seat #6 is the button
Seat 1: XneferX ($106.41 in chips) 
Seat 2: sta$igk ($102.50 in chips) 
Seat 3: coeeeelho ($100 in chips) 
Seat 5: michasia ($103.52 in chips) 
Seat 6: rao999 ($102.70 in chips) 
XneferX: posts small blind $0.50
sta$igk: posts big blind $1
*** HOLE CARDS ***
coeeeelho: folds 
michasia: folds 
rao999: raises $1.50 to $2.50
XneferX: folds 
sta$igk: folds 
Uncalled bet ($1.50) returned to rao999
coeeeelho leaves the table
rao999 collected $2.50 from pot
rao999: doesn't show hand 
*** SUMMARY ***
Total pot $2.50 | Rake $0 
Seat 1: XneferX (small blind) folded before Flop
Seat 2: sta$igk (big blind) folded before Flop
Seat 3: coeeeelho folded before Flop (didn't bet)
Seat 5: michasia folded before Flop (didn't bet)
Seat 6: rao999 (button) collected ($2.50)



PokerStars Hand #254754704979:  Hold'em No Limit ($0.50/$1.00 USD) - 2025/02/07 20:18:25 WET [2025/02/07 15:18:25 ET]
Table 'Vincentina II' 6-max Seat #1 is the button
Seat 1: XneferX ($105.91 in chips) 
Seat 2: sta$igk ($101.50 in chips) 
Seat 5: michasia ($103.52 in chips) 
Seat 6: rao999 ($104.20 in chips) 
sta$igk: posts small blind $0.50
michasia: posts big blind $1
*** HOLE CARDS ***
rao999: raises $1.50 to $2.50
XneferX: folds 
sta$igk: raises $8.50 to $11
michasia: folds 
rao999: folds 
Uncalled bet ($8.50) returned to sta$igk
sta$igk collected $6 from pot
sta$igk: doesn't show hand 
*** SUMMARY ***
Total pot $6 | Rake $0 
Seat 1: XneferX (button) folded before Flop (didn't bet)
Seat 2: sta$igk (small blind) collected ($6)
Seat 5: michasia (big blind) folded before Flop
Seat 6: rao999 folded before Flop



PokerStars Hand #254754983165:  Hold'em No Limit ($0.50/$1.00 USD) - 2025/02/07 20:33:36 WET [2025/02/07 15:33:36 ET]
Table 'Vincentina II' 6-max Seat #2 is the button
Seat 1: Alinyr ($100 in chips) 
Seat 2: michasia ($102.52 in chips) 
Seat 3: blackclan7 ($100 in chips) 
Seat 4: EvilReality ($100 in chips) 
Seat 5: Unipoker11 ($100 in chips) 
Seat 6: socito ($100 in chips) 
blackclan7: posts small blind $0.50
EvilReality: posts big blind $1
*** HOLE CARDS ***
Unipoker11: raises $1 to $2
socito: folds 
Alinyr: folds 
michasia: folds 
blackclan7: folds 
EvilReality: folds 
Uncalled bet ($1) returned to Unipoker11
Unipoker11 collected $2.50 from pot
Unipoker11: doesn't show hand 
*** SUMMARY ***
Total pot $2.50 | Rake $0 
Seat 1: Alinyr folded before Flop (didn't bet)
Seat 2: michasia (button) folded before Flop (didn't bet)
Seat 3: blackclan7 (small blind) folded before Flop
Seat 4: EvilReality (big blind) folded before Flop
Seat 5: Unipoker11 collected ($2.50)
Seat 6: socito folded before Flop (didn't bet)



PokerStars Hand #254754992831:  Hold'em No Limit ($0.50/$1.00 USD) - 2025/02/07 20:34:08 WET [2025/02/07 15:34:08 ET]
Table 'Vincentina II' 6-max Seat #3 is the button
Seat 1: Alinyr ($100 in chips) 
Seat 2: michasia ($102.52 in chips) 
Seat 3: blackclan7 ($100 in chips) 
Seat 4: EvilReality ($100 in chips) 
Seat 5: Unipoker11 ($101.50 in chips) 
Seat 6: socito ($100 in chips) 
EvilReality: posts small blind $0.50
Unipoker11: posts big blind $1
*** HOLE CARDS ***
socito: folds 
Alinyr: folds 
michasia: folds 
blackclan7: folds 
EvilReality: raises $2 to $3
socito leaves the table
Unipoker11: raises $6 to $9
EvilReality: raises $13 to $22
Unipoker11: folds 
Uncalled bet ($13) returned to EvilReality
EvilReality collected $18 from pot
EvilReality: doesn't show hand 
*** SUMMARY ***
Total pot $18 | Rake $0 
Seat 1: Alinyr folded before Flop (didn't bet)
Seat 2: michasia folded before Flop (didn't bet)
Seat 3: blackclan7 (button) folded before Flop (didn't bet)
Seat 4: EvilReality (small blind) collected ($18)
Seat 5: Unipoker11 (big blind) folded before Flop
Seat 6: socito folded before Flop (didn't bet)



PokerStars Hand #254755006827:  Hold'em No Limit ($0.50/$1.00 USD) - 2025/02/07 20:34:54 WET [2025/02/07 15:34:54 ET]
Table 'Vincentina II' 6-max Seat #4 is the button
Seat 1: Alinyr ($100 in chips) 
Seat 2: michasia ($102.52 in chips) 
Seat 3: blackclan7 ($100 in chips) 
Seat 4: EvilReality ($109 in chips) 
Seat 5: Unipoker11 ($100 in chips) 
Unipoker11: posts small blind $0.50
Alinyr: posts big blind $1
*** HOLE CARDS ***
michasia: raises $1.60 to $2.60
blackclan7: folds 
EvilReality: folds 
Unipoker11: folds 
Alinyr: calls $1.60
*** FLOP *** [2s 2d Qh]
Alinyr: checks 
michasia: bets $1.79
Alinyr: folds 
Uncalled bet ($1.79) returned to michasia
michasia collected $5.42 from pot
michasia: doesn't show hand 
*** SUMMARY ***
Total pot $5.70 | Rake $0.28 
Board [2s 2d Qh]
Seat 1: Alinyr (big blind) folded on the Flop
Seat 2: michasia collected ($5.42)
Seat 3: blackclan7 folded before Flop (didn't bet)
Seat 4: EvilReality (button) folded before Flop (didn't bet)
Seat 5: Unipoker11 (small blind) folded before Flop



PokerStars Hand #254755019081:  Hold'em No Limit ($0.50/$1.00 USD) - 2025/02/07 20:35:33 WET [2025/02/07 15:35:33 ET]
Table 'Vincentina II' 6-max Seat #5 is the button
Seat 1: Alinyr ($100 in chips) 
Seat 2: michasia ($105.34 in chips) 
Seat 3: blackclan7 ($100 in chips) 
Seat 4: EvilReality ($109 in chips) 
Seat 5: Unipoker11 ($100 in chips) 
Alinyr: posts small blind $0.50
michasia: posts big blind $1
*** HOLE CARDS ***
blackclan7: raises $1 to $2
EvilReality: folds 
Unipoker11: folds 
Alinyr: folds 
michasia: calls $1
*** FLOP *** [Ah Ks 2d]
michasia: checks 
blackclan7: bets $1.41
michasia: calls $1.41
*** TURN *** [Ah Ks 2d] [4c]
michasia: checks 
blackclan7: bets $5.21
michasia: calls $5.21
*** RIVER *** [Ah Ks 2d 4c] [Jd]
michasia: checks 
blackclan7: bets $12.64
michasia: folds 
Uncalled bet ($12.64) returned to blackclan7
blackclan7 collected $16.85 from pot
blackclan7: doesn't show hand 
*** SUMMARY ***
Total pot $17.74 | Rake $0.89 
Board [Ah Ks 2d 4c Jd]
Seat 1: Alinyr (small blind) folded before Flop
Seat 2: michasia (big blind) folded on the River
Seat 3: blackclan7 collected ($16.85)
Seat 4: EvilReality folded before Flop (didn't bet)
Seat 5: Unipoker11 (button) folded before Flop (didn't bet)



PokerStars Hand #254755038397:  Hold'em No Limit ($0.50/$1.00 USD) - 2025/02/07 20:36:36 WET [2025/02/07 15:36:36 ET]
Table 'Vincentina II' 6-max Seat #1 is the button
Seat 1: Alinyr ($100 in chips) 
Seat 2: michasia ($100 in chips) 
Seat 3: blackclan7 ($108.23 in chips) 
Seat 4: EvilReality ($109 in chips) 
Seat 5: Unipoker11 ($100 in chips) 
michasia: posts small blind $0.50
blackclan7: posts big blind $1
*** HOLE CARDS ***
EvilReality: folds 
Unipoker11: folds 
Alinyr: raises $1.50 to $2.50
michasia: folds 
blackclan7: folds 
Uncalled bet ($1.50) returned to Alinyr
Alinyr collected $2.50 from pot
Alinyr: doesn't show hand 
*** SUMMARY ***
Total pot $2.50 | Rake $0 
Seat 1: Alinyr (button) collected ($2.50)
Seat 2: michasia (small blind) folded before Flop
Seat 3: blackclan7 (big blind) folded before Flop
Seat 4: EvilReality folded before Flop (didn't bet)
Seat 5: Unipoker11 folded before Flop (didn't bet)



PokerStars Hand #254755045582:  Hold'em No Limit ($0.50/$1.00 USD) - 2025/02/07 20:36:59 WET [2025/02/07 15:36:59 ET]
Table 'Vincentina II' 6-max Seat #2 is the button
Seat 4: EvilReality ($109 in chips) is sitting out
Seat 1: Alinyr ($101.50 in chips) 
Seat 2: michasia ($100 in chips) 
Seat 3: blackclan7 ($107.23 in chips) 
Seat 5: Unipoker11 ($100 in chips) 
blackclan7: posts small blind $0.50
EvilReality: is sitting out 
Unipoker11: posts big blind $1
*** HOLE CARDS ***
EvilReality leaves the table
Alinyr: raises $1.28 to $2.28
michasia: folds 
blackclan7: folds 
Unipoker11: folds 
Uncalled bet ($1.28) returned to Alinyr
Alinyr collected $2.50 from pot
Alinyr: doesn't show hand 
*** SUMMARY ***
Total pot $2.50 | Rake $0 
Seat 4: EvilReality
Seat 1: Alinyr collected ($2.50)
Seat 2: michasia (button) folded before Flop (didn't bet)
Seat 3: blackclan7 (small blind) folded before Flop
Seat 5: Unipoker11 (big blind) folded before Flop



PokerStars Hand #254755051551:  Hold'em No Limit ($0.50/$1.00 USD) - 2025/02/07 20:37:19 WET [2025/02/07 15:37:19 ET]
Table 'Vincentina II' 6-max Seat #3 is the button
Seat 1: Alinyr ($103 in chips) is sitting out
Seat 2: michasia ($100 in chips) 
Seat 3: blackclan7 ($106.73 in chips) 
Seat 5: Unipoker11 ($100 in chips) 
Unipoker11: posts small blind $0.50
Alinyr: is sitting out 
michasia: posts big blind $1
*** HOLE CARDS ***
Alinyr leaves the table
blackclan7: folds 
Unipoker11: folds 
Uncalled bet ($0.50) returned to michasia
michasia collected $1 from pot
michasia: doesn't show hand 
*** SUMMARY ***
Total pot $1 | Rake $0 
Seat 1: Alinyr
Seat 2: michasia (big blind) collected ($1)
Seat 3: blackclan7 (button) folded before Flop (didn't bet)
Seat 5: Unipoker11 (small blind) folded before Flop



PokerStars Hand #254755061150:  Hold'em No Limit ($0.50/$1.00 USD) - 2025/02/07 20:37:50 WET [2025/02/07 15:37:50 ET]
Table 'Vincentina II' 6-max Seat #2 is the button
Seat 3: blackclan7 ($106.73 in chips) is sitting out
Seat 2: michasia ($100.50 in chips) 
Seat 5: Unipoker11 ($100 in chips) 
michasia: posts small blind $0.50
blackclan7: is sitting out 
Unipoker11: posts big blind $1
*** HOLE CARDS ***
michasia: folds 
Uncalled bet ($0.50) returned to Unipoker11
blackclan7 leaves the table
Unipoker11 collected $1 from pot
Unipoker11: doesn't show hand 
*** SUMMARY ***
Total pot $1 | Rake $0 
Seat 3: blackclan7
Seat 2: michasia (button) (small blind) folded before Flop
Seat 5: Unipoker11 (big blind) collected ($1)



PokerStars Hand #254755063194:  Hold'em No Limit ($0.50/$1.00 USD) - 2025/02/07 20:37:56 WET [2025/02/07 15:37:56 ET]
Table 'Vincentina II' 6-max Seat #5 is the button
Seat 2: michasia ($100 in chips) 
Seat 5: Unipoker11 ($100.50 in chips) 
Unipoker11: posts small blind $0.50
michasia: posts big blind $1
*** HOLE CARDS ***
Unipoker11: folds 
Uncalled bet ($0.50) returned to michasia
michasia collected $1 from pot
michasia: doesn't show hand 
*** SUMMARY ***
Total pot $1 | Rake $0 
Seat 2: michasia (big blind) collected ($1)
Seat 5: Unipoker11 (button) (small blind) folded before Flop



PokerStars Hand #254755064921:  Hold'em No Limit ($0.50/$1.00 USD) - 2025/02/07 20:38:02 WET [2025/02/07 15:38:02 ET]
Table 'Vincentina II' 6-max Seat #2 is the button
Seat 2: michasia ($100.50 in chips) 
Seat 5: Unipoker11 ($100 in chips) 
michasia: posts small blind $0.50
Unipoker11: posts big blind $1
*** HOLE CARDS ***
michasia: raises $1.80 to $2.80
Unipoker11: folds 
Uncalled bet ($1.80) returned to michasia
michasia collected $2 from pot
michasia: doesn't show hand 
*** SUMMARY ***
Total pot $2 | Rake $0 
Seat 2: michasia (button) (small blind) collected ($2)
Seat 5: Unipoker11 (big blind) folded before Flop



