PokerStars Hand #254749885689:  Hold'em No Limit ($0.50/$1.00 USD) - 2025/02/07 14:50:38 WET [2025/02/07 9:50:38 ET]
Table 'Hamal II' 6-max Seat #6 is the button
Seat 1: Pippa83 ($100 in chips) 
Seat 2: Alinyr ($102.32 in chips) 
Seat 3: gudrozd ($100 in chips) 
Seat 4: v.sting ($104 in chips) 
Seat 5: vitalik_sw ($100 in chips) 
Seat 6: Biotread ($54.04 in chips) 
Pippa83: posts small blind $0.50
Alinyr: posts big blind $1
*** HOLE CARDS ***
gudrozd: folds 
v.sting: folds 
vitalik_sw: folds 
Biotread: folds 
gudrozd leaves the table
Pippa83: folds 
Uncalled bet ($0.50) returned to Alinyr
Alinyr collected $1 from pot
Alinyr: doesn't show hand 
*** SUMMARY ***
Total pot $1 | Rake $0 
Seat 1: Pippa83 (small blind) folded before Flop
Seat 2: Alinyr (big blind) collected ($1)
Seat 3: gudrozd folded before Flop (didn't bet)
Seat 4: v.sting folded before Flop (didn't bet)
Seat 5: vitalik_sw folded before Flop (didn't bet)
Seat 6: Biotread (button) folded before Flop (didn't bet)



PokerStars Hand #254749888706:  Hold'em No Limit ($0.50/$1.00 USD) - 2025/02/07 14:50:54 WET [2025/02/07 9:50:54 ET]
Table 'Hamal II' 6-max Seat #1 is the button
Seat 4: v.sting ($104 in chips) is sitting out
Seat 5: vitalik_sw ($100 in chips) is sitting out
Seat 1: Pippa83 ($100 in chips) 
Seat 2: Alinyr ($102.82 in chips) 
Seat 6: Biotread ($54.04 in chips) 
Alinyr: posts small blind $0.50
v.sting: is sitting out 
vitalik_sw: is sitting out 
Biotread: posts big blind $1
*** HOLE CARDS ***
Pippa83: folds 
v.sting leaves the table
Alinyr: folds 
Uncalled bet ($0.50) returned to Biotread
Biotread collected $1 from pot
vitalik_sw leaves the table
*** SUMMARY ***
Total pot $1 | Rake $0 
Seat 4: v.sting
Seat 5: vitalik_sw
Seat 1: Pippa83 (button) folded before Flop (didn't bet)
Seat 2: Alinyr (small blind) folded before Flop
Seat 6: Biotread (big blind) collected ($1)



PokerStars Hand #254749890261:  Hold'em No Limit ($0.50/$1.00 USD) - 2025/02/07 14:51:02 WET [2025/02/07 9:51:02 ET]
Table 'Hamal II' 6-max Seat #2 is the button
Seat 1: Pippa83 ($100 in chips) 
Seat 2: Alinyr ($102.32 in chips) 
Seat 6: Biotread ($54.54 in chips) 
Biotread: posts small blind $0.50
Pippa83: posts big blind $1
*** HOLE CARDS ***
Alinyr: raises $1.50 to $2.50
Biotread: folds 
Pippa83: folds 
Uncalled bet ($1.50) returned to Alinyr
Alinyr collected $2.50 from pot
Alinyr: doesn't show hand 
*** SUMMARY ***
Total pot $2.50 | Rake $0 
Seat 1: Pippa83 (big blind) folded before Flop
Seat 2: Alinyr (button) collected ($2.50)
Seat 6: Biotread (small blind) folded before Flop



PokerStars Hand #254749892179:  Hold'em No Limit ($0.50/$1.00 USD) - 2025/02/07 14:51:12 WET [2025/02/07 9:51:12 ET]
Table 'Hamal II' 6-max Seat #1 is the button
Seat 2: Alinyr ($103.82 in chips) is sitting out
Seat 1: Pippa83 ($100 in chips) 
Seat 6: Biotread ($54.04 in chips) 
Pippa83: posts small blind $0.50
Alinyr: is sitting out 
Biotread: posts big blind $1
*** HOLE CARDS ***
Pippa83: raises $1.50 to $2.50
Alinyr leaves the table
Biotread: raises $1.50 to $4
Pippa83: calls $1.50
*** FLOP *** [Td 4s Kc]
Biotread: checks 
Pippa83: checks 
*** TURN *** [Td 4s Kc] [9h]
Biotread: bets $3.80
Pippa83: calls $3.80
*** RIVER *** [Td 4s Kc 9h] [3h]
Biotread: checks 
Pippa83: bets $11.12
Biotread: calls $11.12
*** SHOW DOWN ***
Pippa83: shows [Tc 9d] (two pair, Tens and Nines)
Biotread: mucks hand 
Pippa83 collected $36.84 from pot
*** SUMMARY ***
Total pot $37.84 | Rake $1 
Board [Td 4s Kc 9h 3h]
Seat 2: Alinyr
Seat 1: Pippa83 (button) (small blind) showed [Tc 9d] and won ($36.84) with two pair, Tens and Nines
Seat 6: Biotread (big blind) mucked



PokerStars Hand #254749900120:  Hold'em No Limit ($0.50/$1.00 USD) - 2025/02/07 14:51:54 WET [2025/02/07 9:51:54 ET]
Table 'Hamal II' 6-max Seat #6 is the button
Seat 1: Pippa83 ($117.92 in chips) 
Seat 6: Biotread ($35.12 in chips) 
Biotread: posts small blind $0.50
Pippa83: posts big blind $1
*** HOLE CARDS ***
Biotread: raises $2 to $3
Pippa83: calls $2
*** FLOP *** [9s Qh Th]
Pippa83: checks 
Biotread: bets $3.85
Pippa83: calls $3.85
*** TURN *** [9s Qh Th] [3h]
Pippa83: checks 
Biotread: bets $8.51
Pippa83: folds 
Uncalled bet ($8.51) returned to Biotread
Biotread collected $13.02 from pot
*** SUMMARY ***
Total pot $13.70 | Rake $0.68 
Board [9s Qh Th 3h]
Seat 1: Pippa83 (big blind) folded on the Turn
Seat 6: Biotread (button) (small blind) collected ($13.02)



PokerStars Hand #254749908829:  Hold'em No Limit ($0.50/$1.00 USD) - 2025/02/07 14:52:40 WET [2025/02/07 9:52:40 ET]
Table 'Hamal II' 6-max Seat #1 is the button
Seat 1: Pippa83 ($111.07 in chips) 
Seat 6: Biotread ($41.29 in chips) 
Pippa83: posts small blind $0.50
Biotread: posts big blind $1
*** HOLE CARDS ***
Pippa83: raises $1.50 to $2.50
Biotread: calls $1.50
*** FLOP *** [2h Kd 6s]
Biotread: bets $3.38
Pippa83: folds 
Uncalled bet ($3.38) returned to Biotread
Biotread collected $4.75 from pot
*** SUMMARY ***
Total pot $5 | Rake $0.25 
Board [2h Kd 6s]
Seat 1: Pippa83 (button) (small blind) folded on the Flop
Seat 6: Biotread (big blind) collected ($4.75)



PokerStars Hand #254749912490:  Hold'em No Limit ($0.50/$1.00 USD) - 2025/02/07 14:53:00 WET [2025/02/07 9:53:00 ET]
Table 'Hamal II' 6-max Seat #6 is the button
Seat 1: Pippa83 ($108.57 in chips) 
Seat 6: Biotread ($43.54 in chips) 
Biotread: posts small blind $0.50
Pippa83: posts big blind $1
*** HOLE CARDS ***
Biotread: folds 
Uncalled bet ($0.50) returned to Pippa83
Pippa83 collected $1 from pot
Pippa83: doesn't show hand 
*** SUMMARY ***
Total pot $1 | Rake $0 
Seat 1: Pippa83 (big blind) collected ($1)
Seat 6: Biotread (button) (small blind) folded before Flop



PokerStars Hand #254749913614:  Hold'em No Limit ($0.50/$1.00 USD) - 2025/02/07 14:53:06 WET [2025/02/07 9:53:06 ET]
Table 'Hamal II' 6-max Seat #1 is the button
Seat 1: Pippa83 ($109.07 in chips) 
Seat 6: Biotread ($43.04 in chips) 
Pippa83: posts small blind $0.50
Biotread: posts big blind $1
*** HOLE CARDS ***
Pippa83: folds 
Uncalled bet ($0.50) returned to Biotread
Biotread collected $1 from pot
*** SUMMARY ***
Total pot $1 | Rake $0 
Seat 1: Pippa83 (button) (small blind) folded before Flop
Seat 6: Biotread (big blind) collected ($1)



PokerStars Hand #254749914669:  Hold'em No Limit ($0.50/$1.00 USD) - 2025/02/07 14:53:12 WET [2025/02/07 9:53:12 ET]
Table 'Hamal II' 6-max Seat #6 is the button
Seat 1: Pippa83 ($108.57 in chips) 
Seat 6: Biotread ($43.54 in chips) 
Biotread: posts small blind $0.50
Pippa83: posts big blind $1
*** HOLE CARDS ***
Biotread: raises $1 to $2
Pippa83: calls $1
*** FLOP *** [8s 6s Ah]
Pippa83: checks 
Biotread: checks 
*** TURN *** [8s 6s Ah] [Jc]
Pippa83: checks 
Biotread: checks 
*** RIVER *** [8s 6s Ah Jc] [5h]
Pippa83: bets $2.85
Biotread: calls $2.85
*** SHOW DOWN ***
Pippa83: shows [3d As] (a pair of Aces)
Biotread: mucks hand 
Pippa83 collected $9.22 from pot
*** SUMMARY ***
Total pot $9.70 | Rake $0.48 
Board [8s 6s Ah Jc 5h]
Seat 1: Pippa83 (big blind) showed [3d As] and won ($9.22) with a pair of Aces
Seat 6: Biotread (button) (small blind) mucked



PokerStars Hand #254749919114:  Hold'em No Limit ($0.50/$1.00 USD) - 2025/02/07 14:53:35 WET [2025/02/07 9:53:35 ET]
Table 'Hamal II' 6-max Seat #1 is the button
Seat 1: Pippa83 ($112.94 in chips) 
Seat 6: Biotread ($38.69 in chips) 
Pippa83: posts small blind $0.50
Biotread: posts big blind $1
*** HOLE CARDS ***
Pippa83: folds 
Uncalled bet ($0.50) returned to Biotread
Biotread collected $1 from pot
*** SUMMARY ***
Total pot $1 | Rake $0 
Seat 1: Pippa83 (button) (small blind) folded before Flop
Seat 6: Biotread (big blind) collected ($1)



PokerStars Hand #254749920128:  Hold'em No Limit ($0.50/$1.00 USD) - 2025/02/07 14:53:40 WET [2025/02/07 9:53:40 ET]
Table 'Hamal II' 6-max Seat #6 is the button
Seat 1: Pippa83 ($112.44 in chips) 
Seat 6: Biotread ($39.19 in chips) 
Biotread: posts small blind $0.50
Pippa83: posts big blind $1
*** HOLE CARDS ***
Biotread: raises $2 to $3
Pippa83: folds 
Uncalled bet ($2) returned to Biotread
Biotread collected $2 from pot
Biotread: shows [7c 2d] (high card Seven)
*** SUMMARY ***
Total pot $2 | Rake $0 
Seat 1: Pippa83 (big blind) folded before Flop
Seat 6: Biotread (button) (small blind) collected ($2)



PokerStars Hand #254749922031:  Hold'em No Limit ($0.50/$1.00 USD) - 2025/02/07 14:53:50 WET [2025/02/07 9:53:50 ET]
Table 'Hamal II' 6-max Seat #1 is the button
Seat 1: Pippa83 ($111.44 in chips) 
Seat 6: Biotread ($40.19 in chips) 
Pippa83: posts small blind $0.50
Biotread: posts big blind $1
*** HOLE CARDS ***
Pippa83: raises $1.50 to $2.50
Biotread: folds 
Uncalled bet ($1.50) returned to Pippa83
Pippa83 collected $2 from pot
Pippa83: doesn't show hand 
*** SUMMARY ***
Total pot $2 | Rake $0 
Seat 1: Pippa83 (button) (small blind) collected ($2)
Seat 6: Biotread (big blind) folded before Flop



PokerStars Hand #254749923901:  Hold'em No Limit ($0.50/$1.00 USD) - 2025/02/07 14:54:00 WET [2025/02/07 9:54:00 ET]
Table 'Hamal II' 6-max Seat #6 is the button
Seat 1: Pippa83 ($112.44 in chips) 
Seat 6: Biotread ($39.19 in chips) 
Biotread: posts small blind $0.50
Pippa83: posts big blind $1
*** HOLE CARDS ***
Biotread: folds 
Uncalled bet ($0.50) returned to Pippa83
Pippa83 collected $1 from pot
Pippa83: doesn't show hand 
*** SUMMARY ***
Total pot $1 | Rake $0 
Seat 1: Pippa83 (big blind) collected ($1)
Seat 6: Biotread (button) (small blind) folded before Flop



PokerStars Hand #254749925239:  Hold'em No Limit ($0.50/$1.00 USD) - 2025/02/07 14:54:07 WET [2025/02/07 9:54:07 ET]
Table 'Hamal II' 6-max Seat #1 is the button
Seat 1: Pippa83 ($112.94 in chips) 
Seat 6: Biotread ($38.69 in chips) 
Pippa83: posts small blind $0.50
Biotread: posts big blind $1
*** HOLE CARDS ***
Pippa83: folds 
Uncalled bet ($0.50) returned to Biotread
Biotread collected $1 from pot
*** SUMMARY ***
Total pot $1 | Rake $0 
Seat 1: Pippa83 (button) (small blind) folded before Flop
Seat 6: Biotread (big blind) collected ($1)



PokerStars Hand #254749926977:  Hold'em No Limit ($0.50/$1.00 USD) - 2025/02/07 14:54:16 WET [2025/02/07 9:54:16 ET]
Table 'Hamal II' 6-max Seat #6 is the button
Seat 1: Pippa83 ($112.44 in chips) 
Seat 6: Biotread ($39.19 in chips) 
Biotread: posts small blind $0.50
Pippa83: posts big blind $1
*** HOLE CARDS ***
Biotread: folds 
Uncalled bet ($0.50) returned to Pippa83
Pippa83 collected $1 from pot
Pippa83: doesn't show hand 
*** SUMMARY ***
Total pot $1 | Rake $0 
Seat 1: Pippa83 (big blind) collected ($1)
Seat 6: Biotread (button) (small blind) folded before Flop



PokerStars Hand #254749928181:  Hold'em No Limit ($0.50/$1.00 USD) - 2025/02/07 14:54:22 WET [2025/02/07 9:54:22 ET]
Table 'Hamal II' 6-max Seat #1 is the button
Seat 1: Pippa83 ($112.94 in chips) 
Seat 6: Biotread ($38.69 in chips) 
Pippa83: posts small blind $0.50
Biotread: posts big blind $1
*** HOLE CARDS ***
Pippa83: raises $1.50 to $2.50
Biotread: calls $1.50
*** FLOP *** [9d 7h 4c]
Biotread: checks 
Pippa83: checks 
*** TURN *** [9d 7h 4c] [Ks]
Biotread: checks 
Pippa83: bets $2.50
Biotread: calls $2.50
*** RIVER *** [9d 7h 4c Ks] [Kc]
Biotread: checks 
Pippa83: bets $7.13
Biotread: calls $7.13
*** SHOW DOWN ***
Pippa83: shows [8c 5c] (a pair of Kings)
Biotread: shows [Kh 8h] (three of a kind, Kings)
Biotread collected $23.26 from pot
*** SUMMARY ***
Total pot $24.26 | Rake $1 
Board [9d 7h 4c Ks Kc]
Seat 1: Pippa83 (button) (small blind) showed [8c 5c] and lost with a pair of Kings
Seat 6: Biotread (big blind) showed [Kh 8h] and won ($23.26) with three of a kind, Kings



PokerStars Hand #254749935835:  Hold'em No Limit ($0.50/$1.00 USD) - 2025/02/07 14:55:03 WET [2025/02/07 9:55:03 ET]
Table 'Hamal II' 6-max Seat #6 is the button
Seat 1: Pippa83 ($100.81 in chips) 
Seat 6: Biotread ($49.82 in chips) 
Biotread: posts small blind $0.50
Pippa83: posts big blind $1
*** HOLE CARDS ***
Biotread: raises $2 to $3
Pippa83: folds 
Uncalled bet ($2) returned to Biotread
Biotread collected $2 from pot
Biotread: doesn't show hand 
*** SUMMARY ***
Total pot $2 | Rake $0 
Seat 1: Pippa83 (big blind) folded before Flop
Seat 6: Biotread (button) (small blind) collected ($2)



PokerStars Hand #254749937541:  Hold'em No Limit ($0.50/$1.00 USD) - 2025/02/07 14:55:13 WET [2025/02/07 9:55:13 ET]
Table 'Hamal II' 6-max Seat #1 is the button
Seat 1: Pippa83 ($100 in chips) 
Seat 6: Biotread ($50.82 in chips) 
Pippa83: posts small blind $0.50
Biotread: posts big blind $1
*** HOLE CARDS ***
Pippa83: raises $1.50 to $2.50
Biotread: folds 
Uncalled bet ($1.50) returned to Pippa83
Pippa83 collected $2 from pot
Pippa83: doesn't show hand 
*** SUMMARY ***
Total pot $2 | Rake $0 
Seat 1: Pippa83 (button) (small blind) collected ($2)
Seat 6: Biotread (big blind) folded before Flop



PokerStars Hand #254749938858:  Hold'em No Limit ($0.50/$1.00 USD) - 2025/02/07 14:55:22 WET [2025/02/07 9:55:22 ET]
Table 'Hamal II' 6-max Seat #6 is the button
Seat 1: Pippa83 ($101 in chips) 
Seat 6: Biotread ($49.82 in chips) 
Biotread: posts small blind $0.50
Pippa83: posts big blind $1
*** HOLE CARDS ***
Biotread: raises $1 to $2
Pippa83: folds 
Uncalled bet ($1) returned to Biotread
Biotread collected $2 from pot
Biotread: doesn't show hand 
*** SUMMARY ***
Total pot $2 | Rake $0 
Seat 1: Pippa83 (big blind) folded before Flop
Seat 6: Biotread (button) (small blind) collected ($2)



PokerStars Hand #254749940258:  Hold'em No Limit ($0.50/$1.00 USD) - 2025/02/07 14:55:31 WET [2025/02/07 9:55:31 ET]
Table 'Hamal II' 6-max Seat #1 is the button
Seat 1: Pippa83 ($100 in chips) 
Seat 6: Biotread ($50.82 in chips) 
Pippa83: posts small blind $0.50
Biotread: posts big blind $1
*** HOLE CARDS ***
Pippa83: folds 
Uncalled bet ($0.50) returned to Biotread
Biotread collected $1 from pot
*** SUMMARY ***
Total pot $1 | Rake $0 
Seat 1: Pippa83 (button) (small blind) folded before Flop
Seat 6: Biotread (big blind) collected ($1)



PokerStars Hand #254749941203:  Hold'em No Limit ($0.50/$1.00 USD) - 2025/02/07 14:55:37 WET [2025/02/07 9:55:37 ET]
Table 'Hamal II' 6-max Seat #6 is the button
Seat 1: Pippa83 ($100 in chips) 
Seat 6: Biotread ($51.32 in chips) 
Biotread: posts small blind $0.50
Pippa83: posts big blind $1
*** HOLE CARDS ***
Biotread: raises $1 to $2
Pippa83: folds 
Uncalled bet ($1) returned to Biotread
Biotread collected $2 from pot
*** SUMMARY ***
Total pot $2 | Rake $0 
Seat 1: Pippa83 (big blind) folded before Flop
Seat 6: Biotread (button) (small blind) collected ($2)



PokerStars Hand #254749942615:  Hold'em No Limit ($0.50/$1.00 USD) - 2025/02/07 14:55:46 WET [2025/02/07 9:55:46 ET]
Table 'Hamal II' 6-max Seat #1 is the button
Seat 1: Pippa83 ($100 in chips) 
Seat 6: Biotread ($52.32 in chips) 
Pippa83: posts small blind $0.50
Biotread: posts big blind $1
*** HOLE CARDS ***
Pippa83: raises $1.50 to $2.50
Biotread: calls $1.50
*** FLOP *** [6h 4c 3c]
Biotread: bets $2.38
Pippa83: raises $7.62 to $10
Biotread: calls $7.62
*** TURN *** [6h 4c 3c] [7h]
Biotread: checks 
Pippa83: checks 
*** RIVER *** [6h 4c 3c 7h] [Kd]
Biotread: checks 
Pippa83: bets $62.50
Biotread: folds 
Uncalled bet ($62.50) returned to Pippa83
Pippa83 collected $24 from pot
Pippa83: doesn't show hand 
*** SUMMARY ***
Total pot $25 | Rake $1 
Board [6h 4c 3c 7h Kd]
Seat 1: Pippa83 (button) (small blind) collected ($24)
Seat 6: Biotread (big blind) folded on the River



PokerStars Hand #254749948271:  Hold'em No Limit ($0.50/$1.00 USD) - 2025/02/07 14:56:23 WET [2025/02/07 9:56:23 ET]
Table 'Hamal II' 6-max Seat #6 is the button
Seat 1: Pippa83 ($111.50 in chips) 
Seat 6: Biotread ($39.82 in chips) 
Biotread: posts small blind $0.50
Pippa83: posts big blind $1
*** HOLE CARDS ***
Biotread: raises $2 to $3
Pippa83: raises $41 to $44
Biotread: folds 
Uncalled bet ($41) returned to Pippa83
Pippa83 collected $6 from pot
Pippa83: doesn't show hand 
*** SUMMARY ***
Total pot $6 | Rake $0 
Seat 1: Pippa83 (big blind) collected ($6)
Seat 6: Biotread (button) (small blind) folded before Flop



PokerStars Hand #254749950470:  Hold'em No Limit ($0.50/$1.00 USD) - 2025/02/07 14:56:37 WET [2025/02/07 9:56:37 ET]
Table 'Hamal II' 6-max Seat #1 is the button
Seat 1: Pippa83 ($114.50 in chips) 
Seat 6: Biotread ($36.82 in chips) 
Pippa83: posts small blind $0.50
Biotread: posts big blind $1
*** HOLE CARDS ***
Pippa83: raises $1.50 to $2.50
Biotread: folds 
Uncalled bet ($1.50) returned to Pippa83
Pippa83 collected $2 from pot
Pippa83: doesn't show hand 
*** SUMMARY ***
Total pot $2 | Rake $0 
Seat 1: Pippa83 (button) (small blind) collected ($2)
Seat 6: Biotread (big blind) folded before Flop



PokerStars Hand #254749951566:  Hold'em No Limit ($0.50/$1.00 USD) - 2025/02/07 14:56:44 WET [2025/02/07 9:56:44 ET]
Table 'Hamal II' 6-max Seat #6 is the button
Seat 1: Pippa83 ($115.50 in chips) 
Seat 6: Biotread ($35.82 in chips) 
Biotread: posts small blind $0.50
Pippa83: posts big blind $1
*** HOLE CARDS ***
Biotread: folds 
Uncalled bet ($0.50) returned to Pippa83
Pippa83 collected $1 from pot
Pippa83: doesn't show hand 
*** SUMMARY ***
Total pot $1 | Rake $0 
Seat 1: Pippa83 (big blind) collected ($1)
Seat 6: Biotread (button) (small blind) folded before Flop



PokerStars Hand #254749952544:  Hold'em No Limit ($0.50/$1.00 USD) - 2025/02/07 14:56:50 WET [2025/02/07 9:56:50 ET]
Table 'Hamal II' 6-max Seat #1 is the button
Seat 1: Pippa83 ($116 in chips) 
Seat 6: Biotread ($35.32 in chips) 
Pippa83: posts small blind $0.50
Biotread: posts big blind $1
*** HOLE CARDS ***
Pippa83: folds 
Uncalled bet ($0.50) returned to Biotread
Biotread collected $1 from pot
*** SUMMARY ***
Total pot $1 | Rake $0 
Seat 1: Pippa83 (button) (small blind) folded before Flop
Seat 6: Biotread (big blind) collected ($1)



PokerStars Hand #254749953494:  Hold'em No Limit ($0.50/$1.00 USD) - 2025/02/07 14:56:56 WET [2025/02/07 9:56:56 ET]
Table 'Hamal II' 6-max Seat #6 is the button
Seat 1: Pippa83 ($115.50 in chips) 
Seat 6: Biotread ($35.82 in chips) 
Biotread: posts small blind $0.50
Pippa83: posts big blind $1
*** HOLE CARDS ***
Biotread: raises $1 to $2
Pippa83: calls $1
*** FLOP *** [Th 7c 4s]
Pippa83: checks 
Biotread: checks 
*** TURN *** [Th 7c 4s] [3c]
Pippa83: bets $5.70
Biotread: folds 
Uncalled bet ($5.70) returned to Pippa83
Pippa83 collected $3.80 from pot
Pippa83: doesn't show hand 
*** SUMMARY ***
Total pot $4 | Rake $0.20 
Board [Th 7c 4s 3c]
Seat 1: Pippa83 (big blind) collected ($3.80)
Seat 6: Biotread (button) (small blind) folded on the Turn



PokerStars Hand #254749955979:  Hold'em No Limit ($0.50/$1.00 USD) - 2025/02/07 14:57:12 WET [2025/02/07 9:57:12 ET]
Table 'Hamal II' 6-max Seat #1 is the button
Seat 1: Pippa83 ($117.30 in chips) 
Seat 6: Biotread ($33.82 in chips) 
Pippa83: posts small blind $0.50
Biotread: posts big blind $1
*** HOLE CARDS ***
Pippa83: raises $1.50 to $2.50
Biotread: folds 
Uncalled bet ($1.50) returned to Pippa83
Pippa83 collected $2 from pot
Pippa83: doesn't show hand 
*** SUMMARY ***
Total pot $2 | Rake $0 
Seat 1: Pippa83 (button) (small blind) collected ($2)
Seat 6: Biotread (big blind) folded before Flop



PokerStars Hand #254749957725:  Hold'em No Limit ($0.50/$1.00 USD) - 2025/02/07 14:57:24 WET [2025/02/07 9:57:24 ET]
Table 'Hamal II' 6-max Seat #6 is the button
Seat 1: Pippa83 ($118.30 in chips) 
Seat 6: Biotread ($32.82 in chips) 
Biotread: posts small blind $0.50
Pippa83: posts big blind $1
*** HOLE CARDS ***
Biotread: folds 
Uncalled bet ($0.50) returned to Pippa83
Pippa83 collected $1 from pot
Pippa83: doesn't show hand 
*** SUMMARY ***
Total pot $1 | Rake $0 
Seat 1: Pippa83 (big blind) collected ($1)
Seat 6: Biotread (button) (small blind) folded before Flop



PokerStars Hand #254749958847:  Hold'em No Limit ($0.50/$1.00 USD) - 2025/02/07 14:57:31 WET [2025/02/07 9:57:31 ET]
Table 'Hamal II' 6-max Seat #1 is the button
Seat 1: Pippa83 ($118.80 in chips) 
Seat 6: Biotread ($32.32 in chips) 
Pippa83: posts small blind $0.50
Biotread: posts big blind $1
*** HOLE CARDS ***
Pippa83: raises $1.50 to $2.50
Biotread: calls $1.50
*** FLOP *** [Th Jc 2c]
Biotread: checks 
Pippa83: bets $1.57
Biotread: folds 
Uncalled bet ($1.57) returned to Pippa83
Pippa83 collected $4.75 from pot
Pippa83: doesn't show hand 
*** SUMMARY ***
Total pot $5 | Rake $0.25 
Board [Th Jc 2c]
Seat 1: Pippa83 (button) (small blind) collected ($4.75)
Seat 6: Biotread (big blind) folded on the Flop



PokerStars Hand #254749961568:  Hold'em No Limit ($0.50/$1.00 USD) - 2025/02/07 14:57:49 WET [2025/02/07 9:57:49 ET]
Table 'Hamal II' 6-max Seat #6 is the button
Seat 1: Pippa83 ($121.05 in chips) 
Seat 6: Biotread ($29.82 in chips) 
Biotread: posts small blind $0.50
Pippa83: posts big blind $1
*** HOLE CARDS ***
Biotread: folds 
Uncalled bet ($0.50) returned to Pippa83
Pippa83 collected $1 from pot
Pippa83: doesn't show hand 
*** SUMMARY ***
Total pot $1 | Rake $0 
Seat 1: Pippa83 (big blind) collected ($1)
Seat 6: Biotread (button) (small blind) folded before Flop



PokerStars Hand #254749962572:  Hold'em No Limit ($0.50/$1.00 USD) - 2025/02/07 14:57:55 WET [2025/02/07 9:57:55 ET]
Table 'Hamal II' 6-max Seat #1 is the button
Seat 1: Pippa83 ($121.55 in chips) 
Seat 6: Biotread ($29.32 in chips) 
Pippa83: posts small blind $0.50
Biotread: posts big blind $1
*** HOLE CARDS ***
Pippa83: raises $1.50 to $2.50
Biotread: calls $1.50
*** FLOP *** [4h Qh Kc]
Biotread: checks 
Pippa83: bets $1.57
Biotread: folds 
Uncalled bet ($1.57) returned to Pippa83
Pippa83 collected $4.75 from pot
Pippa83: doesn't show hand 
*** SUMMARY ***
Total pot $5 | Rake $0.25 
Board [4h Qh Kc]
Seat 1: Pippa83 (button) (small blind) collected ($4.75)
Seat 6: Biotread (big blind) folded on the Flop



PokerStars Hand #254749966265:  Hold'em No Limit ($0.50/$1.00 USD) - 2025/02/07 14:58:19 WET [2025/02/07 9:58:19 ET]
Table 'Hamal II' 6-max Seat #6 is the button
Seat 1: Pippa83 ($123.80 in chips) 
Seat 6: Biotread ($26.82 in chips) 
Biotread: posts small blind $0.50
Pippa83: posts big blind $1
*** HOLE CARDS ***
Biotread: raises $1 to $2
Pippa83: calls $1
*** FLOP *** [Ts 4c Kh]
Pippa83: checks 
Biotread: checks 
*** TURN *** [Ts 4c Kh] [4h]
Pippa83: bets $5.70
Biotread: calls $5.70
*** RIVER *** [Ts 4c Kh 4h] [5s]
Pippa83: bets $21.95
Biotread: calls $19.12 and is all-in
Uncalled bet ($2.83) returned to Pippa83
*** SHOW DOWN ***
Pippa83: shows [4d 6d] (three of a kind, Fours)
Biotread: shows [Ac Ah] (two pair, Aces and Fours)
Pippa83 collected $52.64 from pot
*** SUMMARY ***
Total pot $53.64 | Rake $1 
Board [Ts 4c Kh 4h 5s]
Seat 1: Pippa83 (big blind) showed [4d 6d] and won ($52.64) with three of a kind, Fours
Seat 6: Biotread (button) (small blind) showed [Ac Ah] and lost with two pair, Aces and Fours



