PokerStars Hand #254748901339:  Hold'em No Limit ($0.50/$1.00 USD) - 2025/02/07 13:14:36 WET [2025/02/07 8:14:36 ET]
Table 'Athanasia II' 6-max Seat #5 is the button
Seat 1: SGodoyJr ($100 in chips) is sitting out
Seat 4: Alinyr ($100 in chips) 
Seat 5: easy_sarcasm ($109.31 in chips) 
Seat 6: Nicedaymybro ($138.63 in chips) 
Nicedaymybro: posts small blind $0.50
SGodoyJr: is sitting out 
Alinyr: posts big blind $1
*** HOLE CARDS ***
SGodoyJr leaves the table
easy_sarcasm: raises $1.20 to $2.20
Nicedaymybro: folds 
Alinyr: folds 
Uncalled bet ($1.20) returned to easy_sarcasm
easy_sarcasm collected $2.50 from pot
*** SUMMARY ***
Total pot $2.50 | Rake $0 
Seat 1: SGodoyJr
Seat 4: Alinyr (big blind) folded before Flop
Seat 5: easy_sarcasm (button) collected ($2.50)
Seat 6: Nicedaymybro (small blind) folded before Flop



PokerStars Hand #254748904766:  Hold'em No Limit ($0.50/$1.00 USD) - 2025/02/07 13:14:57 WET [2025/02/07 8:14:57 ET]
Table 'Athanasia II' 6-max Seat #6 is the button
Seat 4: Alinyr ($100 in chips) 
Seat 5: easy_sarcasm ($110.81 in chips) 
Seat 6: Nicedaymybro ($138.13 in chips) 
Alinyr: posts small blind $0.50
easy_sarcasm: posts big blind $1
*** HOLE CARDS ***
Nicedaymybro: raises $1.50 to $2.50
Alinyr: folds 
easy_sarcasm: folds 
Uncalled bet ($1.50) returned to Nicedaymybro
Nicedaymybro collected $2.50 from pot
Nicedaymybro: doesn't show hand 
*** SUMMARY ***
Total pot $2.50 | Rake $0 
Seat 4: Alinyr (small blind) folded before Flop
Seat 5: easy_sarcasm (big blind) folded before Flop
Seat 6: Nicedaymybro (button) collected ($2.50)



PokerStars Hand #254748907798:  Hold'em No Limit ($0.50/$1.00 USD) - 2025/02/07 13:15:16 WET [2025/02/07 8:15:16 ET]
Table 'Athanasia II' 6-max Seat #5 is the button
Seat 6: Nicedaymybro ($139.63 in chips) is sitting out
Seat 4: Alinyr ($100 in chips) 
Seat 5: easy_sarcasm ($109.81 in chips) 
easy_sarcasm: posts small blind $0.50
Nicedaymybro: is sitting out 
Alinyr: posts big blind $1
*** HOLE CARDS ***
Nicedaymybro leaves the table
easy_sarcasm: folds 
Uncalled bet ($0.50) returned to Alinyr
Alinyr collected $1 from pot
Alinyr: doesn't show hand 
*** SUMMARY ***
Total pot $1 | Rake $0 
Seat 6: Nicedaymybro
Seat 4: Alinyr (big blind) collected ($1)
Seat 5: easy_sarcasm (button) (small blind) folded before Flop



