PokerStars Hand #254760485615:  Hold'em No Limit ($0.50/$1.00 USD) - 2025/02/07 2:48:27 WET [2025/02/07 21:48:27 ET]
Table 'Hagar' 6-max Seat #4 is the button
Seat 6: steelNike ($7.50 in chips) is sitting out
Seat 1: vezis3 ($101.50 in chips) 
Seat 4: 50CandyJoe ($100 in chips) 
Seat 5: lendogin ($29.98 in chips) 
lendogin: posts small blind $0.50
steelNike: is sitting out 
vezis3: posts big blind $1
*** HOLE CARDS ***
steelNike leaves the table
50CandyJoe: folds 
lendogin: folds 
Uncalled bet ($0.50) returned to vezis3
vezis3 collected $1 from pot
vezis3: doesn't show hand 
*** SUMMARY ***
Total pot $1 | Rake $0 
Seat 6: steelNike
Seat 1: vezis3 (big blind) collected ($1)
Seat 4: 50CandyJoe (button) folded before Flop (didn't bet)
Seat 5: lendogin (small blind) folded before Flop



PokerStars Hand #254760487175:  Hold'em No Limit ($0.50/$1.00 USD) - 2025/02/07 2:48:37 WET [2025/02/07 21:48:37 ET]
Table 'Hagar' 6-max Seat #5 is the button
Seat 1: vezis3 ($102 in chips) 
Seat 4: 50CandyJoe ($100 in chips) 
Seat 5: lendogin ($29.48 in chips) 
vezis3: posts small blind $0.50
50CandyJoe: posts big blind $1
*** HOLE CARDS ***
lendogin: folds 
vezis3: raises $2 to $3
50CandyJoe: calls $2
*** FLOP *** [Ks 9h Ad]
vezis3: bets $1.88
50CandyJoe: folds 
Uncalled bet ($1.88) returned to vezis3
vezis3 collected $5.70 from pot
vezis3: doesn't show hand 
*** SUMMARY ***
Total pot $6 | Rake $0.30 
Board [Ks 9h Ad]
Seat 1: vezis3 (small blind) collected ($5.70)
Seat 4: 50CandyJoe (big blind) folded on the Flop
Seat 5: lendogin (button) folded before Flop (didn't bet)



PokerStars Hand #254760490039:  Hold'em No Limit ($0.50/$1.00 USD) - 2025/02/07 2:48:55 WET [2025/02/07 21:48:55 ET]
Table 'Hagar' 6-max Seat #1 is the button
Seat 1: vezis3 ($104.70 in chips) 
Seat 4: 50CandyJoe ($100 in chips) 
Seat 5: lendogin ($29.48 in chips) 
50CandyJoe: posts small blind $0.50
lendogin: posts big blind $1
*** HOLE CARDS ***
vezis3: folds 
50CandyJoe: folds 
Uncalled bet ($0.50) returned to lendogin
lendogin collected $1 from pot
*** SUMMARY ***
Total pot $1 | Rake $0 
Seat 1: vezis3 (button) folded before Flop (didn't bet)
Seat 4: 50CandyJoe (small blind) folded before Flop
Seat 5: lendogin (big blind) collected ($1)



PokerStars Hand #254760491468:  Hold'em No Limit ($0.50/$1.00 USD) - 2025/02/07 2:49:04 WET [2025/02/07 21:49:04 ET]
Table 'Hagar' 6-max Seat #4 is the button
Seat 1: vezis3 ($104.70 in chips) 
Seat 4: 50CandyJoe ($100 in chips) 
Seat 5: lendogin ($29.98 in chips) 
lendogin: posts small blind $0.50
vezis3: posts big blind $1
*** HOLE CARDS ***
50CandyJoe: folds 
lendogin: calls $0.50
vezis3: checks 
*** FLOP *** [3d 5d Th]
lendogin: bets $1
vezis3: calls $1
*** TURN *** [3d 5d Th] [6s]
lendogin: bets $1
vezis3: raises $4 to $5
lendogin: folds 
Uncalled bet ($4) returned to vezis3
vezis3 collected $5.70 from pot
vezis3: doesn't show hand 
*** SUMMARY ***
Total pot $6 | Rake $0.30 
Board [3d 5d Th 6s]
Seat 1: vezis3 (big blind) collected ($5.70)
Seat 4: 50CandyJoe (button) folded before Flop (didn't bet)
Seat 5: lendogin (small blind) folded on the Turn



PokerStars Hand #254760496751:  Hold'em No Limit ($0.50/$1.00 USD) - 2025/02/07 2:49:38 WET [2025/02/07 21:49:38 ET]
Table 'Hagar' 6-max Seat #5 is the button
Seat 1: vezis3 ($107.40 in chips) 
Seat 4: 50CandyJoe ($100 in chips) 
Seat 5: lendogin ($26.98 in chips) 
vezis3: posts small blind $0.50
50CandyJoe: posts big blind $1
*** HOLE CARDS ***
lendogin: folds 
vezis3: folds 
Uncalled bet ($0.50) returned to 50CandyJoe
50CandyJoe collected $1 from pot
50CandyJoe: doesn't show hand 
*** SUMMARY ***
Total pot $1 | Rake $0 
Seat 1: vezis3 (small blind) folded before Flop
Seat 4: 50CandyJoe (big blind) collected ($1)
Seat 5: lendogin (button) folded before Flop (didn't bet)



PokerStars Hand #254760498043:  Hold'em No Limit ($0.50/$1.00 USD) - 2025/02/07 2:49:46 WET [2025/02/07 21:49:46 ET]
Table 'Hagar' 6-max Seat #1 is the button
Seat 1: vezis3 ($106.90 in chips) 
Seat 4: 50CandyJoe ($100.50 in chips) 
Seat 5: lendogin ($26.98 in chips) 
50CandyJoe: posts small blind $0.50
lendogin: posts big blind $1
*** HOLE CARDS ***
vezis3: folds 
50CandyJoe: folds 
Uncalled bet ($0.50) returned to lendogin
lendogin collected $1 from pot
*** SUMMARY ***
Total pot $1 | Rake $0 
Seat 1: vezis3 (button) folded before Flop (didn't bet)
Seat 4: 50CandyJoe (small blind) folded before Flop
Seat 5: lendogin (big blind) collected ($1)



PokerStars Hand #254760500033:  Hold'em No Limit ($0.50/$1.00 USD) - 2025/02/07 2:49:59 WET [2025/02/07 21:49:59 ET]
Table 'Hagar' 6-max Seat #4 is the button
Seat 1: vezis3 ($106.90 in chips) 
Seat 4: 50CandyJoe ($100 in chips) 
Seat 5: lendogin ($27.48 in chips) 
lendogin: posts small blind $0.50
vezis3: posts big blind $1
*** HOLE CARDS ***
50CandyJoe: folds 
lendogin: folds 
Uncalled bet ($0.50) returned to vezis3
vezis3 collected $1 from pot
vezis3: doesn't show hand 
*** SUMMARY ***
Total pot $1 | Rake $0 
Seat 1: vezis3 (big blind) collected ($1)
Seat 4: 50CandyJoe (button) folded before Flop (didn't bet)
Seat 5: lendogin (small blind) folded before Flop



PokerStars Hand #254760501819:  Hold'em No Limit ($0.50/$1.00 USD) - 2025/02/07 2:50:10 WET [2025/02/07 21:50:10 ET]
Table 'Hagar' 6-max Seat #5 is the button
Seat 1: vezis3 ($107.40 in chips) 
Seat 4: 50CandyJoe ($100 in chips) 
Seat 5: lendogin ($26.98 in chips) 
vezis3: posts small blind $0.50
50CandyJoe: posts big blind $1
*** HOLE CARDS ***
lendogin: folds 
vezis3: folds 
Uncalled bet ($0.50) returned to 50CandyJoe
50CandyJoe collected $1 from pot
50CandyJoe: doesn't show hand 
*** SUMMARY ***
Total pot $1 | Rake $0 
Seat 1: vezis3 (small blind) folded before Flop
Seat 4: 50CandyJoe (big blind) collected ($1)
Seat 5: lendogin (button) folded before Flop (didn't bet)



PokerStars Hand #254760503202:  Hold'em No Limit ($0.50/$1.00 USD) - 2025/02/07 2:50:19 WET [2025/02/07 21:50:19 ET]
Table 'Hagar' 6-max Seat #1 is the button
Seat 1: vezis3 ($106.90 in chips) 
Seat 4: 50CandyJoe ($100.50 in chips) 
Seat 5: lendogin ($26.98 in chips) 
50CandyJoe: posts small blind $0.50
lendogin: posts big blind $1
*** HOLE CARDS ***
vezis3: raises $1.40 to $2.40
50CandyJoe: raises $7.60 to $10
lendogin: folds 
vezis3: folds 
Uncalled bet ($7.60) returned to 50CandyJoe
50CandyJoe collected $5.80 from pot
50CandyJoe: doesn't show hand 
*** SUMMARY ***
Total pot $5.80 | Rake $0 
Seat 1: vezis3 (button) folded before Flop
Seat 4: 50CandyJoe (small blind) collected ($5.80)
Seat 5: lendogin (big blind) folded before Flop



PokerStars Hand #254760505836:  Hold'em No Limit ($0.50/$1.00 USD) - 2025/02/07 2:50:36 WET [2025/02/07 21:50:36 ET]
Table 'Hagar' 6-max Seat #4 is the button
Seat 1: vezis3 ($104.50 in chips) 
Seat 4: 50CandyJoe ($103.90 in chips) 
Seat 5: lendogin ($25.98 in chips) 
lendogin: posts small blind $0.50
vezis3: posts big blind $1
*** HOLE CARDS ***
50CandyJoe: raises $1.50 to $2.50
lendogin: folds 
vezis3: folds 
Uncalled bet ($1.50) returned to 50CandyJoe
50CandyJoe collected $2.50 from pot
50CandyJoe: doesn't show hand 
*** SUMMARY ***
Total pot $2.50 | Rake $0 
Seat 1: vezis3 (big blind) folded before Flop
Seat 4: 50CandyJoe (button) collected ($2.50)
Seat 5: lendogin (small blind) folded before Flop



PokerStars Hand #254760507149:  Hold'em No Limit ($0.50/$1.00 USD) - 2025/02/07 2:50:44 WET [2025/02/07 21:50:44 ET]
Table 'Hagar' 6-max Seat #5 is the button
Seat 1: vezis3 ($103.50 in chips) 
Seat 4: 50CandyJoe ($105.40 in chips) 
Seat 5: lendogin ($25.48 in chips) 
vezis3: posts small blind $0.50
50CandyJoe: posts big blind $1
*** HOLE CARDS ***
lendogin: folds 
vezis3: raises $2 to $3
50CandyJoe: folds 
Uncalled bet ($2) returned to vezis3
vezis3 collected $2 from pot
vezis3: doesn't show hand 
*** SUMMARY ***
Total pot $2 | Rake $0 
Seat 1: vezis3 (small blind) collected ($2)
Seat 4: 50CandyJoe (big blind) folded before Flop
Seat 5: lendogin (button) folded before Flop (didn't bet)



PokerStars Hand #254760509939:  Hold'em No Limit ($0.50/$1.00 USD) - 2025/02/07 2:51:01 WET [2025/02/07 21:51:01 ET]
Table 'Hagar' 6-max Seat #1 is the button
Seat 1: vezis3 ($104.50 in chips) 
Seat 4: 50CandyJoe ($104.40 in chips) 
Seat 5: lendogin ($25.48 in chips) 
50CandyJoe: posts small blind $0.50
lendogin: posts big blind $1
*** HOLE CARDS ***
vezis3: folds 
50CandyJoe: raises $1.50 to $2.50
lendogin: folds 
Uncalled bet ($1.50) returned to 50CandyJoe
50CandyJoe collected $2 from pot
50CandyJoe: doesn't show hand 
*** SUMMARY ***
Total pot $2 | Rake $0 
Seat 1: vezis3 (button) folded before Flop (didn't bet)
Seat 4: 50CandyJoe (small blind) collected ($2)
Seat 5: lendogin (big blind) folded before Flop



PokerStars Hand #254760512451:  Hold'em No Limit ($0.50/$1.00 USD) - 2025/02/07 2:51:18 WET [2025/02/07 21:51:18 ET]
Table 'Hagar' 6-max Seat #4 is the button
Seat 1: vezis3 ($104.50 in chips) 
Seat 4: 50CandyJoe ($105.40 in chips) 
Seat 5: lendogin ($24.48 in chips) 
lendogin: posts small blind $0.50
vezis3: posts big blind $1
*** HOLE CARDS ***
50CandyJoe: folds 
lendogin: folds 
Uncalled bet ($0.50) returned to vezis3
vezis3 collected $1 from pot
vezis3: doesn't show hand 
*** SUMMARY ***
Total pot $1 | Rake $0 
Seat 1: vezis3 (big blind) collected ($1)
Seat 4: 50CandyJoe (button) folded before Flop (didn't bet)
Seat 5: lendogin (small blind) folded before Flop



PokerStars Hand #254760513508:  Hold'em No Limit ($0.50/$1.00 USD) - 2025/02/07 2:51:24 WET [2025/02/07 21:51:24 ET]
Table 'Hagar' 6-max Seat #5 is the button
Seat 1: vezis3 ($105 in chips) 
Seat 4: 50CandyJoe ($105.40 in chips) 
Seat 5: lendogin ($23.98 in chips) 
vezis3: posts small blind $0.50
50CandyJoe: posts big blind $1
*** HOLE CARDS ***
lendogin: calls $1
vezis3: calls $0.50
50CandyJoe: checks 
*** FLOP *** [6d 5c Qs]
vezis3: checks 
50CandyJoe: checks 
lendogin: bets $1
vezis3: folds 
50CandyJoe: calls $1
*** TURN *** [6d 5c Qs] [Ks]
50CandyJoe: checks 
lendogin: checks 
*** RIVER *** [6d 5c Qs Ks] [7d]
50CandyJoe: bets $1.57
lendogin: calls $1.57
*** SHOW DOWN ***
50CandyJoe: shows [3c Qh] (a pair of Queens)
lendogin: mucks hand 
50CandyJoe collected $7.73 from pot
*** SUMMARY ***
Total pot $8.14 | Rake $0.41 
Board [6d 5c Qs Ks 7d]
Seat 1: vezis3 (small blind) folded on the Flop
Seat 4: 50CandyJoe (big blind) showed [3c Qh] and won ($7.73) with a pair of Queens
Seat 5: lendogin (button) mucked



PokerStars Hand #254760519357:  Hold'em No Limit ($0.50/$1.00 USD) - 2025/02/07 2:52:02 WET [2025/02/07 21:52:02 ET]
Table 'Hagar' 6-max Seat #1 is the button
Seat 1: vezis3 ($104 in chips) 
Seat 4: 50CandyJoe ($109.56 in chips) 
Seat 5: lendogin ($20.41 in chips) 
50CandyJoe: posts small blind $0.50
lendogin: posts big blind $1
*** HOLE CARDS ***
vezis3: folds 
50CandyJoe: raises $1.50 to $2.50
lendogin: calls $1.50
*** FLOP *** [4s 8h Td]
50CandyJoe: bets $1.57
lendogin: calls $1.57
*** TURN *** [4s 8h Td] [3c]
50CandyJoe: checks 
lendogin: bets $7.73
50CandyJoe: folds 
Uncalled bet ($7.73) returned to lendogin
lendogin collected $7.73 from pot
*** SUMMARY ***
Total pot $8.14 | Rake $0.41 
Board [4s 8h Td 3c]
Seat 1: vezis3 (button) folded before Flop (didn't bet)
Seat 4: 50CandyJoe (small blind) folded on the Turn
Seat 5: lendogin (big blind) collected ($7.73)



PokerStars Hand #254760523012:  Hold'em No Limit ($0.50/$1.00 USD) - 2025/02/07 2:52:25 WET [2025/02/07 21:52:25 ET]
Table 'Hagar' 6-max Seat #4 is the button
Seat 1: vezis3 ($104 in chips) 
Seat 4: 50CandyJoe ($105.49 in chips) 
Seat 5: lendogin ($24.07 in chips) 
lendogin: posts small blind $0.50
vezis3: posts big blind $1
*** HOLE CARDS ***
50CandyJoe: raises $1.50 to $2.50
lendogin: folds 
vezis3: calls $1.50
*** FLOP *** [6c 5d 6d]
vezis3: checks 
50CandyJoe: bets $1.72
vezis3: calls $1.72
*** TURN *** [6c 5d 6d] [Jd]
vezis3: checks 
50CandyJoe: bets $2.80
vezis3: calls $2.80
*** RIVER *** [6c 5d 6d Jd] [Ah]
vezis3: checks 
50CandyJoe: checks 
*** SHOW DOWN ***
vezis3: shows [As 7d] (two pair, Aces and Sixes)
50CandyJoe: mucks hand 
vezis3 collected $13.81 from pot
*** SUMMARY ***
Total pot $14.54 | Rake $0.73 
Board [6c 5d 6d Jd Ah]
Seat 1: vezis3 (big blind) showed [As 7d] and won ($13.81) with two pair, Aces and Sixes
Seat 4: 50CandyJoe (button) mucked
Seat 5: lendogin (small blind) folded before Flop



PokerStars Hand #254760558604:  Hold'em No Limit ($0.50/$1.00 USD) - 2025/02/07 2:56:33 WET [2025/02/07 21:56:33 ET]
Table 'Hagar' 6-max Seat #4 is the button
Seat 2: Seavus10 ($100 in chips) is sitting out
Seat 1: vezis3 ($129.53 in chips) 
Seat 3: Rysiff ($100 in chips) 
Seat 4: 50CandyJoe ($100.88 in chips) 
Seat 5: lendogin ($21.45 in chips) 
Seat 6: asimrai ($31.49 in chips) 
lendogin: posts small blind $0.50
asimrai: posts big blind $1
Seavus10: sits out 
*** HOLE CARDS ***
vezis3: folds 
Rysiff: raises $1.50 to $2.50
50CandyJoe: folds 
lendogin: folds 
asimrai: folds 
Uncalled bet ($1.50) returned to Rysiff
Rysiff collected $2.50 from pot
Rysiff: doesn't show hand 
*** SUMMARY ***
Total pot $2.50 | Rake $0 
Seat 2: Seavus10
Seat 1: vezis3 folded before Flop (didn't bet)
Seat 3: Rysiff collected ($2.50)
Seat 4: 50CandyJoe (button) folded before Flop (didn't bet)
Seat 5: lendogin (small blind) folded before Flop
Seat 6: asimrai (big blind) folded before Flop



PokerStars Hand #254760559790:  Hold'em No Limit ($0.50/$1.00 USD) - 2025/02/07 2:56:43 WET [2025/02/07 21:56:43 ET]
Table 'Hagar' 6-max Seat #5 is the button
Seat 2: Seavus10 ($100 in chips) is sitting out
Seat 1: vezis3 ($129.53 in chips) 
Seat 3: Rysiff ($101.50 in chips) 
Seat 4: 50CandyJoe ($100.88 in chips) 
Seat 5: lendogin ($20.95 in chips) 
Seat 6: asimrai ($30.49 in chips) 
asimrai: posts small blind $0.50
vezis3: posts big blind $1
Seavus10: sits out 
*** HOLE CARDS ***
Rysiff: folds 
50CandyJoe: folds 
lendogin: calls $1
asimrai: folds 
vezis3: checks 
*** FLOP *** [2d 9c 8d]
vezis3: checks 
lendogin: bets $1
vezis3: raises $3 to $4
lendogin: calls $3
*** TURN *** [2d 9c 8d] [Qd]
vezis3: bets $6
lendogin: folds 
Uncalled bet ($6) returned to vezis3
vezis3 collected $9.98 from pot
vezis3: doesn't show hand 
*** SUMMARY ***
Total pot $10.50 | Rake $0.52 
Board [2d 9c 8d Qd]
Seat 2: Seavus10
Seat 1: vezis3 (big blind) collected ($9.98)
Seat 3: Rysiff folded before Flop (didn't bet)
Seat 4: 50CandyJoe folded before Flop (didn't bet)
Seat 5: lendogin (button) folded on the Turn
Seat 6: asimrai (small blind) folded before Flop



PokerStars Hand #254760564067:  Hold'em No Limit ($0.50/$1.00 USD) - 2025/02/07 2:57:18 WET [2025/02/07 21:57:18 ET]
Table 'Hagar' 6-max Seat #6 is the button
Seat 1: vezis3 ($134.51 in chips) 
Seat 2: Seavus10 ($100 in chips) 
Seat 3: Rysiff ($101.50 in chips) 
Seat 4: 50CandyJoe ($100.88 in chips) 
Seat 5: lendogin ($15.95 in chips) 
Seat 6: asimrai ($29.99 in chips) 
vezis3: posts small blind $0.50
Seavus10: posts big blind $1
*** HOLE CARDS ***
Rysiff: folds 
50CandyJoe: folds 
lendogin: folds 
asimrai: folds 
vezis3: folds 
Uncalled bet ($0.50) returned to Seavus10
Seavus10 collected $1 from pot
Seavus10: doesn't show hand 
*** SUMMARY ***
Total pot $1 | Rake $0 
Seat 1: vezis3 (small blind) folded before Flop
Seat 2: Seavus10 (big blind) collected ($1)
Seat 3: Rysiff folded before Flop (didn't bet)
Seat 4: 50CandyJoe folded before Flop (didn't bet)
Seat 5: lendogin folded before Flop (didn't bet)
Seat 6: asimrai (button) folded before Flop (didn't bet)



PokerStars Hand #254760565957:  Hold'em No Limit ($0.50/$1.00 USD) - 2025/02/07 2:57:33 WET [2025/02/07 21:57:33 ET]
Table 'Hagar' 6-max Seat #1 is the button
Seat 1: vezis3 ($134.01 in chips) 
Seat 2: Seavus10 ($100.50 in chips) 
Seat 3: Rysiff ($101.50 in chips) 
Seat 4: 50CandyJoe ($100.88 in chips) 
Seat 5: lendogin ($15.95 in chips) 
Seat 6: asimrai ($29.99 in chips) 
Seavus10: posts small blind $0.50
Rysiff: posts big blind $1
*** HOLE CARDS ***
50CandyJoe: folds 
lendogin: calls $1
asimrai: folds 
vezis3: raises $3 to $4
Seavus10: folds 
Rysiff: folds 
lendogin: calls $3
*** FLOP *** [Jc 4h Js]
lendogin: checks 
vezis3: bets $4
lendogin: folds 
Uncalled bet ($4) returned to vezis3
vezis3 collected $9.02 from pot
vezis3: doesn't show hand 
*** SUMMARY ***
Total pot $9.50 | Rake $0.48 
Board [Jc 4h Js]
Seat 1: vezis3 (button) collected ($9.02)
Seat 2: Seavus10 (small blind) folded before Flop
Seat 3: Rysiff (big blind) folded before Flop
Seat 4: 50CandyJoe folded before Flop (didn't bet)
Seat 5: lendogin folded on the Flop
Seat 6: asimrai folded before Flop (didn't bet)



PokerStars Hand #254760569712:  Hold'em No Limit ($0.50/$1.00 USD) - 2025/02/07 2:58:03 WET [2025/02/07 21:58:03 ET]
Table 'Hagar' 6-max Seat #2 is the button
Seat 1: vezis3 ($139.03 in chips) 
Seat 2: Seavus10 ($100 in chips) 
Seat 3: Rysiff ($100.50 in chips) 
Seat 4: 50CandyJoe ($100.88 in chips) 
Seat 5: lendogin ($11.95 in chips) 
Seat 6: asimrai ($29.99 in chips) 
Rysiff: posts small blind $0.50
50CandyJoe: posts big blind $1
*** HOLE CARDS ***
lendogin: folds 
asimrai: calls $1
vezis3: raises $4 to $5
Seavus10: folds 
Rysiff: folds 
50CandyJoe: folds 
asimrai: calls $4
*** FLOP *** [8s 4d Jc]
asimrai: checks 
vezis3: checks 
*** TURN *** [8s 4d Jc] [3c]
asimrai: checks 
vezis3: bets $4.59
asimrai: calls $4.59
*** RIVER *** [8s 4d Jc 3c] [8h]
asimrai: checks 
vezis3: checks 
*** SHOW DOWN ***
asimrai: shows [3s 2s] (two pair, Eights and Threes)
vezis3: shows [Ts Th] (two pair, Tens and Eights)
vezis3 collected $19.65 from pot
*** SUMMARY ***
Total pot $20.68 | Rake $1.03 
Board [8s 4d Jc 3c 8h]
Seat 1: vezis3 showed [Ts Th] and won ($19.65) with two pair, Tens and Eights
Seat 2: Seavus10 (button) folded before Flop (didn't bet)
Seat 3: Rysiff (small blind) folded before Flop
Seat 4: 50CandyJoe (big blind) folded before Flop
Seat 5: lendogin folded before Flop (didn't bet)
Seat 6: asimrai showed [3s 2s] and lost with two pair, Eights and Threes



PokerStars Hand #254760577420:  Hold'em No Limit ($0.50/$1.00 USD) - 2025/02/07 2:59:05 WET [2025/02/07 21:59:05 ET]
Table 'Hagar' 6-max Seat #3 is the button
Seat 1: vezis3 ($149.09 in chips) 
Seat 2: Seavus10 ($100 in chips) 
Seat 3: Rysiff ($100 in chips) 
Seat 4: 50CandyJoe ($100 in chips) 
Seat 5: lendogin ($11.95 in chips) 
Seat 6: asimrai ($20.40 in chips) 
50CandyJoe: posts small blind $0.50
lendogin: posts big blind $1
*** HOLE CARDS ***
asimrai: calls $1
vezis3: folds 
Seavus10: folds 
Rysiff: folds 
50CandyJoe: raises $4 to $5
lendogin: folds 
asimrai: calls $4
*** FLOP *** [2d Jc 4d]
50CandyJoe: bets $16
asimrai: folds 
Uncalled bet ($16) returned to 50CandyJoe
50CandyJoe collected $10.45 from pot
50CandyJoe: doesn't show hand 
*** SUMMARY ***
Total pot $11 | Rake $0.55 
Board [2d Jc 4d]
Seat 1: vezis3 folded before Flop (didn't bet)
Seat 2: Seavus10 folded before Flop (didn't bet)
Seat 3: Rysiff (button) folded before Flop (didn't bet)
Seat 4: 50CandyJoe (small blind) collected ($10.45)
Seat 5: lendogin (big blind) folded before Flop
Seat 6: asimrai folded on the Flop



PokerStars Hand #254760583128:  Hold'em No Limit ($0.50/$1.00 USD) - 2025/02/07 2:59:51 WET [2025/02/07 21:59:51 ET]
Table 'Hagar' 6-max Seat #4 is the button
Seat 1: vezis3 ($149.09 in chips) 
Seat 2: Seavus10 ($100 in chips) 
Seat 3: Rysiff ($100 in chips) 
Seat 4: 50CandyJoe ($105.45 in chips) 
Seat 5: lendogin ($10.95 in chips) 
Seat 6: asimrai ($15.40 in chips) 
lendogin: posts small blind $0.50
asimrai: posts big blind $1
*** HOLE CARDS ***
vezis3: folds 
Seavus10: raises $1.20 to $2.20
Rysiff: folds 
50CandyJoe: folds 
lendogin: folds 
asimrai: folds 
Uncalled bet ($1.20) returned to Seavus10
Seavus10 collected $2.50 from pot
Seavus10: doesn't show hand 
*** SUMMARY ***
Total pot $2.50 | Rake $0 
Seat 1: vezis3 folded before Flop (didn't bet)
Seat 2: Seavus10 collected ($2.50)
Seat 3: Rysiff folded before Flop (didn't bet)
Seat 4: 50CandyJoe (button) folded before Flop (didn't bet)
Seat 5: lendogin (small blind) folded before Flop
Seat 6: asimrai (big blind) folded before Flop



PokerStars Hand #254760585036:  Hold'em No Limit ($0.50/$1.00 USD) - 2025/02/07 3:00:06 WET [2025/02/07 22:00:06 ET]
Table 'Hagar' 6-max Seat #5 is the button
Seat 1: vezis3 ($149.09 in chips) 
Seat 2: Seavus10 ($101.50 in chips) 
Seat 3: Rysiff ($100 in chips) 
Seat 4: 50CandyJoe ($105.45 in chips) 
Seat 5: lendogin ($10.45 in chips) 
Seat 6: asimrai ($14.40 in chips) 
asimrai: posts small blind $0.50
vezis3: posts big blind $1
*** HOLE CARDS ***
Seavus10: folds 
Rysiff: folds 
50CandyJoe: folds 
lendogin: raises $9.45 to $10.45 and is all-in
asimrai: folds 
vezis3: calls $9.45
*** FLOP *** [Ts 3d 5d]
*** TURN *** [Ts 3d 5d] [3h]
asimrai leaves the table
*** RIVER *** [Ts 3d 5d 3h] [7d]
*** SHOW DOWN ***
vezis3: shows [Ad 7c] (two pair, Sevens and Threes)
lendogin: shows [8c 8h] (two pair, Eights and Threes)
lendogin cashed out the hand for $14.20 | Cash Out Fee $0.29
*** SUMMARY ***
Total pot $21.40 | Rake $1.07 
Board [Ts 3d 5d 3h 7d]
Seat 1: vezis3 (big blind) showed [Ad 7c] and lost with two pair, Sevens and Threes
Seat 2: Seavus10 folded before Flop (didn't bet)
Seat 3: Rysiff folded before Flop (didn't bet)
Seat 4: 50CandyJoe folded before Flop (didn't bet)
Seat 5: lendogin (button) showed [8c 8h] and won ($20.33) with two pair, Eights and Threes (pot not awarded as player cashed out)
Seat 6: asimrai (small blind) folded before Flop



PokerStars Hand #254760588432:  Hold'em No Limit ($0.50/$1.00 USD) - 2025/02/07 3:00:32 WET [2025/02/07 22:00:32 ET]
Table 'Hagar' 6-max Seat #1 is the button
Seat 1: vezis3 ($138.64 in chips) 
Seat 2: Seavus10 ($101.50 in chips) 
Seat 3: Rysiff ($100 in chips) 
Seat 4: 50CandyJoe ($105.45 in chips) 
Seat 5: lendogin ($14.20 in chips) 
Seavus10: posts small blind $0.50
Rysiff: posts big blind $1
*** HOLE CARDS ***
50CandyJoe: raises $1.20 to $2.20
lendogin: folds 
vezis3: folds 
Seavus10: folds 
Rysiff: folds 
Uncalled bet ($1.20) returned to 50CandyJoe
50CandyJoe collected $2.50 from pot
50CandyJoe: doesn't show hand 
*** SUMMARY ***
Total pot $2.50 | Rake $0 
Seat 1: vezis3 (button) folded before Flop (didn't bet)
Seat 2: Seavus10 (small blind) folded before Flop
Seat 3: Rysiff (big blind) folded before Flop
Seat 4: 50CandyJoe collected ($2.50)
Seat 5: lendogin folded before Flop (didn't bet)



PokerStars Hand #254760589850:  Hold'em No Limit ($0.50/$1.00 USD) - 2025/02/07 3:00:42 WET [2025/02/07 22:00:42 ET]
Table 'Hagar' 6-max Seat #2 is the button
Seat 1: vezis3 ($138.64 in chips) 
Seat 2: Seavus10 ($101 in chips) 
Seat 3: Rysiff ($100 in chips) 
Seat 4: 50CandyJoe ($106.95 in chips) 
Seat 5: lendogin ($14.20 in chips) 
Rysiff: posts small blind $0.50
50CandyJoe: posts big blind $1
*** HOLE CARDS ***
lendogin: folds 
vezis3: raises $1.40 to $2.40
Seavus10: folds 
Rysiff: raises $8.60 to $11
50CandyJoe: folds 
vezis3: calls $8.60
*** FLOP *** [8c 3s 4s]
Rysiff: bets $10.93
vezis3: calls $10.93
*** TURN *** [8c 3s 4s] [Ks]
Rysiff: checks 
vezis3: checks 
*** RIVER *** [8c 3s 4s Ks] [Td]
Rysiff: bets $34.10
vezis3: folds 
Uncalled bet ($34.10) returned to Rysiff
Rysiff collected $42.62 from pot
Rysiff: doesn't show hand 
*** SUMMARY ***
Total pot $44.86 | Rake $2.24 
Board [8c 3s 4s Ks Td]
Seat 1: vezis3 folded on the River
Seat 2: Seavus10 (button) folded before Flop (didn't bet)
Seat 3: Rysiff (small blind) collected ($42.62)
Seat 4: 50CandyJoe (big blind) folded before Flop
Seat 5: lendogin folded before Flop (didn't bet)



PokerStars Hand #254760604861:  Hold'em No Limit ($0.50/$1.00 USD) - 2025/02/07 3:02:21 WET [2025/02/07 22:02:21 ET]
Table 'Hagar' 6-max Seat #3 is the button
Seat 1: vezis3 ($116.71 in chips) 
Seat 2: Seavus10 ($101 in chips) 
Seat 3: Rysiff ($120.69 in chips) 
Seat 4: 50CandyJoe ($105.95 in chips) 
Seat 5: lendogin ($14.20 in chips) 
50CandyJoe: posts small blind $0.50
lendogin: posts big blind $1
*** HOLE CARDS ***
vezis3: folds 
Seavus10: folds 
Rysiff: raises $1.50 to $2.50
50CandyJoe: folds 
lendogin: calls $1.50
*** FLOP *** [3h 6c 5h]
lendogin: bets $11.70 and is all-in
Rysiff: folds 
Uncalled bet ($11.70) returned to lendogin
lendogin collected $5.22 from pot
*** SUMMARY ***
Total pot $5.50 | Rake $0.28 
Board [3h 6c 5h]
Seat 1: vezis3 folded before Flop (didn't bet)
Seat 2: Seavus10 folded before Flop (didn't bet)
Seat 3: Rysiff (button) folded on the Flop
Seat 4: 50CandyJoe (small blind) folded before Flop
Seat 5: lendogin (big blind) collected ($5.22)



PokerStars Hand #254760609624:  Hold'em No Limit ($0.50/$1.00 USD) - 2025/02/07 3:02:51 WET [2025/02/07 22:02:51 ET]
Table 'Hagar' 6-max Seat #4 is the button
Seat 1: vezis3 ($116.71 in chips) 
Seat 2: Seavus10 ($101 in chips) 
Seat 3: Rysiff ($118.19 in chips) 
Seat 4: 50CandyJoe ($105.45 in chips) 
Seat 5: lendogin ($16.92 in chips) 
lendogin: posts small blind $0.50
vezis3: posts big blind $1
*** HOLE CARDS ***
amphii joins the table at seat #6 
Seavus10: raises $1.20 to $2.20
Rysiff: folds 
50CandyJoe: folds 
Rysiff leaves the table
lendogin: folds 
vezis3: folds 
Uncalled bet ($1.20) returned to Seavus10
Seavus10 collected $2.50 from pot
Seavus10: doesn't show hand 
*** SUMMARY ***
Total pot $2.50 | Rake $0 
Seat 1: vezis3 (big blind) folded before Flop
Seat 2: Seavus10 collected ($2.50)
Seat 3: Rysiff folded before Flop (didn't bet)
Seat 4: 50CandyJoe (button) folded before Flop (didn't bet)
Seat 5: lendogin (small blind) folded before Flop



PokerStars Hand #254760612370:  Hold'em No Limit ($0.50/$1.00 USD) - 2025/02/07 3:03:09 WET [2025/02/07 22:03:09 ET]
Table 'Hagar' 6-max Seat #5 is the button
Seat 6: amphii ($20 in chips) is sitting out
Seat 1: vezis3 ($115.71 in chips) 
Seat 2: Seavus10 ($102.50 in chips) 
Seat 4: 50CandyJoe ($105.45 in chips) 
Seat 5: lendogin ($16.42 in chips) 
vezis3: posts small blind $0.50
Seavus10: posts big blind $1
*** HOLE CARDS ***
50CandyJoe: raises $1.20 to $2.20
lendogin: raises $14.22 to $16.42 and is all-in
vezis3: calls $15.92
Seavus10: folds 
50CandyJoe: folds 
*** FLOP *** [Tc 7s Ac]
*** TURN *** [Tc 7s Ac] [2c]
*** RIVER *** [Tc 7s Ac 2c] [2h]
*** SHOW DOWN ***
vezis3: shows [Kh As] (two pair, Aces and Deuces)
lendogin: shows [Ks Jd] (a pair of Deuces)
vezis3 collected $35.04 from pot
*** SUMMARY ***
Total pot $36.04 | Rake $1 
Board [Tc 7s Ac 2c 2h]
Seat 6: amphii
Seat 1: vezis3 (small blind) showed [Kh As] and won ($35.04) with two pair, Aces and Deuces
Seat 2: Seavus10 (big blind) folded before Flop
Seat 4: 50CandyJoe folded before Flop
Seat 5: lendogin (button) showed [Ks Jd] and lost with a pair of Deuces



PokerStars Hand #254760714978:  Hold'em No Limit ($0.50/$1.00 USD) - 2025/02/07 3:14:46 WET [2025/02/07 22:14:46 ET]
Table 'Hagar' 6-max Seat #2 is the button
Seat 2: Seavus10 ($101.50 in chips) 
Seat 4: Weewillis101 ($100 in chips) 
Seavus10: posts small blind $0.50
Weewillis101: posts big blind $1
*** HOLE CARDS ***
Seavus10: raises $1.50 to $2.50
amphii joins the table at seat #6 
Weewillis101: folds 
Uncalled bet ($1.50) returned to Seavus10
Seavus10 collected $2 from pot
Seavus10: doesn't show hand 
*** SUMMARY ***
Total pot $2 | Rake $0 
Seat 2: Seavus10 (button) (small blind) collected ($2)
Seat 4: Weewillis101 (big blind) folded before Flop



PokerStars Hand #254760717100:  Hold'em No Limit ($0.50/$1.00 USD) - 2025/02/07 3:15:01 WET [2025/02/07 22:15:01 ET]
Table 'Hagar' 6-max Seat #2 is the button
Seat 2: Seavus10 ($102.50 in chips) 
Seat 4: Weewillis101 ($99 in chips) 
Seat 6: amphii ($20 in chips) 
Weewillis101: posts small blind $0.50
amphii: posts big blind $1
*** HOLE CARDS ***
Seavus10: folds 
Weewillis101: calls $0.50
amphii: checks 
*** FLOP *** [3h Ah 3c]
Weewillis101: checks 
amphii: checks 
*** TURN *** [3h Ah 3c] [Jd]
Weewillis101: checks 
amphii: bets $1.43
Weewillis101: calls $1.43
*** RIVER *** [3h Ah 3c Jd] [9c]
Weewillis101: checks 
amphii: bets $4.62
Weewillis101: calls $4.62
*** SHOW DOWN ***
amphii: shows [7d 3d] (three of a kind, Threes)
Weewillis101: mucks hand 
amphii collected $13.40 from pot
*** SUMMARY ***
Total pot $14.10 | Rake $0.70 
Board [3h Ah 3c Jd 9c]
Seat 2: Seavus10 (button) folded before Flop (didn't bet)
Seat 4: Weewillis101 (small blind) mucked
Seat 6: amphii (big blind) showed [7d 3d] and won ($13.40) with three of a kind, Threes



PokerStars Hand #254760721288:  Hold'em No Limit ($0.50/$1.00 USD) - 2025/02/07 3:15:31 WET [2025/02/07 22:15:31 ET]
Table 'Hagar' 6-max Seat #4 is the button
Seat 2: Seavus10 ($102.50 in chips) 
Seat 4: Weewillis101 ($91.95 in chips) 
Seat 6: amphii ($26.35 in chips) 
amphii: posts small blind $0.50
Seavus10: posts big blind $1
*** HOLE CARDS ***
Weewillis101: folds 
amphii: raises $1.50 to $2.50
Seavus10: raises $5.50 to $8
amphii: folds 
Uncalled bet ($5.50) returned to Seavus10
Seavus10 collected $5 from pot
Seavus10: doesn't show hand 
*** SUMMARY ***
Total pot $5 | Rake $0 
Seat 2: Seavus10 (big blind) collected ($5)
Seat 4: Weewillis101 (button) folded before Flop (didn't bet)
Seat 6: amphii (small blind) folded before Flop



PokerStars Hand #254760723958:  Hold'em No Limit ($0.50/$1.00 USD) - 2025/02/07 3:15:50 WET [2025/02/07 22:15:50 ET]
Table 'Hagar' 6-max Seat #6 is the button
Seat 2: Seavus10 ($105 in chips) 
Seat 4: Weewillis101 ($91.95 in chips) 
Seat 6: amphii ($23.85 in chips) 
Seavus10: posts small blind $0.50
nastja336 joins the table at seat #1 
2g2betrue joins the table at seat #5 
Weewillis101: posts big blind $1
*** HOLE CARDS ***
amphii: folds 
pr0tecto joins the table at seat #3 
Seavus10: raises $2 to $3
Weewillis101: folds 
Uncalled bet ($2) returned to Seavus10
Seavus10 collected $2 from pot
Seavus10: doesn't show hand 
*** SUMMARY ***
Total pot $2 | Rake $0 
Seat 2: Seavus10 (small blind) collected ($2)
Seat 4: Weewillis101 (big blind) folded before Flop
Seat 6: amphii (button) folded before Flop (didn't bet)



PokerStars Hand #254760725453:  Hold'em No Limit ($0.50/$1.00 USD) - 2025/02/07 3:16:01 WET [2025/02/07 22:16:01 ET]
Table 'Hagar' 6-max Seat #2 is the button
Seat 1: nastja336 ($100 in chips) is sitting out
Seat 3: pr0tecto ($100 in chips) is sitting out
Seat 2: Seavus10 ($106 in chips) 
Seat 4: Weewillis101 ($90.95 in chips) 
Seat 5: 2g2betrue ($46.56 in chips) 
Seat 6: amphii ($23.85 in chips) 
Weewillis101: posts small blind $0.50
2g2betrue: posts big blind $1
nastja336: sits out 
*** HOLE CARDS ***
amphii: raises $1 to $2
Seavus10: folds 
Weewillis101: folds 
2g2betrue: folds 
Uncalled bet ($1) returned to amphii
amphii collected $2.50 from pot
amphii: doesn't show hand 
*** SUMMARY ***
Total pot $2.50 | Rake $0 
Seat 1: nastja336
Seat 3: pr0tecto
Seat 2: Seavus10 (button) folded before Flop (didn't bet)
Seat 4: Weewillis101 (small blind) folded before Flop
Seat 5: 2g2betrue (big blind) folded before Flop
Seat 6: amphii collected ($2.50)



PokerStars Hand #254760727745:  Hold'em No Limit ($0.50/$1.00 USD) - 2025/02/07 3:16:16 WET [2025/02/07 22:16:16 ET]
Table 'Hagar' 6-max Seat #4 is the button
Seat 1: nastja336 ($100 in chips) is sitting out
Seat 3: pr0tecto ($100 in chips) is sitting out
Seat 2: Seavus10 ($106 in chips) 
Seat 4: Weewillis101 ($90.45 in chips) 
Seat 5: 2g2betrue ($45.56 in chips) 
Seat 6: amphii ($25.35 in chips) 
2g2betrue: posts small blind $0.50
amphii: posts big blind $1
nastja336: sits out 
pr0tecto: sits out 
*** HOLE CARDS ***
Seavus10: folds 
Weewillis101: folds 
2g2betrue: raises $1.80 to $2.80
amphii: calls $1.80
*** FLOP *** [Qh 2s 2d]
2g2betrue: bets $2.60
amphii: folds 
Uncalled bet ($2.60) returned to 2g2betrue
2g2betrue collected $5.32 from pot
2g2betrue: doesn't show hand 
*** SUMMARY ***
Total pot $5.60 | Rake $0.28 
Board [Qh 2s 2d]
Seat 1: nastja336
Seat 3: pr0tecto
Seat 2: Seavus10 folded before Flop (didn't bet)
Seat 4: Weewillis101 (button) folded before Flop (didn't bet)
Seat 5: 2g2betrue (small blind) collected ($5.32)
Seat 6: amphii (big blind) folded on the Flop



PokerStars Hand #254760731974:  Hold'em No Limit ($0.50/$1.00 USD) - 2025/02/07 3:16:46 WET [2025/02/07 22:16:46 ET]
Table 'Hagar' 6-max Seat #5 is the button
Seat 3: pr0tecto ($100 in chips) is sitting out
Seat 1: nastja336 ($100 in chips) 
Seat 2: Seavus10 ($106 in chips) 
Seat 4: Weewillis101 ($90.45 in chips) 
Seat 5: 2g2betrue ($48.08 in chips) 
Seat 6: amphii ($22.55 in chips) 
amphii: posts small blind $0.50
nastja336: posts big blind $1
pr0tecto: sits out 
*** HOLE CARDS ***
Seavus10: folds 
Weewillis101: folds 
2g2betrue: raises $1.60 to $2.60
amphii: folds 
nastja336: folds 
Uncalled bet ($1.60) returned to 2g2betrue
2g2betrue collected $2.50 from pot
2g2betrue: doesn't show hand 
*** SUMMARY ***
Total pot $2.50 | Rake $0 
Seat 3: pr0tecto
Seat 1: nastja336 (big blind) folded before Flop
Seat 2: Seavus10 folded before Flop (didn't bet)
Seat 4: Weewillis101 folded before Flop (didn't bet)
Seat 5: 2g2betrue (button) collected ($2.50)
Seat 6: amphii (small blind) folded before Flop



PokerStars Hand #254760734616:  Hold'em No Limit ($0.50/$1.00 USD) - 2025/02/07 3:17:05 WET [2025/02/07 22:17:05 ET]
Table 'Hagar' 6-max Seat #6 is the button
Seat 3: pr0tecto ($100 in chips) is sitting out
Seat 1: nastja336 ($100 in chips) 
Seat 2: Seavus10 ($106 in chips) 
Seat 4: Weewillis101 ($90.45 in chips) 
Seat 5: 2g2betrue ($49.58 in chips) 
Seat 6: amphii ($22.05 in chips) 
nastja336: posts small blind $0.50
Seavus10: posts big blind $1
pr0tecto: sits out 
*** HOLE CARDS ***
Weewillis101: folds 
2g2betrue: raises $1.60 to $2.60
amphii: folds 
nastja336: folds 
Seavus10: folds 
Uncalled bet ($1.60) returned to 2g2betrue
2g2betrue collected $2.50 from pot
2g2betrue: doesn't show hand 
*** SUMMARY ***
Total pot $2.50 | Rake $0 
Seat 3: pr0tecto
Seat 1: nastja336 (small blind) folded before Flop
Seat 2: Seavus10 (big blind) folded before Flop
Seat 4: Weewillis101 folded before Flop (didn't bet)
Seat 5: 2g2betrue collected ($2.50)
Seat 6: amphii (button) folded before Flop (didn't bet)



PokerStars Hand #254760738984:  Hold'em No Limit ($0.50/$1.00 USD) - 2025/02/07 3:17:36 WET [2025/02/07 22:17:36 ET]
Table 'Hagar' 6-max Seat #1 is the button
Seat 1: nastja336 ($100 in chips) 
Seat 2: Seavus10 ($105 in chips) 
Seat 3: pr0tecto ($100 in chips) 
Seat 4: Weewillis101 ($90.45 in chips) 
Seat 5: 2g2betrue ($51.08 in chips) 
Seat 6: amphii ($22.05 in chips) 
Seavus10: posts small blind $0.50
pr0tecto: posts big blind $1
*** HOLE CARDS ***
Weewillis101: folds 
2g2betrue: folds 
amphii: folds 
nastja336: folds 
Seavus10: raises $2 to $3
pr0tecto: raises $6 to $9
Seavus10: folds 
Uncalled bet ($6) returned to pr0tecto
pr0tecto collected $6 from pot
pr0tecto: doesn't show hand 
*** SUMMARY ***
Total pot $6 | Rake $0 
Seat 1: nastja336 (button) folded before Flop (didn't bet)
Seat 2: Seavus10 (small blind) folded before Flop
Seat 3: pr0tecto (big blind) collected ($6)
Seat 4: Weewillis101 folded before Flop (didn't bet)
Seat 5: 2g2betrue folded before Flop (didn't bet)
Seat 6: amphii folded before Flop (didn't bet)



PokerStars Hand #254760743226:  Hold'em No Limit ($0.50/$1.00 USD) - 2025/02/07 3:18:06 WET [2025/02/07 22:18:06 ET]
Table 'Hagar' 6-max Seat #2 is the button
Seat 1: nastja336 ($100 in chips) 
Seat 2: Seavus10 ($102 in chips) 
Seat 3: pr0tecto ($103 in chips) 
Seat 4: Weewillis101 ($90.45 in chips) 
Seat 5: 2g2betrue ($51.08 in chips) 
Seat 6: amphii ($22.05 in chips) 
pr0tecto: posts small blind $0.50
Weewillis101: posts big blind $1
*** HOLE CARDS ***
2g2betrue: folds 
amphii: folds 
nastja336: folds 
Seavus10: folds 
pr0tecto: folds 
Uncalled bet ($0.50) returned to Weewillis101
Weewillis101 collected $1 from pot
*** SUMMARY ***
Total pot $1 | Rake $0 
Seat 1: nastja336 folded before Flop (didn't bet)
Seat 2: Seavus10 (button) folded before Flop (didn't bet)
Seat 3: pr0tecto (small blind) folded before Flop
Seat 4: Weewillis101 (big blind) collected ($1)
Seat 5: 2g2betrue folded before Flop (didn't bet)
Seat 6: amphii folded before Flop (didn't bet)



PokerStars Hand #254760745179:  Hold'em No Limit ($0.50/$1.00 USD) - 2025/02/07 3:18:19 WET [2025/02/07 22:18:19 ET]
Table 'Hagar' 6-max Seat #3 is the button
Seat 1: nastja336 ($100 in chips) 
Seat 2: Seavus10 ($102 in chips) 
Seat 3: pr0tecto ($102.50 in chips) 
Seat 4: Weewillis101 ($90.95 in chips) 
Seat 5: 2g2betrue ($51.08 in chips) 
Seat 6: amphii ($22.05 in chips) 
Weewillis101: posts small blind $0.50
2g2betrue: posts big blind $1
*** HOLE CARDS ***
amphii: folds 
nastja336: folds 
Seavus10: folds 
pr0tecto: raises $2 to $3
Weewillis101: folds 
2g2betrue: calls $2
*** FLOP *** [4d 2c As]
2g2betrue: checks 
pr0tecto: bets $2.04
2g2betrue: folds 
Uncalled bet ($2.04) returned to pr0tecto
pr0tecto collected $6.18 from pot
pr0tecto: doesn't show hand 
*** SUMMARY ***
Total pot $6.50 | Rake $0.32 
Board [4d 2c As]
Seat 1: nastja336 folded before Flop (didn't bet)
Seat 2: Seavus10 folded before Flop (didn't bet)
Seat 3: pr0tecto (button) collected ($6.18)
Seat 4: Weewillis101 (small blind) folded before Flop
Seat 5: 2g2betrue (big blind) folded on the Flop
Seat 6: amphii folded before Flop (didn't bet)



PokerStars Hand #254760749917:  Hold'em No Limit ($0.50/$1.00 USD) - 2025/02/07 3:18:52 WET [2025/02/07 22:18:52 ET]
Table 'Hagar' 6-max Seat #4 is the button
Seat 1: nastja336 ($100 in chips) 
Seat 2: Seavus10 ($102 in chips) 
Seat 3: pr0tecto ($105.68 in chips) 
Seat 4: Weewillis101 ($90.45 in chips) 
Seat 5: 2g2betrue ($48.08 in chips) 
Seat 6: amphii ($22.05 in chips) 
2g2betrue: posts small blind $0.50
amphii: posts big blind $1
*** HOLE CARDS ***
nastja336: raises $1.50 to $2.50
Seavus10: folds 
pr0tecto: folds 
Weewillis101: calls $2.50
2g2betrue: raises $6 to $8.50
amphii: folds 
nastja336: raises $91.50 to $100 and is all-in
Weewillis101: folds 
2g2betrue: calls $39.58 and is all-in
Uncalled bet ($51.92) returned to nastja336
*** FLOP *** [6d Kc 2d]
*** TURN *** [6d Kc 2d] [Th]
*** RIVER *** [6d Kc 2d Th] [9d]
*** SHOW DOWN ***
2g2betrue: shows [Kd Kh] (three of a kind, Kings)
nastja336: shows [Ad Ks] (a pair of Kings)
2g2betrue collected $97.16 from pot
*** SUMMARY ***
Total pot $99.66 | Rake $2.50 
Board [6d Kc 2d Th 9d]
Seat 1: nastja336 showed [Ad Ks] and lost with a pair of Kings
Seat 2: Seavus10 folded before Flop (didn't bet)
Seat 3: pr0tecto folded before Flop (didn't bet)
Seat 4: Weewillis101 (button) folded before Flop
Seat 5: 2g2betrue (small blind) showed [Kd Kh] and won ($97.16) with three of a kind, Kings
Seat 6: amphii (big blind) folded before Flop



PokerStars Hand #254760757410:  Hold'em No Limit ($0.50/$1.00 USD) - 2025/02/07 3:19:46 WET [2025/02/07 22:19:46 ET]
Table 'Hagar' 6-max Seat #5 is the button
Seat 1: nastja336 ($100 in chips) is sitting out
Seat 2: Seavus10 ($102 in chips) 
Seat 3: pr0tecto ($105.68 in chips) 
Seat 4: Weewillis101 ($87.95 in chips) 
Seat 5: 2g2betrue ($97.16 in chips) 
Seat 6: amphii ($21.05 in chips) 
amphii: posts small blind $0.50
nastja336: is sitting out 
Seavus10: posts big blind $1
*** HOLE CARDS ***
nastja336 leaves the table
pr0tecto: raises $1.10 to $2.10
vezis3 joins the table at seat #1 
Weewillis101: folds 
2g2betrue: folds 
amphii: folds 
Seavus10: calls $1.10
*** FLOP *** [9d 7h 7c]
Seavus10: checks 
pr0tecto: bets $1.47
Seavus10: raises $3.44 to $4.91
pr0tecto: calls $3.44
*** TURN *** [9d 7h 7c] [Qs]
Seavus10: checks 
pr0tecto: checks 
*** RIVER *** [9d 7h 7c Qs] [4d]
Seavus10: checks 
pr0tecto: bets $4
Seavus10: calls $4
*** SHOW DOWN ***
pr0tecto: shows [3d Ad] (a pair of Sevens)
Seavus10: shows [Ac 9s] (two pair, Nines and Sevens)
Seavus10 collected $21.39 from pot
*** SUMMARY ***
Total pot $22.52 | Rake $1.13 
Board [9d 7h 7c Qs 4d]
Seat 1: nastja336
Seat 2: Seavus10 (big blind) showed [Ac 9s] and won ($21.39) with two pair, Nines and Sevens
Seat 3: pr0tecto showed [3d Ad] and lost with a pair of Sevens
Seat 4: Weewillis101 folded before Flop (didn't bet)
Seat 5: 2g2betrue (button) folded before Flop (didn't bet)
Seat 6: amphii (small blind) folded before Flop



PokerStars Hand #254760768436:  Hold'em No Limit ($0.50/$1.00 USD) - 2025/02/07 3:21:03 WET [2025/02/07 22:21:03 ET]
Table 'Hagar' 6-max Seat #6 is the button
Seat 1: vezis3 ($134.33 in chips) is sitting out
Seat 2: Seavus10 ($112.38 in chips) 
Seat 3: pr0tecto ($100 in chips) 
Seat 4: Weewillis101 ($87.95 in chips) 
Seat 5: 2g2betrue ($97.16 in chips) 
Seat 6: amphii ($20.55 in chips) 
Seavus10: posts small blind $0.50
pr0tecto: posts big blind $1
*** HOLE CARDS ***
Weewillis101: folds 
2g2betrue: raises $1.80 to $2.80
amphii: folds 
Seavus10: folds 
pr0tecto: folds 
Uncalled bet ($1.80) returned to 2g2betrue
2g2betrue collected $2.50 from pot
2g2betrue: doesn't show hand 
*** SUMMARY ***
Total pot $2.50 | Rake $0 
Seat 1: vezis3
Seat 2: Seavus10 (small blind) folded before Flop
Seat 3: pr0tecto (big blind) folded before Flop
Seat 4: Weewillis101 folded before Flop (didn't bet)
Seat 5: 2g2betrue collected ($2.50)
Seat 6: amphii (button) folded before Flop (didn't bet)



PokerStars Hand #254760770754:  Hold'em No Limit ($0.50/$1.00 USD) - 2025/02/07 3:21:20 WET [2025/02/07 22:21:20 ET]
Table 'Hagar' 6-max Seat #2 is the button
Seat 1: vezis3 ($134.33 in chips) is sitting out
Seat 2: Seavus10 ($111.88 in chips) 
Seat 3: pr0tecto ($99 in chips) 
Seat 4: Weewillis101 ($87.95 in chips) 
Seat 5: 2g2betrue ($98.66 in chips) 
Seat 6: amphii ($20.55 in chips) 
pr0tecto: posts small blind $0.50
Weewillis101: posts big blind $1
vezis3: sits out 
*** HOLE CARDS ***
2g2betrue: folds 
amphii: folds 
Seavus10: folds 
pr0tecto: raises $1.24 to $2.24
Weewillis101: calls $1.24
*** FLOP *** [8h 8s Tc]
pr0tecto: checks 
Weewillis101: checks 
*** TURN *** [8h 8s Tc] [2c]
pr0tecto: checks 
Weewillis101: checks 
*** RIVER *** [8h 8s Tc 2c] [6c]
pr0tecto: bets $4.26
Weewillis101: raises $4.26 to $8.52
pr0tecto: folds 
Uncalled bet ($4.26) returned to Weewillis101
Weewillis101 collected $12.35 from pot
*** SUMMARY ***
Total pot $13 | Rake $0.65 
Board [8h 8s Tc 2c 6c]
Seat 1: vezis3
Seat 2: Seavus10 (button) folded before Flop (didn't bet)
Seat 3: pr0tecto (small blind) folded on the River
Seat 4: Weewillis101 (big blind) collected ($12.35)
Seat 5: 2g2betrue folded before Flop (didn't bet)
Seat 6: amphii folded before Flop (didn't bet)



PokerStars Hand #254760778242:  Hold'em No Limit ($0.50/$1.00 USD) - 2025/02/07 3:22:14 WET [2025/02/07 22:22:14 ET]
Table 'Hagar' 6-max Seat #3 is the button
Seat 1: vezis3 ($134.33 in chips) is sitting out
Seat 2: Seavus10 ($111.88 in chips) 
Seat 3: pr0tecto ($100 in chips) 
Seat 4: Weewillis101 ($93.80 in chips) 
Seat 5: 2g2betrue ($98.66 in chips) 
Seat 6: amphii ($20.55 in chips) 
Weewillis101: posts small blind $0.50
2g2betrue: posts big blind $1
vezis3: sits out 
*** HOLE CARDS ***
amphii: folds 
Seavus10: raises $1.20 to $2.20
pr0tecto: folds 
Weewillis101: folds 
2g2betrue: calls $1.20
*** FLOP *** [3d 3c Jc]
2g2betrue: checks 
Seavus10: bets $1.55
2g2betrue: folds 
Uncalled bet ($1.55) returned to Seavus10
Seavus10 collected $4.66 from pot
Seavus10: doesn't show hand 
*** SUMMARY ***
Total pot $4.90 | Rake $0.24 
Board [3d 3c Jc]
Seat 1: vezis3
Seat 2: Seavus10 collected ($4.66)
Seat 3: pr0tecto (button) folded before Flop (didn't bet)
Seat 4: Weewillis101 (small blind) folded before Flop
Seat 5: 2g2betrue (big blind) folded on the Flop
Seat 6: amphii folded before Flop (didn't bet)



PokerStars Hand #254760781600:  Hold'em No Limit ($0.50/$1.00 USD) - 2025/02/07 3:22:37 WET [2025/02/07 22:22:37 ET]
Table 'Hagar' 6-max Seat #4 is the button
Seat 1: vezis3 ($134.33 in chips) is sitting out
Seat 2: Seavus10 ($114.34 in chips) 
Seat 3: pr0tecto ($100 in chips) 
Seat 4: Weewillis101 ($93.30 in chips) 
Seat 5: 2g2betrue ($96.46 in chips) 
Seat 6: amphii ($20.55 in chips) 
2g2betrue: posts small blind $0.50
amphii: posts big blind $1
vezis3: sits out 
*** HOLE CARDS ***
Seavus10: raises $1.20 to $2.20
pr0tecto: folds 
Weewillis101: folds 
2g2betrue: calls $1.70
amphii: folds 
*** FLOP *** [4h 8h 2c]
2g2betrue: checks 
Seavus10: bets $3.85
2g2betrue: calls $3.85
*** TURN *** [4h 8h 2c] [2h]
2g2betrue: checks 
Seavus10: bets $8.33
2g2betrue: folds 
Uncalled bet ($8.33) returned to Seavus10
Seavus10 collected $12.44 from pot
Seavus10: doesn't show hand 
*** SUMMARY ***
Total pot $13.10 | Rake $0.66 
Board [4h 8h 2c 2h]
Seat 1: vezis3
Seat 2: Seavus10 collected ($12.44)
Seat 3: pr0tecto folded before Flop (didn't bet)
Seat 4: Weewillis101 (button) folded before Flop (didn't bet)
Seat 5: 2g2betrue (small blind) folded on the Turn
Seat 6: amphii (big blind) folded before Flop



PokerStars Hand #254760788977:  Hold'em No Limit ($0.50/$1.00 USD) - 2025/02/07 3:23:29 WET [2025/02/07 22:23:29 ET]
Table 'Hagar' 6-max Seat #5 is the button
Seat 1: vezis3 ($134.33 in chips) 
Seat 2: Seavus10 ($120.73 in chips) 
Seat 3: pr0tecto ($100 in chips) 
Seat 4: Weewillis101 ($93.30 in chips) 
Seat 5: 2g2betrue ($90.41 in chips) 
Seat 6: amphii ($20 in chips) 
amphii: posts small blind $0.50
vezis3: posts big blind $1
*** HOLE CARDS ***
Seavus10: folds 
pr0tecto: folds 
Weewillis101: folds 
2g2betrue: raises $1.80 to $2.80
amphii: folds 
vezis3: calls $1.80
*** FLOP *** [2s 8h 4d]
vezis3: checks 
2g2betrue: bets $2.80
vezis3: folds 
Uncalled bet ($2.80) returned to 2g2betrue
2g2betrue collected $5.80 from pot
2g2betrue: doesn't show hand 
*** SUMMARY ***
Total pot $6.10 | Rake $0.30 
Board [2s 8h 4d]
Seat 1: vezis3 (big blind) folded on the Flop
Seat 2: Seavus10 folded before Flop (didn't bet)
Seat 3: pr0tecto folded before Flop (didn't bet)
Seat 4: Weewillis101 folded before Flop (didn't bet)
Seat 5: 2g2betrue (button) collected ($5.80)
Seat 6: amphii (small blind) folded before Flop



PokerStars Hand #254760792976:  Hold'em No Limit ($0.50/$1.00 USD) - 2025/02/07 3:23:57 WET [2025/02/07 22:23:57 ET]
Table 'Hagar' 6-max Seat #6 is the button
Seat 1: vezis3 ($131.53 in chips) 
Seat 2: Seavus10 ($120.73 in chips) 
Seat 3: pr0tecto ($100 in chips) 
Seat 4: Weewillis101 ($93.30 in chips) 
Seat 5: 2g2betrue ($93.41 in chips) 
Seat 6: amphii ($20 in chips) 
vezis3: posts small blind $0.50
Seavus10: posts big blind $1
*** HOLE CARDS ***
pr0tecto: folds 
Weewillis101: folds 
2g2betrue: folds 
amphii: folds 
vezis3: raises $2 to $3
Seavus10: raises $6 to $9
vezis3: folds 
Uncalled bet ($6) returned to Seavus10
Seavus10 collected $6 from pot
Seavus10: doesn't show hand 
*** SUMMARY ***
Total pot $6 | Rake $0 
Seat 1: vezis3 (small blind) folded before Flop
Seat 2: Seavus10 (big blind) collected ($6)
Seat 3: pr0tecto folded before Flop (didn't bet)
Seat 4: Weewillis101 folded before Flop (didn't bet)
Seat 5: 2g2betrue folded before Flop (didn't bet)
Seat 6: amphii (button) folded before Flop (didn't bet)



PokerStars Hand #254760795015:  Hold'em No Limit ($0.50/$1.00 USD) - 2025/02/07 3:24:12 WET [2025/02/07 22:24:12 ET]
Table 'Hagar' 6-max Seat #1 is the button
Seat 1: vezis3 ($128.53 in chips) 
Seat 2: Seavus10 ($123.73 in chips) 
Seat 3: pr0tecto ($100 in chips) 
Seat 4: Weewillis101 ($93.30 in chips) 
Seat 5: 2g2betrue ($93.41 in chips) 
Seat 6: amphii ($20 in chips) 
Seavus10: posts small blind $0.50
pr0tecto: posts big blind $1
*** HOLE CARDS ***
Weewillis101: raises $1 to $2
2g2betrue: folds 
amphii: folds 
vezis3: folds 
Seavus10: folds 
pr0tecto: folds 
Uncalled bet ($1) returned to Weewillis101
Weewillis101 collected $2.50 from pot
*** SUMMARY ***
Total pot $2.50 | Rake $0 
Seat 1: vezis3 (button) folded before Flop (didn't bet)
Seat 2: Seavus10 (small blind) folded before Flop
Seat 3: pr0tecto (big blind) folded before Flop
Seat 4: Weewillis101 collected ($2.50)
Seat 5: 2g2betrue folded before Flop (didn't bet)
Seat 6: amphii folded before Flop (didn't bet)



PokerStars Hand #254760798016:  Hold'em No Limit ($0.50/$1.00 USD) - 2025/02/07 3:24:33 WET [2025/02/07 22:24:33 ET]
Table 'Hagar' 6-max Seat #2 is the button
Seat 1: vezis3 ($128.53 in chips) 
Seat 2: Seavus10 ($123.23 in chips) 
Seat 3: pr0tecto ($99 in chips) 
Seat 4: Weewillis101 ($94.80 in chips) 
Seat 5: 2g2betrue ($93.41 in chips) 
Seat 6: amphii ($20 in chips) 
pr0tecto: posts small blind $0.50
Weewillis101: posts big blind $1
*** HOLE CARDS ***
2g2betrue: folds 
amphii: raises $1.50 to $2.50
vezis3: folds 
Seavus10: folds 
pr0tecto: folds 
Weewillis101: folds 
Uncalled bet ($1.50) returned to amphii
amphii collected $2.50 from pot
amphii: doesn't show hand 
*** SUMMARY ***
Total pot $2.50 | Rake $0 
Seat 1: vezis3 folded before Flop (didn't bet)
Seat 2: Seavus10 (button) folded before Flop (didn't bet)
Seat 3: pr0tecto (small blind) folded before Flop
Seat 4: Weewillis101 (big blind) folded before Flop
Seat 5: 2g2betrue folded before Flop (didn't bet)
Seat 6: amphii collected ($2.50)



PokerStars Hand #254760800533:  Hold'em No Limit ($0.50/$1.00 USD) - 2025/02/07 3:24:51 WET [2025/02/07 22:24:51 ET]
Table 'Hagar' 6-max Seat #3 is the button
Seat 1: vezis3 ($128.53 in chips) 
Seat 2: Seavus10 ($123.23 in chips) 
Seat 3: pr0tecto ($100 in chips) 
Seat 4: Weewillis101 ($93.80 in chips) 
Seat 5: 2g2betrue ($93.41 in chips) 
Seat 6: amphii ($21.50 in chips) 
Weewillis101: posts small blind $0.50
2g2betrue: posts big blind $1
*** HOLE CARDS ***
amphii: folds 
vezis3: folds 
Seavus10: raises $1.20 to $2.20
pr0tecto: folds 
Weewillis101: folds 
2g2betrue: raises $7.60 to $9.80
Seavus10: calls $7.60
*** FLOP *** [Qc 7h 9h]
2g2betrue: bets $12.50
Seavus10: folds 
Uncalled bet ($12.50) returned to 2g2betrue
2g2betrue collected $19.10 from pot
2g2betrue: doesn't show hand 
*** SUMMARY ***
Total pot $20.10 | Rake $1 
Board [Qc 7h 9h]
Seat 1: vezis3 folded before Flop (didn't bet)
Seat 2: Seavus10 folded on the Flop
Seat 3: pr0tecto (button) folded before Flop (didn't bet)
Seat 4: Weewillis101 (small blind) folded before Flop
Seat 5: 2g2betrue (big blind) collected ($19.10)
Seat 6: amphii folded before Flop (didn't bet)



PokerStars Hand #254760808901:  Hold'em No Limit ($0.50/$1.00 USD) - 2025/02/07 3:25:50 WET [2025/02/07 22:25:50 ET]
Table 'Hagar' 6-max Seat #4 is the button
Seat 1: vezis3 ($128.53 in chips) 
Seat 2: Seavus10 ($113.43 in chips) 
Seat 3: pr0tecto ($100 in chips) 
Seat 4: Weewillis101 ($93.30 in chips) 
Seat 5: 2g2betrue ($102.71 in chips) 
Seat 6: amphii ($21.50 in chips) 
2g2betrue: posts small blind $0.50
amphii: posts big blind $1
*** HOLE CARDS ***
vezis3: folds 
Seavus10: folds 
pr0tecto: folds 
Weewillis101: raises $2 to $3
2g2betrue: folds 
amphii: folds 
Uncalled bet ($2) returned to Weewillis101
Weewillis101 collected $2.50 from pot
*** SUMMARY ***
Total pot $2.50 | Rake $0 
Seat 1: vezis3 folded before Flop (didn't bet)
Seat 2: Seavus10 folded before Flop (didn't bet)
Seat 3: pr0tecto folded before Flop (didn't bet)
Seat 4: Weewillis101 (button) collected ($2.50)
Seat 5: 2g2betrue (small blind) folded before Flop
Seat 6: amphii (big blind) folded before Flop



PokerStars Hand #254760811729:  Hold'em No Limit ($0.50/$1.00 USD) - 2025/02/07 3:26:11 WET [2025/02/07 22:26:11 ET]
Table 'Hagar' 6-max Seat #5 is the button
Seat 1: vezis3 ($128.53 in chips) 
Seat 2: Seavus10 ($113.43 in chips) 
Seat 3: pr0tecto ($100 in chips) 
Seat 4: Weewillis101 ($94.80 in chips) 
Seat 5: 2g2betrue ($102.21 in chips) 
Seat 6: amphii ($20.50 in chips) 
amphii: posts small blind $0.50
vezis3: posts big blind $1
*** HOLE CARDS ***
Seavus10: folds 
pr0tecto: folds 
Weewillis101: folds 
2g2betrue: raises $1.80 to $2.80
amphii: raises $17.70 to $20.50 and is all-in
vezis3: calls $19.50
2g2betrue: folds 
*** FLOP *** [2d 3s 3c]
*** TURN *** [2d 3s 3c] [Kd]
*** RIVER *** [2d 3s 3c Kd] [4s]
*** SHOW DOWN ***
amphii: shows [6d Ad] (a pair of Threes)
vezis3: shows [Th Tc] (two pair, Tens and Threes)
vezis3 collected $41.61 from pot
*** SUMMARY ***
Total pot $43.80 | Rake $2.19 
Board [2d 3s 3c Kd 4s]
Seat 1: vezis3 (big blind) showed [Th Tc] and won ($41.61) with two pair, Tens and Threes
Seat 2: Seavus10 folded before Flop (didn't bet)
Seat 3: pr0tecto folded before Flop (didn't bet)
Seat 4: Weewillis101 folded before Flop (didn't bet)
Seat 5: 2g2betrue (button) folded before Flop
Seat 6: amphii (small blind) showed [6d Ad] and lost with a pair of Threes



PokerStars Hand #254760816266:  Hold'em No Limit ($0.50/$1.00 USD) - 2025/02/07 3:26:43 WET [2025/02/07 22:26:43 ET]
Table 'Hagar' 6-max Seat #6 is the button
Seat 1: vezis3 ($149.64 in chips) 
Seat 2: Seavus10 ($113.43 in chips) 
Seat 3: pr0tecto ($100 in chips) 
Seat 4: Weewillis101 ($94.80 in chips) 
Seat 5: 2g2betrue ($99.41 in chips) 
Seat 6: amphii ($20 in chips) 
vezis3: posts small blind $0.50
Seavus10: posts big blind $1
*** HOLE CARDS ***
pr0tecto: folds 
Weewillis101: calls $1
2g2betrue: folds 
amphii: folds 
vezis3: folds 
Seavus10: checks 
*** FLOP *** [Jh 9c 2h]
Seavus10: checks 
Weewillis101: bets $2
Seavus10: folds 
Uncalled bet ($2) returned to Weewillis101
Weewillis101 collected $2.38 from pot
*** SUMMARY ***
Total pot $2.50 | Rake $0.12 
Board [Jh 9c 2h]
Seat 1: vezis3 (small blind) folded before Flop
Seat 2: Seavus10 (big blind) folded on the Flop
Seat 3: pr0tecto folded before Flop (didn't bet)
Seat 4: Weewillis101 collected ($2.38)
Seat 5: 2g2betrue folded before Flop (didn't bet)
Seat 6: amphii (button) folded before Flop (didn't bet)



PokerStars Hand #254760820219:  Hold'em No Limit ($0.50/$1.00 USD) - 2025/02/07 3:27:11 WET [2025/02/07 22:27:11 ET]
Table 'Hagar' 6-max Seat #1 is the button
Seat 1: vezis3 ($149.14 in chips) 
Seat 2: Seavus10 ($112.43 in chips) 
Seat 3: pr0tecto ($100 in chips) 
Seat 4: Weewillis101 ($96.18 in chips) 
Seat 5: 2g2betrue ($99.41 in chips) 
Seat 6: amphii ($20 in chips) 
Seavus10: posts small blind $0.50
pr0tecto: posts big blind $1
*** HOLE CARDS ***
Weewillis101: folds 
2g2betrue: raises $1.60 to $2.60
amphii: folds 
vezis3: folds 
Seavus10: folds 
pr0tecto: folds 
Uncalled bet ($1.60) returned to 2g2betrue
2g2betrue collected $2.50 from pot
2g2betrue: doesn't show hand 
*** SUMMARY ***
Total pot $2.50 | Rake $0 
Seat 1: vezis3 (button) folded before Flop (didn't bet)
Seat 2: Seavus10 (small blind) folded before Flop
Seat 3: pr0tecto (big blind) folded before Flop
Seat 4: Weewillis101 folded before Flop (didn't bet)
Seat 5: 2g2betrue collected ($2.50)
Seat 6: amphii folded before Flop (didn't bet)



PokerStars Hand #254760823083:  Hold'em No Limit ($0.50/$1.00 USD) - 2025/02/07 3:27:32 WET [2025/02/07 22:27:32 ET]
Table 'Hagar' 6-max Seat #2 is the button
Seat 1: vezis3 ($149.14 in chips) 
Seat 2: Seavus10 ($111.93 in chips) 
Seat 3: pr0tecto ($99 in chips) 
Seat 4: Weewillis101 ($96.18 in chips) 
Seat 5: 2g2betrue ($100.91 in chips) 
Seat 6: amphii ($20 in chips) 
pr0tecto: posts small blind $0.50
Weewillis101: posts big blind $1
*** HOLE CARDS ***
2g2betrue: folds 
amphii: folds 
vezis3: folds 
Seavus10: raises $1.50 to $2.50
pr0tecto: folds 
Weewillis101: raises $5.50 to $8
Seavus10: folds 
Uncalled bet ($5.50) returned to Weewillis101
Weewillis101 collected $5.50 from pot
*** SUMMARY ***
Total pot $5.50 | Rake $0 
Seat 1: vezis3 folded before Flop (didn't bet)
Seat 2: Seavus10 (button) folded before Flop
Seat 3: pr0tecto (small blind) folded before Flop
Seat 4: Weewillis101 (big blind) collected ($5.50)
Seat 5: 2g2betrue folded before Flop (didn't bet)
Seat 6: amphii folded before Flop (didn't bet)



PokerStars Hand #254760826302:  Hold'em No Limit ($0.50/$1.00 USD) - 2025/02/07 3:27:55 WET [2025/02/07 22:27:55 ET]
Table 'Hagar' 6-max Seat #3 is the button
Seat 1: vezis3 ($149.14 in chips) 
Seat 2: Seavus10 ($109.43 in chips) 
Seat 3: pr0tecto ($100 in chips) 
Seat 4: Weewillis101 ($99.18 in chips) 
Seat 5: 2g2betrue ($100.91 in chips) 
Seat 6: amphii ($20 in chips) 
Weewillis101: posts small blind $0.50
2g2betrue: posts big blind $1
*** HOLE CARDS ***
amphii: folds 
vezis3: folds 
Seavus10: folds 
pr0tecto: folds 
Weewillis101: raises $1 to $2
2g2betrue: calls $1
*** FLOP *** [4s 7d 3h]
Weewillis101: bets $2
2g2betrue: folds 
Uncalled bet ($2) returned to Weewillis101
Weewillis101 collected $3.80 from pot
*** SUMMARY ***
Total pot $4 | Rake $0.20 
Board [4s 7d 3h]
Seat 1: vezis3 folded before Flop (didn't bet)
Seat 2: Seavus10 folded before Flop (didn't bet)
Seat 3: pr0tecto (button) folded before Flop (didn't bet)
Seat 4: Weewillis101 (small blind) collected ($3.80)
Seat 5: 2g2betrue (big blind) folded on the Flop
Seat 6: amphii folded before Flop (didn't bet)



PokerStars Hand #254760829820:  Hold'em No Limit ($0.50/$1.00 USD) - 2025/02/07 3:28:21 WET [2025/02/07 22:28:21 ET]
Table 'Hagar' 6-max Seat #4 is the button
Seat 1: vezis3 ($149.14 in chips) 
Seat 2: Seavus10 ($109.43 in chips) 
Seat 3: pr0tecto ($100 in chips) 
Seat 4: Weewillis101 ($100.98 in chips) 
Seat 5: 2g2betrue ($98.91 in chips) 
Seat 6: amphii ($20 in chips) 
2g2betrue: posts small blind $0.50
amphii: posts big blind $1
*** HOLE CARDS ***
vezis3: raises $1 to $2
Seavus10: folds 
pr0tecto: folds 
Weewillis101: folds 
2g2betrue: calls $1.50
amphii: calls $1
*** FLOP *** [Td 5d 7c]
2g2betrue: checks 
amphii: checks 
vezis3: checks 
*** TURN *** [Td 5d 7c] [8h]
2g2betrue: bets $5.70
amphii: folds 
vezis3: folds 
Uncalled bet ($5.70) returned to 2g2betrue
2g2betrue collected $5.70 from pot
2g2betrue: doesn't show hand 
*** SUMMARY ***
Total pot $6 | Rake $0.30 
Board [Td 5d 7c 8h]
Seat 1: vezis3 folded on the Turn
Seat 2: Seavus10 folded before Flop (didn't bet)
Seat 3: pr0tecto folded before Flop (didn't bet)
Seat 4: Weewillis101 (button) folded before Flop (didn't bet)
Seat 5: 2g2betrue (small blind) collected ($5.70)
Seat 6: amphii (big blind) folded on the Turn



PokerStars Hand #254760833814:  Hold'em No Limit ($0.50/$1.00 USD) - 2025/02/07 3:28:49 WET [2025/02/07 22:28:49 ET]
Table 'Hagar' 6-max Seat #5 is the button
Seat 1: vezis3 ($147.14 in chips) 
Seat 2: Seavus10 ($109.43 in chips) 
Seat 3: pr0tecto ($100 in chips) 
Seat 4: Weewillis101 ($100.98 in chips) 
Seat 5: 2g2betrue ($102.61 in chips) 
Seat 6: amphii ($20 in chips) 
amphii: posts small blind $0.50
vezis3: posts big blind $1
*** HOLE CARDS ***
Seavus10: raises $1 to $2
pr0tecto: folds 
Weewillis101: calls $2
2g2betrue: folds 
amphii: folds 
vezis3: folds 
*** FLOP *** [4h Qs 9h]
Seavus10: checks 
Weewillis101: bets $2.61
Seavus10: raises $5.22 to $7.83
Weewillis101: calls $5.22
*** TURN *** [4h Qs 9h] [Ac]
Seavus10: bets $15.47
Weewillis101: calls $15.47
*** RIVER *** [4h Qs 9h Ac] [3s]
Seavus10: checks 
Weewillis101: checks 
*** SHOW DOWN ***
Seavus10: shows [Jh Ad] (a pair of Aces)
Weewillis101: mucks hand 
Seavus10 collected $49.60 from pot
*** SUMMARY ***
Total pot $52.10 | Rake $2.50 
Board [4h Qs 9h Ac 3s]
Seat 1: vezis3 (big blind) folded before Flop
Seat 2: Seavus10 showed [Jh Ad] and won ($49.60) with a pair of Aces
Seat 3: pr0tecto folded before Flop (didn't bet)
Seat 4: Weewillis101 mucked
Seat 5: 2g2betrue (button) folded before Flop (didn't bet)
Seat 6: amphii (small blind) folded before Flop



PokerStars Hand #254760845041:  Hold'em No Limit ($0.50/$1.00 USD) - 2025/02/07 3:30:09 WET [2025/02/07 22:30:09 ET]
Table 'Hagar' 6-max Seat #6 is the button
Seat 1: vezis3 ($146.14 in chips) 
Seat 2: Seavus10 ($133.73 in chips) 
Seat 3: pr0tecto ($100 in chips) 
Seat 4: Weewillis101 ($75.68 in chips) 
Seat 5: 2g2betrue ($102.61 in chips) 
Seat 6: amphii ($20 in chips) 
vezis3: posts small blind $0.50
Seavus10: posts big blind $1
*** HOLE CARDS ***
pr0tecto: raises $1.10 to $2.10
Weewillis101: calls $2.10
2g2betrue: folds 
amphii: folds 
vezis3: folds 
Seavus10: folds 
*** FLOP *** [Qc 3c Ad]
pr0tecto: checks 
Weewillis101: bets $2.71
pr0tecto: calls $2.71
*** TURN *** [Qc 3c Ad] [8s]
pr0tecto: checks 
Weewillis101: checks 
*** RIVER *** [Qc 3c Ad 8s] [3d]
pr0tecto: bets $7.92
Weewillis101: calls $7.92
*** SHOW DOWN ***
pr0tecto: shows [Tc As] (two pair, Aces and Threes)
Weewillis101: shows [Ts Ah] (two pair, Aces and Threes)
pr0tecto collected $12.81 from pot
Weewillis101 collected $12.80 from pot
*** SUMMARY ***
Total pot $26.96 | Rake $1.35 
Board [Qc 3c Ad 8s 3d]
Seat 1: vezis3 (small blind) folded before Flop
Seat 2: Seavus10 (big blind) folded before Flop
Seat 3: pr0tecto showed [Tc As] and won ($12.81) with two pair, Aces and Threes
Seat 4: Weewillis101 showed [Ts Ah] and won ($12.80) with two pair, Aces and Threes
Seat 5: 2g2betrue folded before Flop (didn't bet)
Seat 6: amphii (button) folded before Flop (didn't bet)



PokerStars Hand #254760850549:  Hold'em No Limit ($0.50/$1.00 USD) - 2025/02/07 3:30:50 WET [2025/02/07 22:30:50 ET]
Table 'Hagar' 6-max Seat #1 is the button
Seat 1: vezis3 ($145.64 in chips) 
Seat 2: Seavus10 ($132.73 in chips) 
Seat 3: pr0tecto ($100.08 in chips) 
Seat 4: Weewillis101 ($75.75 in chips) 
Seat 5: 2g2betrue ($102.61 in chips) 
Seat 6: amphii ($20 in chips) 
Seavus10: posts small blind $0.50
pr0tecto: posts big blind $1
*** HOLE CARDS ***
Weewillis101: folds 
2g2betrue: raises $1.60 to $2.60
amphii: folds 
vezis3: folds 
Seavus10: folds 
pr0tecto: folds 
Uncalled bet ($1.60) returned to 2g2betrue
2g2betrue collected $2.50 from pot
2g2betrue: doesn't show hand 
*** SUMMARY ***
Total pot $2.50 | Rake $0 
Seat 1: vezis3 (button) folded before Flop (didn't bet)
Seat 2: Seavus10 (small blind) folded before Flop
Seat 3: pr0tecto (big blind) folded before Flop
Seat 4: Weewillis101 folded before Flop (didn't bet)
Seat 5: 2g2betrue collected ($2.50)
Seat 6: amphii folded before Flop (didn't bet)



PokerStars Hand #254760854287:  Hold'em No Limit ($0.50/$1.00 USD) - 2025/02/07 3:31:17 WET [2025/02/07 22:31:17 ET]
Table 'Hagar' 6-max Seat #2 is the button
Seat 1: vezis3 ($145.64 in chips) 
Seat 2: Seavus10 ($132.23 in chips) 
Seat 3: pr0tecto ($99.08 in chips) 
Seat 4: Weewillis101 ($75.75 in chips) 
Seat 5: 2g2betrue ($104.11 in chips) 
Seat 6: amphii ($20 in chips) 
pr0tecto: posts small blind $0.50
Weewillis101: posts big blind $1
*** HOLE CARDS ***
2g2betrue: folds 
amphii: folds 
vezis3: raises $1.40 to $2.40
Seavus10: folds 
pr0tecto: calls $1.90
Weewillis101: folds 
*** FLOP *** [7d Qs Js]
pr0tecto: checks 
vezis3: checks 
*** TURN *** [7d Qs Js] [Jh]
pr0tecto: checks 
vezis3: checks 
*** RIVER *** [7d Qs Js Jh] [9h]
pr0tecto: checks 
vezis3: checks 
*** SHOW DOWN ***
pr0tecto: shows [Kh Jd] (three of a kind, Jacks)
vezis3: mucks hand 
pr0tecto collected $5.51 from pot
*** SUMMARY ***
Total pot $5.80 | Rake $0.29 
Board [7d Qs Js Jh 9h]
Seat 1: vezis3 mucked
Seat 2: Seavus10 (button) folded before Flop (didn't bet)
Seat 3: pr0tecto (small blind) showed [Kh Jd] and won ($5.51) with three of a kind, Jacks
Seat 4: Weewillis101 (big blind) folded before Flop
Seat 5: 2g2betrue folded before Flop (didn't bet)
Seat 6: amphii folded before Flop (didn't bet)



PokerStars Hand #254760861174:  Hold'em No Limit ($0.50/$1.00 USD) - 2025/02/07 3:32:07 WET [2025/02/07 22:32:07 ET]
Table 'Hagar' 6-max Seat #3 is the button
Seat 1: vezis3 ($143.24 in chips) 
Seat 2: Seavus10 ($132.23 in chips) 
Seat 3: pr0tecto ($102.19 in chips) 
Seat 4: Weewillis101 ($74.75 in chips) 
Seat 5: 2g2betrue ($104.11 in chips) 
Seat 6: amphii ($20 in chips) 
Weewillis101: posts small blind $0.50
2g2betrue: posts big blind $1
*** HOLE CARDS ***
amphii: raises $1.50 to $2.50
vezis3: folds 
Seavus10: folds 
pr0tecto: folds 
Weewillis101: folds 
2g2betrue: calls $1.50
*** FLOP *** [6h 8h 6s]
2g2betrue: checks 
amphii: bets $1.31
2g2betrue: folds 
Uncalled bet ($1.31) returned to amphii
amphii collected $5.22 from pot
amphii: doesn't show hand 
*** SUMMARY ***
Total pot $5.50 | Rake $0.28 
Board [6h 8h 6s]
Seat 1: vezis3 folded before Flop (didn't bet)
Seat 2: Seavus10 folded before Flop (didn't bet)
Seat 3: pr0tecto (button) folded before Flop (didn't bet)
Seat 4: Weewillis101 (small blind) folded before Flop
Seat 5: 2g2betrue (big blind) folded on the Flop
Seat 6: amphii collected ($5.22)



PokerStars Hand #254760865036:  Hold'em No Limit ($0.50/$1.00 USD) - 2025/02/07 3:32:35 WET [2025/02/07 22:32:35 ET]
Table 'Hagar' 6-max Seat #4 is the button
Seat 1: vezis3 ($143.24 in chips) 
Seat 2: Seavus10 ($132.23 in chips) 
Seat 3: pr0tecto ($102.19 in chips) 
Seat 4: Weewillis101 ($74.25 in chips) 
Seat 5: 2g2betrue ($101.61 in chips) 
Seat 6: amphii ($22.72 in chips) 
2g2betrue: posts small blind $0.50
amphii: posts big blind $1
*** HOLE CARDS ***
vezis3: folds 
Seavus10: folds 
pr0tecto: folds 
Weewillis101: folds 
2g2betrue: raises $1.50 to $2.50
amphii: raises $20.22 to $22.72 and is all-in
2g2betrue: calls $20.22
*** FLOP *** [Qc 9d 6d]
*** TURN *** [Qc 9d 6d] [Th]
*** RIVER *** [Qc 9d 6d Th] [6h]
*** SHOW DOWN ***
2g2betrue: shows [Jd Jc] (two pair, Jacks and Sixes)
amphii: shows [2d As] (a pair of Sixes)
2g2betrue collected $43.17 from pot
*** SUMMARY ***
Total pot $45.44 | Rake $2.27 
Board [Qc 9d 6d Th 6h]
Seat 1: vezis3 folded before Flop (didn't bet)
Seat 2: Seavus10 folded before Flop (didn't bet)
Seat 3: pr0tecto folded before Flop (didn't bet)
Seat 4: Weewillis101 (button) folded before Flop (didn't bet)
Seat 5: 2g2betrue (small blind) showed [Jd Jc] and won ($43.17) with two pair, Jacks and Sixes
Seat 6: amphii (big blind) showed [2d As] and lost with a pair of Sixes



PokerStars Hand #254760868654:  Hold'em No Limit ($0.50/$1.00 USD) - 2025/02/07 3:33:02 WET [2025/02/07 22:33:02 ET]
Table 'Hagar' 6-max Seat #5 is the button
Seat 1: vezis3 ($143.24 in chips) 
Seat 2: Seavus10 ($132.23 in chips) 
Seat 3: pr0tecto ($102.19 in chips) 
Seat 4: Weewillis101 ($74.25 in chips) 
Seat 5: 2g2betrue ($122.06 in chips) 
Seat 6: amphii ($20 in chips) 
amphii: posts small blind $0.50
vezis3: posts big blind $1
*** HOLE CARDS ***
Seavus10: folds 
pr0tecto: raises $1.10 to $2.10
Weewillis101: folds 
2g2betrue: folds 
amphii: folds 
vezis3: calls $1.10
*** FLOP *** [4d 7c 9c]
vezis3: checks 
pr0tecto: bets $2.68
vezis3: folds 
Uncalled bet ($2.68) returned to pr0tecto
pr0tecto collected $4.46 from pot
pr0tecto: doesn't show hand 
*** SUMMARY ***
Total pot $4.70 | Rake $0.24 
Board [4d 7c 9c]
Seat 1: vezis3 (big blind) folded on the Flop
Seat 2: Seavus10 folded before Flop (didn't bet)
Seat 3: pr0tecto collected ($4.46)
Seat 4: Weewillis101 folded before Flop (didn't bet)
Seat 5: 2g2betrue (button) folded before Flop (didn't bet)
Seat 6: amphii (small blind) folded before Flop



PokerStars Hand #254760873808:  Hold'em No Limit ($0.50/$1.00 USD) - 2025/02/07 3:33:40 WET [2025/02/07 22:33:40 ET]
Table 'Hagar' 6-max Seat #6 is the button
Seat 1: vezis3 ($141.14 in chips) 
Seat 2: Seavus10 ($132.23 in chips) 
Seat 3: pr0tecto ($104.55 in chips) 
Seat 4: Weewillis101 ($74.25 in chips) 
Seat 5: 2g2betrue ($122.06 in chips) 
Seat 6: amphii ($20 in chips) 
vezis3: posts small blind $0.50
Seavus10: posts big blind $1
*** HOLE CARDS ***
pr0tecto: folds 
Weewillis101: folds 
2g2betrue: folds 
amphii: raises $1.50 to $2.50
vezis3: folds 
Seavus10: folds 
Uncalled bet ($1.50) returned to amphii
amphii collected $2.50 from pot
amphii: doesn't show hand 
*** SUMMARY ***
Total pot $2.50 | Rake $0 
Seat 1: vezis3 (small blind) folded before Flop
Seat 2: Seavus10 (big blind) folded before Flop
Seat 3: pr0tecto folded before Flop (didn't bet)
Seat 4: Weewillis101 folded before Flop (didn't bet)
Seat 5: 2g2betrue folded before Flop (didn't bet)
Seat 6: amphii (button) collected ($2.50)



PokerStars Hand #254760878149:  Hold'em No Limit ($0.50/$1.00 USD) - 2025/02/07 3:34:12 WET [2025/02/07 22:34:12 ET]
Table 'Hagar' 6-max Seat #1 is the button
Seat 1: vezis3 ($140.64 in chips) 
Seat 2: Seavus10 ($131.23 in chips) 
Seat 3: pr0tecto ($104.55 in chips) 
Seat 4: Weewillis101 ($74.25 in chips) 
Seat 5: 2g2betrue ($122.06 in chips) 
Seat 6: amphii ($21.50 in chips) 
Seavus10: posts small blind $0.50
pr0tecto: posts big blind $1
*** HOLE CARDS ***
Weewillis101: folds 
2g2betrue: folds 
amphii: folds 
vezis3: raises $1.40 to $2.40
Seavus10: raises $8.60 to $11
pr0tecto: folds 
vezis3: calls $8.60
*** FLOP *** [7h Th 5s]
Seavus10: checks 
vezis3: checks 
*** TURN *** [7h Th 5s] [Ad]
Seavus10: checks 
vezis3: bets $9.18
Seavus10: folds 
Uncalled bet ($9.18) returned to vezis3
vezis3 collected $21.85 from pot
vezis3: doesn't show hand 
*** SUMMARY ***
Total pot $23 | Rake $1.15 
Board [7h Th 5s Ad]
Seat 1: vezis3 (button) collected ($21.85)
Seat 2: Seavus10 (small blind) folded on the Turn
Seat 3: pr0tecto (big blind) folded before Flop
Seat 4: Weewillis101 folded before Flop (didn't bet)
Seat 5: 2g2betrue folded before Flop (didn't bet)
Seat 6: amphii folded before Flop (didn't bet)



PokerStars Hand #254760886691:  Hold'em No Limit ($0.50/$1.00 USD) - 2025/02/07 3:35:14 WET [2025/02/07 22:35:14 ET]
Table 'Hagar' 6-max Seat #2 is the button
Seat 1: vezis3 ($151.49 in chips) 
Seat 2: Seavus10 ($120.23 in chips) 
Seat 3: pr0tecto ($103.55 in chips) 
Seat 4: Weewillis101 ($74.25 in chips) 
Seat 5: 2g2betrue ($122.06 in chips) 
Seat 6: amphii ($21.50 in chips) 
pr0tecto: posts small blind $0.50
Weewillis101: posts big blind $1
*** HOLE CARDS ***
2g2betrue: folds 
amphii: folds 
vezis3: folds 
Seavus10: folds 
pr0tecto: folds 
Uncalled bet ($0.50) returned to Weewillis101
Weewillis101 collected $1 from pot
*** SUMMARY ***
Total pot $1 | Rake $0 
Seat 1: vezis3 folded before Flop (didn't bet)
Seat 2: Seavus10 (button) folded before Flop (didn't bet)
Seat 3: pr0tecto (small blind) folded before Flop
Seat 4: Weewillis101 (big blind) collected ($1)
Seat 5: 2g2betrue folded before Flop (didn't bet)
Seat 6: amphii folded before Flop (didn't bet)



PokerStars Hand #254760889025:  Hold'em No Limit ($0.50/$1.00 USD) - 2025/02/07 3:35:31 WET [2025/02/07 22:35:31 ET]
Table 'Hagar' 6-max Seat #3 is the button
Seat 1: vezis3 ($151.49 in chips) 
Seat 2: Seavus10 ($120.23 in chips) 
Seat 3: pr0tecto ($103.05 in chips) 
Seat 4: Weewillis101 ($74.75 in chips) 
Seat 5: 2g2betrue ($122.06 in chips) 
Seat 6: amphii ($21.50 in chips) 
Weewillis101: posts small blind $0.50
2g2betrue: posts big blind $1
*** HOLE CARDS ***
amphii: raises $1.50 to $2.50
vezis3: folds 
Seavus10: folds 
pr0tecto: folds 
Weewillis101: calls $2
2g2betrue: folds 
*** FLOP *** [5c 3d 5d]
Weewillis101: checks 
amphii: bets $1.88
Weewillis101: calls $1.88
*** TURN *** [5c 3d 5d] [4c]
Weewillis101: checks 
amphii: bets $4.73
Weewillis101: calls $4.73
*** RIVER *** [5c 3d 5d 4c] [9d]
Weewillis101: checks 
amphii: bets $12.39 and is all-in
Weewillis101: calls $12.39
*** SHOW DOWN ***
amphii: shows [Td Qd] (a flush, Queen high)
Weewillis101: shows [4h 3h] (two pair, Fives and Fours)
amphii collected $41.80 from pot
*** SUMMARY ***
Total pot $44 | Rake $2.20 
Board [5c 3d 5d 4c 9d]
Seat 1: vezis3 folded before Flop (didn't bet)
Seat 2: Seavus10 folded before Flop (didn't bet)
Seat 3: pr0tecto (button) folded before Flop (didn't bet)
Seat 4: Weewillis101 (small blind) showed [4h 3h] and lost with two pair, Fives and Fours
Seat 5: 2g2betrue (big blind) folded before Flop
Seat 6: amphii showed [Td Qd] and won ($41.80) with a flush, Queen high



PokerStars Hand #254760896525:  Hold'em No Limit ($0.50/$1.00 USD) - 2025/02/07 3:36:25 WET [2025/02/07 22:36:25 ET]
Table 'Hagar' 6-max Seat #4 is the button
Seat 1: vezis3 ($151.49 in chips) 
Seat 2: Seavus10 ($120.23 in chips) 
Seat 3: pr0tecto ($103.05 in chips) 
Seat 4: Weewillis101 ($53.25 in chips) 
Seat 5: 2g2betrue ($121.06 in chips) 
Seat 6: amphii ($41.80 in chips) 
2g2betrue: posts small blind $0.50
amphii: posts big blind $1
*** HOLE CARDS ***
vezis3: folds 
Seavus10: folds 
pr0tecto: folds 
Weewillis101: raises $1 to $2
2g2betrue: folds 
amphii: calls $1
*** FLOP *** [Ad 8s 2h]
amphii: checks 
Weewillis101: checks 
*** TURN *** [Ad 8s 2h] [2c]
amphii: checks 
Weewillis101: bets $2
amphii: calls $2
*** RIVER *** [Ad 8s 2h 2c] [Jd]
amphii: checks 
Weewillis101: bets $8.08
amphii: calls $8.08
*** SHOW DOWN ***
Weewillis101: shows [Ac As] (a full house, Aces full of Deuces)
amphii: mucks hand 
Weewillis101 collected $23.43 from pot
*** SUMMARY ***
Total pot $24.66 | Rake $1.23 
Board [Ad 8s 2h 2c Jd]
Seat 1: vezis3 folded before Flop (didn't bet)
Seat 2: Seavus10 folded before Flop (didn't bet)
Seat 3: pr0tecto folded before Flop (didn't bet)
Seat 4: Weewillis101 (button) showed [Ac As] and won ($23.43) with a full house, Aces full of Deuces
Seat 5: 2g2betrue (small blind) folded before Flop
Seat 6: amphii (big blind) mucked



PokerStars Hand #254760901456:  Hold'em No Limit ($0.50/$1.00 USD) - 2025/02/07 3:37:02 WET [2025/02/07 22:37:02 ET]
Table 'Hagar' 6-max Seat #5 is the button
Seat 1: vezis3 ($151.49 in chips) 
Seat 2: Seavus10 ($120.23 in chips) 
Seat 3: pr0tecto ($103.05 in chips) 
Seat 4: Weewillis101 ($64.60 in chips) 
Seat 5: 2g2betrue ($120.56 in chips) 
Seat 6: amphii ($29.72 in chips) 
amphii: posts small blind $0.50
vezis3: posts big blind $1
*** HOLE CARDS ***
Seavus10: folds 
pr0tecto: folds 
Weewillis101: folds 
2g2betrue: raises $1.60 to $2.60
amphii: folds 
vezis3: calls $1.60
*** FLOP *** [Js Ad 8h]
vezis3: checks 
2g2betrue: bets $2.40
vezis3: folds 
Uncalled bet ($2.40) returned to 2g2betrue
2g2betrue collected $5.42 from pot
2g2betrue: doesn't show hand 
*** SUMMARY ***
Total pot $5.70 | Rake $0.28 
Board [Js Ad 8h]
Seat 1: vezis3 (big blind) folded on the Flop
Seat 2: Seavus10 folded before Flop (didn't bet)
Seat 3: pr0tecto folded before Flop (didn't bet)
Seat 4: Weewillis101 folded before Flop (didn't bet)
Seat 5: 2g2betrue (button) collected ($5.42)
Seat 6: amphii (small blind) folded before Flop



PokerStars Hand #254760905872:  Hold'em No Limit ($0.50/$1.00 USD) - 2025/02/07 3:37:34 WET [2025/02/07 22:37:34 ET]
Table 'Hagar' 6-max Seat #6 is the button
Seat 1: vezis3 ($148.89 in chips) 
Seat 2: Seavus10 ($120.23 in chips) 
Seat 3: pr0tecto ($103.05 in chips) 
Seat 4: Weewillis101 ($64.60 in chips) 
Seat 5: 2g2betrue ($123.38 in chips) 
Seat 6: amphii ($29.22 in chips) 
vezis3: posts small blind $0.50
Seavus10: posts big blind $1
*** HOLE CARDS ***
pr0tecto: folds 
Weewillis101: folds 
2g2betrue: folds 
amphii: folds 
vezis3: raises $2 to $3
Seavus10: raises $6 to $9
vezis3: raises $15 to $24
Seavus10: folds 
Uncalled bet ($15) returned to vezis3
vezis3 collected $18 from pot
vezis3: doesn't show hand 
*** SUMMARY ***
Total pot $18 | Rake $0 
Seat 1: vezis3 (small blind) collected ($18)
Seat 2: Seavus10 (big blind) folded before Flop
Seat 3: pr0tecto folded before Flop (didn't bet)
Seat 4: Weewillis101 folded before Flop (didn't bet)
Seat 5: 2g2betrue folded before Flop (didn't bet)
Seat 6: amphii (button) folded before Flop (didn't bet)



PokerStars Hand #254760911065:  Hold'em No Limit ($0.50/$1.00 USD) - 2025/02/07 3:38:13 WET [2025/02/07 22:38:13 ET]
Table 'Hagar' 6-max Seat #1 is the button
Seat 1: vezis3 ($157.89 in chips) 
Seat 2: Seavus10 ($111.23 in chips) 
Seat 3: pr0tecto ($103.05 in chips) 
Seat 4: Weewillis101 ($64.60 in chips) 
Seat 5: 2g2betrue ($123.38 in chips) 
Seat 6: amphii ($29.22 in chips) 
Seavus10: posts small blind $0.50
pr0tecto: posts big blind $1
*** HOLE CARDS ***
Weewillis101: folds 
2g2betrue: folds 
amphii: raises $1.50 to $2.50
vezis3: folds 
Seavus10: folds 
pr0tecto: calls $1.50
*** FLOP *** [2s 8h Qh]
pr0tecto: checks 
amphii: checks 
*** TURN *** [2s 8h Qh] [4d]
pr0tecto: checks 
amphii: bets $2.66
pr0tecto: folds 
Uncalled bet ($2.66) returned to amphii
amphii collected $5.22 from pot
amphii: doesn't show hand 
*** SUMMARY ***
Total pot $5.50 | Rake $0.28 
Board [2s 8h Qh 4d]
Seat 1: vezis3 (button) folded before Flop (didn't bet)
Seat 2: Seavus10 (small blind) folded before Flop
Seat 3: pr0tecto (big blind) folded on the Turn
Seat 4: Weewillis101 folded before Flop (didn't bet)
Seat 5: 2g2betrue folded before Flop (didn't bet)
Seat 6: amphii collected ($5.22)



PokerStars Hand #254760917480:  Hold'em No Limit ($0.50/$1.00 USD) - 2025/02/07 3:39:00 WET [2025/02/07 22:39:00 ET]
Table 'Hagar' 6-max Seat #2 is the button
Seat 1: vezis3 ($157.89 in chips) 
Seat 2: Seavus10 ($110.73 in chips) 
Seat 3: pr0tecto ($100.55 in chips) 
Seat 4: Weewillis101 ($64.60 in chips) 
Seat 5: 2g2betrue ($123.38 in chips) 
Seat 6: amphii ($31.94 in chips) 
pr0tecto: posts small blind $0.50
Weewillis101: posts big blind $1
*** HOLE CARDS ***
2g2betrue: folds 
amphii: folds 
vezis3: folds 
Seavus10: raises $1.50 to $2.50
pr0tecto: folds 
Weewillis101: raises $5.50 to $8
Seavus10: raises $16.50 to $24.50
Weewillis101: calls $16.50
*** FLOP *** [7c Kc 4h]
Weewillis101: bets $40.10 and is all-in
Seavus10: calls $40.10
*** TURN *** [7c Kc 4h] [7h]
*** RIVER *** [7c Kc 4h 7h] [2c]
*** SHOW DOWN ***
Weewillis101: shows [5c 5s] (two pair, Sevens and Fives)
Seavus10: shows [Td Ts] (two pair, Tens and Sevens)
Seavus10 collected $127.20 from pot
*** SUMMARY ***
Total pot $129.70 | Rake $2.50 
Board [7c Kc 4h 7h 2c]
Seat 1: vezis3 folded before Flop (didn't bet)
Seat 2: Seavus10 (button) showed [Td Ts] and won ($127.20) with two pair, Tens and Sevens
Seat 3: pr0tecto (small blind) folded before Flop
Seat 4: Weewillis101 (big blind) showed [5c 5s] and lost with two pair, Sevens and Fives
Seat 5: 2g2betrue folded before Flop (didn't bet)
Seat 6: amphii folded before Flop (didn't bet)



