PokerStars Hand #254746594798:  Hold'em No Limit ($0.50/$1.00 USD) - 2025/02/07 7:20:22 WET [2025/02/07 2:20:22 ET]
Table 'Coppelia' 6-max Seat #1 is the button
Seat 1: jeffy27dt1 ($103.73 in chips) 
Seat 2: hampuscardel ($76.97 in chips) 
Seat 3: ozstrike88 ($174.64 in chips) 
Seat 4: 7bekon7 ($125.81 in chips) 
Seat 5: Emily_GetMan ($103.75 in chips) 
Seat 6: 50CandyJoe ($207.84 in chips) 
hampuscardel: posts small blind $0.50
ozstrike88: posts big blind $1
*** HOLE CARDS ***
7bekon7: folds 
Emily_GetMan: folds 
50CandyJoe: folds 
jeffy27dt1: folds 
hampuscardel: calls $0.50
ozstrike88: checks 
*** FLOP *** [Jd Qs 6d]
hampuscardel: checks 
ozstrike88: bets $1
hampuscardel: folds 
Uncalled bet ($1) returned to ozstrike88
ozstrike88 collected $1.90 from pot
*** SUMMARY ***
Total pot $2 | Rake $0.10 
Board [Jd Qs 6d]
Seat 1: jeffy27dt1 (button) folded before Flop (didn't bet)
Seat 2: hampuscardel (small blind) folded on the Flop
Seat 3: ozstrike88 (big blind) collected ($1.90)
Seat 4: 7bekon7 folded before Flop (didn't bet)
Seat 5: Emily_GetMan folded before Flop (didn't bet)
Seat 6: 50CandyJoe folded before Flop (didn't bet)



PokerStars Hand #254746596566:  Hold'em No Limit ($0.50/$1.00 USD) - 2025/02/07 7:20:46 WET [2025/02/07 2:20:46 ET]
Table 'Coppelia' 6-max Seat #2 is the button
Seat 1: jeffy27dt1 ($103.73 in chips) 
Seat 2: hampuscardel ($75.97 in chips) 
Seat 3: ozstrike88 ($175.54 in chips) 
Seat 4: 7bekon7 ($125.81 in chips) 
Seat 5: Emily_GetMan ($103.75 in chips) 
Seat 6: 50CandyJoe ($207.84 in chips) 
ozstrike88: posts small blind $0.50
7bekon7: posts big blind $1
*** HOLE CARDS ***
Emily_GetMan: folds 
50CandyJoe: folds 
jeffy27dt1: folds 
hampuscardel: folds 
ozstrike88: raises $2 to $3
7bekon7: calls $2
*** FLOP *** [3d 7d 7h]
ozstrike88: bets $2.85
7bekon7: folds 
Uncalled bet ($2.85) returned to ozstrike88
ozstrike88 collected $5.70 from pot
*** SUMMARY ***
Total pot $6 | Rake $0.30 
Board [3d 7d 7h]
Seat 1: jeffy27dt1 folded before Flop (didn't bet)
Seat 2: hampuscardel (button) folded before Flop (didn't bet)
Seat 3: ozstrike88 (small blind) collected ($5.70)
Seat 4: 7bekon7 (big blind) folded on the Flop
Seat 5: Emily_GetMan folded before Flop (didn't bet)
Seat 6: 50CandyJoe folded before Flop (didn't bet)



PokerStars Hand #254746599554:  Hold'em No Limit ($0.50/$1.00 USD) - 2025/02/07 7:21:25 WET [2025/02/07 2:21:25 ET]
Table 'Coppelia' 6-max Seat #3 is the button
Seat 5: Emily_GetMan ($103.75 in chips) is sitting out
Seat 1: jeffy27dt1 ($103.73 in chips) 
Seat 2: hampuscardel ($75.97 in chips) 
Seat 3: ozstrike88 ($178.24 in chips) 
Seat 4: 7bekon7 ($122.81 in chips) 
Seat 6: 50CandyJoe ($207.84 in chips) 
7bekon7: posts small blind $0.50
Emily_GetMan: is sitting out 
50CandyJoe: posts big blind $1
*** HOLE CARDS ***
jeffy27dt1: raises $1.50 to $2.50
hampuscardel: folds 
Emily_GetMan leaves the table
ozstrike88: folds 
7bekon7: folds 
50CandyJoe: folds 
Uncalled bet ($1.50) returned to jeffy27dt1
jeffy27dt1 collected $2.50 from pot
jeffy27dt1: doesn't show hand 
*** SUMMARY ***
Total pot $2.50 | Rake $0 
Seat 5: Emily_GetMan
Seat 1: jeffy27dt1 collected ($2.50)
Seat 2: hampuscardel folded before Flop (didn't bet)
Seat 3: ozstrike88 (button) folded before Flop (didn't bet)
Seat 4: 7bekon7 (small blind) folded before Flop
Seat 6: 50CandyJoe (big blind) folded before Flop



PokerStars Hand #254746601940:  Hold'em No Limit ($0.50/$1.00 USD) - 2025/02/07 7:21:58 WET [2025/02/07 2:21:58 ET]
Table 'Coppelia' 6-max Seat #4 is the button
Seat 1: jeffy27dt1 ($105.23 in chips) 
Seat 2: hampuscardel ($75.97 in chips) 
Seat 3: ozstrike88 ($178.24 in chips) 
Seat 4: 7bekon7 ($122.31 in chips) 
Seat 6: 50CandyJoe ($206.84 in chips) 
50CandyJoe: posts small blind $0.50
jeffy27dt1: posts big blind $1
*** HOLE CARDS ***
hampuscardel: folds 
ozstrike88: folds 
7bekon7: folds 
50CandyJoe: folds 
Uncalled bet ($0.50) returned to jeffy27dt1
jeffy27dt1 collected $1 from pot
jeffy27dt1: doesn't show hand 
*** SUMMARY ***
Total pot $1 | Rake $0 
Seat 1: jeffy27dt1 (big blind) collected ($1)
Seat 2: hampuscardel folded before Flop (didn't bet)
Seat 3: ozstrike88 folded before Flop (didn't bet)
Seat 4: 7bekon7 (button) folded before Flop (didn't bet)
Seat 6: 50CandyJoe (small blind) folded before Flop



PokerStars Hand #254746602804:  Hold'em No Limit ($0.50/$1.00 USD) - 2025/02/07 7:22:10 WET [2025/02/07 2:22:10 ET]
Table 'Coppelia' 6-max Seat #6 is the button
Seat 1: jeffy27dt1 ($105.73 in chips) 
Seat 2: hampuscardel ($75.97 in chips) 
Seat 3: ozstrike88 ($178.24 in chips) 
Seat 4: 7bekon7 ($122.31 in chips) 
Seat 6: 50CandyJoe ($206.34 in chips) 
jeffy27dt1: posts small blind $0.50
hampuscardel: posts big blind $1
*** HOLE CARDS ***
ozstrike88: folds 
7bekon7: folds 
50CandyJoe: folds 
jeffy27dt1: raises $2 to $3
hampuscardel: calls $2
*** FLOP *** [7s Qh 2c]
jeffy27dt1: checks 
hampuscardel: checks 
*** TURN *** [7s Qh 2c] [5h]
yassine2525 joins the table at seat #5 
yassine2525 is disconnected 
jeffy27dt1: checks 
hampuscardel: checks 
*** RIVER *** [7s Qh 2c 5h] [4d]
jeffy27dt1: bets $4.28
hampuscardel: folds 
Uncalled bet ($4.28) returned to jeffy27dt1
jeffy27dt1 collected $5.70 from pot
jeffy27dt1: doesn't show hand 
*** SUMMARY ***
Total pot $6 | Rake $0.30 
Board [7s Qh 2c 5h 4d]
Seat 1: jeffy27dt1 (small blind) collected ($5.70)
Seat 2: hampuscardel (big blind) folded on the River
Seat 3: ozstrike88 folded before Flop (didn't bet)
Seat 4: 7bekon7 folded before Flop (didn't bet)
Seat 6: 50CandyJoe (button) folded before Flop (didn't bet)



PokerStars Hand #254746606453:  Hold'em No Limit ($0.50/$1.00 USD) - 2025/02/07 7:22:59 WET [2025/02/07 2:22:59 ET]
Table 'Coppelia' 6-max Seat #1 is the button
Seat 1: jeffy27dt1 ($108.43 in chips) 
Seat 2: hampuscardel ($72.97 in chips) 
Seat 3: ozstrike88 ($178.24 in chips) 
Seat 4: 7bekon7 ($122.31 in chips) 
Seat 5: yassine2525 ($18.44 in chips) 
Seat 6: 50CandyJoe ($206.34 in chips) 
hampuscardel: posts small blind $0.50
ozstrike88: posts big blind $1
yassine2525: posts big blind $1
*** HOLE CARDS ***
7bekon7: folds 
yassine2525: checks 
50CandyJoe: calls $1
jeffy27dt1: folds 
hampuscardel: folds 
ozstrike88: checks 
*** FLOP *** [Jc As Kd]
hampuscardel leaves the table
ozstrike88: checks 
yassine2525: checks 
50CandyJoe: checks 
*** TURN *** [Jc As Kd] [Jd]
peak joker33 joins the table at seat #2 
ozstrike88: checks 
yassine2525: checks 
50CandyJoe: bets $2.19
ozstrike88: folds 
yassine2525: folds 
Uncalled bet ($2.19) returned to 50CandyJoe
50CandyJoe collected $3.32 from pot
50CandyJoe: doesn't show hand 
*** SUMMARY ***
Total pot $3.50 | Rake $0.18 
Board [Jc As Kd Jd]
Seat 1: jeffy27dt1 (button) folded before Flop (didn't bet)
Seat 2: hampuscardel (small blind) folded before Flop
Seat 3: ozstrike88 (big blind) folded on the Turn
Seat 4: 7bekon7 folded before Flop (didn't bet)
Seat 5: yassine2525 folded on the Turn (didn't bet)
Seat 6: 50CandyJoe collected ($3.32)



PokerStars Hand #254746611109:  Hold'em No Limit ($0.50/$1.00 USD) - 2025/02/07 7:24:02 WET [2025/02/07 2:24:02 ET]
Table 'Coppelia' 6-max Seat #3 is the button
Seat 2: peak joker33 ($100 in chips) is sitting out
Seat 1: jeffy27dt1 ($108.43 in chips) 
Seat 3: ozstrike88 ($177.24 in chips) 
Seat 4: 7bekon7 ($122.31 in chips) 
Seat 5: yassine2525 ($17.44 in chips) 
Seat 6: 50CandyJoe ($208.66 in chips) 
7bekon7: posts small blind $0.50
yassine2525: posts big blind $1
peak joker33: sits out 
*** HOLE CARDS ***
50CandyJoe: raises $1.20 to $2.20
jeffy27dt1: folds 
ozstrike88: folds 
7bekon7: calls $1.70
yassine2525: calls $1.20
*** FLOP *** [Js Jh 4s]
7bekon7: checks 
yassine2525: checks 
50CandyJoe: bets $2.07
7bekon7: folds 
yassine2525: calls $2.07
*** TURN *** [Js Jh 4s] [Qh]
yassine2525: checks 
50CandyJoe: bets $5
yassine2525: raises $8.17 to $13.17 and is all-in
50CandyJoe: calls $8.17
yassine2525 is disconnected 
yassine2525 is connected 
*** RIVER *** [Js Jh 4s Qh] [9d]
*** SHOW DOWN ***
yassine2525: shows [4h 3c] (two pair, Jacks and Fours)
50CandyJoe: shows [Kh Kc] (two pair, Kings and Jacks)
50CandyJoe collected $35.23 from pot
*** SUMMARY ***
Total pot $37.08 | Rake $1.85 
Board [Js Jh 4s Qh 9d]
Seat 2: peak joker33
Seat 1: jeffy27dt1 folded before Flop (didn't bet)
Seat 3: ozstrike88 (button) folded before Flop (didn't bet)
Seat 4: 7bekon7 (small blind) folded on the Flop
Seat 5: yassine2525 (big blind) showed [4h 3c] and lost with two pair, Jacks and Fours
Seat 6: 50CandyJoe showed [Kh Kc] and won ($35.23) with two pair, Kings and Jacks



PokerStars Hand #254746618582:  Hold'em No Limit ($0.50/$1.00 USD) - 2025/02/07 7:25:42 WET [2025/02/07 2:25:42 ET]
Table 'Coppelia' 6-max Seat #4 is the button
Seat 2: peak joker33 ($100 in chips) is sitting out
Seat 5: yassine2525 ($0 in chips) is sitting out
Seat 1: jeffy27dt1 ($108.43 in chips) 
Seat 3: ozstrike88 ($177.24 in chips) 
Seat 4: 7bekon7 ($120.11 in chips) 
Seat 6: 50CandyJoe ($226.45 in chips) 
50CandyJoe: posts small blind $0.50
jeffy27dt1: posts big blind $1
peak joker33: sits out 
*** HOLE CARDS ***
ozstrike88: folds 
7bekon7: folds 
50CandyJoe: folds 
Uncalled bet ($0.50) returned to jeffy27dt1
jeffy27dt1 collected $1 from pot
jeffy27dt1: doesn't show hand 
*** SUMMARY ***
Total pot $1 | Rake $0 
Seat 2: peak joker33
Seat 5: yassine2525
Seat 1: jeffy27dt1 (big blind) collected ($1)
Seat 3: ozstrike88 folded before Flop (didn't bet)
Seat 4: 7bekon7 (button) folded before Flop (didn't bet)
Seat 6: 50CandyJoe (small blind) folded before Flop



PokerStars Hand #254746619980:  Hold'em No Limit ($0.50/$1.00 USD) - 2025/02/07 7:26:00 WET [2025/02/07 2:26:00 ET]
Table 'Coppelia' 6-max Seat #6 is the button
Seat 1: jeffy27dt1 ($108.93 in chips) 
Seat 2: peak joker33 ($100 in chips) 
Seat 3: ozstrike88 ($177.24 in chips) 
Seat 4: 7bekon7 ($120.11 in chips) 
Seat 5: yassine2525 ($12.79 in chips) 
Seat 6: 50CandyJoe ($225.95 in chips) 
jeffy27dt1: posts small blind $0.50
peak joker33: posts big blind $1
yassine2525: posts small blind $0.50
*** HOLE CARDS ***
ozstrike88: folds 
7bekon7: folds 
yassine2525: raises $2 to $3
50CandyJoe: folds 
jeffy27dt1: folds 
peak joker33: folds 
Uncalled bet ($2) returned to yassine2525
yassine2525 collected $3 from pot
*** SUMMARY ***
Total pot $3 | Rake $0 
Seat 1: jeffy27dt1 (small blind) folded before Flop
Seat 2: peak joker33 (big blind) folded before Flop
Seat 3: ozstrike88 folded before Flop (didn't bet)
Seat 4: 7bekon7 folded before Flop (didn't bet)
Seat 5: yassine2525 collected ($3)
Seat 6: 50CandyJoe (button) folded before Flop (didn't bet)



PokerStars Hand #254746622177:  Hold'em No Limit ($0.50/$1.00 USD) - 2025/02/07 7:26:29 WET [2025/02/07 2:26:29 ET]
Table 'Coppelia' 6-max Seat #1 is the button
Seat 1: jeffy27dt1 ($108.43 in chips) 
Seat 2: peak joker33 ($100 in chips) 
Seat 3: ozstrike88 ($177.24 in chips) 
Seat 4: 7bekon7 ($120.11 in chips) 
Seat 5: yassine2525 ($14.29 in chips) 
Seat 6: 50CandyJoe ($225.95 in chips) 
peak joker33: posts small blind $0.50
ozstrike88: posts big blind $1
*** HOLE CARDS ***
7bekon7: folds 
yassine2525: folds 
50CandyJoe: folds 
jeffy27dt1: folds 
peak joker33: folds 
Uncalled bet ($0.50) returned to ozstrike88
ozstrike88 collected $1 from pot
*** SUMMARY ***
Total pot $1 | Rake $0 
Seat 1: jeffy27dt1 (button) folded before Flop (didn't bet)
Seat 2: peak joker33 (small blind) folded before Flop
Seat 3: ozstrike88 (big blind) collected ($1)
Seat 4: 7bekon7 folded before Flop (didn't bet)
Seat 5: yassine2525 folded before Flop (didn't bet)
Seat 6: 50CandyJoe folded before Flop (didn't bet)



PokerStars Hand #254746623387:  Hold'em No Limit ($0.50/$1.00 USD) - 2025/02/07 7:26:44 WET [2025/02/07 2:26:44 ET]
Table 'Coppelia' 6-max Seat #2 is the button
Seat 4: 7bekon7 ($120.11 in chips) is sitting out
Seat 1: jeffy27dt1 ($108.43 in chips) 
Seat 2: peak joker33 ($100 in chips) 
Seat 3: ozstrike88 ($177.74 in chips) 
Seat 5: yassine2525 ($14.29 in chips) 
Seat 6: 50CandyJoe ($225.95 in chips) 
ozstrike88: posts small blind $0.50
7bekon7: is sitting out 
yassine2525: posts big blind $1
*** HOLE CARDS ***
50CandyJoe: folds 
7bekon7 leaves the table
jeffy27dt1: raises $1.50 to $2.50
peak joker33: folds 
ozstrike88: folds 
ka100pka527 joins the table at seat #4 
yassine2525: calls $1.50
*** FLOP *** [6c 4d 8s]
yassine2525: checks 
jeffy27dt1: checks 
*** TURN *** [6c 4d 8s] [2h]
yassine2525: bets $2.61
jeffy27dt1: folds 
Uncalled bet ($2.61) returned to yassine2525
yassine2525 collected $5.22 from pot
*** SUMMARY ***
Total pot $5.50 | Rake $0.28 
Board [6c 4d 8s 2h]
Seat 4: 7bekon7
Seat 1: jeffy27dt1 folded on the Turn
Seat 2: peak joker33 (button) folded before Flop (didn't bet)
Seat 3: ozstrike88 (small blind) folded before Flop
Seat 5: yassine2525 (big blind) collected ($5.22)
Seat 6: 50CandyJoe folded before Flop (didn't bet)



PokerStars Hand #254746627763:  Hold'em No Limit ($0.50/$1.00 USD) - 2025/02/07 7:27:42 WET [2025/02/07 2:27:42 ET]
Table 'Coppelia' 6-max Seat #3 is the button
Seat 4: ka100pka527 ($100 in chips) is sitting out
Seat 1: jeffy27dt1 ($105.93 in chips) 
Seat 2: peak joker33 ($100 in chips) 
Seat 3: ozstrike88 ($177.24 in chips) 
Seat 5: yassine2525 ($17.01 in chips) 
Seat 6: 50CandyJoe ($225.95 in chips) 
yassine2525: posts small blind $0.50
50CandyJoe: posts big blind $1
*** HOLE CARDS ***
jeffy27dt1: folds 
peak joker33: folds 
ozstrike88: folds 
yassine2525: raises $1 to $2
50CandyJoe: folds 
Uncalled bet ($1) returned to yassine2525
yassine2525 collected $2 from pot
*** SUMMARY ***
Total pot $2 | Rake $0 
Seat 4: ka100pka527
Seat 1: jeffy27dt1 folded before Flop (didn't bet)
Seat 2: peak joker33 folded before Flop (didn't bet)
Seat 3: ozstrike88 (button) folded before Flop (didn't bet)
Seat 5: yassine2525 (small blind) collected ($2)
Seat 6: 50CandyJoe (big blind) folded before Flop



PokerStars Hand #254746630056:  Hold'em No Limit ($0.50/$1.00 USD) - 2025/02/07 7:28:12 WET [2025/02/07 2:28:12 ET]
Table 'Coppelia' 6-max Seat #5 is the button
Seat 4: ka100pka527 ($100 in chips) is sitting out
Seat 1: jeffy27dt1 ($105.93 in chips) 
Seat 2: peak joker33 ($100 in chips) 
Seat 3: ozstrike88 ($177.24 in chips) 
Seat 5: yassine2525 ($18.01 in chips) 
Seat 6: 50CandyJoe ($224.95 in chips) 
50CandyJoe: posts small blind $0.50
jeffy27dt1: posts big blind $1
ka100pka527: sits out 
*** HOLE CARDS ***
peak joker33: raises $1.50 to $2.50
ozstrike88: calls $2.50
yassine2525: calls $2.50
50CandyJoe: calls $2
jeffy27dt1: raises $14.50 to $17
peak joker33: folds 
ozstrike88: folds 
yassine2525: raises $1.01 to $18.01 and is all-in
50CandyJoe: folds 
jeffy27dt1: calls $1.01
*** FLOP *** [Tc 3h 9s]
*** TURN *** [Tc 3h 9s] [5s]
*** RIVER *** [Tc 3h 9s 5s] [7h]
*** SHOW DOWN ***
jeffy27dt1: shows [Ah Qs] (high card Ace)
yassine2525: shows [3d Ts] (two pair, Tens and Threes)
yassine2525 collected $41.34 from pot
*** SUMMARY ***
Total pot $43.52 | Rake $2.18 
Board [Tc 3h 9s 5s 7h]
Seat 4: ka100pka527
Seat 1: jeffy27dt1 (big blind) showed [Ah Qs] and lost with high card Ace
Seat 2: peak joker33 folded before Flop
Seat 3: ozstrike88 folded before Flop
Seat 5: yassine2525 (button) showed [3d Ts] and won ($41.34) with two pair, Tens and Threes
Seat 6: 50CandyJoe (small blind) folded before Flop



PokerStars Hand #254746633821:  Hold'em No Limit ($0.50/$1.00 USD) - 2025/02/07 7:29:02 WET [2025/02/07 2:29:02 ET]
Table 'Coppelia' 6-max Seat #6 is the button
Seat 4: ka100pka527 ($100 in chips) is sitting out
Seat 1: jeffy27dt1 ($100 in chips) 
Seat 2: peak joker33 ($100 in chips) 
Seat 3: ozstrike88 ($174.74 in chips) 
Seat 5: yassine2525 ($41.34 in chips) 
Seat 6: 50CandyJoe ($222.45 in chips) 
jeffy27dt1: posts small blind $0.50
peak joker33: posts big blind $1
ka100pka527: sits out 
*** HOLE CARDS ***
ozstrike88: folds 
yassine2525: folds 
50CandyJoe: raises $1.50 to $2.50
jeffy27dt1: folds 
peak joker33: calls $1.50
*** FLOP *** [Jd 2d Kh]
peak joker33: checks 
50CandyJoe: bets $1.31
peak joker33: raises $5.88 to $7.19
50CandyJoe: folds 
Uncalled bet ($5.88) returned to peak joker33
peak joker33 collected $7.71 from pot
peak joker33: doesn't show hand 
*** SUMMARY ***
Total pot $8.12 | Rake $0.41 
Board [Jd 2d Kh]
Seat 4: ka100pka527
Seat 1: jeffy27dt1 (small blind) folded before Flop
Seat 2: peak joker33 (big blind) collected ($7.71)
Seat 3: ozstrike88 folded before Flop (didn't bet)
Seat 5: yassine2525 folded before Flop (didn't bet)
Seat 6: 50CandyJoe (button) folded on the Flop



PokerStars Hand #254746637497:  Hold'em No Limit ($0.50/$1.00 USD) - 2025/02/07 7:29:51 WET [2025/02/07 2:29:51 ET]
Table 'Coppelia' 6-max Seat #1 is the button
Seat 4: ka100pka527 ($100 in chips) is sitting out
Seat 1: jeffy27dt1 ($100 in chips) 
Seat 2: peak joker33 ($103.90 in chips) 
Seat 3: ozstrike88 ($174.74 in chips) 
Seat 5: yassine2525 ($41.34 in chips) 
Seat 6: 50CandyJoe ($218.64 in chips) 
peak joker33: posts small blind $0.50
ozstrike88: posts big blind $1
ka100pka527: sits out 
*** HOLE CARDS ***
yassine2525: raises $1 to $2
50CandyJoe: raises $5 to $7
jeffy27dt1: folds 
peak joker33: folds 
ozstrike88: folds 
yassine2525: calls $5
*** FLOP *** [6c Jh Jd]
yassine2525: checks 
50CandyJoe: bets $3.68
yassine2525: raises $11.04 to $14.72
50CandyJoe: folds 
Uncalled bet ($11.04) returned to yassine2525
yassine2525 collected $21.72 from pot
*** SUMMARY ***
Total pot $22.86 | Rake $1.14 
Board [6c Jh Jd]
Seat 4: ka100pka527
Seat 1: jeffy27dt1 (button) folded before Flop (didn't bet)
Seat 2: peak joker33 (small blind) folded before Flop
Seat 3: ozstrike88 (big blind) folded before Flop
Seat 5: yassine2525 collected ($21.72)
Seat 6: 50CandyJoe folded on the Flop



PokerStars Hand #254746641837:  Hold'em No Limit ($0.50/$1.00 USD) - 2025/02/07 7:30:49 WET [2025/02/07 2:30:49 ET]
Table 'Coppelia' 6-max Seat #2 is the button
Seat 1: jeffy27dt1 ($100 in chips) 
Seat 2: peak joker33 ($103.40 in chips) 
Seat 3: ozstrike88 ($173.74 in chips) 
Seat 4: ka100pka527 ($100 in chips) 
Seat 5: yassine2525 ($52.38 in chips) 
Seat 6: 50CandyJoe ($207.96 in chips) 
ozstrike88: posts small blind $0.50
ka100pka527: posts big blind $1
*** HOLE CARDS ***
yassine2525: raises $1 to $2
50CandyJoe: folds 
jeffy27dt1: folds 
peak joker33: folds 
ozstrike88: folds 
ka100pka527: folds 
Uncalled bet ($1) returned to yassine2525
yassine2525 collected $2.50 from pot
*** SUMMARY ***
Total pot $2.50 | Rake $0 
Seat 1: jeffy27dt1 folded before Flop (didn't bet)
Seat 2: peak joker33 (button) folded before Flop (didn't bet)
Seat 3: ozstrike88 (small blind) folded before Flop
Seat 4: ka100pka527 (big blind) folded before Flop
Seat 5: yassine2525 collected ($2.50)
Seat 6: 50CandyJoe folded before Flop (didn't bet)



PokerStars Hand #254746643748:  Hold'em No Limit ($0.50/$1.00 USD) - 2025/02/07 7:31:15 WET [2025/02/07 2:31:15 ET]
Table 'Coppelia' 6-max Seat #3 is the button
Seat 1: jeffy27dt1 ($100 in chips) 
Seat 2: peak joker33 ($103.40 in chips) 
Seat 3: ozstrike88 ($173.24 in chips) 
Seat 4: ka100pka527 ($100 in chips) 
Seat 5: yassine2525 ($53.88 in chips) 
Seat 6: 50CandyJoe ($207.96 in chips) 
ka100pka527: posts small blind $0.50
yassine2525: posts big blind $1
*** HOLE CARDS ***
50CandyJoe: folds 
jeffy27dt1: raises $1.50 to $2.50
peak joker33: folds 
ozstrike88: folds 
ka100pka527: calls $2
yassine2525: calls $1.50
*** FLOP *** [4c 2c Js]
ka100pka527: checks 
yassine2525: checks 
jeffy27dt1: checks 
*** TURN *** [4c 2c Js] [6s]
ka100pka527: bets $4.75
yassine2525: folds 
jeffy27dt1: folds 
Uncalled bet ($4.75) returned to ka100pka527
ka100pka527 collected $7.12 from pot
ka100pka527: doesn't show hand 
*** SUMMARY ***
Total pot $7.50 | Rake $0.38 
Board [4c 2c Js 6s]
Seat 1: jeffy27dt1 folded on the Turn
Seat 2: peak joker33 folded before Flop (didn't bet)
Seat 3: ozstrike88 (button) folded before Flop (didn't bet)
Seat 4: ka100pka527 (small blind) collected ($7.12)
Seat 5: yassine2525 (big blind) folded on the Turn
Seat 6: 50CandyJoe folded before Flop (didn't bet)



PokerStars Hand #254746651467:  Hold'em No Limit ($0.50/$1.00 USD) - 2025/02/07 7:32:57 WET [2025/02/07 2:32:57 ET]
Table 'Coppelia' 6-max Seat #4 is the button
Seat 1: jeffy27dt1 ($100 in chips) 
Seat 2: peak joker33 ($103.40 in chips) 
Seat 3: ozstrike88 ($173.24 in chips) 
Seat 4: ka100pka527 ($104.62 in chips) 
Seat 5: yassine2525 ($51.38 in chips) 
Seat 6: 50CandyJoe ($207.96 in chips) 
yassine2525: posts small blind $0.50
50CandyJoe: posts big blind $1
*** HOLE CARDS ***
jeffy27dt1: folds 
peak joker33: folds 
ozstrike88: folds 
ka100pka527: raises $1.50 to $2.50
yassine2525: calls $2
50CandyJoe: calls $1.50
*** FLOP *** [Js Ah 6h]
yassine2525: checks 
50CandyJoe: checks 
ka100pka527: bets $3.84
yassine2525: calls $3.84
50CandyJoe: raises $11.16 to $15
ka100pka527: folds 
yassine2525: folds 
Uncalled bet ($11.16) returned to 50CandyJoe
50CandyJoe collected $18.07 from pot
50CandyJoe: doesn't show hand 
*** SUMMARY ***
Total pot $19.02 | Rake $0.95 
Board [Js Ah 6h]
Seat 1: jeffy27dt1 folded before Flop (didn't bet)
Seat 2: peak joker33 folded before Flop (didn't bet)
Seat 3: ozstrike88 folded before Flop (didn't bet)
Seat 4: ka100pka527 (button) folded on the Flop
Seat 5: yassine2525 (small blind) folded on the Flop
Seat 6: 50CandyJoe (big blind) collected ($18.07)



PokerStars Hand #254746656603:  Hold'em No Limit ($0.50/$1.00 USD) - 2025/02/07 7:34:04 WET [2025/02/07 2:34:04 ET]
Table 'Coppelia' 6-max Seat #5 is the button
Seat 1: jeffy27dt1 ($100 in chips) 
Seat 2: peak joker33 ($103.40 in chips) 
Seat 3: ozstrike88 ($173.24 in chips) 
Seat 4: ka100pka527 ($100 in chips) 
Seat 5: yassine2525 ($45.04 in chips) 
Seat 6: 50CandyJoe ($219.69 in chips) 
50CandyJoe: posts small blind $0.50
jeffy27dt1: posts big blind $1
*** HOLE CARDS ***
peak joker33: folds 
ozstrike88: folds 
ka100pka527: folds 
yassine2525: raises $1.50 to $2.50
50CandyJoe: folds 
jeffy27dt1: raises $6.50 to $9
yassine2525: calls $6.50
*** FLOP *** [8d 6d Kc]
jeffy27dt1: bets $5.81
yassine2525: folds 
Uncalled bet ($5.81) returned to jeffy27dt1
jeffy27dt1 collected $17.58 from pot
jeffy27dt1: doesn't show hand 
*** SUMMARY ***
Total pot $18.50 | Rake $0.92 
Board [8d 6d Kc]
Seat 1: jeffy27dt1 (big blind) collected ($17.58)
Seat 2: peak joker33 folded before Flop (didn't bet)
Seat 3: ozstrike88 folded before Flop (didn't bet)
Seat 4: ka100pka527 folded before Flop (didn't bet)
Seat 5: yassine2525 (button) folded on the Flop
Seat 6: 50CandyJoe (small blind) folded before Flop



PokerStars Hand #254746660294:  Hold'em No Limit ($0.50/$1.00 USD) - 2025/02/07 7:34:53 WET [2025/02/07 2:34:53 ET]
Table 'Coppelia' 6-max Seat #6 is the button
Seat 1: jeffy27dt1 ($108.58 in chips) 
Seat 2: peak joker33 ($103.40 in chips) 
Seat 3: ozstrike88 ($173.24 in chips) 
Seat 4: ka100pka527 ($100 in chips) 
Seat 5: yassine2525 ($36.04 in chips) 
Seat 6: 50CandyJoe ($219.19 in chips) 
jeffy27dt1: posts small blind $0.50
peak joker33: posts big blind $1
*** HOLE CARDS ***
ozstrike88: raises $2.50 to $3.50
ka100pka527: folds 
yassine2525: calls $3.50
50CandyJoe: folds 
jeffy27dt1: calls $3
peak joker33: folds 
*** FLOP *** [7h Td 5d]
jeffy27dt1: checks 
ozstrike88: bets $4.46
yassine2525: folds 
jeffy27dt1: calls $4.46
*** TURN *** [7h Td 5d] [Qc]
yassine2525 leaves the table
jeffy27dt1: checks 
ozstrike88: checks 
*** RIVER *** [7h Td 5d Qc] [Kc]
jeffy27dt1: bets $2
ozstrike88: calls $2
*** SHOW DOWN ***
jeffy27dt1: shows [Jd Qd] (a pair of Queens)
ozstrike88: shows [Kd Ac] (a pair of Kings)
ozstrike88 collected $23.20 from pot
*** SUMMARY ***
Total pot $24.42 | Rake $1.22 
Board [7h Td 5d Qc Kc]
Seat 1: jeffy27dt1 (small blind) showed [Jd Qd] and lost with a pair of Queens
Seat 2: peak joker33 (big blind) folded before Flop
Seat 3: ozstrike88 showed [Kd Ac] and won ($23.20) with a pair of Kings
Seat 4: ka100pka527 folded before Flop (didn't bet)
Seat 5: yassine2525 folded on the Flop
Seat 6: 50CandyJoe (button) folded before Flop (didn't bet)



PokerStars Hand #254746664430:  Hold'em No Limit ($0.50/$1.00 USD) - 2025/02/07 7:35:49 WET [2025/02/07 2:35:49 ET]
Table 'Coppelia' 6-max Seat #1 is the button
Seat 1: jeffy27dt1 ($100 in chips) 
Seat 2: peak joker33 ($102.40 in chips) 
Seat 3: ozstrike88 ($186.48 in chips) 
Seat 4: ka100pka527 ($100 in chips) 
Seat 6: 50CandyJoe ($219.19 in chips) 
peak joker33: posts small blind $0.50
ozstrike88: posts big blind $1
*** HOLE CARDS ***
ka100pka527: folds 
50CandyJoe: raises $1.20 to $2.20
jeffy27dt1: folds 
peak joker33: raises $7.80 to $10
ozstrike88: folds 
50CandyJoe: folds 
Uncalled bet ($7.80) returned to peak joker33
ozstrike88 leaves the table
peak joker33 collected $5.40 from pot
peak joker33: doesn't show hand 
*** SUMMARY ***
Total pot $5.40 | Rake $0 
Seat 1: jeffy27dt1 (button) folded before Flop (didn't bet)
Seat 2: peak joker33 (small blind) collected ($5.40)
Seat 3: ozstrike88 (big blind) folded before Flop
Seat 4: ka100pka527 folded before Flop (didn't bet)
Seat 6: 50CandyJoe folded before Flop



PokerStars Hand #254746666498:  Hold'em No Limit ($0.50/$1.00 USD) - 2025/02/07 7:36:17 WET [2025/02/07 2:36:17 ET]
Table 'Coppelia' 6-max Seat #2 is the button
Seat 1: jeffy27dt1 ($100 in chips) 
Seat 2: peak joker33 ($105.60 in chips) 
Seat 4: ka100pka527 ($100 in chips) 
Seat 6: 50CandyJoe ($216.99 in chips) 
ka100pka527: posts small blind $0.50
50CandyJoe: posts big blind $1
*** HOLE CARDS ***
jeffy27dt1: folds 
peak joker33: folds 
ka100pka527: raises $1.50 to $2.50
50CandyJoe: folds 
Uncalled bet ($1.50) returned to ka100pka527
ka100pka527 collected $2 from pot
ka100pka527: doesn't show hand 
*** SUMMARY ***
Total pot $2 | Rake $0 
Seat 1: jeffy27dt1 folded before Flop (didn't bet)
Seat 2: peak joker33 (button) folded before Flop (didn't bet)
Seat 4: ka100pka527 (small blind) collected ($2)
Seat 6: 50CandyJoe (big blind) folded before Flop



PokerStars Hand #254746670229:  Hold'em No Limit ($0.50/$1.00 USD) - 2025/02/07 7:37:07 WET [2025/02/07 2:37:07 ET]
Table 'Coppelia' 6-max Seat #4 is the button
Seat 4: yassine2525 ($32.54 in chips) 
Seat 5: ka100pka527 ($101 in chips) 
Pon4uk.ua joins the table at seat #6 
yassine2525: posts small blind $0.50
ka100pka527: posts big blind $1
*** HOLE CARDS ***
50CandyJoe joins the table at seat #1 
yassine2525: raises $2 to $3
ka100pka527: calls $2
*** FLOP *** [5c 2c Kc]
fobot21 joins the table at seat #2 
ka100pka527: checks 
yassine2525: bets $3
ka100pka527: folds 
Uncalled bet ($3) returned to yassine2525
yassine2525 collected $5.70 from pot
*** SUMMARY ***
Total pot $6 | Rake $0.30 
Board [5c 2c Kc]
Seat 4: yassine2525 (button) (small blind) collected ($5.70)
Seat 5: ka100pka527 (big blind) folded on the Flop



PokerStars Hand #254746671825:  Hold'em No Limit ($0.50/$1.00 USD) - 2025/02/07 7:37:29 WET [2025/02/07 2:37:29 ET]
Table 'Coppelia' 6-max Seat #4 is the button
Seat 1: 50CandyJoe ($215.99 in chips) is sitting out
Seat 2: fobot21 ($100 in chips) is sitting out
Seat 4: yassine2525 ($35.24 in chips) 
Seat 5: ka100pka527 ($100 in chips) 
Seat 6: Pon4uk.ua ($100 in chips) 
ka100pka527: posts small blind $0.50
Pon4uk.ua: posts big blind $1
50CandyJoe: sits out 
fobot21: sits out 
*** HOLE CARDS ***
yassine2525: raises $1.50 to $2.50
ka100pka527: folds 
Pon4uk.ua: calls $1.50
*** FLOP *** [5h Ks Qs]
Pon4uk.ua: checks 
yassine2525: bets $2.50
Pon4uk.ua: calls $2.50
*** TURN *** [5h Ks Qs] [8h]
William_Gull joins the table at seat #3 
Pon4uk.ua: checks 
yassine2525: bets $4.99
Pon4uk.ua: folds 
Uncalled bet ($4.99) returned to yassine2525
yassine2525 collected $9.98 from pot
*** SUMMARY ***
Total pot $10.50 | Rake $0.52 
Board [5h Ks Qs 8h]
Seat 1: 50CandyJoe
Seat 2: fobot21
Seat 4: yassine2525 (button) collected ($9.98)
Seat 5: ka100pka527 (small blind) folded before Flop
Seat 6: Pon4uk.ua (big blind) folded on the Turn



PokerStars Hand #254746697288:  Hold'em No Limit ($0.50/$1.00 USD) - 2025/02/07 7:43:00 WET [2025/02/07 2:43:00 ET]
Table 'Coppelia' 6-max Seat #6 is the button
Seat 1: 50CandyJoe ($212.49 in chips) 
Seat 2: fobot21 ($100 in chips) 
Seat 3: William_Gull ($115.69 in chips) 
Seat 4: yassine2525 ($48.38 in chips) 
Seat 5: ka100pka527 ($105.77 in chips) 
Seat 6: Pon4uk.ua ($100 in chips) 
50CandyJoe: posts small blind $0.50
fobot21: posts big blind $1
*** HOLE CARDS ***
William_Gull: folds 
yassine2525: folds 
ka100pka527: folds 
Pon4uk.ua: raises $1.50 to $2.50
50CandyJoe: raises $7.50 to $10
fobot21: folds 
Pon4uk.ua: folds 
Uncalled bet ($7.50) returned to 50CandyJoe
50CandyJoe collected $6 from pot
50CandyJoe: doesn't show hand 
*** SUMMARY ***
Total pot $6 | Rake $0 
Seat 1: 50CandyJoe (small blind) collected ($6)
Seat 2: fobot21 (big blind) folded before Flop
Seat 3: William_Gull folded before Flop (didn't bet)
Seat 4: yassine2525 folded before Flop (didn't bet)
Seat 5: ka100pka527 folded before Flop (didn't bet)
Seat 6: Pon4uk.ua (button) folded before Flop



PokerStars Hand #254746699517:  Hold'em No Limit ($0.50/$1.00 USD) - 2025/02/07 7:43:29 WET [2025/02/07 2:43:29 ET]
Table 'Coppelia' 6-max Seat #1 is the button
Seat 1: 50CandyJoe ($215.99 in chips) 
Seat 2: fobot21 ($100 in chips) 
Seat 3: William_Gull ($115.69 in chips) 
Seat 4: yassine2525 ($48.38 in chips) 
Seat 5: ka100pka527 ($105.77 in chips) 
Seat 6: Pon4uk.ua ($100 in chips) 
fobot21: posts small blind $0.50
William_Gull: posts big blind $1
*** HOLE CARDS ***
yassine2525: folds 
ka100pka527: folds 
Pon4uk.ua: folds 
50CandyJoe: folds 
fobot21: raises $1.90 to $2.90
William_Gull: folds 
Uncalled bet ($1.90) returned to fobot21
fobot21 collected $2 from pot
fobot21: doesn't show hand 
*** SUMMARY ***
Total pot $2 | Rake $0 
Seat 1: 50CandyJoe (button) folded before Flop (didn't bet)
Seat 2: fobot21 (small blind) collected ($2)
Seat 3: William_Gull (big blind) folded before Flop
Seat 4: yassine2525 folded before Flop (didn't bet)
Seat 5: ka100pka527 folded before Flop (didn't bet)
Seat 6: Pon4uk.ua folded before Flop (didn't bet)



PokerStars Hand #254746701655:  Hold'em No Limit ($0.50/$1.00 USD) - 2025/02/07 7:43:57 WET [2025/02/07 2:43:57 ET]
Table 'Coppelia' 6-max Seat #2 is the button
Seat 1: 50CandyJoe ($215.99 in chips) 
Seat 2: fobot21 ($101 in chips) 
Seat 3: William_Gull ($114.69 in chips) 
Seat 4: yassine2525 ($48.38 in chips) 
Seat 5: ka100pka527 ($105.77 in chips) 
Seat 6: Pon4uk.ua ($100 in chips) 
William_Gull: posts small blind $0.50
yassine2525: posts big blind $1
*** HOLE CARDS ***
ka100pka527: raises $2 to $3
Pon4uk.ua: folds 
50CandyJoe: folds 
fobot21: folds 
William_Gull: folds 
yassine2525: calls $2
*** FLOP *** [5c 3c Jh]
yassine2525: checks 
ka100pka527: bets $3.34
yassine2525: raises $6.34 to $9.68
ka100pka527: calls $6.34
*** TURN *** [5c 3c Jh] [Td]
yassine2525: bets $12.29
ka100pka527: raises $24.58 to $36.87
yassine2525: calls $23.41 and is all-in
Uncalled bet ($1.17) returned to ka100pka527
*** RIVER *** [5c 3c Jh Td] [7s]
*** SHOW DOWN ***
yassine2525: shows [Ad Js] (a pair of Jacks)
ka100pka527: shows [Ks Kh] (a pair of Kings)
ka100pka527 collected $94.76 from pot
*** SUMMARY ***
Total pot $97.26 | Rake $2.50 
Board [5c 3c Jh Td 7s]
Seat 1: 50CandyJoe folded before Flop (didn't bet)
Seat 2: fobot21 (button) folded before Flop (didn't bet)
Seat 3: William_Gull (small blind) folded before Flop
Seat 4: yassine2525 (big blind) showed [Ad Js] and lost with a pair of Jacks
Seat 5: ka100pka527 showed [Ks Kh] and won ($94.76) with a pair of Kings
Seat 6: Pon4uk.ua folded before Flop (didn't bet)



PokerStars Hand #254746708740:  Hold'em No Limit ($0.50/$1.00 USD) - 2025/02/07 7:45:28 WET [2025/02/07 2:45:28 ET]
Table 'Coppelia' 6-max Seat #3 is the button
Seat 4: yassine2525 ($0 in chips) is sitting out
Seat 1: 50CandyJoe ($215.99 in chips) 
Seat 2: fobot21 ($101 in chips) 
Seat 3: William_Gull ($114.19 in chips) 
Seat 5: ka100pka527 ($152.15 in chips) 
Seat 6: Pon4uk.ua ($100 in chips) 
ka100pka527: posts small blind $0.50
Pon4uk.ua: posts big blind $1
*** HOLE CARDS ***
50CandyJoe: raises $1.20 to $2.20
fobot21: raises $5.30 to $7.50
William_Gull: folds 
ka100pka527: folds 
Pon4uk.ua: folds 
50CandyJoe: folds 
Uncalled bet ($5.30) returned to fobot21
fobot21 collected $5.90 from pot
fobot21: doesn't show hand 
*** SUMMARY ***
Total pot $5.90 | Rake $0 
Seat 4: yassine2525
Seat 1: 50CandyJoe folded before Flop
Seat 2: fobot21 collected ($5.90)
Seat 3: William_Gull (button) folded before Flop (didn't bet)
Seat 5: ka100pka527 (small blind) folded before Flop
Seat 6: Pon4uk.ua (big blind) folded before Flop



PokerStars Hand #254746710502:  Hold'em No Limit ($0.50/$1.00 USD) - 2025/02/07 7:45:50 WET [2025/02/07 2:45:50 ET]
Table 'Coppelia' 6-max Seat #5 is the button
Seat 1: 50CandyJoe ($213.79 in chips) 
Seat 2: fobot21 ($104.70 in chips) 
Seat 3: William_Gull ($114.19 in chips) 
Seat 4: yassine2525 ($12.71 in chips) 
Seat 5: ka100pka527 ($151.65 in chips) 
Seat 6: Pon4uk.ua ($100 in chips) 
Pon4uk.ua: posts small blind $0.50
50CandyJoe: posts big blind $1
yassine2525: posts small blind $0.50
*** HOLE CARDS ***
fobot21: raises $1.50 to $2.50
William_Gull: folds 
yassine2525: raises $9.71 to $12.21 and is all-in
ka100pka527: folds 
Pon4uk.ua: folds 
50CandyJoe: folds 
fobot21: calls $9.71
*** FLOP *** [6s Kd 3d]
*** TURN *** [6s Kd 3d] [Ah]
*** RIVER *** [6s Kd 3d Ah] [4d]
*** SHOW DOWN ***
fobot21: shows [Js Ks] (a pair of Kings)
yassine2525: shows [5c Qd] (high card Ace)
fobot21 collected $25.10 from pot
*** SUMMARY ***
Total pot $26.42 | Rake $1.32 
Board [6s Kd 3d Ah 4d]
Seat 1: 50CandyJoe (big blind) folded before Flop
Seat 2: fobot21 showed [Js Ks] and won ($25.10) with a pair of Kings
Seat 3: William_Gull folded before Flop (didn't bet)
Seat 4: yassine2525 showed [5c Qd] and lost with high card Ace
Seat 5: ka100pka527 (button) folded before Flop (didn't bet)
Seat 6: Pon4uk.ua (small blind) folded before Flop



PokerStars Hand #254746713109:  Hold'em No Limit ($0.50/$1.00 USD) - 2025/02/07 7:46:24 WET [2025/02/07 2:46:24 ET]
Table 'Coppelia' 6-max Seat #6 is the button
Seat 4: yassine2525 ($0 in chips) is sitting out
Seat 1: 50CandyJoe ($212.79 in chips) 
Seat 2: fobot21 ($117.59 in chips) 
Seat 3: William_Gull ($114.19 in chips) 
Seat 5: ka100pka527 ($151.65 in chips) 
Seat 6: Pon4uk.ua ($100 in chips) 
50CandyJoe: posts small blind $0.50
fobot21: posts big blind $1
*** HOLE CARDS ***
William_Gull: folds 
ka100pka527: raises $1.50 to $2.50
Pon4uk.ua: folds 
50CandyJoe: folds 
fobot21: calls $1.50
*** FLOP *** [Tc 2d 2s]
fobot21: checks 
ka100pka527: bets $3.48
fobot21: calls $3.48
*** TURN *** [Tc 2d 2s] [9h]
fobot21: checks 
ka100pka527: checks 
*** RIVER *** [Tc 2d 2s 9h] [5s]
fobot21: bets $18
ka100pka527: folds 
Uncalled bet ($18) returned to fobot21
fobot21 collected $11.84 from pot
fobot21: doesn't show hand 
*** SUMMARY ***
Total pot $12.46 | Rake $0.62 
Board [Tc 2d 2s 9h 5s]
Seat 4: yassine2525
Seat 1: 50CandyJoe (small blind) folded before Flop
Seat 2: fobot21 (big blind) collected ($11.84)
Seat 3: William_Gull folded before Flop (didn't bet)
Seat 5: ka100pka527 folded on the River
Seat 6: Pon4uk.ua (button) folded before Flop (didn't bet)



PokerStars Hand #254746720269:  Hold'em No Limit ($0.50/$1.00 USD) - 2025/02/07 7:47:56 WET [2025/02/07 2:47:56 ET]
Table 'Coppelia' 6-max Seat #1 is the button
Seat 1: 50CandyJoe ($212.29 in chips) 
Seat 2: fobot21 ($123.45 in chips) 
Seat 3: William_Gull ($114.19 in chips) 
Seat 4: yassine2525 ($18.50 in chips) 
Seat 5: ka100pka527 ($145.67 in chips) 
Seat 6: Pon4uk.ua ($100 in chips) 
fobot21: posts small blind $0.50
William_Gull: posts big blind $1
*** HOLE CARDS ***
yassine2525: raises $1 to $2
ka100pka527: folds 
Pon4uk.ua: folds 
50CandyJoe: raises $5 to $7
fobot21: folds 
William_Gull: folds 
yassine2525: calls $5
*** FLOP *** [5c Ad 9d]
yassine2525: checks 
50CandyJoe: checks 
*** TURN *** [5c Ad 9d] [2c]
yassine2525: bets $11.50 and is all-in
50CandyJoe: folds 
Uncalled bet ($11.50) returned to yassine2525
yassine2525 collected $14.72 from pot
*** SUMMARY ***
Total pot $15.50 | Rake $0.78 
Board [5c Ad 9d 2c]
Seat 1: 50CandyJoe (button) folded on the Turn
Seat 2: fobot21 (small blind) folded before Flop
Seat 3: William_Gull (big blind) folded before Flop
Seat 4: yassine2525 collected ($14.72)
Seat 5: ka100pka527 folded before Flop (didn't bet)
Seat 6: Pon4uk.ua folded before Flop (didn't bet)



PokerStars Hand #254746723276:  Hold'em No Limit ($0.50/$1.00 USD) - 2025/02/07 7:48:34 WET [2025/02/07 2:48:34 ET]
Table 'Coppelia' 6-max Seat #2 is the button
Seat 1: 50CandyJoe ($205.29 in chips) 
Seat 2: fobot21 ($122.95 in chips) 
Seat 3: William_Gull ($113.19 in chips) 
Seat 4: yassine2525 ($26.22 in chips) 
Seat 5: ka100pka527 ($145.67 in chips) 
Seat 6: Pon4uk.ua ($100 in chips) 
William_Gull: posts small blind $0.50
yassine2525: posts big blind $1
*** HOLE CARDS ***
ka100pka527: raises $2 to $3
Pon4uk.ua: calls $3
50CandyJoe: folds 
fobot21: folds 
William_Gull: folds 
yassine2525: raises $9.50 to $12.50
ka100pka527: raises $17 to $29.50
Pon4uk.ua: folds 
yassine2525: calls $13.72 and is all-in
Uncalled bet ($3.28) returned to ka100pka527
*** FLOP *** [6s Th 7s]
*** TURN *** [6s Th 7s] [4s]
*** RIVER *** [6s Th 7s 4s] [2s]
*** SHOW DOWN ***
yassine2525: shows [Td Tc] (three of a kind, Tens)
ka100pka527: shows [As Kc] (a flush, Ace high)
ka100pka527 collected $53.44 from pot
*** SUMMARY ***
Total pot $55.94 | Rake $2.50 
Board [6s Th 7s 4s 2s]
Seat 1: 50CandyJoe folded before Flop (didn't bet)
Seat 2: fobot21 (button) folded before Flop (didn't bet)
Seat 3: William_Gull (small blind) folded before Flop
Seat 4: yassine2525 (big blind) showed [Td Tc] and lost with three of a kind, Tens
Seat 5: ka100pka527 showed [As Kc] and won ($53.44) with a flush, Ace high
Seat 6: Pon4uk.ua folded before Flop



PokerStars Hand #254746727419:  Hold'em No Limit ($0.50/$1.00 USD) - 2025/02/07 7:49:26 WET [2025/02/07 2:49:26 ET]
Table 'Coppelia' 6-max Seat #3 is the button
Seat 4: yassine2525 ($0 in chips) is sitting out
Seat 1: 50CandyJoe ($205.29 in chips) 
Seat 2: fobot21 ($122.95 in chips) 
Seat 3: William_Gull ($112.69 in chips) 
Seat 5: ka100pka527 ($172.89 in chips) 
Seat 6: Pon4uk.ua ($100 in chips) 
ka100pka527: posts small blind $0.50
Pon4uk.ua: posts big blind $1
*** HOLE CARDS ***
yassine2525 leaves the table
Supermegopro joins the table at seat #4 
50CandyJoe: folds 
fobot21: folds 
William_Gull: raises $1.20 to $2.20
ka100pka527: folds 
Pon4uk.ua: calls $1.20
*** FLOP *** [7s 5h 6d]
Pon4uk.ua: checks 
William_Gull: bets $1.54
Pon4uk.ua: raises $3.87 to $5.41
William_Gull: folds 
Uncalled bet ($3.87) returned to Pon4uk.ua
Pon4uk.ua collected $7.58 from pot
Pon4uk.ua: doesn't show hand 
*** SUMMARY ***
Total pot $7.98 | Rake $0.40 
Board [7s 5h 6d]
Seat 4: yassine2525
Seat 1: 50CandyJoe folded before Flop (didn't bet)
Seat 2: fobot21 folded before Flop (didn't bet)
Seat 3: William_Gull (button) folded on the Flop
Seat 5: ka100pka527 (small blind) folded before Flop
Seat 6: Pon4uk.ua (big blind) collected ($7.58)



PokerStars Hand #254746732770:  Hold'em No Limit ($0.50/$1.00 USD) - 2025/02/07 7:50:34 WET [2025/02/07 2:50:34 ET]
Table 'Coppelia' 6-max Seat #5 is the button
Seat 4: Supermegopro ($100 in chips) is sitting out
Seat 1: 50CandyJoe ($205.29 in chips) 
Seat 2: fobot21 ($122.95 in chips) 
Seat 3: William_Gull ($108.95 in chips) 
Seat 5: ka100pka527 ($172.39 in chips) 
Seat 6: Pon4uk.ua ($103.84 in chips) 
Pon4uk.ua: posts small blind $0.50
50CandyJoe: posts big blind $1
Supermegopro: sits out 
*** HOLE CARDS ***
fobot21: raises $1 to $2
William_Gull: folds 
ka100pka527: folds 
Pon4uk.ua: folds 
50CandyJoe has timed out
50CandyJoe: folds 
Uncalled bet ($1) returned to fobot21
fobot21 collected $2.50 from pot
fobot21: doesn't show hand 
*** SUMMARY ***
Total pot $2.50 | Rake $0 
Seat 4: Supermegopro
Seat 1: 50CandyJoe (big blind) folded before Flop
Seat 2: fobot21 collected ($2.50)
Seat 3: William_Gull folded before Flop (didn't bet)
Seat 5: ka100pka527 (button) folded before Flop (didn't bet)
Seat 6: Pon4uk.ua (small blind) folded before Flop



PokerStars Hand #254746735958:  Hold'em No Limit ($0.50/$1.00 USD) - 2025/02/07 7:51:14 WET [2025/02/07 2:51:14 ET]
Table 'Coppelia' 6-max Seat #6 is the button
Seat 2: fobot21 ($124.45 in chips) is sitting out
Seat 4: Supermegopro ($100 in chips) is sitting out
Seat 1: 50CandyJoe ($204.29 in chips) 
Seat 3: William_Gull ($108.95 in chips) 
Seat 5: ka100pka527 ($172.39 in chips) 
Seat 6: Pon4uk.ua ($103.34 in chips) 
50CandyJoe: posts small blind $0.50
fobot21: is sitting out 
William_Gull: posts big blind $1
Supermegopro: sits out 
*** HOLE CARDS ***
fobot21 leaves the table
ka100pka527: raises $1.50 to $2.50
Pon4uk.ua: raises $5 to $7.50
50CandyJoe: folds 
William_Gull: folds 
ka100pka527: folds 
Uncalled bet ($5) returned to Pon4uk.ua
Pon4uk.ua collected $6.50 from pot
Pon4uk.ua: doesn't show hand 
*** SUMMARY ***
Total pot $6.50 | Rake $0 
Seat 2: fobot21
Seat 4: Supermegopro
Seat 1: 50CandyJoe (small blind) folded before Flop
Seat 3: William_Gull (big blind) folded before Flop
Seat 5: ka100pka527 folded before Flop
Seat 6: Pon4uk.ua (button) collected ($6.50)



PokerStars Hand #254746738809:  Hold'em No Limit ($0.50/$1.00 USD) - 2025/02/07 7:51:50 WET [2025/02/07 2:51:50 ET]
Table 'Coppelia' 6-max Seat #1 is the button
Seat 1: 50CandyJoe ($203.79 in chips) 
Seat 3: William_Gull ($107.95 in chips) 
Seat 4: Supermegopro ($100 in chips) 
Seat 5: ka100pka527 ($169.89 in chips) 
Seat 6: Pon4uk.ua ($107.34 in chips) 
William_Gull: posts small blind $0.50
Supermegopro: posts big blind $1
*** HOLE CARDS ***
ka100pka527: raises $2 to $3
Pon4uk.ua: folds 
50CandyJoe: folds 
William_Gull: folds 
Supermegopro: folds 
Uncalled bet ($2) returned to ka100pka527
ka100pka527 collected $2.50 from pot
ka100pka527: doesn't show hand 
*** SUMMARY ***
Total pot $2.50 | Rake $0 
Seat 1: 50CandyJoe (button) folded before Flop (didn't bet)
Seat 3: William_Gull (small blind) folded before Flop
Seat 4: Supermegopro (big blind) folded before Flop
Seat 5: ka100pka527 collected ($2.50)
Seat 6: Pon4uk.ua folded before Flop (didn't bet)



PokerStars Hand #254746740170:  Hold'em No Limit ($0.50/$1.00 USD) - 2025/02/07 7:52:07 WET [2025/02/07 2:52:07 ET]
Table 'Coppelia' 6-max Seat #3 is the button
Seat 1: 50CandyJoe ($203.79 in chips) 
Seat 3: William_Gull ($107.45 in chips) 
Seat 4: Supermegopro ($100 in chips) 
Seat 5: ka100pka527 ($171.39 in chips) 
Seat 6: Pon4uk.ua ($107.34 in chips) 
Supermegopro: posts small blind $0.50
ka100pka527: posts big blind $1
*** HOLE CARDS ***
Pon4uk.ua: folds 
50CandyJoe: folds 
William_Gull: folds 
Supermegopro: folds 
Uncalled bet ($0.50) returned to ka100pka527
ka100pka527 collected $1 from pot
ka100pka527: doesn't show hand 
*** SUMMARY ***
Total pot $1 | Rake $0 
Seat 1: 50CandyJoe folded before Flop (didn't bet)
Seat 3: William_Gull (button) folded before Flop (didn't bet)
Seat 4: Supermegopro (small blind) folded before Flop
Seat 5: ka100pka527 (big blind) collected ($1)
Seat 6: Pon4uk.ua folded before Flop (didn't bet)



PokerStars Hand #254746740858:  Hold'em No Limit ($0.50/$1.00 USD) - 2025/02/07 7:52:16 WET [2025/02/07 2:52:16 ET]
Table 'Coppelia' 6-max Seat #4 is the button
Seat 1: 50CandyJoe ($203.79 in chips) 
Seat 3: William_Gull ($107.45 in chips) 
Seat 4: Supermegopro ($100 in chips) 
Seat 5: ka100pka527 ($171.89 in chips) 
Seat 6: Pon4uk.ua ($107.34 in chips) 
ka100pka527: posts small blind $0.50
Pon4uk.ua: posts big blind $1
*** HOLE CARDS ***
50CandyJoe: folds 
William_Gull: folds 
Supermegopro: folds 
ka100pka527: raises $1.50 to $2.50
Pon4uk.ua: raises $6 to $8.50
ka100pka527: folds 
Uncalled bet ($6) returned to Pon4uk.ua
Pon4uk.ua collected $5 from pot
Pon4uk.ua: doesn't show hand 
*** SUMMARY ***
Total pot $5 | Rake $0 
Seat 1: 50CandyJoe folded before Flop (didn't bet)
Seat 3: William_Gull folded before Flop (didn't bet)
Seat 4: Supermegopro (button) folded before Flop (didn't bet)
Seat 5: ka100pka527 (small blind) folded before Flop
Seat 6: Pon4uk.ua (big blind) collected ($5)



PokerStars Hand #254746743317:  Hold'em No Limit ($0.50/$1.00 USD) - 2025/02/07 7:52:47 WET [2025/02/07 2:52:47 ET]
Table 'Coppelia' 6-max Seat #5 is the button
Seat 1: 50CandyJoe ($203.79 in chips) 
Seat 3: William_Gull ($107.45 in chips) 
Seat 4: Supermegopro ($100 in chips) 
Seat 5: ka100pka527 ($169.39 in chips) 
Seat 6: Pon4uk.ua ($109.84 in chips) 
Pon4uk.ua: posts small blind $0.50
50CandyJoe: posts big blind $1
*** HOLE CARDS ***
William_Gull: folds 
Supermegopro: folds 
ka100pka527: raises $1.50 to $2.50
Pon4uk.ua: folds 
50CandyJoe: calls $1.50
*** FLOP *** [Td 2d Kd]
50CandyJoe: checks 
ka100pka527: bets $1.72
50CandyJoe: calls $1.72
*** TURN *** [Td 2d Kd] [9c]
50CandyJoe: checks 
ka100pka527: checks 
*** RIVER *** [Td 2d Kd 9c] [As]
50CandyJoe: checks 
ka100pka527: bets $5.58
50CandyJoe: folds 
Uncalled bet ($5.58) returned to ka100pka527
ka100pka527 collected $8.49 from pot
ka100pka527: doesn't show hand 
*** SUMMARY ***
Total pot $8.94 | Rake $0.45 
Board [Td 2d Kd 9c As]
Seat 1: 50CandyJoe (big blind) folded on the River
Seat 3: William_Gull folded before Flop (didn't bet)
Seat 4: Supermegopro folded before Flop (didn't bet)
Seat 5: ka100pka527 (button) collected ($8.49)
Seat 6: Pon4uk.ua (small blind) folded before Flop



PokerStars Hand #254746747415:  Hold'em No Limit ($0.50/$1.00 USD) - 2025/02/07 7:53:40 WET [2025/02/07 2:53:40 ET]
Table 'Coppelia' 6-max Seat #1 is the button
Seat 4: Supermegopro ($100 in chips) is sitting out
Seat 6: Pon4uk.ua ($109.34 in chips) is sitting out
Seat 1: 50CandyJoe ($199.57 in chips) 
Seat 3: William_Gull ($107.45 in chips) 
Seat 5: ka100pka527 ($173.66 in chips) 
William_Gull: posts small blind $0.50
Supermegopro: is sitting out 
ka100pka527: posts big blind $1
*** HOLE CARDS ***
Supermegopro leaves the table
Pon4uk.ua leaves the table
50CandyJoe: raises $1.50 to $2.50
William_Gull: folds 
ka100pka527: folds 
Uncalled bet ($1.50) returned to 50CandyJoe
50CandyJoe collected $2.50 from pot
50CandyJoe: doesn't show hand 
*** SUMMARY ***
Total pot $2.50 | Rake $0 
Seat 4: Supermegopro
Seat 6: Pon4uk.ua
Seat 1: 50CandyJoe (button) collected ($2.50)
Seat 3: William_Gull (small blind) folded before Flop
Seat 5: ka100pka527 (big blind) folded before Flop



PokerStars Hand #254746749170:  Hold'em No Limit ($0.50/$1.00 USD) - 2025/02/07 7:54:02 WET [2025/02/07 2:54:02 ET]
Table 'Coppelia' 6-max Seat #3 is the button
Seat 1: 50CandyJoe ($201.07 in chips) 
Seat 3: William_Gull ($106.95 in chips) 
Seat 5: ka100pka527 ($172.66 in chips) 
ka100pka527: posts small blind $0.50
50CandyJoe: posts big blind $1
*** HOLE CARDS ***
William_Gull: raises $1.20 to $2.20
ka100pka527: raises $8.50 to $10.70
50CandyJoe: folds 
William_Gull: folds 
Uncalled bet ($8.50) returned to ka100pka527
ka100pka527 collected $5.40 from pot
ka100pka527: doesn't show hand 
*** SUMMARY ***
Total pot $5.40 | Rake $0 
Seat 1: 50CandyJoe (big blind) folded before Flop
Seat 3: William_Gull (button) folded before Flop
Seat 5: ka100pka527 (small blind) collected ($5.40)



PokerStars Hand #254746750778:  Hold'em No Limit ($0.50/$1.00 USD) - 2025/02/07 7:54:22 WET [2025/02/07 2:54:22 ET]
Table 'Coppelia' 6-max Seat #5 is the button
Seat 1: 50CandyJoe ($200.07 in chips) 
Seat 3: William_Gull ($104.75 in chips) 
Seat 5: ka100pka527 ($175.86 in chips) 
50CandyJoe: posts small blind $0.50
William_Gull: posts big blind $1
*** HOLE CARDS ***
ka100pka527: folds 
ka100pka527 leaves the table
50CandyJoe: raises $1.50 to $2.50
William_Gull: folds 
Uncalled bet ($1.50) returned to 50CandyJoe
50CandyJoe collected $2 from pot
50CandyJoe: doesn't show hand 
*** SUMMARY ***
Total pot $2 | Rake $0 
Seat 1: 50CandyJoe (small blind) collected ($2)
Seat 3: William_Gull (big blind) folded before Flop
Seat 5: ka100pka527 (button) folded before Flop (didn't bet)



PokerStars Hand #254746752038:  Hold'em No Limit ($0.50/$1.00 USD) - 2025/02/07 7:54:38 WET [2025/02/07 2:54:38 ET]
Table 'Coppelia' 6-max Seat #3 is the button
Seat 1: 50CandyJoe ($201.07 in chips) 
Seat 3: William_Gull ($103.75 in chips) 
William_Gull: posts small blind $0.50
50CandyJoe: posts big blind $1
*** HOLE CARDS ***
William_Gull: raises $1.50 to $2.50
50CandyJoe: calls $1.50
*** FLOP *** [5s 6s 7c]
50CandyJoe: checks 
William_Gull: checks 
*** TURN *** [5s 6s 7c] [Th]
50CandyJoe: bets $3.56
William_Gull: calls $3.56
*** RIVER *** [5s 6s 7c Th] [Qc]
50CandyJoe: checks 
William_Gull: checks 
*** SHOW DOWN ***
50CandyJoe: shows [7h Ac] (a pair of Sevens)
William_Gull: mucks hand 
50CandyJoe collected $11.51 from pot
*** SUMMARY ***
Total pot $12.12 | Rake $0.61 
Board [5s 6s 7c Th Qc]
Seat 1: 50CandyJoe (big blind) showed [7h Ac] and won ($11.51) with a pair of Sevens
Seat 3: William_Gull (button) (small blind) mucked



PokerStars Hand #254746766048:  Hold'em No Limit ($0.50/$1.00 USD) - 2025/02/07 7:57:55 WET [2025/02/07 2:57:55 ET]
Table 'Coppelia' 6-max Seat #4 is the button
Seat 1: 50CandyJoe ($206.52 in chips) 
Seat 3: yassine2525 ($12.26 in chips) 
Seat 4: 3EPH ($100 in chips) 
50CandyJoe: posts small blind $0.50
yassine2525: posts big blind $1
*** HOLE CARDS ***
Supermegopro joins the table at seat #5 
3EPH: folds 
50CandyJoe: folds 
Uncalled bet ($0.50) returned to yassine2525
yassine2525 collected $1 from pot
*** SUMMARY ***
Total pot $1 | Rake $0 
Seat 1: 50CandyJoe (small blind) folded before Flop
Seat 3: yassine2525 (big blind) collected ($1)
Seat 4: 3EPH (button) folded before Flop (didn't bet)



PokerStars Hand #254746767039:  Hold'em No Limit ($0.50/$1.00 USD) - 2025/02/07 7:58:09 WET [2025/02/07 2:58:09 ET]
Table 'Coppelia' 6-max Seat #1 is the button
Seat 5: Supermegopro ($100 in chips) is sitting out
Seat 1: 50CandyJoe ($206.02 in chips) 
Seat 3: yassine2525 ($12.76 in chips) 
Seat 4: 3EPH ($100 in chips) 
yassine2525: posts small blind $0.50
3EPH: posts big blind $1
Supermegopro: sits out 
*** HOLE CARDS ***
50CandyJoe: raises $1.50 to $2.50
yassine2525: calls $2
Flix2204 joins the table at seat #6 
3EPH: folds 
*** FLOP *** [Ks Ac 9c]
yassine2525: checks 
50CandyJoe: checks 
*** TURN *** [Ks Ac 9c] [Qs]
yassine2525: bets $2.80
50CandyJoe: raises $9.20 to $12
yassine2525: folds 
Uncalled bet ($9.20) returned to 50CandyJoe
ka100pka527 joins the table at seat #2 
50CandyJoe collected $11.02 from pot
50CandyJoe: doesn't show hand 
*** SUMMARY ***
Total pot $11.60 | Rake $0.58 
Board [Ks Ac 9c Qs]
Seat 5: Supermegopro
Seat 1: 50CandyJoe (button) collected ($11.02)
Seat 3: yassine2525 (small blind) folded on the Turn
Seat 4: 3EPH (big blind) folded before Flop



PokerStars Hand #254746769338:  Hold'em No Limit ($0.50/$1.00 USD) - 2025/02/07 7:58:42 WET [2025/02/07 2:58:42 ET]
Table 'Coppelia' 6-max Seat #3 is the button
Seat 2: ka100pka527 ($175.86 in chips) is sitting out
Seat 6: Flix2204 ($100 in chips) is sitting out
Seat 1: 50CandyJoe ($211.74 in chips) 
Seat 3: yassine2525 ($7.46 in chips) 
Seat 4: 3EPH ($100 in chips) 
Seat 5: Supermegopro ($100 in chips) 
3EPH: posts small blind $0.50
Supermegopro: posts big blind $1
Flix2204: sits out 
ka100pka527: sits out 
*** HOLE CARDS ***
50CandyJoe: folds 
yassine2525: raises $6.46 to $7.46 and is all-in
3EPH: folds 
Supermegopro: calls $6.46
*** FLOP *** [Qc Jh 4s]
*** TURN *** [Qc Jh 4s] [6h]
*** RIVER *** [Qc Jh 4s 6h] [Qd]
*** SHOW DOWN ***
Supermegopro: shows [Jc Th] (two pair, Queens and Jacks)
yassine2525: shows [Jd Ks] (two pair, Queens and Jacks - King kicker)
yassine2525 collected $14.65 from pot
*** SUMMARY ***
Total pot $15.42 | Rake $0.77 
Board [Qc Jh 4s 6h Qd]
Seat 2: ka100pka527
Seat 6: Flix2204
Seat 1: 50CandyJoe folded before Flop (didn't bet)
Seat 3: yassine2525 (button) showed [Jd Ks] and won ($14.65) with two pair, Queens and Jacks
Seat 4: 3EPH (small blind) folded before Flop
Seat 5: Supermegopro (big blind) showed [Jc Th] and lost with two pair, Queens and Jacks



PokerStars Hand #254746771068:  Hold'em No Limit ($0.50/$1.00 USD) - 2025/02/07 7:59:07 WET [2025/02/07 2:59:07 ET]
Table 'Coppelia' 6-max Seat #4 is the button
Seat 2: ka100pka527 ($175.86 in chips) is sitting out
Seat 1: 50CandyJoe ($211.74 in chips) 
Seat 3: yassine2525 ($14.65 in chips) 
Seat 4: 3EPH ($100 in chips) 
Seat 5: Supermegopro ($100 in chips) 
Seat 6: Flix2204 ($100 in chips) 
Supermegopro: posts small blind $0.50
Flix2204: posts big blind $1
ka100pka527: sits out 
*** HOLE CARDS ***
50CandyJoe: raises $1.20 to $2.20
yassine2525: folds 
3EPH: folds 
Supermegopro: folds 
Flix2204: folds 
Uncalled bet ($1.20) returned to 50CandyJoe
50CandyJoe collected $2.50 from pot
50CandyJoe: doesn't show hand 
*** SUMMARY ***
Total pot $2.50 | Rake $0 
Seat 2: ka100pka527
Seat 1: 50CandyJoe collected ($2.50)
Seat 3: yassine2525 folded before Flop (didn't bet)
Seat 4: 3EPH (button) folded before Flop (didn't bet)
Seat 5: Supermegopro (small blind) folded before Flop
Seat 6: Flix2204 (big blind) folded before Flop



PokerStars Hand #254746771824:  Hold'em No Limit ($0.50/$1.00 USD) - 2025/02/07 7:59:18 WET [2025/02/07 2:59:18 ET]
Table 'Coppelia' 6-max Seat #5 is the button
Seat 2: ka100pka527 ($175.86 in chips) is sitting out
Seat 1: 50CandyJoe ($213.24 in chips) 
Seat 3: yassine2525 ($14.65 in chips) 
Seat 4: 3EPH ($100 in chips) 
Seat 5: Supermegopro ($100 in chips) 
Seat 6: Flix2204 ($100 in chips) 
Flix2204: posts small blind $0.50
50CandyJoe: posts big blind $1
ka100pka527: sits out 
*** HOLE CARDS ***
yassine2525: folds 
3EPH: folds 
Supermegopro: folds 
Flix2204: folds 
Uncalled bet ($0.50) returned to 50CandyJoe
50CandyJoe collected $1 from pot
50CandyJoe: doesn't show hand 
*** SUMMARY ***
Total pot $1 | Rake $0 
Seat 2: ka100pka527
Seat 1: 50CandyJoe (big blind) collected ($1)
Seat 3: yassine2525 folded before Flop (didn't bet)
Seat 4: 3EPH folded before Flop (didn't bet)
Seat 5: Supermegopro (button) folded before Flop (didn't bet)
Seat 6: Flix2204 (small blind) folded before Flop



PokerStars Hand #254746773180:  Hold'em No Limit ($0.50/$1.00 USD) - 2025/02/07 7:59:39 WET [2025/02/07 2:59:39 ET]
Table 'Coppelia' 6-max Seat #6 is the button
Seat 1: 50CandyJoe ($213.74 in chips) 
Seat 2: ka100pka527 ($175.86 in chips) 
Seat 3: yassine2525 ($14.65 in chips) 
Seat 4: 3EPH ($100 in chips) 
Seat 5: Supermegopro ($100 in chips) 
Seat 6: Flix2204 ($100 in chips) 
50CandyJoe: posts small blind $0.50
ka100pka527: posts big blind $1
*** HOLE CARDS ***
yassine2525: folds 
3EPH: folds 
Supermegopro: folds 
Flix2204: raises $1.50 to $2.50
50CandyJoe: folds 
ka100pka527: folds 
Uncalled bet ($1.50) returned to Flix2204
Flix2204 collected $2.50 from pot
Flix2204: doesn't show hand 
*** SUMMARY ***
Total pot $2.50 | Rake $0 
Seat 1: 50CandyJoe (small blind) folded before Flop
Seat 2: ka100pka527 (big blind) folded before Flop
Seat 3: yassine2525 folded before Flop (didn't bet)
Seat 4: 3EPH folded before Flop (didn't bet)
Seat 5: Supermegopro folded before Flop (didn't bet)
Seat 6: Flix2204 (button) collected ($2.50)



PokerStars Hand #254746774364:  Hold'em No Limit ($0.50/$1.00 USD) - 2025/02/07 7:59:56 WET [2025/02/07 2:59:56 ET]
Table 'Coppelia' 6-max Seat #1 is the button
Seat 1: 50CandyJoe ($213.24 in chips) 
Seat 2: ka100pka527 ($174.86 in chips) 
Seat 3: yassine2525 ($14.65 in chips) 
Seat 4: 3EPH ($100 in chips) 
Seat 5: Supermegopro ($100 in chips) 
Seat 6: Flix2204 ($101.50 in chips) 
ka100pka527: posts small blind $0.50
yassine2525: posts big blind $1
*** HOLE CARDS ***
3EPH: folds 
Supermegopro: folds 
Flix2204: folds 
50CandyJoe: raises $1.50 to $2.50
ka100pka527: folds 
yassine2525: calls $1.50
*** FLOP *** [3d Th 4c]
yassine2525: checks 
50CandyJoe: bets $3.45
yassine2525: raises $8.70 to $12.15 and is all-in
50CandyJoe: calls $8.70
*** TURN *** [3d Th 4c] [6h]
*** RIVER *** [3d Th 4c 6h] [Jc]
*** SHOW DOWN ***
yassine2525: shows [2s Ah] (high card Ace)
50CandyJoe: shows [Tc Js] (two pair, Jacks and Tens)
50CandyJoe collected $28.31 from pot
*** SUMMARY ***
Total pot $29.80 | Rake $1.49 
Board [3d Th 4c 6h Jc]
Seat 1: 50CandyJoe (button) showed [Tc Js] and won ($28.31) with two pair, Jacks and Tens
Seat 2: ka100pka527 (small blind) folded before Flop
Seat 3: yassine2525 (big blind) showed [2s Ah] and lost with high card Ace
Seat 4: 3EPH folded before Flop (didn't bet)
Seat 5: Supermegopro folded before Flop (didn't bet)
Seat 6: Flix2204 folded before Flop (didn't bet)



PokerStars Hand #254746777595:  Hold'em No Limit ($0.50/$1.00 USD) - 2025/02/07 8:00:41 WET [2025/02/07 3:00:41 ET]
Table 'Coppelia' 6-max Seat #2 is the button
Seat 3: yassine2525 ($0 in chips) is sitting out
Seat 1: 50CandyJoe ($226.90 in chips) 
Seat 2: ka100pka527 ($174.36 in chips) 
Seat 4: 3EPH ($100 in chips) 
Seat 5: Supermegopro ($100 in chips) 
Seat 6: Flix2204 ($101.50 in chips) 
3EPH: posts small blind $0.50
Supermegopro: posts big blind $1
*** HOLE CARDS ***
Flix2204: folds 
50CandyJoe: folds 
ka100pka527: folds 
3EPH: raises $2 to $3
Supermegopro: calls $2
*** FLOP *** [Qd Jc 3c]
3EPH: checks 
Supermegopro: checks 
*** TURN *** [Qd Jc 3c] [5h]
3EPH: checks 
Supermegopro: checks 
*** RIVER *** [Qd Jc 3c 5h] [4c]
3EPH: checks 
Supermegopro: bets $2.85
3EPH: calls $2.85
*** SHOW DOWN ***
Supermegopro: shows [7h Kh] (high card King)
3EPH: shows [As Td] (high card Ace)
3EPH collected $11.12 from pot
*** SUMMARY ***
Total pot $11.70 | Rake $0.58 
Board [Qd Jc 3c 5h 4c]
Seat 3: yassine2525
Seat 1: 50CandyJoe folded before Flop (didn't bet)
Seat 2: ka100pka527 (button) folded before Flop (didn't bet)
Seat 4: 3EPH (small blind) showed [As Td] and won ($11.12) with high card Ace
Seat 5: Supermegopro (big blind) showed [7h Kh] and lost with high card King
Seat 6: Flix2204 folded before Flop (didn't bet)



PokerStars Hand #254746781977:  Hold'em No Limit ($0.50/$1.00 USD) - 2025/02/07 8:01:37 WET [2025/02/07 3:01:37 ET]
Table 'Coppelia' 6-max Seat #4 is the button
Seat 1: 50CandyJoe ($226.90 in chips) 
Seat 2: ka100pka527 ($174.36 in chips) 
Seat 3: yassine2525 ($14.32 in chips) 
Seat 4: 3EPH ($105.27 in chips) 
Seat 5: Supermegopro ($100 in chips) 
Seat 6: Flix2204 ($101.50 in chips) 
Supermegopro: posts small blind $0.50
Flix2204: posts big blind $1
yassine2525: posts small blind $0.50
*** HOLE CARDS ***
50CandyJoe: folds 
ka100pka527: folds 
yassine2525: raises $2 to $3
3EPH: folds 
Supermegopro: calls $2.50
Flix2204: folds 
*** FLOP *** [As 3s 4h]
Supermegopro: bets $11
yassine2525: calls $10.82 and is all-in
Uncalled bet ($0.18) returned to Supermegopro
*** TURN *** [As 3s 4h] [7c]
*** RIVER *** [As 3s 4h 7c] [9s]
*** SHOW DOWN ***
Supermegopro: shows [Ks 6s] (a flush, Ace high)
yassine2525: shows [8h 8c] (a pair of Eights)
Supermegopro collected $27.68 from pot
yassine2525 cashed out the hand for $14.33 | Cash Out Fee $0.29
*** SUMMARY ***
Total pot $29.14 | Rake $1.46 
Board [As 3s 4h 7c 9s]
Seat 1: 50CandyJoe folded before Flop (didn't bet)
Seat 2: ka100pka527 folded before Flop (didn't bet)
Seat 3: yassine2525 showed [8h 8c] and lost with a pair of Eights (cashed out).
Seat 4: 3EPH (button) folded before Flop (didn't bet)
Seat 5: Supermegopro (small blind) showed [Ks 6s] and won ($27.68) with a flush, Ace high
Seat 6: Flix2204 (big blind) folded before Flop



PokerStars Hand #254746547790:  Hold'em No Limit ($0.50/$1.00 USD) - 2025/02/07 7:09:48 WET [2025/02/07 2:09:48 ET]
Table 'Coppelia' 6-max Seat #3 is the button
Seat 1: jeffy27dt1 ($109.23 in chips) 
Seat 3: ozstrike88 ($190.30 in chips) 
Seat 4: 7bekon7 ($100 in chips) 
Seat 5: Burlica2013 ($100 in chips) 
7bekon7: posts small blind $0.50
Burlica2013: posts big blind $1
*** HOLE CARDS ***
50CandyJoe joins the table at seat #6 
jeffy27dt1: folds 
ozstrike88: folds 
7bekon7: raises $2 to $3
Burlica2013: calls $2
*** FLOP *** [Th Ks 8c]
7bekon7: bets $1.43
Burlica2013: calls $1.43
*** TURN *** [Th Ks 8c] [3h]
7bekon7: bets $8.42
Burlica2013: calls $8.42
*** RIVER *** [Th Ks 8c 3h] [5s]
7bekon7: checks 
Burlica2013: bets $8.15
7bekon7: folds 
Uncalled bet ($8.15) returned to Burlica2013
Burlica2013 collected $24.70 from pot
Burlica2013: doesn't show hand 
*** SUMMARY ***
Total pot $25.70 | Rake $1 
Board [Th Ks 8c 3h 5s]
Seat 1: jeffy27dt1 folded before Flop (didn't bet)
Seat 3: ozstrike88 (button) folded before Flop (didn't bet)
Seat 4: 7bekon7 (small blind) folded on the River
Seat 5: Burlica2013 (big blind) collected ($24.70)



PokerStars Hand #254746557574:  Hold'em No Limit ($0.50/$1.00 USD) - 2025/02/07 7:11:59 WET [2025/02/07 2:11:59 ET]
Table 'Coppelia' 6-max Seat #4 is the button
Seat 1: jeffy27dt1 ($109.23 in chips) 
Seat 3: ozstrike88 ($190.30 in chips) 
Seat 4: 7bekon7 ($100 in chips) 
Seat 5: Burlica2013 ($111.85 in chips) 
Seat 6: 50CandyJoe ($100 in chips) 
Burlica2013: posts small blind $0.50
50CandyJoe: posts big blind $1
*** HOLE CARDS ***
jeffy27dt1: raises $1.50 to $2.50
ozstrike88: folds 
7bekon7: calls $2.50
Burlica2013: folds 
50CandyJoe: raises $11 to $13.50
jeffy27dt1: folds 
7bekon7: calls $11
*** FLOP *** [3s 6c 3c]
50CandyJoe: bets $14.25
7bekon7: raises $14.25 to $28.50
50CandyJoe: calls $14.25
*** TURN *** [3s 6c 3c] [2d]
50CandyJoe: checks 
7bekon7: checks 
*** RIVER *** [3s 6c 3c 2d] [Qh]
50CandyJoe: bets $58 and is all-in
7bekon7: calls $58 and is all-in
*** SHOW DOWN ***
50CandyJoe: shows [Ah As] (two pair, Aces and Threes)
7bekon7: shows [Qd Td] (two pair, Queens and Threes)
50CandyJoe collected $200.50 from pot
*** SUMMARY ***
Total pot $203 | Rake $2.50 
Board [3s 6c 3c 2d Qh]
Seat 1: jeffy27dt1 folded before Flop
Seat 3: ozstrike88 folded before Flop (didn't bet)
Seat 4: 7bekon7 (button) showed [Qd Td] and lost with two pair, Queens and Threes
Seat 5: Burlica2013 (small blind) folded before Flop
Seat 6: 50CandyJoe (big blind) showed [Ah As] and won ($200.50) with two pair, Aces and Threes



PokerStars Hand #254746564987:  Hold'em No Limit ($0.50/$1.00 USD) - 2025/02/07 7:13:40 WET [2025/02/07 2:13:40 ET]
Table 'Coppelia' 6-max Seat #5 is the button
Seat 1: jeffy27dt1 ($106.73 in chips) is sitting out
Seat 3: ozstrike88 ($190.30 in chips) 
Seat 4: 7bekon7 ($100 in chips) 
Seat 5: Burlica2013 ($111.35 in chips) 
Seat 6: 50CandyJoe ($200.50 in chips) 
50CandyJoe: posts small blind $0.50
jeffy27dt1: is sitting out 
ozstrike88: posts big blind $1
*** HOLE CARDS ***
7bekon7: folds 
Burlica2013: folds 
50CandyJoe: raises $2 to $3
ozstrike88: folds 
Uncalled bet ($2) returned to 50CandyJoe
50CandyJoe collected $2 from pot
50CandyJoe: doesn't show hand 
*** SUMMARY ***
Total pot $2 | Rake $0 
Seat 1: jeffy27dt1
Seat 3: ozstrike88 (big blind) folded before Flop
Seat 4: 7bekon7 folded before Flop (didn't bet)
Seat 5: Burlica2013 (button) folded before Flop (didn't bet)
Seat 6: 50CandyJoe (small blind) collected ($2)



PokerStars Hand #254746566075:  Hold'em No Limit ($0.50/$1.00 USD) - 2025/02/07 7:13:54 WET [2025/02/07 2:13:54 ET]
Table 'Coppelia' 6-max Seat #6 is the button
Seat 1: jeffy27dt1 ($106.73 in chips) is sitting out
Seat 3: ozstrike88 ($189.30 in chips) 
Seat 4: 7bekon7 ($100 in chips) 
Seat 5: Burlica2013 ($111.35 in chips) 
Seat 6: 50CandyJoe ($201.50 in chips) 
ozstrike88: posts small blind $0.50
7bekon7: posts big blind $1
*** HOLE CARDS ***
Burlica2013: folds 
50CandyJoe: raises $1.50 to $2.50
ozstrike88: folds 
7bekon7: folds 
Uncalled bet ($1.50) returned to 50CandyJoe
50CandyJoe collected $2.50 from pot
50CandyJoe: doesn't show hand 
*** SUMMARY ***
Total pot $2.50 | Rake $0 
Seat 1: jeffy27dt1
Seat 3: ozstrike88 (small blind) folded before Flop
Seat 4: 7bekon7 (big blind) folded before Flop
Seat 5: Burlica2013 folded before Flop (didn't bet)
Seat 6: 50CandyJoe (button) collected ($2.50)



PokerStars Hand #254746567544:  Hold'em No Limit ($0.50/$1.00 USD) - 2025/02/07 7:14:14 WET [2025/02/07 2:14:14 ET]
Table 'Coppelia' 6-max Seat #3 is the button
Seat 1: jeffy27dt1 ($106.73 in chips) is sitting out
Seat 3: ozstrike88 ($188.80 in chips) 
Seat 4: 7bekon7 ($100 in chips) 
Seat 5: Burlica2013 ($111.35 in chips) 
Seat 6: 50CandyJoe ($203 in chips) 
7bekon7: posts small blind $0.50
Burlica2013: posts big blind $1
jeffy27dt1: sits out 
*** HOLE CARDS ***
50CandyJoe: raises $1.20 to $2.20
ozstrike88: folds 
7bekon7: folds 
hampuscardel joins the table at seat #2 
Burlica2013: folds 
Uncalled bet ($1.20) returned to 50CandyJoe
50CandyJoe collected $2.50 from pot
50CandyJoe: doesn't show hand 
*** SUMMARY ***
Total pot $2.50 | Rake $0 
Seat 1: jeffy27dt1
Seat 3: ozstrike88 (button) folded before Flop (didn't bet)
Seat 4: 7bekon7 (small blind) folded before Flop
Seat 5: Burlica2013 (big blind) folded before Flop
Seat 6: 50CandyJoe collected ($2.50)



PokerStars Hand #254746569945:  Hold'em No Limit ($0.50/$1.00 USD) - 2025/02/07 7:14:46 WET [2025/02/07 2:14:46 ET]
Table 'Coppelia' 6-max Seat #4 is the button
Seat 1: jeffy27dt1 ($106.73 in chips) is sitting out
Seat 2: hampuscardel ($100 in chips) 
Seat 3: ozstrike88 ($188.80 in chips) 
Seat 4: 7bekon7 ($100 in chips) 
Seat 5: Burlica2013 ($110.35 in chips) 
Seat 6: 50CandyJoe ($204.50 in chips) 
Burlica2013: posts small blind $0.50
50CandyJoe: posts big blind $1
jeffy27dt1: sits out 
hampuscardel: posts big blind $1
*** HOLE CARDS ***
hampuscardel: checks 
ozstrike88: folds 
7bekon7: folds 
Burlica2013: raises $3 to $4
50CandyJoe: folds 
hampuscardel: folds 
Uncalled bet ($3) returned to Burlica2013
Burlica2013 collected $3 from pot
Burlica2013: doesn't show hand 
*** SUMMARY ***
Total pot $3 | Rake $0 
Seat 1: jeffy27dt1
Seat 2: hampuscardel folded before Flop (didn't bet)
Seat 3: ozstrike88 folded before Flop (didn't bet)
Seat 4: 7bekon7 (button) folded before Flop (didn't bet)
Seat 5: Burlica2013 (small blind) collected ($3)
Seat 6: 50CandyJoe (big blind) folded before Flop



PokerStars Hand #254746571746:  Hold'em No Limit ($0.50/$1.00 USD) - 2025/02/07 7:15:10 WET [2025/02/07 2:15:10 ET]
Table 'Coppelia' 6-max Seat #5 is the button
Seat 1: jeffy27dt1 ($106.73 in chips) 
Seat 2: hampuscardel ($99 in chips) 
Seat 3: ozstrike88 ($188.80 in chips) 
Seat 4: 7bekon7 ($100 in chips) 
Seat 5: Burlica2013 ($112.35 in chips) 
Seat 6: 50CandyJoe ($203.50 in chips) 
50CandyJoe: posts small blind $0.50
jeffy27dt1: posts big blind $1
*** HOLE CARDS ***
hampuscardel: raises $2 to $3
ozstrike88: folds 
7bekon7: raises $7.50 to $10.50
Burlica2013: folds 
50CandyJoe: folds 
jeffy27dt1: folds 
hampuscardel: calls $7.50
*** FLOP *** [Ah 2c Tc]
hampuscardel: checks 
7bekon7: bets $5.35
hampuscardel: folds 
Uncalled bet ($5.35) returned to 7bekon7
7bekon7 collected $21.38 from pot
7bekon7: doesn't show hand 
*** SUMMARY ***
Total pot $22.50 | Rake $1.12 
Board [Ah 2c Tc]
Seat 1: jeffy27dt1 (big blind) folded before Flop
Seat 2: hampuscardel folded on the Flop
Seat 3: ozstrike88 folded before Flop (didn't bet)
Seat 4: 7bekon7 collected ($21.38)
Seat 5: Burlica2013 (button) folded before Flop (didn't bet)
Seat 6: 50CandyJoe (small blind) folded before Flop



PokerStars Hand #254746574725:  Hold'em No Limit ($0.50/$1.00 USD) - 2025/02/07 7:15:51 WET [2025/02/07 2:15:51 ET]
Table 'Coppelia' 6-max Seat #6 is the button
Seat 1: jeffy27dt1 ($105.73 in chips) 
Seat 2: hampuscardel ($88.50 in chips) 
Seat 3: ozstrike88 ($188.80 in chips) 
Seat 4: 7bekon7 ($110.88 in chips) 
Seat 5: Burlica2013 ($112.35 in chips) 
Seat 6: 50CandyJoe ($203 in chips) 
jeffy27dt1: posts small blind $0.50
hampuscardel: posts big blind $1
*** HOLE CARDS ***
ozstrike88: folds 
7bekon7: raises $1.50 to $2.50
Burlica2013: folds 
50CandyJoe: folds 
jeffy27dt1: folds 
hampuscardel: calls $1.50
*** FLOP *** [4s 3c 7d]
hampuscardel: checks 
7bekon7: checks 
*** TURN *** [4s 3c 7d] [5c]
hampuscardel: checks 
7bekon7: checks 
*** RIVER *** [4s 3c 7d 5c] [8c]
hampuscardel: bets $2.61
7bekon7: calls $2.61
*** SHOW DOWN ***
hampuscardel: shows [Ah 9d] (high card Ace)
7bekon7: shows [Ad Tc] (high card Ace - Ten kicker)
7bekon7 collected $10.18 from pot
*** SUMMARY ***
Total pot $10.72 | Rake $0.54 
Board [4s 3c 7d 5c 8c]
Seat 1: jeffy27dt1 (small blind) folded before Flop
Seat 2: hampuscardel (big blind) showed [Ah 9d] and lost with high card Ace
Seat 3: ozstrike88 folded before Flop (didn't bet)
Seat 4: 7bekon7 showed [Ad Tc] and won ($10.18) with high card Ace
Seat 5: Burlica2013 folded before Flop (didn't bet)
Seat 6: 50CandyJoe (button) folded before Flop (didn't bet)



PokerStars Hand #254746578469:  Hold'em No Limit ($0.50/$1.00 USD) - 2025/02/07 7:16:41 WET [2025/02/07 2:16:41 ET]
Table 'Coppelia' 6-max Seat #1 is the button
Seat 1: jeffy27dt1 ($105.23 in chips) 
Seat 2: hampuscardel ($83.39 in chips) 
Seat 3: ozstrike88 ($188.80 in chips) 
Seat 4: 7bekon7 ($115.95 in chips) 
Seat 5: Burlica2013 ($112.35 in chips) 
Seat 6: 50CandyJoe ($203 in chips) 
hampuscardel: posts small blind $0.50
ozstrike88: posts big blind $1
*** HOLE CARDS ***
7bekon7: raises $1.25 to $2.25
Burlica2013: folds 
Burlica2013 leaves the table
50CandyJoe: folds 
jeffy27dt1: folds 
hampuscardel: folds 
ozstrike88: folds 
Uncalled bet ($1.25) returned to 7bekon7
7bekon7 collected $2.50 from pot
7bekon7: doesn't show hand 
*** SUMMARY ***
Total pot $2.50 | Rake $0 
Seat 1: jeffy27dt1 (button) folded before Flop (didn't bet)
Seat 2: hampuscardel (small blind) folded before Flop
Seat 3: ozstrike88 (big blind) folded before Flop
Seat 4: 7bekon7 collected ($2.50)
Seat 5: Burlica2013 folded before Flop (didn't bet)
Seat 6: 50CandyJoe folded before Flop (didn't bet)



PokerStars Hand #254746579367:  Hold'em No Limit ($0.50/$1.00 USD) - 2025/02/07 7:16:53 WET [2025/02/07 2:16:53 ET]
Table 'Coppelia' 6-max Seat #2 is the button
Seat 1: jeffy27dt1 ($105.23 in chips) 
Seat 2: hampuscardel ($82.89 in chips) 
Seat 3: ozstrike88 ($187.80 in chips) 
Seat 4: 7bekon7 ($117.45 in chips) 
Seat 6: 50CandyJoe ($203 in chips) 
ozstrike88: posts small blind $0.50
7bekon7: posts big blind $1
*** HOLE CARDS ***
50CandyJoe: folds 
Emily_GetMan joins the table at seat #5 
jeffy27dt1: folds 
hampuscardel: raises $2 to $3
ozstrike88: calls $2.50
7bekon7: folds 
*** FLOP *** [Kd Tc Ad]
ozstrike88: checks 
hampuscardel: bets $3.33
ozstrike88: raises $3.33 to $6.66
hampuscardel: calls $3.33
*** TURN *** [Kd Tc Ad] [2s]
ozstrike88: checks 
hampuscardel: checks 
*** RIVER *** [Kd Tc Ad 2s] [Js]
ozstrike88: checks 
hampuscardel: bets $20
ozstrike88: folds 
Uncalled bet ($20) returned to hampuscardel
hampuscardel collected $19.30 from pot
hampuscardel: doesn't show hand 
*** SUMMARY ***
Total pot $20.32 | Rake $1.02 
Board [Kd Tc Ad 2s Js]
Seat 1: jeffy27dt1 folded before Flop (didn't bet)
Seat 2: hampuscardel (button) collected ($19.30)
Seat 3: ozstrike88 (small blind) folded on the River
Seat 4: 7bekon7 (big blind) folded before Flop
Seat 6: 50CandyJoe folded before Flop (didn't bet)



PokerStars Hand #254746584572:  Hold'em No Limit ($0.50/$1.00 USD) - 2025/02/07 7:18:03 WET [2025/02/07 2:18:03 ET]
Table 'Coppelia' 6-max Seat #3 is the button
Seat 1: jeffy27dt1 ($105.23 in chips) 
Seat 2: hampuscardel ($92.53 in chips) 
Seat 3: ozstrike88 ($178.14 in chips) 
Seat 4: 7bekon7 ($116.45 in chips) 
Seat 5: Emily_GetMan ($100 in chips) 
Seat 6: 50CandyJoe ($203 in chips) 
7bekon7: posts small blind $0.50
Emily_GetMan: posts big blind $1
*** HOLE CARDS ***
50CandyJoe: folds 
jeffy27dt1: folds 
hampuscardel: folds 
ozstrike88: folds 
7bekon7: folds 
Uncalled bet ($0.50) returned to Emily_GetMan
Emily_GetMan collected $1 from pot
Emily_GetMan: doesn't show hand 
*** SUMMARY ***
Total pot $1 | Rake $0 
Seat 1: jeffy27dt1 folded before Flop (didn't bet)
Seat 2: hampuscardel folded before Flop (didn't bet)
Seat 3: ozstrike88 (button) folded before Flop (didn't bet)
Seat 4: 7bekon7 (small blind) folded before Flop
Seat 5: Emily_GetMan (big blind) collected ($1)
Seat 6: 50CandyJoe folded before Flop (didn't bet)



PokerStars Hand #254746585582:  Hold'em No Limit ($0.50/$1.00 USD) - 2025/02/07 7:18:17 WET [2025/02/07 2:18:17 ET]
Table 'Coppelia' 6-max Seat #4 is the button
Seat 1: jeffy27dt1 ($105.23 in chips) 
Seat 2: hampuscardel ($92.53 in chips) 
Seat 3: ozstrike88 ($178.14 in chips) 
Seat 4: 7bekon7 ($115.95 in chips) 
Seat 5: Emily_GetMan ($100.50 in chips) 
Seat 6: 50CandyJoe ($203 in chips) 
Emily_GetMan: posts small blind $0.50
50CandyJoe: posts big blind $1
*** HOLE CARDS ***
jeffy27dt1: folds 
hampuscardel: raises $2 to $3
ozstrike88: folds 
7bekon7: calls $3
Emily_GetMan: folds 
50CandyJoe: calls $2
*** FLOP *** [Js 4d Tc]
50CandyJoe: checks 
hampuscardel: checks 
7bekon7: checks 
*** TURN *** [Js 4d Tc] [6d]
50CandyJoe: bets $6.76
hampuscardel: folds 
7bekon7: raises $22.54 to $29.30
50CandyJoe: folds 
Uncalled bet ($22.54) returned to 7bekon7
7bekon7 collected $21.87 from pot
7bekon7: doesn't show hand 
*** SUMMARY ***
Total pot $23.02 | Rake $1.15 
Board [Js 4d Tc 6d]
Seat 1: jeffy27dt1 folded before Flop (didn't bet)
Seat 2: hampuscardel folded on the Turn
Seat 3: ozstrike88 folded before Flop (didn't bet)
Seat 4: 7bekon7 (button) collected ($21.87)
Seat 5: Emily_GetMan (small blind) folded before Flop
Seat 6: 50CandyJoe (big blind) folded on the Turn



PokerStars Hand #254746589212:  Hold'em No Limit ($0.50/$1.00 USD) - 2025/02/07 7:19:06 WET [2025/02/07 2:19:06 ET]
Table 'Coppelia' 6-max Seat #5 is the button
Seat 1: jeffy27dt1 ($105.23 in chips) 
Seat 2: hampuscardel ($89.53 in chips) 
Seat 3: ozstrike88 ($178.14 in chips) 
Seat 4: 7bekon7 ($128.06 in chips) 
Seat 5: Emily_GetMan ($100 in chips) 
Seat 6: 50CandyJoe ($193.24 in chips) 
50CandyJoe: posts small blind $0.50
jeffy27dt1: posts big blind $1
*** HOLE CARDS ***
hampuscardel: folds 
ozstrike88: folds 
7bekon7: raises $1.25 to $2.25
Emily_GetMan: raises $5.25 to $7.50
50CandyJoe: folds 
jeffy27dt1: folds 
7bekon7: folds 
Uncalled bet ($5.25) returned to Emily_GetMan
Emily_GetMan collected $6 from pot
Emily_GetMan: doesn't show hand 
*** SUMMARY ***
Total pot $6 | Rake $0 
Seat 1: jeffy27dt1 (big blind) folded before Flop
Seat 2: hampuscardel folded before Flop (didn't bet)
Seat 3: ozstrike88 folded before Flop (didn't bet)
Seat 4: 7bekon7 folded before Flop
Seat 5: Emily_GetMan (button) collected ($6)
Seat 6: 50CandyJoe (small blind) folded before Flop



PokerStars Hand #254746590501:  Hold'em No Limit ($0.50/$1.00 USD) - 2025/02/07 7:19:23 WET [2025/02/07 2:19:23 ET]
Table 'Coppelia' 6-max Seat #6 is the button
Seat 1: jeffy27dt1 ($104.23 in chips) 
Seat 2: hampuscardel ($89.53 in chips) 
Seat 3: ozstrike88 ($178.14 in chips) 
Seat 4: 7bekon7 ($125.81 in chips) 
Seat 5: Emily_GetMan ($103.75 in chips) 
Seat 6: 50CandyJoe ($192.74 in chips) 
jeffy27dt1: posts small blind $0.50
hampuscardel: posts big blind $1
*** HOLE CARDS ***
ozstrike88: raises $2.50 to $3.50
7bekon7: folds 
Emily_GetMan: folds 
50CandyJoe: calls $3.50
jeffy27dt1: folds 
hampuscardel: calls $2.50
*** FLOP *** [9h 9d 3d]
hampuscardel: checks 
ozstrike88: checks 
50CandyJoe: bets $3.45
hampuscardel: calls $3.45
ozstrike88: folds 
*** TURN *** [9h 9d 3d] [2s]
hampuscardel: checks 
50CandyJoe: bets $5.61
hampuscardel: calls $5.61
*** RIVER *** [9h 9d 3d 2s] [3s]
hampuscardel: checks 
50CandyJoe: checks 
*** SHOW DOWN ***
hampuscardel: shows [4h 4c] (two pair, Nines and Fours)
50CandyJoe: shows [7h 7d] (two pair, Nines and Sevens)
50CandyJoe collected $27.66 from pot
*** SUMMARY ***
Total pot $29.12 | Rake $1.46 
Board [9h 9d 3d 2s 3s]
Seat 1: jeffy27dt1 (small blind) folded before Flop
Seat 2: hampuscardel (big blind) showed [4h 4c] and lost with two pair, Nines and Fours
Seat 3: ozstrike88 folded on the Flop
Seat 4: 7bekon7 folded before Flop (didn't bet)
Seat 5: Emily_GetMan folded before Flop (didn't bet)
Seat 6: 50CandyJoe (button) showed [7h 7d] and won ($27.66) with two pair, Nines and Sevens



PokerStars Hand #254746785416:  Hold'em No Limit ($0.50/$1.00 USD) - 2025/02/07 8:02:21 WET [2025/02/07 3:02:21 ET]
Table 'Coppelia' 6-max Seat #5 is the button
Seat 1: 50CandyJoe ($226.90 in chips) 
Seat 2: ka100pka527 ($174.36 in chips) 
Seat 3: yassine2525 ($14.33 in chips) 
Seat 4: 3EPH ($105.27 in chips) 
Seat 5: Supermegopro ($113.86 in chips) 
Seat 6: Flix2204 ($100.50 in chips) 
Flix2204: posts small blind $0.50
50CandyJoe: posts big blind $1
*** HOLE CARDS ***
ka100pka527: raises $1.50 to $2.50
yassine2525: folds 
3EPH: folds 
Supermegopro: folds 
Flix2204: folds 
50CandyJoe: calls $1.50
*** FLOP *** [Td 9d 3h]
50CandyJoe: checks 
ka100pka527: bets $1.72
50CandyJoe: folds 
Uncalled bet ($1.72) returned to ka100pka527
ka100pka527 collected $5.22 from pot
ka100pka527: doesn't show hand 
*** SUMMARY ***
Total pot $5.50 | Rake $0.28 
Board [Td 9d 3h]
Seat 1: 50CandyJoe (big blind) folded on the Flop
Seat 2: ka100pka527 collected ($5.22)
Seat 3: yassine2525 folded before Flop (didn't bet)
Seat 4: 3EPH folded before Flop (didn't bet)
Seat 5: Supermegopro (button) folded before Flop (didn't bet)
Seat 6: Flix2204 (small blind) folded before Flop



PokerStars Hand #254746787405:  Hold'em No Limit ($0.50/$1.00 USD) - 2025/02/07 8:02:46 WET [2025/02/07 3:02:46 ET]
Table 'Coppelia' 6-max Seat #6 is the button
Seat 1: 50CandyJoe ($224.40 in chips) 
Seat 2: ka100pka527 ($177.08 in chips) 
Seat 3: yassine2525 ($14.33 in chips) 
Seat 4: 3EPH ($105.27 in chips) 
Seat 5: Supermegopro ($113.86 in chips) 
Seat 6: Flix2204 ($100 in chips) 
50CandyJoe: posts small blind $0.50
ka100pka527: posts big blind $1
*** HOLE CARDS ***
yassine2525: folds 
3EPH: folds 
Supermegopro: folds 
Flix2204: raises $1.50 to $2.50
50CandyJoe: folds 
ka100pka527: folds 
Uncalled bet ($1.50) returned to Flix2204
Flix2204 collected $2.50 from pot
Flix2204: doesn't show hand 
*** SUMMARY ***
Total pot $2.50 | Rake $0 
Seat 1: 50CandyJoe (small blind) folded before Flop
Seat 2: ka100pka527 (big blind) folded before Flop
Seat 3: yassine2525 folded before Flop (didn't bet)
Seat 4: 3EPH folded before Flop (didn't bet)
Seat 5: Supermegopro folded before Flop (didn't bet)
Seat 6: Flix2204 (button) collected ($2.50)



PokerStars Hand #254746788676:  Hold'em No Limit ($0.50/$1.00 USD) - 2025/02/07 8:03:02 WET [2025/02/07 3:03:02 ET]
Table 'Coppelia' 6-max Seat #1 is the button
Seat 1: 50CandyJoe ($223.90 in chips) 
Seat 2: ka100pka527 ($176.08 in chips) 
Seat 3: yassine2525 ($14.33 in chips) 
Seat 4: 3EPH ($105.27 in chips) 
Seat 5: Supermegopro ($113.86 in chips) 
Seat 6: Flix2204 ($101.50 in chips) 
ka100pka527: posts small blind $0.50
yassine2525: posts big blind $1
*** HOLE CARDS ***
3EPH: folds 
Supermegopro: folds 
Flix2204: folds 
50CandyJoe: folds 
ka100pka527: calls $0.50
yassine2525: checks 
*** FLOP *** [Ac Jd 9s]
ka100pka527: checks 
yassine2525: checks 
*** TURN *** [Ac Jd 9s] [2d]
ka100pka527: bets $1.44
yassine2525: folds 
Uncalled bet ($1.44) returned to ka100pka527
ka100pka527 collected $1.90 from pot
ka100pka527: doesn't show hand 
*** SUMMARY ***
Total pot $2 | Rake $0.10 
Board [Ac Jd 9s 2d]
Seat 1: 50CandyJoe (button) folded before Flop (didn't bet)
Seat 2: ka100pka527 (small blind) collected ($1.90)
Seat 3: yassine2525 (big blind) folded on the Turn
Seat 4: 3EPH folded before Flop (didn't bet)
Seat 5: Supermegopro folded before Flop (didn't bet)
Seat 6: Flix2204 folded before Flop (didn't bet)



PokerStars Hand #254746791671:  Hold'em No Limit ($0.50/$1.00 USD) - 2025/02/07 8:03:40 WET [2025/02/07 3:03:40 ET]
Table 'Coppelia' 6-max Seat #2 is the button
Seat 1: 50CandyJoe ($223.90 in chips) 
Seat 2: ka100pka527 ($176.98 in chips) 
Seat 3: yassine2525 ($13.33 in chips) 
Seat 4: 3EPH ($105.27 in chips) 
Seat 5: Supermegopro ($113.86 in chips) 
Seat 6: Flix2204 ($101.50 in chips) 
yassine2525: posts small blind $0.50
3EPH: posts big blind $1
*** HOLE CARDS ***
Supermegopro: folds 
Flix2204: folds 
50CandyJoe: folds 
ka100pka527: raises $1.50 to $2.50
yassine2525: folds 
3EPH: folds 
Uncalled bet ($1.50) returned to ka100pka527
ka100pka527 collected $2.50 from pot
ka100pka527: doesn't show hand 
*** SUMMARY ***
Total pot $2.50 | Rake $0 
Seat 1: 50CandyJoe folded before Flop (didn't bet)
Seat 2: ka100pka527 (button) collected ($2.50)
Seat 3: yassine2525 (small blind) folded before Flop
Seat 4: 3EPH (big blind) folded before Flop
Seat 5: Supermegopro folded before Flop (didn't bet)
Seat 6: Flix2204 folded before Flop (didn't bet)



PokerStars Hand #254746793073:  Hold'em No Limit ($0.50/$1.00 USD) - 2025/02/07 8:03:58 WET [2025/02/07 3:03:58 ET]
Table 'Coppelia' 6-max Seat #3 is the button
Seat 1: 50CandyJoe ($223.90 in chips) 
Seat 2: ka100pka527 ($178.48 in chips) 
Seat 3: yassine2525 ($12.83 in chips) 
Seat 4: 3EPH ($104.27 in chips) 
Seat 5: Supermegopro ($113.86 in chips) 
Seat 6: Flix2204 ($101.50 in chips) 
3EPH: posts small blind $0.50
Supermegopro: posts big blind $1
*** HOLE CARDS ***
Flix2204: folds 
50CandyJoe: folds 
ka100pka527: raises $1.50 to $2.50
yassine2525: folds 
3EPH: raises $8.50 to $11
Supermegopro: folds 
ka100pka527: raises $13.50 to $24.50
3EPH: raises $79.77 to $104.27 and is all-in
ka100pka527: calls $79.77
*** FIRST FLOP *** [2d Js Qs]
*** FIRST TURN *** [2d Js Qs] [3d]
*** FIRST RIVER *** [2d Js Qs 3d] [3s]
*** SECOND FLOP *** [2c Jh 8s]
*** SECOND TURN *** [2c Jh 8s] [Qh]
*** SECOND RIVER *** [2c Jh 8s Qh] [3c]
*** FIRST SHOW DOWN ***
3EPH: shows [As Ac] (two pair, Aces and Threes)
ka100pka527: shows [Kd Kh] (two pair, Kings and Threes)
3EPH collected $103.52 from pot
*** SECOND SHOW DOWN ***
3EPH: shows [As Ac] (a pair of Aces)
ka100pka527: shows [Kd Kh] (a pair of Kings)
3EPH collected $103.52 from pot
*** SUMMARY ***
Total pot $209.54 | Rake $2.50 
Hand was run twice
FIRST Board [2d Js Qs 3d 3s]
SECOND Board [2c Jh 8s Qh 3c]
Seat 1: 50CandyJoe folded before Flop (didn't bet)
Seat 2: ka100pka527 showed [Kd Kh] and lost with two pair, Kings and Threes, and lost with a pair of Kings
Seat 3: yassine2525 (button) folded before Flop (didn't bet)
Seat 4: 3EPH (small blind) showed [As Ac] and won ($103.52) with two pair, Aces and Threes, and won ($103.52) with a pair of Aces
Seat 5: Supermegopro (big blind) folded before Flop
Seat 6: Flix2204 folded before Flop (didn't bet)



PokerStars Hand #254746797681:  Hold'em No Limit ($0.50/$1.00 USD) - 2025/02/07 8:04:56 WET [2025/02/07 3:04:56 ET]
Table 'Coppelia' 6-max Seat #4 is the button
Seat 1: 50CandyJoe ($223.90 in chips) 
Seat 2: ka100pka527 ($100 in chips) 
Seat 3: yassine2525 ($12.83 in chips) 
Seat 4: 3EPH ($207.04 in chips) 
Seat 5: Supermegopro ($112.86 in chips) 
Seat 6: Flix2204 ($101.50 in chips) 
Supermegopro: posts small blind $0.50
Flix2204: posts big blind $1
*** HOLE CARDS ***
50CandyJoe: folds 
ka100pka527: folds 
yassine2525: folds 
3EPH: raises $1.50 to $2.50
Supermegopro: raises $9.50 to $12
Flix2204: folds 
3EPH: raises $14.40 to $26.40
Supermegopro: raises $86.46 to $112.86 and is all-in
3EPH: calls $86.46
*** FLOP *** [9s Kc Kh]
*** TURN *** [9s Kc Kh] [3h]
*** RIVER *** [9s Kc Kh 3h] [Qh]
*** SHOW DOWN ***
Supermegopro: shows [Th Tc] (two pair, Kings and Tens)
3EPH: shows [Jc Jd] (two pair, Kings and Jacks)
3EPH collected $224.22 from pot
*** SUMMARY ***
Total pot $226.72 | Rake $2.50 
Board [9s Kc Kh 3h Qh]
Seat 1: 50CandyJoe folded before Flop (didn't bet)
Seat 2: ka100pka527 folded before Flop (didn't bet)
Seat 3: yassine2525 folded before Flop (didn't bet)
Seat 4: 3EPH (button) showed [Jc Jd] and won ($224.22) with two pair, Kings and Jacks
Seat 5: Supermegopro (small blind) showed [Th Tc] and lost with two pair, Kings and Tens
Seat 6: Flix2204 (big blind) folded before Flop



PokerStars Hand #254746801151:  Hold'em No Limit ($0.50/$1.00 USD) - 2025/02/07 8:05:38 WET [2025/02/07 3:05:38 ET]
Table 'Coppelia' 6-max Seat #5 is the button
Seat 1: 50CandyJoe ($223.90 in chips) 
Seat 2: ka100pka527 ($100 in chips) 
Seat 3: yassine2525 ($12.83 in chips) 
Seat 4: 3EPH ($318.40 in chips) 
Seat 5: Supermegopro ($100 in chips) 
Seat 6: Flix2204 ($100.50 in chips) 
Flix2204: posts small blind $0.50
50CandyJoe: posts big blind $1
*** HOLE CARDS ***
ka100pka527: folds 
yassine2525: raises $1 to $2
3EPH: folds 
Supermegopro: calls $2
Flix2204: folds 
50CandyJoe: folds 
*** FLOP *** [Qd Td 5d]
yassine2525: checks 
Supermegopro: bets $11
yassine2525: folds 
Uncalled bet ($11) returned to Supermegopro
Supermegopro collected $5.22 from pot
Supermegopro: doesn't show hand 
*** SUMMARY ***
Total pot $5.50 | Rake $0.28 
Board [Qd Td 5d]
Seat 1: 50CandyJoe (big blind) folded before Flop
Seat 2: ka100pka527 folded before Flop (didn't bet)
Seat 3: yassine2525 folded on the Flop
Seat 4: 3EPH folded before Flop (didn't bet)
Seat 5: Supermegopro (button) collected ($5.22)
Seat 6: Flix2204 (small blind) folded before Flop



PokerStars Hand #254746804403:  Hold'em No Limit ($0.50/$1.00 USD) - 2025/02/07 8:06:18 WET [2025/02/07 3:06:18 ET]
Table 'Coppelia' 6-max Seat #6 is the button
Seat 1: 50CandyJoe ($222.90 in chips) 
Seat 2: ka100pka527 ($100 in chips) 
Seat 3: yassine2525 ($10.83 in chips) 
Seat 4: 3EPH ($318.40 in chips) 
Seat 5: Supermegopro ($103.22 in chips) 
Seat 6: Flix2204 ($100 in chips) 
50CandyJoe: posts small blind $0.50
ka100pka527: posts big blind $1
*** HOLE CARDS ***
yassine2525: raises $9.83 to $10.83 and is all-in
3EPH: folds 
Supermegopro: folds 
Flix2204: folds 
50CandyJoe: folds 
ka100pka527: folds 
Uncalled bet ($9.83) returned to yassine2525
yassine2525 collected $2.50 from pot
*** SUMMARY ***
Total pot $2.50 | Rake $0 
Seat 1: 50CandyJoe (small blind) folded before Flop
Seat 2: ka100pka527 (big blind) folded before Flop
Seat 3: yassine2525 collected ($2.50)
Seat 4: 3EPH folded before Flop (didn't bet)
Seat 5: Supermegopro folded before Flop (didn't bet)
Seat 6: Flix2204 (button) folded before Flop (didn't bet)



PokerStars Hand #254746805818:  Hold'em No Limit ($0.50/$1.00 USD) - 2025/02/07 8:06:36 WET [2025/02/07 3:06:36 ET]
Table 'Coppelia' 6-max Seat #1 is the button
Seat 1: 50CandyJoe ($222.40 in chips) 
Seat 2: ka100pka527 ($100 in chips) 
Seat 3: yassine2525 ($12.33 in chips) 
Seat 4: 3EPH ($318.40 in chips) 
Seat 5: Supermegopro ($103.22 in chips) 
Seat 6: Flix2204 ($100 in chips) 
ka100pka527: posts small blind $0.50
yassine2525: posts big blind $1
*** HOLE CARDS ***
3EPH: folds 
Supermegopro: folds 
Flix2204: folds 
50CandyJoe: folds 
ka100pka527: raises $1.50 to $2.50
yassine2525: calls $1.50
*** FLOP *** [Ks Qh 7h]
ka100pka527: checks 
yassine2525: bets $3
ka100pka527: folds 
Uncalled bet ($3) returned to yassine2525
yassine2525 collected $4.75 from pot
*** SUMMARY ***
Total pot $5 | Rake $0.25 
Board [Ks Qh 7h]
Seat 1: 50CandyJoe (button) folded before Flop (didn't bet)
Seat 2: ka100pka527 (small blind) folded on the Flop
Seat 3: yassine2525 (big blind) collected ($4.75)
Seat 4: 3EPH folded before Flop (didn't bet)
Seat 5: Supermegopro folded before Flop (didn't bet)
Seat 6: Flix2204 folded before Flop (didn't bet)



PokerStars Hand #254746810377:  Hold'em No Limit ($0.50/$1.00 USD) - 2025/02/07 8:07:33 WET [2025/02/07 3:07:33 ET]
Table 'Coppelia' 6-max Seat #2 is the button
Seat 1: 50CandyJoe ($222.40 in chips) 
Seat 2: ka100pka527 ($100 in chips) 
Seat 3: yassine2525 ($14.58 in chips) 
Seat 4: 3EPH ($318.40 in chips) 
Seat 5: Supermegopro ($103.22 in chips) 
Seat 6: Flix2204 ($100 in chips) 
yassine2525: posts small blind $0.50
3EPH: posts big blind $1
*** HOLE CARDS ***
Supermegopro: folds 
Flix2204: folds 
50CandyJoe: folds 
ka100pka527: raises $1.50 to $2.50
yassine2525: calls $2
3EPH: folds 
*** FLOP *** [8h 7d Kd]
yassine2525: checks 
ka100pka527: bets $1.88
yassine2525: raises $2.88 to $4.76
ka100pka527: raises $9.52 to $14.28
yassine2525: calls $7.32 and is all-in
Uncalled bet ($2.20) returned to ka100pka527
*** TURN *** [8h 7d Kd] [Tc]
*** RIVER *** [8h 7d Kd Tc] [Ts]
*** SHOW DOWN ***
yassine2525: shows [5s 6c] (a pair of Tens)
ka100pka527: shows [Qh Ks] (two pair, Kings and Tens)
ka100pka527 collected $28.65 from pot
*** SUMMARY ***
Total pot $30.16 | Rake $1.51 
Board [8h 7d Kd Tc Ts]
Seat 1: 50CandyJoe folded before Flop (didn't bet)
Seat 2: ka100pka527 (button) showed [Qh Ks] and won ($28.65) with two pair, Kings and Tens
Seat 3: yassine2525 (small blind) showed [5s 6c] and lost with a pair of Tens
Seat 4: 3EPH (big blind) folded before Flop
Seat 5: Supermegopro folded before Flop (didn't bet)
Seat 6: Flix2204 folded before Flop (didn't bet)



PokerStars Hand #254746815316:  Hold'em No Limit ($0.50/$1.00 USD) - 2025/02/07 8:08:35 WET [2025/02/07 3:08:35 ET]
Table 'Coppelia' 6-max Seat #4 is the button
Seat 3: yassine2525 ($0 in chips) is sitting out
Seat 1: 50CandyJoe ($222.40 in chips) 
Seat 2: ka100pka527 ($114.07 in chips) 
Seat 4: 3EPH ($317.40 in chips) 
Seat 5: Supermegopro ($103.22 in chips) 
Seat 6: Flix2204 ($100 in chips) 
Supermegopro: posts small blind $0.50
Flix2204: posts big blind $1
*** HOLE CARDS ***
yassine2525 leaves the table
50CandyJoe: folds 
ka100pka527: folds 
3EPH: folds 
ka100pka527 leaves the table
Supermegopro: raises $2 to $3
Flix2204: raises $6 to $9
Supermegopro: folds 
Uncalled bet ($6) returned to Flix2204
Flix2204 collected $6 from pot
Flix2204: doesn't show hand 
*** SUMMARY ***
Total pot $6 | Rake $0 
Seat 3: yassine2525
Seat 1: 50CandyJoe folded before Flop (didn't bet)
Seat 2: ka100pka527 folded before Flop (didn't bet)
Seat 4: 3EPH (button) folded before Flop (didn't bet)
Seat 5: Supermegopro (small blind) folded before Flop
Seat 6: Flix2204 (big blind) collected ($6)



PokerStars Hand #254746816748:  Hold'em No Limit ($0.50/$1.00 USD) - 2025/02/07 8:08:53 WET [2025/02/07 3:08:53 ET]
Table 'Coppelia' 6-max Seat #5 is the button
Seat 1: 50CandyJoe ($222.40 in chips) 
Seat 4: 3EPH ($317.40 in chips) 
Seat 5: Supermegopro ($100.22 in chips) 
Seat 6: Flix2204 ($103 in chips) 
Flix2204: posts small blind $0.50
50CandyJoe: posts big blind $1
*** HOLE CARDS ***
3EPH: folds 
Supermegopro: folds 
Flix2204: folds 
Uncalled bet ($0.50) returned to 50CandyJoe
50CandyJoe collected $1 from pot
50CandyJoe: doesn't show hand 
*** SUMMARY ***
Total pot $1 | Rake $0 
Seat 1: 50CandyJoe (big blind) collected ($1)
Seat 4: 3EPH folded before Flop (didn't bet)
Seat 5: Supermegopro (button) folded before Flop (didn't bet)
Seat 6: Flix2204 (small blind) folded before Flop



