PokerStars Hand #254751205555:  Hold'em No Limit ($0.50/$1.00 USD) - 2025/02/07 16:37:03 WET [2025/02/07 11:37:03 ET]
Table 'Matra II' 6-max Seat #1 is the button
Seat 1: CichiChanMarian ($100 in chips) 
Seat 2: paules714 ($95.50 in chips) 
Seat 3: magzi777 ($100 in chips) 
Seat 4: easy_sarcasm ($100 in chips) 
Seat 5: Rysiff ($115.02 in chips) 
Seat 6: ReVeu710 ($104.50 in chips) 
paules714: posts small blind $0.50
magzi777: posts big blind $1
*** HOLE CARDS ***
easy_sarcasm: folds 
Rysiff: folds 
ReVeu710: folds 
CichiChanMarian: raises $1.50 to $2.50
paules714: calls $2
magzi777: calls $1.50
*** FLOP *** [Kd Ad As]
paules714: checks 
magzi777: checks 
CichiChanMarian: bets $2.35
paules714: raises $5.82 to $8.17
magzi777: calls $8.17
CichiChanMarian: folds 
*** TURN *** [Kd Ad As] [Kh]
paules714: bets $24.88
magzi777: calls $24.88
*** RIVER *** [Kd Ad As Kh] [2c]
paules714: bets $59.95 and is all-in
magzi777: calls $59.95
*** SHOW DOWN ***
paules714: shows [2h Jc] (two pair, Aces and Kings)
magzi777: shows [6d Kc] (a full house, Kings full of Aces)
magzi777 collected $193.35 from pot
*** SUMMARY ***
Total pot $195.85 | Rake $2.50 
Board [Kd Ad As Kh 2c]
Seat 1: CichiChanMarian (button) folded on the Flop
Seat 2: paules714 (small blind) showed [2h Jc] and lost with two pair, Aces and Kings
Seat 3: magzi777 (big blind) showed [6d Kc] and won ($193.35) with a full house, Kings full of Aces
Seat 4: easy_sarcasm folded before Flop (didn't bet)
Seat 5: Rysiff folded before Flop (didn't bet)
Seat 6: ReVeu710 folded before Flop (didn't bet)



PokerStars Hand #254751264923:  Hold'em No Limit ($0.50/$1.00 USD) - 2025/02/07 16:41:19 WET [2025/02/07 11:41:19 ET]
Table 'Matra II' 6-max Seat #3 is the button
Seat 1: CichiChanMarian ($100 in chips) 
Seat 2: paules714 ($95.20 in chips) 
Seat 3: magzi777 ($199.75 in chips) 
Seat 4: easy_sarcasm ($100 in chips) 
Seat 5: Rysiff ($113.52 in chips) 
Seat 6: ReVeu710 ($111.28 in chips) 
easy_sarcasm: posts small blind $0.50
Rysiff: posts big blind $1
*** HOLE CARDS ***
ReVeu710: raises $1 to $2
CichiChanMarian: folds 
paules714: folds 
magzi777: folds 
easy_sarcasm: raises $9 to $11
Rysiff: folds 
ReVeu710: raises $13 to $24
easy_sarcasm: calls $13
*** FLOP *** [Js 3h Td]
easy_sarcasm: checks 
ReVeu710: bets $11.64
easy_sarcasm: calls $11.64
*** TURN *** [Js 3h Td] [8s]
easy_sarcasm: checks 
ReVeu710: checks 
*** RIVER *** [Js 3h Td 8s] [6s]
easy_sarcasm: bets $64.36 and is all-in
ReVeu710: folds 
Uncalled bet ($64.36) returned to easy_sarcasm
easy_sarcasm collected $69.78 from pot
*** SUMMARY ***
Total pot $72.28 | Rake $2.50 
Board [Js 3h Td 8s 6s]
Seat 1: CichiChanMarian folded before Flop (didn't bet)
Seat 2: paules714 folded before Flop (didn't bet)
Seat 3: magzi777 (button) folded before Flop (didn't bet)
Seat 4: easy_sarcasm (small blind) collected ($69.78)
Seat 5: Rysiff (big blind) folded before Flop
Seat 6: ReVeu710 folded on the River



PokerStars Hand #254751282356:  Hold'em No Limit ($0.50/$1.00 USD) - 2025/02/07 16:42:34 WET [2025/02/07 11:42:34 ET]
Table 'Matra II' 6-max Seat #4 is the button
Seat 1: CichiChanMarian ($100 in chips) 
Seat 2: paules714 ($95.20 in chips) 
Seat 3: magzi777 ($199.75 in chips) 
Seat 4: easy_sarcasm ($134.14 in chips) 
Seat 5: Rysiff ($112.52 in chips) 
Seat 6: ReVeu710 ($100 in chips) 
Rysiff: posts small blind $0.50
ReVeu710: posts big blind $1
*** HOLE CARDS ***
CichiChanMarian: raises $1.50 to $2.50
paules714: folds 
magzi777: folds 
easy_sarcasm: folds 
Rysiff: folds 
paules714 leaves the table
ReVeu710: folds 
Uncalled bet ($1.50) returned to CichiChanMarian
CichiChanMarian collected $2.50 from pot
CichiChanMarian: doesn't show hand 
*** SUMMARY ***
Total pot $2.50 | Rake $0 
Seat 1: CichiChanMarian collected ($2.50)
Seat 2: paules714 folded before Flop (didn't bet)
Seat 3: magzi777 folded before Flop (didn't bet)
Seat 4: easy_sarcasm (button) folded before Flop (didn't bet)
Seat 5: Rysiff (small blind) folded before Flop
Seat 6: ReVeu710 (big blind) folded before Flop



PokerStars Hand #254751286319:  Hold'em No Limit ($0.50/$1.00 USD) - 2025/02/07 16:42:51 WET [2025/02/07 11:42:51 ET]
Table 'Matra II' 6-max Seat #5 is the button
Seat 1: CichiChanMarian ($101.50 in chips) is sitting out
Seat 3: magzi777 ($199.75 in chips) 
Seat 4: easy_sarcasm ($134.14 in chips) 
Seat 5: Rysiff ($112.02 in chips) 
Seat 6: ReVeu710 ($100 in chips) 
ReVeu710: posts small blind $0.50
CichiChanMarian: is sitting out 
magzi777: posts big blind $1
*** HOLE CARDS ***
easy_sarcasm: folds 
Rysiff: folds 
ReVeu710: folds 
Uncalled bet ($0.50) returned to magzi777
magzi777 collected $1 from pot
*** SUMMARY ***
Total pot $1 | Rake $0 
Seat 1: CichiChanMarian
Seat 3: magzi777 (big blind) collected ($1)
Seat 4: easy_sarcasm folded before Flop (didn't bet)
Seat 5: Rysiff (button) folded before Flop (didn't bet)
Seat 6: ReVeu710 (small blind) folded before Flop



PokerStars Hand #254751289647:  Hold'em No Limit ($0.50/$1.00 USD) - 2025/02/07 16:43:05 WET [2025/02/07 11:43:05 ET]
Table 'Matra II' 6-max Seat #6 is the button
Seat 1: CichiChanMarian ($101.50 in chips) is sitting out
Seat 4: easy_sarcasm ($134.14 in chips) is sitting out
Seat 3: magzi777 ($200.25 in chips) 
Seat 5: Rysiff ($112.02 in chips) 
Seat 6: ReVeu710 ($100 in chips) 
magzi777: posts small blind $0.50
easy_sarcasm: is sitting out 
Rysiff: posts big blind $1
*** HOLE CARDS ***
easy_sarcasm leaves the table
ReVeu710: folds 
magzi777: folds 
Uncalled bet ($0.50) returned to Rysiff
Rysiff collected $1 from pot
Rysiff: doesn't show hand 
*** SUMMARY ***
Total pot $1 | Rake $0 
Seat 1: CichiChanMarian
Seat 4: easy_sarcasm
Seat 3: magzi777 (small blind) folded before Flop
Seat 5: Rysiff (big blind) collected ($1)
Seat 6: ReVeu710 (button) folded before Flop (didn't bet)



PokerStars Hand #254752634560:  Hold'em No Limit ($0.50/$1.00 USD) - 2025/02/07 18:13:56 WET [2025/02/07 13:13:56 ET]
Table 'Matra II' 6-max Seat #2 is the button
Seat 1: laloo246 ($100 in chips) is sitting out
Seat 2: Nicedaymybro ($100 in chips) 
Seat 4: LuckyShikari ($10 in chips) 
Seat 5: crist_89870 ($100 in chips) 
Seat 6: blackclan7 ($100 in chips) 
LuckyShikari: posts small blind $0.50
crist_89870: posts big blind $1
*** HOLE CARDS ***
blackclan7: raises $1.30 to $2.30
Nicedaymybro: folds 
LuckyShikari: folds 
crist_89870: folds 
Uncalled bet ($1.30) returned to blackclan7
blackclan7 collected $2.50 from pot
blackclan7: doesn't show hand 
*** SUMMARY ***
Total pot $2.50 | Rake $0 
Seat 1: laloo246
Seat 2: Nicedaymybro (button) folded before Flop (didn't bet)
Seat 4: LuckyShikari (small blind) folded before Flop
Seat 5: crist_89870 (big blind) folded before Flop
Seat 6: blackclan7 collected ($2.50)



PokerStars Hand #254752639761:  Hold'em No Limit ($0.50/$1.00 USD) - 2025/02/07 18:14:15 WET [2025/02/07 13:14:15 ET]
Table 'Matra II' 6-max Seat #4 is the button
Seat 1: laloo246 ($100 in chips) is sitting out
Seat 2: Nicedaymybro ($100 in chips) 
Seat 4: LuckyShikari ($100 in chips) 
Seat 5: crist_89870 ($100 in chips) 
Seat 6: blackclan7 ($101.50 in chips) 
crist_89870: posts small blind $0.50
blackclan7: posts big blind $1
*** HOLE CARDS ***
Nicedaymybro: raises $1.50 to $2.50
LuckyShikari: folds 
crist_89870: folds 
blackclan7: folds 
Uncalled bet ($1.50) returned to Nicedaymybro
Nicedaymybro collected $2.50 from pot
Nicedaymybro: doesn't show hand 
*** SUMMARY ***
Total pot $2.50 | Rake $0 
Seat 1: laloo246
Seat 2: Nicedaymybro collected ($2.50)
Seat 4: LuckyShikari (button) folded before Flop (didn't bet)
Seat 5: crist_89870 (small blind) folded before Flop
Seat 6: blackclan7 (big blind) folded before Flop



PokerStars Hand #254752646221:  Hold'em No Limit ($0.50/$1.00 USD) - 2025/02/07 18:14:40 WET [2025/02/07 13:14:40 ET]
Table 'Matra II' 6-max Seat #5 is the button
Seat 1: laloo246 ($100 in chips) is sitting out
Seat 2: Nicedaymybro ($101.50 in chips) 
Seat 4: LuckyShikari ($100 in chips) 
Seat 5: crist_89870 ($100 in chips) 
Seat 6: blackclan7 ($100.50 in chips) 
blackclan7: posts small blind $0.50
Nicedaymybro: posts big blind $1
*** HOLE CARDS ***
laloo246 leaves the table
LuckyShikari: folds 
crist_89870: folds 
blackclan7: raises $2 to $3
Nicedaymybro: calls $2
*** FLOP *** [Td Ah 5d]
blackclan7: bets $1.88
Nicedaymybro: folds 
Uncalled bet ($1.88) returned to blackclan7
blackclan7 collected $5.70 from pot
blackclan7: doesn't show hand 
*** SUMMARY ***
Total pot $6 | Rake $0.30 
Board [Td Ah 5d]
Seat 1: laloo246
Seat 2: Nicedaymybro (big blind) folded on the Flop
Seat 4: LuckyShikari folded before Flop (didn't bet)
Seat 5: crist_89870 (button) folded before Flop (didn't bet)
Seat 6: blackclan7 (small blind) collected ($5.70)



PokerStars Hand #254752655759:  Hold'em No Limit ($0.50/$1.00 USD) - 2025/02/07 18:15:14 WET [2025/02/07 13:15:14 ET]
Table 'Matra II' 6-max Seat #6 is the button
Seat 4: LuckyShikari ($100 in chips) is sitting out
Seat 2: Nicedaymybro ($100 in chips) 
Seat 5: crist_89870 ($100 in chips) 
Seat 6: blackclan7 ($103.20 in chips) 
Nicedaymybro: posts small blind $0.50
LuckyShikari: is sitting out 
crist_89870: posts big blind $1
*** HOLE CARDS ***
blackclan7: folds 
Nicedaymybro: folds 
Uncalled bet ($0.50) returned to crist_89870
blackclan7 leaves the table
crist_89870 collected $1 from pot
crist_89870: doesn't show hand 
*** SUMMARY ***
Total pot $1 | Rake $0 
Seat 4: LuckyShikari
Seat 2: Nicedaymybro (small blind) folded before Flop
Seat 5: crist_89870 (big blind) collected ($1)
Seat 6: blackclan7 (button) folded before Flop (didn't bet)



PokerStars Hand #254752657733:  Hold'em No Limit ($0.50/$1.00 USD) - 2025/02/07 18:15:22 WET [2025/02/07 13:15:22 ET]
Table 'Matra II' 6-max Seat #5 is the button
Seat 4: LuckyShikari ($100 in chips) is sitting out
Seat 2: Nicedaymybro ($100 in chips) 
Seat 5: crist_89870 ($100.50 in chips) 
crist_89870: posts small blind $0.50
Nicedaymybro: posts big blind $1
*** HOLE CARDS ***
crist_89870: folds 
Uncalled bet ($0.50) returned to Nicedaymybro
Nicedaymybro collected $1 from pot
Nicedaymybro: doesn't show hand 
*** SUMMARY ***
Total pot $1 | Rake $0 
Seat 4: LuckyShikari
Seat 2: Nicedaymybro (big blind) collected ($1)
Seat 5: crist_89870 (button) (small blind) folded before Flop



PokerStars Hand #254752660191:  Hold'em No Limit ($0.50/$1.00 USD) - 2025/02/07 18:15:31 WET [2025/02/07 13:15:31 ET]
Table 'Matra II' 6-max Seat #2 is the button
Seat 4: LuckyShikari ($100 in chips) is sitting out
Seat 2: Nicedaymybro ($100.50 in chips) 
Seat 5: crist_89870 ($100 in chips) 
Nicedaymybro: posts small blind $0.50
crist_89870: posts big blind $1
*** HOLE CARDS ***
Nicedaymybro: folds 
Uncalled bet ($0.50) returned to crist_89870
Nicedaymybro leaves the table
crist_89870 collected $1 from pot
crist_89870: doesn't show hand 
*** SUMMARY ***
Total pot $1 | Rake $0 
Seat 4: LuckyShikari
Seat 2: Nicedaymybro (button) (small blind) folded before Flop
Seat 5: crist_89870 (big blind) collected ($1)



PokerStars Hand #254752684610:  Hold'em No Limit ($0.50/$1.00 USD) - 2025/02/07 18:17:01 WET [2025/02/07 13:17:01 ET]
Table 'Matra II' 6-max Seat #5 is the button
Seat 2: crist_89870 ($100.50 in chips) 
Seat 5: Sheva9191 ($10 in chips) 
Sheva9191: posts small blind $0.50
LuckyShikari leaves the table
crist_89870: posts big blind $1
*** HOLE CARDS ***
Sheva9191: raises $1 to $2
crist_89870: calls $1
*** FLOP *** [5d Th Jh]
crist_89870: checks 
Sheva9191: bets $1.90
crist_89870: folds 
Uncalled bet ($1.90) returned to Sheva9191
Sheva9191 collected $3.80 from pot
Sheva9191: doesn't show hand 
*** SUMMARY ***
Total pot $4 | Rake $0.20 
Board [5d Th Jh]
Seat 2: crist_89870 (big blind) folded on the Flop
Seat 5: Sheva9191 (button) (small blind) collected ($3.80)



