PokerStars Hand #254755272979:  Hold'em No Limit ($0.50/$1.00 USD) - 2025/02/07 20:49:24 WET [2025/02/07 15:49:24 ET]
Table 'Patria II' 6-max Seat #1 is the button
Seat 5: Hiller965 ($100 in chips) is sitting out
Seat 1: Y_19 ($100 in chips) 
Seat 2: lucasomanes ($74.07 in chips) 
Seat 3: skars07 ($100 in chips) 
Seat 4: SorinS28 ($105.81 in chips) 
Seat 6: Alinyr ($100 in chips) 
lucasomanes: posts small blind $0.50
skars07: posts big blind $1
Hiller965: sits out 
*** HOLE CARDS ***
SorinS28: folds 
Alinyr: raises $1.28 to $2.28
Y_19: folds 
lucasomanes: folds 
skars07: folds 
Uncalled bet ($1.28) returned to Alinyr
Alinyr collected $2.50 from pot
Alinyr: doesn't show hand 
*** SUMMARY ***
Total pot $2.50 | Rake $0 
Seat 5: Hiller965
Seat 1: Y_19 (button) folded before Flop (didn't bet)
Seat 2: lucasomanes (small blind) folded before Flop
Seat 3: skars07 (big blind) folded before Flop
Seat 4: SorinS28 folded before Flop (didn't bet)
Seat 6: Alinyr collected ($2.50)



PokerStars Hand #254755276319:  Hold'em No Limit ($0.50/$1.00 USD) - 2025/02/07 20:49:35 WET [2025/02/07 15:49:35 ET]
Table 'Patria II' 6-max Seat #2 is the button
Seat 1: Y_19 ($100 in chips) 
Seat 2: lucasomanes ($73.57 in chips) 
Seat 3: skars07 ($100 in chips) 
Seat 4: SorinS28 ($105.81 in chips) 
Seat 5: Hiller965 ($100 in chips) 
Seat 6: Alinyr ($101.50 in chips) 
skars07: posts small blind $0.50
SorinS28: posts big blind $1
Hiller965: posts big blind $1
*** HOLE CARDS ***
Hiller965: checks 
Alinyr: raises $3 to $4
Y_19: folds 
lucasomanes: calls $4
skars07: folds 
SorinS28: folds 
Hiller965: calls $3
*** FLOP *** [Qd Jh 7c]
Hiller965: checks 
Alinyr: checks 
lucasomanes: checks 
*** TURN *** [Qd Jh 7c] [8h]
Hiller965: bets $4
Alinyr: folds 
lucasomanes: folds 
Uncalled bet ($4) returned to Hiller965
Hiller965 collected $12.65 from pot
Hiller965: doesn't show hand 
*** SUMMARY ***
Total pot $13.50 | Rake $0.85 
Board [Qd Jh 7c 8h]
Seat 1: Y_19 folded before Flop (didn't bet)
Seat 2: lucasomanes (button) folded on the Turn
Seat 3: skars07 (small blind) folded before Flop
Seat 4: SorinS28 (big blind) folded before Flop
Seat 5: Hiller965 collected ($12.65)
Seat 6: Alinyr folded on the Turn



PokerStars Hand #254755291894:  Hold'em No Limit ($0.50/$1.00 USD) - 2025/02/07 20:50:27 WET [2025/02/07 15:50:27 ET]
Table 'Patria II' 6-max Seat #3 is the button
Seat 1: Y_19 ($100 in chips) 
Seat 2: lucasomanes ($69.57 in chips) 
Seat 3: skars07 ($100 in chips) 
Seat 4: SorinS28 ($104.81 in chips) 
Seat 5: Hiller965 ($108.65 in chips) 
Seat 6: Alinyr ($100 in chips) 
SorinS28: posts small blind $0.50
Hiller965: posts big blind $1
*** HOLE CARDS ***
Alinyr: folds 
Y_19: folds 
lucasomanes: calls $1
skars07: folds 
SorinS28: folds 
Hiller965: checks 
*** FLOP *** [Ks 9h 7s]
Hiller965: bets $2
lucasomanes: calls $2
*** TURN *** [Ks 9h 7s] [3c]
Hiller965: checks 
lucasomanes: bets $3.09
Hiller965: calls $3.09
*** RIVER *** [Ks 9h 7s 3c] [5s]
Hiller965: checks 
lucasomanes: bets $6.03
Hiller965: folds 
Uncalled bet ($6.03) returned to lucasomanes
lucasomanes collected $12.05 from pot
lucasomanes: doesn't show hand 
*** SUMMARY ***
Total pot $12.68 | Rake $0.63 
Board [Ks 9h 7s 3c 5s]
Seat 1: Y_19 folded before Flop (didn't bet)
Seat 2: lucasomanes collected ($12.05)
Seat 3: skars07 (button) folded before Flop (didn't bet)
Seat 4: SorinS28 (small blind) folded before Flop
Seat 5: Hiller965 (big blind) folded on the River
Seat 6: Alinyr folded before Flop (didn't bet)



PokerStars Hand #254755305917:  Hold'em No Limit ($0.50/$1.00 USD) - 2025/02/07 20:51:13 WET [2025/02/07 15:51:13 ET]
Table 'Patria II' 6-max Seat #4 is the button
Seat 1: Y_19 ($100 in chips) 
Seat 2: lucasomanes ($75.53 in chips) 
Seat 3: skars07 ($100 in chips) 
Seat 4: SorinS28 ($104.31 in chips) 
Seat 5: Hiller965 ($102.56 in chips) 
Seat 6: Alinyr ($100 in chips) 
Hiller965: posts small blind $0.50
Alinyr: posts big blind $1
*** HOLE CARDS ***
Y_19: folds 
lucasomanes: raises $2 to $3
skars07: folds 
SorinS28: folds 
Hiller965: calls $2.50
Alinyr: folds 
*** FLOP *** [8h Qs 6s]
Hiller965: bets $3
lucasomanes: calls $3
*** TURN *** [8h Qs 6s] [2d]
Hiller965: bets $5
lucasomanes: folds 
Uncalled bet ($5) returned to Hiller965
Hiller965 collected $12.19 from pot
Hiller965: doesn't show hand 
*** SUMMARY ***
Total pot $13 | Rake $0.81 
Board [8h Qs 6s 2d]
Seat 1: Y_19 folded before Flop (didn't bet)
Seat 2: lucasomanes folded on the Turn
Seat 3: skars07 folded before Flop (didn't bet)
Seat 4: SorinS28 (button) folded before Flop (didn't bet)
Seat 5: Hiller965 (small blind) collected ($12.19)
Seat 6: Alinyr (big blind) folded before Flop



PokerStars Hand #254755315769:  Hold'em No Limit ($0.50/$1.00 USD) - 2025/02/07 20:51:46 WET [2025/02/07 15:51:46 ET]
Table 'Patria II' 6-max Seat #5 is the button
Seat 1: Y_19 ($100 in chips) 
Seat 2: lucasomanes ($69.53 in chips) 
Seat 3: skars07 ($100 in chips) 
Seat 4: SorinS28 ($104.31 in chips) 
Seat 5: Hiller965 ($108.75 in chips) 
Seat 6: Alinyr ($100 in chips) 
Alinyr: posts small blind $0.50
Y_19: posts big blind $1
*** HOLE CARDS ***
lucasomanes: calls $1
skars07: raises $3 to $4
SorinS28: folds 
Hiller965: folds 
Alinyr: folds 
Y_19: folds 
lucasomanes: calls $3
*** FLOP *** [8d Ts 2c]
lucasomanes: checks 
skars07: bets $6.76
lucasomanes: folds 
Uncalled bet ($6.76) returned to skars07
skars07 collected $9.02 from pot
skars07: doesn't show hand 
*** SUMMARY ***
Total pot $9.50 | Rake $0.48 
Board [8d Ts 2c]
Seat 1: Y_19 (big blind) folded before Flop
Seat 2: lucasomanes folded on the Flop
Seat 3: skars07 collected ($9.02)
Seat 4: SorinS28 folded before Flop (didn't bet)
Seat 5: Hiller965 (button) folded before Flop (didn't bet)
Seat 6: Alinyr (small blind) folded before Flop



PokerStars Hand #254755331199:  Hold'em No Limit ($0.50/$1.00 USD) - 2025/02/07 20:52:38 WET [2025/02/07 15:52:38 ET]
Table 'Patria II' 6-max Seat #6 is the button
Seat 1: Y_19 ($100 in chips) 
Seat 2: lucasomanes ($65.53 in chips) 
Seat 3: skars07 ($105.02 in chips) 
Seat 4: SorinS28 ($104.31 in chips) 
Seat 5: Hiller965 ($108.75 in chips) 
Seat 6: Alinyr ($100 in chips) 
Y_19: posts small blind $0.50
lucasomanes: posts big blind $1
*** HOLE CARDS ***
skars07: raises $1.50 to $2.50
SorinS28: folds 
Hiller965: folds 
Alinyr: folds 
Y_19: raises $9 to $11.50
lucasomanes: folds 
skars07: folds 
Uncalled bet ($9) returned to Y_19
Y_19 collected $6 from pot
Y_19: doesn't show hand 
*** SUMMARY ***
Total pot $6 | Rake $0 
Seat 1: Y_19 (small blind) collected ($6)
Seat 2: lucasomanes (big blind) folded before Flop
Seat 3: skars07 folded before Flop
Seat 4: SorinS28 folded before Flop (didn't bet)
Seat 5: Hiller965 folded before Flop (didn't bet)
Seat 6: Alinyr (button) folded before Flop (didn't bet)



PokerStars Hand #254755342165:  Hold'em No Limit ($0.50/$1.00 USD) - 2025/02/07 20:53:14 WET [2025/02/07 15:53:14 ET]
Table 'Patria II' 6-max Seat #1 is the button
Seat 1: Y_19 ($103.50 in chips) 
Seat 2: lucasomanes ($64.53 in chips) 
Seat 3: skars07 ($102.52 in chips) 
Seat 4: SorinS28 ($104.31 in chips) 
Seat 5: Hiller965 ($108.75 in chips) 
Seat 6: Alinyr ($100 in chips) 
lucasomanes: posts small blind $0.50
skars07: posts big blind $1
*** HOLE CARDS ***
SorinS28: folds 
Hiller965: folds 
Alinyr: raises $1.28 to $2.28
Y_19: folds 
lucasomanes: raises $5.56 to $7.84
skars07: folds 
Alinyr: folds 
Uncalled bet ($5.56) returned to lucasomanes
lucasomanes collected $5.56 from pot
lucasomanes: doesn't show hand 
*** SUMMARY ***
Total pot $5.56 | Rake $0 
Seat 1: Y_19 (button) folded before Flop (didn't bet)
Seat 2: lucasomanes (small blind) collected ($5.56)
Seat 3: skars07 (big blind) folded before Flop
Seat 4: SorinS28 folded before Flop (didn't bet)
Seat 5: Hiller965 folded before Flop (didn't bet)
Seat 6: Alinyr folded before Flop



PokerStars Hand #254755348708:  Hold'em No Limit ($0.50/$1.00 USD) - 2025/02/07 20:53:36 WET [2025/02/07 15:53:36 ET]
Table 'Patria II' 6-max Seat #2 is the button
Seat 1: Y_19 ($103.50 in chips) 
Seat 2: lucasomanes ($67.81 in chips) 
Seat 3: skars07 ($101.52 in chips) 
Seat 4: SorinS28 ($104.31 in chips) 
Seat 5: Hiller965 ($108.75 in chips) 
Seat 6: Alinyr ($100 in chips) 
skars07: posts small blind $0.50
SorinS28: posts big blind $1
*** HOLE CARDS ***
Hiller965: folds 
Alinyr: folds 
Y_19: folds 
lucasomanes: calls $1
skars07: folds 
SorinS28: checks 
*** FLOP *** [3d 2h Jd]
SorinS28: checks 
lucasomanes: bets $1.19
SorinS28: folds 
Uncalled bet ($1.19) returned to lucasomanes
lucasomanes collected $2.38 from pot
lucasomanes: doesn't show hand 
*** SUMMARY ***
Total pot $2.50 | Rake $0.12 
Board [3d 2h Jd]
Seat 1: Y_19 folded before Flop (didn't bet)
Seat 2: lucasomanes (button) collected ($2.38)
Seat 3: skars07 (small blind) folded before Flop
Seat 4: SorinS28 (big blind) folded on the Flop
Seat 5: Hiller965 folded before Flop (didn't bet)
Seat 6: Alinyr folded before Flop (didn't bet)



PokerStars Hand #254755359804:  Hold'em No Limit ($0.50/$1.00 USD) - 2025/02/07 20:54:13 WET [2025/02/07 15:54:13 ET]
Table 'Patria II' 6-max Seat #3 is the button
Seat 1: Y_19 ($103.50 in chips) 
Seat 2: lucasomanes ($69.19 in chips) 
Seat 3: skars07 ($101.02 in chips) 
Seat 4: SorinS28 ($103.31 in chips) 
Seat 5: Hiller965 ($108.75 in chips) 
Seat 6: Alinyr ($100 in chips) 
SorinS28: posts small blind $0.50
Hiller965: posts big blind $1
*** HOLE CARDS ***
Alinyr: raises $1.05 to $2.05
Y_19: folds 
lucasomanes: calls $2.05
skars07: folds 
SorinS28: folds 
Hiller965: folds 
*** FLOP *** [Ah 9c 7s]
Alinyr: checks 
lucasomanes: checks 
*** TURN *** [Ah 9c 7s] [8h]
Alinyr: bets $2.71
lucasomanes: calls $2.71
*** RIVER *** [Ah 9c 7s 8h] [Kc]
Alinyr: bets $6.39
lucasomanes: folds 
Uncalled bet ($6.39) returned to Alinyr
Alinyr collected $10.47 from pot
Alinyr: doesn't show hand 
*** SUMMARY ***
Total pot $11.02 | Rake $0.55 
Board [Ah 9c 7s 8h Kc]
Seat 1: Y_19 folded before Flop (didn't bet)
Seat 2: lucasomanes folded on the River
Seat 3: skars07 (button) folded before Flop (didn't bet)
Seat 4: SorinS28 (small blind) folded before Flop
Seat 5: Hiller965 (big blind) folded before Flop
Seat 6: Alinyr collected ($10.47)



PokerStars Hand #254755375532:  Hold'em No Limit ($0.50/$1.00 USD) - 2025/02/07 20:55:06 WET [2025/02/07 15:55:06 ET]
Table 'Patria II' 6-max Seat #4 is the button
Seat 1: Y_19 ($103.50 in chips) 
Seat 2: lucasomanes ($64.43 in chips) 
Seat 3: skars07 ($101.02 in chips) 
Seat 4: SorinS28 ($102.81 in chips) 
Seat 5: Hiller965 ($107.75 in chips) 
Seat 6: Alinyr ($105.71 in chips) 
Hiller965: posts small blind $0.50
Alinyr: posts big blind $1
*** HOLE CARDS ***
Y_19: folds 
lucasomanes: raises $2.50 to $3.50
skars07: folds 
SorinS28: folds 
Hiller965: folds 
Alinyr: folds 
Uncalled bet ($2.50) returned to lucasomanes
lucasomanes collected $2.50 from pot
*** SUMMARY ***
Total pot $2.50 | Rake $0 
Seat 1: Y_19 folded before Flop (didn't bet)
Seat 2: lucasomanes collected ($2.50)
Seat 3: skars07 folded before Flop (didn't bet)
Seat 4: SorinS28 (button) folded before Flop (didn't bet)
Seat 5: Hiller965 (small blind) folded before Flop
Seat 6: Alinyr (big blind) folded before Flop



PokerStars Hand #254755378991:  Hold'em No Limit ($0.50/$1.00 USD) - 2025/02/07 20:55:23 WET [2025/02/07 15:55:23 ET]
Table 'Patria II' 6-max Seat #5 is the button
Seat 1: Y_19 ($103.50 in chips) 
Seat 2: lucasomanes ($65.93 in chips) 
Seat 3: skars07 ($101.02 in chips) 
Seat 4: SorinS28 ($102.81 in chips) 
Seat 5: Hiller965 ($107.25 in chips) 
Seat 6: Alinyr ($104.71 in chips) 
Alinyr: posts small blind $0.50
Y_19: posts big blind $1
*** HOLE CARDS ***
lucasomanes: folds 
skars07: raises $1.50 to $2.50
SorinS28: folds 
Hiller965: folds 
Alinyr: folds 
Y_19: folds 
Uncalled bet ($1.50) returned to skars07
skars07 collected $2.50 from pot
skars07: doesn't show hand 
*** SUMMARY ***
Total pot $2.50 | Rake $0 
Seat 1: Y_19 (big blind) folded before Flop
Seat 2: lucasomanes folded before Flop (didn't bet)
Seat 3: skars07 collected ($2.50)
Seat 4: SorinS28 folded before Flop (didn't bet)
Seat 5: Hiller965 (button) folded before Flop (didn't bet)
Seat 6: Alinyr (small blind) folded before Flop



PokerStars Hand #254755381789:  Hold'em No Limit ($0.50/$1.00 USD) - 2025/02/07 20:55:37 WET [2025/02/07 15:55:37 ET]
Table 'Patria II' 6-max Seat #6 is the button
Seat 1: Y_19 ($102.50 in chips) 
Seat 2: lucasomanes ($65.93 in chips) 
Seat 3: skars07 ($102.52 in chips) 
Seat 4: SorinS28 ($102.81 in chips) 
Seat 5: Hiller965 ($107.25 in chips) 
Seat 6: Alinyr ($104.21 in chips) 
Y_19: posts small blind $0.50
lucasomanes: posts big blind $1
*** HOLE CARDS ***
skars07: folds 
SorinS28: folds 
Hiller965: raises $2 to $3
Alinyr: folds 
Y_19: folds 
lucasomanes: calls $2
*** FLOP *** [4h 8s Tc]
lucasomanes: checks 
Hiller965: bets $4
lucasomanes: folds 
Uncalled bet ($4) returned to Hiller965
Hiller965 collected $6.10 from pot
Hiller965: doesn't show hand 
*** SUMMARY ***
Total pot $6.50 | Rake $0.40 
Board [4h 8s Tc]
Seat 1: Y_19 (small blind) folded before Flop
Seat 2: lucasomanes (big blind) folded on the Flop
Seat 3: skars07 folded before Flop (didn't bet)
Seat 4: SorinS28 folded before Flop (didn't bet)
Seat 5: Hiller965 collected ($6.10)
Seat 6: Alinyr (button) folded before Flop (didn't bet)



PokerStars Hand #254755389338:  Hold'em No Limit ($0.50/$1.00 USD) - 2025/02/07 20:56:13 WET [2025/02/07 15:56:13 ET]
Table 'Patria II' 6-max Seat #1 is the button
Seat 1: Y_19 ($102 in chips) 
Seat 2: lucasomanes ($62.93 in chips) 
Seat 3: skars07 ($102.52 in chips) 
Seat 4: SorinS28 ($102.81 in chips) 
Seat 5: Hiller965 ($110.35 in chips) 
Seat 6: Alinyr ($104.21 in chips) 
lucasomanes: posts small blind $0.50
skars07: posts big blind $1
*** HOLE CARDS ***
SorinS28: folds 
Hiller965: raises $1 to $2
Alinyr: folds 
Y_19: folds 
lucasomanes: raises $4 to $6
skars07: folds 
Hiller965: calls $4
*** FLOP *** [4c Qc 8c]
lucasomanes: checks 
Hiller965: bets $4
lucasomanes: folds 
Uncalled bet ($4) returned to Hiller965
Hiller965 collected $12.19 from pot
Hiller965: doesn't show hand 
*** SUMMARY ***
Total pot $13 | Rake $0.81 
Board [4c Qc 8c]
Seat 1: Y_19 (button) folded before Flop (didn't bet)
Seat 2: lucasomanes (small blind) folded on the Flop
Seat 3: skars07 (big blind) folded before Flop
Seat 4: SorinS28 folded before Flop (didn't bet)
Seat 5: Hiller965 collected ($12.19)
Seat 6: Alinyr folded before Flop (didn't bet)



PokerStars Hand #254755398953:  Hold'em No Limit ($0.50/$1.00 USD) - 2025/02/07 20:56:59 WET [2025/02/07 15:56:59 ET]
Table 'Patria II' 6-max Seat #2 is the button
Seat 1: Y_19 ($102 in chips) 
Seat 2: lucasomanes ($56.93 in chips) 
Seat 3: skars07 ($101.52 in chips) 
Seat 4: SorinS28 ($102.81 in chips) 
Seat 5: Hiller965 ($116.54 in chips) 
Seat 6: Alinyr ($104.21 in chips) 
skars07: posts small blind $0.50
SorinS28: posts big blind $1
*** HOLE CARDS ***
Hiller965: folds 
Alinyr: folds 
Y_19: folds 
lucasomanes: calls $1
skars07: calls $0.50
SorinS28: checks 
*** FLOP *** [7c Jd 6s]
skars07: checks 
SorinS28: checks 
lucasomanes: bets $2.85
skars07: folds 
SorinS28: calls $2.85
*** TURN *** [7c Jd 6s] [Ad]
SorinS28: checks 
lucasomanes: bets $4.13
SorinS28: folds 
Uncalled bet ($4.13) returned to lucasomanes
lucasomanes collected $8.26 from pot
lucasomanes: doesn't show hand 
*** SUMMARY ***
Total pot $8.70 | Rake $0.44 
Board [7c Jd 6s Ad]
Seat 1: Y_19 folded before Flop (didn't bet)
Seat 2: lucasomanes (button) collected ($8.26)
Seat 3: skars07 (small blind) folded on the Flop
Seat 4: SorinS28 (big blind) folded on the Turn
Seat 5: Hiller965 folded before Flop (didn't bet)
Seat 6: Alinyr folded before Flop (didn't bet)



PokerStars Hand #254755412747:  Hold'em No Limit ($0.50/$1.00 USD) - 2025/02/07 20:58:04 WET [2025/02/07 15:58:04 ET]
Table 'Patria II' 6-max Seat #3 is the button
Seat 1: Y_19 ($102 in chips) 
Seat 2: lucasomanes ($61.34 in chips) 
Seat 3: skars07 ($100.52 in chips) 
Seat 4: SorinS28 ($100 in chips) 
Seat 5: Hiller965 ($116.54 in chips) 
Seat 6: Alinyr ($104.21 in chips) 
SorinS28: posts small blind $0.50
Hiller965: posts big blind $1
*** HOLE CARDS ***
Alinyr: folds 
Y_19: raises $1.23 to $2.23
lucasomanes: calls $2.23
skars07: folds 
SorinS28: folds 
Hiller965: folds 
*** FLOP *** [6c Ad 7s]
Y_19: bets $2.83
lucasomanes: calls $2.83
*** TURN *** [6c Ad 7s] [Js]
Y_19: bets $5.52
lucasomanes: calls $5.52
*** RIVER *** [6c Ad 7s Js] [9d]
Y_19: bets $18.40
lucasomanes: raises $32.36 to $50.76 and is all-in
Y_19: calls $32.36
*** SHOW DOWN ***
lucasomanes: shows [9c Ac] (two pair, Aces and Nines)
Y_19: shows [9h Ah] (two pair, Aces and Nines)
Y_19 collected $60.84 from pot
lucasomanes collected $60.84 from pot
*** SUMMARY ***
Total pot $124.18 | Rake $2.50 
Board [6c Ad 7s Js 9d]
Seat 1: Y_19 showed [9h Ah] and won ($60.84) with two pair, Aces and Nines
Seat 2: lucasomanes showed [9c Ac] and won ($60.84) with two pair, Aces and Nines
Seat 3: skars07 (button) folded before Flop (didn't bet)
Seat 4: SorinS28 (small blind) folded before Flop
Seat 5: Hiller965 (big blind) folded before Flop
Seat 6: Alinyr folded before Flop (didn't bet)



PokerStars Hand #254755424612:  Hold'em No Limit ($0.50/$1.00 USD) - 2025/02/07 20:59:00 WET [2025/02/07 15:59:00 ET]
Table 'Patria II' 6-max Seat #4 is the button
Seat 1: Y_19 ($101.50 in chips) 
Seat 2: lucasomanes ($60.84 in chips) 
Seat 3: skars07 ($100.52 in chips) 
Seat 4: SorinS28 ($100 in chips) 
Seat 5: Hiller965 ($115.54 in chips) 
Seat 6: Alinyr ($104.21 in chips) 
Hiller965: posts small blind $0.50
Alinyr: posts big blind $1
*** HOLE CARDS ***
Y_19: folds 
lucasomanes: calls $1
skars07: folds 
SorinS28: folds 
Hiller965: folds 
Alinyr: checks 
*** FLOP *** [3s Ac 8s]
Alinyr: checks 
lucasomanes: checks 
*** TURN *** [3s Ac 8s] [5c]
Alinyr: checks 
lucasomanes: bets $2.38
Alinyr: raises $8.36 to $10.74
lucasomanes: folds 
Uncalled bet ($8.36) returned to Alinyr
Alinyr collected $6.90 from pot
Alinyr: doesn't show hand 
*** SUMMARY ***
Total pot $7.26 | Rake $0.36 
Board [3s Ac 8s 5c]
Seat 1: Y_19 folded before Flop (didn't bet)
Seat 2: lucasomanes folded on the Turn
Seat 3: skars07 folded before Flop (didn't bet)
Seat 4: SorinS28 (button) folded before Flop (didn't bet)
Seat 5: Hiller965 (small blind) folded before Flop
Seat 6: Alinyr (big blind) collected ($6.90)



PokerStars Hand #254755435648:  Hold'em No Limit ($0.50/$1.00 USD) - 2025/02/07 20:59:51 WET [2025/02/07 15:59:51 ET]
Table 'Patria II' 6-max Seat #5 is the button
Seat 1: Y_19 ($101.50 in chips) 
Seat 2: lucasomanes ($57.46 in chips) 
Seat 3: skars07 ($100.52 in chips) 
Seat 4: SorinS28 ($100 in chips) 
Seat 5: Hiller965 ($115.04 in chips) 
Seat 6: Alinyr ($107.73 in chips) 
Alinyr: posts small blind $0.50
Y_19: posts big blind $1
*** HOLE CARDS ***
lucasomanes: calls $1
skars07: folds 
SorinS28: folds 
Hiller965: folds 
Alinyr: folds 
Y_19: raises $4 to $5
lucasomanes: calls $4
*** FLOP *** [6s 6h 3s]
Y_19: bets $4.99
lucasomanes: calls $4.99
*** TURN *** [6s 6h 3s] [Qs]
Y_19: checks 
lucasomanes: bets $19.46
Y_19: calls $19.46
*** RIVER *** [6s 6h 3s Qs] [Ts]
Y_19: checks 
lucasomanes: checks 
*** SHOW DOWN ***
Y_19: shows [Qd Qc] (a full house, Queens full of Sixes)
lucasomanes: mucks hand 
Y_19 collected $56.90 from pot
*** SUMMARY ***
Total pot $59.40 | Rake $2.50 
Board [6s 6h 3s Qs Ts]
Seat 1: Y_19 (big blind) showed [Qd Qc] and won ($56.90) with a full house, Queens full of Sixes
Seat 2: lucasomanes mucked
Seat 3: skars07 folded before Flop (didn't bet)
Seat 4: SorinS28 folded before Flop (didn't bet)
Seat 5: Hiller965 (button) folded before Flop (didn't bet)
Seat 6: Alinyr (small blind) folded before Flop



PokerStars Hand #254755445867:  Hold'em No Limit ($0.50/$1.00 USD) - 2025/02/07 21:00:37 WET [2025/02/07 16:00:37 ET]
Table 'Patria II' 6-max Seat #6 is the button
Seat 1: Y_19 ($128.95 in chips) 
Seat 2: lucasomanes ($28.01 in chips) 
Seat 3: skars07 ($100.52 in chips) 
Seat 4: SorinS28 ($100 in chips) 
Seat 5: Hiller965 ($115.04 in chips) 
Seat 6: Alinyr ($107.23 in chips) 
Y_19: posts small blind $0.50
lucasomanes: posts big blind $1
*** HOLE CARDS ***
skars07: folds 
SorinS28: folds 
Hiller965: raises $1 to $2
Alinyr: folds 
Y_19: folds 
lucasomanes: calls $1
*** FLOP *** [Kc 2h 7h]
lucasomanes: checks 
Hiller965: checks 
*** TURN *** [Kc 2h 7h] [3d]
lucasomanes: checks 
Hiller965: bets $3
lucasomanes: folds 
Uncalled bet ($3) returned to Hiller965
Hiller965 collected $4.22 from pot
Hiller965: doesn't show hand 
*** SUMMARY ***
Total pot $4.50 | Rake $0.28 
Board [Kc 2h 7h 3d]
Seat 1: Y_19 (small blind) folded before Flop
Seat 2: lucasomanes (big blind) folded on the Turn
Seat 3: skars07 folded before Flop (didn't bet)
Seat 4: SorinS28 folded before Flop (didn't bet)
Seat 5: Hiller965 collected ($4.22)
Seat 6: Alinyr (button) folded before Flop (didn't bet)



PokerStars Hand #254755455285:  Hold'em No Limit ($0.50/$1.00 USD) - 2025/02/07 21:01:16 WET [2025/02/07 16:01:16 ET]
Table 'Patria II' 6-max Seat #1 is the button
Seat 1: Y_19 ($128.45 in chips) 
Seat 2: lucasomanes ($26.01 in chips) 
Seat 3: skars07 ($100.52 in chips) 
Seat 4: SorinS28 ($100 in chips) 
Seat 5: Hiller965 ($117.26 in chips) 
Seat 6: Alinyr ($107.23 in chips) 
lucasomanes: posts small blind $0.50
skars07: posts big blind $1
*** HOLE CARDS ***
SorinS28: folds 
Hiller965: folds 
Alinyr: folds 
Y_19: raises $1.23 to $2.23
lucasomanes: folds 
skars07: folds 
Uncalled bet ($1.23) returned to Y_19
Y_19 collected $2.50 from pot
Y_19: doesn't show hand 
*** SUMMARY ***
Total pot $2.50 | Rake $0 
Seat 1: Y_19 (button) collected ($2.50)
Seat 2: lucasomanes (small blind) folded before Flop
Seat 3: skars07 (big blind) folded before Flop
Seat 4: SorinS28 folded before Flop (didn't bet)
Seat 5: Hiller965 folded before Flop (didn't bet)
Seat 6: Alinyr folded before Flop (didn't bet)



PokerStars Hand #254755460491:  Hold'em No Limit ($0.50/$1.00 USD) - 2025/02/07 21:01:36 WET [2025/02/07 16:01:36 ET]
Table 'Patria II' 6-max Seat #2 is the button
Seat 1: Y_19 ($129.95 in chips) 
Seat 2: lucasomanes ($25.51 in chips) 
Seat 3: skars07 ($100 in chips) 
Seat 4: SorinS28 ($100 in chips) 
Seat 5: Hiller965 ($117.26 in chips) 
Seat 6: Alinyr ($107.23 in chips) 
skars07: posts small blind $0.50
SorinS28: posts big blind $1
*** HOLE CARDS ***
Hiller965: raises $1 to $2
Alinyr: folds 
Y_19: folds 
lucasomanes: raises $5.50 to $7.50
skars07: folds 
SorinS28: folds 
Hiller965: calls $5.50
*** FLOP *** [Js 8s 5d]
Hiller965: checks 
lucasomanes: bets $18.01 and is all-in
Hiller965: calls $18.01
*** TURN *** [Js 8s 5d] [3h]
*** RIVER *** [Js 8s 5d 3h] [2s]
*** SHOW DOWN ***
Hiller965: shows [Ad Jd] (a pair of Jacks)
lucasomanes: shows [Kc Kd] (a pair of Kings)
lucasomanes collected $50.02 from pot
Hiller965 cashed out the hand for $11.69 | Cash Out Fee $0.24
*** SUMMARY ***
Total pot $52.52 | Rake $2.50 
Board [Js 8s 5d 3h 2s]
Seat 1: Y_19 folded before Flop (didn't bet)
Seat 2: lucasomanes (button) showed [Kc Kd] and won ($50.02) with a pair of Kings
Seat 3: skars07 (small blind) folded before Flop
Seat 4: SorinS28 (big blind) folded before Flop
Seat 5: Hiller965 showed [Ad Jd] and lost with a pair of Jacks (cashed out).
Seat 6: Alinyr folded before Flop (didn't bet)



PokerStars Hand #254755476254:  Hold'em No Limit ($0.50/$1.00 USD) - 2025/02/07 21:02:31 WET [2025/02/07 16:02:31 ET]
Table 'Patria II' 6-max Seat #3 is the button
Seat 1: Y_19 ($129.95 in chips) 
Seat 2: lucasomanes ($50.02 in chips) 
Seat 3: skars07 ($100 in chips) 
Seat 4: SorinS28 ($100 in chips) 
Seat 5: Hiller965 ($103.44 in chips) 
Seat 6: Alinyr ($107.23 in chips) 
SorinS28: posts small blind $0.50
Hiller965: posts big blind $1
*** HOLE CARDS ***
Alinyr: folds 
Y_19: folds 
lucasomanes: folds 
skars07: folds 
SorinS28: raises $2 to $3
Hiller965: folds 
Uncalled bet ($2) returned to SorinS28
SorinS28 collected $2 from pot
SorinS28: doesn't show hand 
*** SUMMARY ***
Total pot $2 | Rake $0 
Seat 1: Y_19 folded before Flop (didn't bet)
Seat 2: lucasomanes folded before Flop (didn't bet)
Seat 3: skars07 (button) folded before Flop (didn't bet)
Seat 4: SorinS28 (small blind) collected ($2)
Seat 5: Hiller965 (big blind) folded before Flop
Seat 6: Alinyr folded before Flop (didn't bet)



PokerStars Hand #254755482346:  Hold'em No Limit ($0.50/$1.00 USD) - 2025/02/07 21:02:52 WET [2025/02/07 16:02:52 ET]
Table 'Patria II' 6-max Seat #4 is the button
Seat 1: Y_19 ($129.95 in chips) 
Seat 2: lucasomanes ($50.02 in chips) 
Seat 3: skars07 ($100 in chips) 
Seat 4: SorinS28 ($101 in chips) 
Seat 5: Hiller965 ($102.44 in chips) 
Seat 6: Alinyr ($107.23 in chips) 
Hiller965: posts small blind $0.50
Alinyr: posts big blind $1
*** HOLE CARDS ***
Y_19: folds 
lucasomanes: raises $2.50 to $3.50
skars07: folds 
SorinS28: calls $3.50
Hiller965: folds 
Alinyr: folds 
*** FLOP *** [7c 4c 3c]
lucasomanes: bets $8.08
SorinS28: calls $8.08
*** TURN *** [7c 4c 3c] [3s]
lucasomanes: bets $38.44 and is all-in
SorinS28: calls $38.44
*** RIVER *** [7c 4c 3c 3s] [Jc]
*** SHOW DOWN ***
lucasomanes: shows [Qh Qs] (two pair, Queens and Threes)
SorinS28: shows [7d 8d] (two pair, Sevens and Threes)
lucasomanes collected $99.04 from pot
SorinS28 cashed out the hand for $4.41 | Cash Out Fee $0.09
*** SUMMARY ***
Total pot $101.54 | Rake $2.50 
Board [7c 4c 3c 3s Jc]
Seat 1: Y_19 folded before Flop (didn't bet)
Seat 2: lucasomanes showed [Qh Qs] and won ($99.04) with two pair, Queens and Threes
Seat 3: skars07 folded before Flop (didn't bet)
Seat 4: SorinS28 (button) showed [7d 8d] and lost with two pair, Sevens and Threes (cashed out).
Seat 5: Hiller965 (small blind) folded before Flop
Seat 6: Alinyr (big blind) folded before Flop



PokerStars Hand #254755495257:  Hold'em No Limit ($0.50/$1.00 USD) - 2025/02/07 21:03:34 WET [2025/02/07 16:03:34 ET]
Table 'Patria II' 6-max Seat #5 is the button
Seat 1: Y_19 ($129.95 in chips) 
Seat 2: lucasomanes ($99.04 in chips) 
Seat 3: skars07 ($100 in chips) 
Seat 4: SorinS28 ($100 in chips) 
Seat 5: Hiller965 ($101.94 in chips) 
Seat 6: Alinyr ($106.23 in chips) 
Alinyr: posts small blind $0.50
Y_19: posts big blind $1
*** HOLE CARDS ***
lucasomanes: folds 
skars07: folds 
SorinS28: folds 
Hiller965: raises $1 to $2
Alinyr: folds 
Y_19: calls $1
*** FLOP *** [4s 7d 9h]
Y_19: checks 
Hiller965: bets $3
Y_19: calls $3
*** TURN *** [4s 7d 9h] [Ad]
Y_19: checks 
Hiller965: bets $4
Y_19: calls $4
*** RIVER *** [4s 7d 9h Ad] [4c]
Y_19: checks 
Hiller965: bets $8
Y_19: folds 
Uncalled bet ($8) returned to Hiller965
Hiller965 collected $17.35 from pot
Hiller965: doesn't show hand 
*** SUMMARY ***
Total pot $18.50 | Rake $1.15 
Board [4s 7d 9h Ad 4c]
Seat 1: Y_19 (big blind) folded on the River
Seat 2: lucasomanes folded before Flop (didn't bet)
Seat 3: skars07 folded before Flop (didn't bet)
Seat 4: SorinS28 folded before Flop (didn't bet)
Seat 5: Hiller965 (button) collected ($17.35)
Seat 6: Alinyr (small blind) folded before Flop



PokerStars Hand #254755513113:  Hold'em No Limit ($0.50/$1.00 USD) - 2025/02/07 21:04:32 WET [2025/02/07 16:04:32 ET]
Table 'Patria II' 6-max Seat #6 is the button
Seat 1: Y_19 ($120.95 in chips) 
Seat 2: lucasomanes ($99.04 in chips) 
Seat 3: skars07 ($100 in chips) 
Seat 4: SorinS28 ($100 in chips) 
Seat 5: Hiller965 ($110.29 in chips) 
Seat 6: Alinyr ($105.73 in chips) 
Y_19: posts small blind $0.50
lucasomanes: posts big blind $1
*** HOLE CARDS ***
skars07: raises $1.50 to $2.50
SorinS28: folds 
Hiller965: folds 
Alinyr: calls $2.50
Y_19: folds 
lucasomanes: calls $1.50
*** FLOP *** [Jd 4d Ac]
lucasomanes: checks 
skars07: checks 
Alinyr: checks 
*** TURN *** [Jd 4d Ac] [Qs]
lucasomanes: checks 
skars07: bets $5.70
Alinyr: raises $11.54 to $17.24
lucasomanes: folds 
skars07: calls $11.54
*** RIVER *** [Jd 4d Ac Qs] [Td]
skars07: checks 
Alinyr: checks 
*** SHOW DOWN ***
skars07: shows [7d Ad] (a flush, Ace high)
Alinyr: mucks hand 
skars07 collected $40.36 from pot
*** SUMMARY ***
Total pot $42.48 | Rake $2.12 
Board [Jd 4d Ac Qs Td]
Seat 1: Y_19 (small blind) folded before Flop
Seat 2: lucasomanes (big blind) folded on the Turn
Seat 3: skars07 showed [7d Ad] and won ($40.36) with a flush, Ace high
Seat 4: SorinS28 folded before Flop (didn't bet)
Seat 5: Hiller965 folded before Flop (didn't bet)
Seat 6: Alinyr (button) mucked



PokerStars Hand #254755552690:  Hold'em No Limit ($0.50/$1.00 USD) - 2025/02/07 21:06:39 WET [2025/02/07 16:06:39 ET]
Table 'Patria II' 6-max Seat #1 is the button
Seat 1: Y_19 ($120.45 in chips) 
Seat 2: lucasomanes ($96.54 in chips) 
Seat 3: skars07 ($120.62 in chips) 
Seat 4: SorinS28 ($100 in chips) 
Seat 5: Hiller965 ($110.29 in chips) 
Seat 6: Alinyr ($100 in chips) 
lucasomanes: posts small blind $0.50
skars07: posts big blind $1
*** HOLE CARDS ***
SorinS28: folds 
Hiller965: folds 
Alinyr: folds 
Y_19: raises $1.23 to $2.23
lucasomanes: folds 
Hiller965 leaves the table
skars07: folds 
Uncalled bet ($1.23) returned to Y_19
Y_19 collected $2.50 from pot
Y_19: doesn't show hand 
Nazareno1999 joins the table at seat #5 
*** SUMMARY ***
Total pot $2.50 | Rake $0 
Seat 1: Y_19 (button) collected ($2.50)
Seat 2: lucasomanes (small blind) folded before Flop
Seat 3: skars07 (big blind) folded before Flop
Seat 4: SorinS28 folded before Flop (didn't bet)
Seat 5: Hiller965 folded before Flop (didn't bet)
Seat 6: Alinyr folded before Flop (didn't bet)



PokerStars Hand #254755564030:  Hold'em No Limit ($0.50/$1.00 USD) - 2025/02/07 21:07:16 WET [2025/02/07 16:07:16 ET]
Table 'Patria II' 6-max Seat #2 is the button
Seat 1: Y_19 ($121.95 in chips) 
Seat 2: lucasomanes ($96.04 in chips) 
Seat 3: skars07 ($119.62 in chips) 
Seat 4: SorinS28 ($100 in chips) 
Seat 5: Nazareno1999 ($100 in chips) 
Seat 6: Alinyr ($100 in chips) 
skars07: posts small blind $0.50
SorinS28: posts big blind $1
Nazareno1999 is connected 
Nazareno1999: posts big blind $1
*** HOLE CARDS ***
Nazareno1999: checks 
Alinyr: folds 
Y_19: folds 
lucasomanes: calls $1
skars07: folds 
SorinS28: checks 
*** FLOP *** [Ad Jc Js]
SorinS28: checks 
Nazareno1999: checks 
lucasomanes: checks 
*** TURN *** [Ad Jc Js] [Qd]
SorinS28: checks 
Nazareno1999: checks 
lucasomanes: bets $3.32
SorinS28: folds 
Nazareno1999: folds 
Uncalled bet ($3.32) returned to lucasomanes
lucasomanes collected $3.32 from pot
*** SUMMARY ***
Total pot $3.50 | Rake $0.18 
Board [Ad Jc Js Qd]
Seat 1: Y_19 folded before Flop (didn't bet)
Seat 2: lucasomanes (button) collected ($3.32)
Seat 3: skars07 (small blind) folded before Flop
Seat 4: SorinS28 (big blind) folded on the Turn
Seat 5: Nazareno1999 folded on the Turn (didn't bet)
Seat 6: Alinyr folded before Flop (didn't bet)



PokerStars Hand #254755729353:  Hold'em No Limit ($0.50/$1.00 USD) - 2025/02/07 21:16:03 WET [2025/02/07 16:16:03 ET]
Table 'Patria II' 6-max Seat #6 is the button
Seat 1: Y_19 ($103.31 in chips) 
Seat 2: lucasomanes ($119.93 in chips) 
Seat 3: skars07 ($123.62 in chips) 
Seat 4: SorinS28 ($112.72 in chips) 
Seat 5: Nazareno1999 ($100 in chips) 
Seat 6: Alinyr ($103.16 in chips) 
Y_19: posts small blind $0.50
lucasomanes: posts big blind $1
*** HOLE CARDS ***
skars07: folds 
SorinS28: folds 
Nazareno1999: raises $1.20 to $2.20
Alinyr: folds 
Y_19: folds 
lucasomanes: calls $1.20
*** FLOP *** [Td Ks 2d]
lucasomanes: bets $4.66
Nazareno1999: folds 
Uncalled bet ($4.66) returned to lucasomanes
lucasomanes collected $4.66 from pot
lucasomanes: doesn't show hand 
*** SUMMARY ***
Total pot $4.90 | Rake $0.24 
Board [Td Ks 2d]
Seat 1: Y_19 (small blind) folded before Flop
Seat 2: lucasomanes (big blind) collected ($4.66)
Seat 3: skars07 folded before Flop (didn't bet)
Seat 4: SorinS28 folded before Flop (didn't bet)
Seat 5: Nazareno1999 folded on the Flop
Seat 6: Alinyr (button) folded before Flop (didn't bet)



PokerStars Hand #254755737617:  Hold'em No Limit ($0.50/$1.00 USD) - 2025/02/07 21:16:30 WET [2025/02/07 16:16:30 ET]
Table 'Patria II' 6-max Seat #1 is the button
Seat 1: Y_19 ($102.81 in chips) 
Seat 2: lucasomanes ($122.39 in chips) 
Seat 3: skars07 ($123.62 in chips) 
Seat 4: SorinS28 ($112.72 in chips) 
Seat 5: Nazareno1999 ($100 in chips) 
Seat 6: Alinyr ($103.16 in chips) 
lucasomanes: posts small blind $0.50
skars07: posts big blind $1
*** HOLE CARDS ***
SorinS28: folds 
Nazareno1999: folds 
Alinyr: folds 
Y_19: raises $1.23 to $2.23
lucasomanes: calls $1.73
skars07: folds 
*** FLOP *** [7c 3c Qh]
lucasomanes: checks 
Y_19: bets $1.71
lucasomanes: folds 
Uncalled bet ($1.71) returned to Y_19
Y_19 collected $5.19 from pot
Y_19: doesn't show hand 
*** SUMMARY ***
Total pot $5.46 | Rake $0.27 
Board [7c 3c Qh]
Seat 1: Y_19 (button) collected ($5.19)
Seat 2: lucasomanes (small blind) folded on the Flop
Seat 3: skars07 (big blind) folded before Flop
Seat 4: SorinS28 folded before Flop (didn't bet)
Seat 5: Nazareno1999 folded before Flop (didn't bet)
Seat 6: Alinyr folded before Flop (didn't bet)



PokerStars Hand #254755745064:  Hold'em No Limit ($0.50/$1.00 USD) - 2025/02/07 21:16:53 WET [2025/02/07 16:16:53 ET]
Table 'Patria II' 6-max Seat #2 is the button
Seat 1: Y_19 ($105.77 in chips) 
Seat 2: lucasomanes ($120.16 in chips) 
Seat 3: skars07 ($122.62 in chips) 
Seat 4: SorinS28 ($112.72 in chips) 
Seat 5: Nazareno1999 ($100 in chips) 
Seat 6: Alinyr ($103.16 in chips) 
skars07: posts small blind $0.50
SorinS28: posts big blind $1
*** HOLE CARDS ***
Nazareno1999: raises $1.20 to $2.20
Alinyr: raises $5.30 to $7.50
Y_19: folds 
lucasomanes: calls $7.50
skars07: folds 
SorinS28: folds 
Nazareno1999: calls $5.30
*** FLOP *** [Ad 7s 2c]
Nazareno1999: checks 
Alinyr: bets $7.52
lucasomanes: folds 
Nazareno1999: folds 
Uncalled bet ($7.52) returned to Alinyr
Alinyr collected $22.80 from pot
Alinyr: doesn't show hand 
*** SUMMARY ***
Total pot $24 | Rake $1.20 
Board [Ad 7s 2c]
Seat 1: Y_19 folded before Flop (didn't bet)
Seat 2: lucasomanes (button) folded on the Flop
Seat 3: skars07 (small blind) folded before Flop
Seat 4: SorinS28 (big blind) folded before Flop
Seat 5: Nazareno1999 folded on the Flop
Seat 6: Alinyr collected ($22.80)



PokerStars Hand #254755759599:  Hold'em No Limit ($0.50/$1.00 USD) - 2025/02/07 21:17:39 WET [2025/02/07 16:17:39 ET]
Table 'Patria II' 6-max Seat #3 is the button
Seat 1: Y_19 ($105.77 in chips) 
Seat 2: lucasomanes ($112.66 in chips) 
Seat 3: skars07 ($122.12 in chips) 
Seat 4: SorinS28 ($111.72 in chips) 
Seat 5: Nazareno1999 ($100 in chips) 
Seat 6: Alinyr ($118.46 in chips) 
SorinS28: posts small blind $0.50
Nazareno1999: posts big blind $1
*** HOLE CARDS ***
Alinyr: folds 
Y_19: folds 
lucasomanes: folds 
skars07: folds 
SorinS28: raises $2 to $3
Nazareno1999: folds 
Uncalled bet ($2) returned to SorinS28
SorinS28 collected $2 from pot
SorinS28: doesn't show hand 
*** SUMMARY ***
Total pot $2 | Rake $0 
Seat 1: Y_19 folded before Flop (didn't bet)
Seat 2: lucasomanes folded before Flop (didn't bet)
Seat 3: skars07 (button) folded before Flop (didn't bet)
Seat 4: SorinS28 (small blind) collected ($2)
Seat 5: Nazareno1999 (big blind) folded before Flop
Seat 6: Alinyr folded before Flop (didn't bet)



PokerStars Hand #254755765274:  Hold'em No Limit ($0.50/$1.00 USD) - 2025/02/07 21:17:57 WET [2025/02/07 16:17:57 ET]
Table 'Patria II' 6-max Seat #4 is the button
Seat 1: Y_19 ($105.77 in chips) 
Seat 2: lucasomanes ($112.66 in chips) 
Seat 3: skars07 ($122.12 in chips) 
Seat 4: SorinS28 ($112.72 in chips) 
Seat 5: Nazareno1999 ($100 in chips) 
Seat 6: Alinyr ($118.46 in chips) 
Nazareno1999: posts small blind $0.50
Alinyr: posts big blind $1
*** HOLE CARDS ***
Y_19: folds 
lucasomanes: calls $1
skars07: folds 
SorinS28: folds 
Nazareno1999: raises $4 to $5
Alinyr: folds 
lucasomanes: folds 
Uncalled bet ($4) returned to Nazareno1999
Nazareno1999 collected $3 from pot
Nazareno1999: doesn't show hand 
*** SUMMARY ***
Total pot $3 | Rake $0 
Seat 1: Y_19 folded before Flop (didn't bet)
Seat 2: lucasomanes folded before Flop
Seat 3: skars07 folded before Flop (didn't bet)
Seat 4: SorinS28 (button) folded before Flop (didn't bet)
Seat 5: Nazareno1999 (small blind) collected ($3)
Seat 6: Alinyr (big blind) folded before Flop



PokerStars Hand #254755772556:  Hold'em No Limit ($0.50/$1.00 USD) - 2025/02/07 21:18:20 WET [2025/02/07 16:18:20 ET]
Table 'Patria II' 6-max Seat #5 is the button
Seat 1: Y_19 ($105.77 in chips) 
Seat 2: lucasomanes ($111.66 in chips) 
Seat 3: skars07 ($122.12 in chips) 
Seat 4: SorinS28 ($112.72 in chips) 
Seat 5: Nazareno1999 ($102 in chips) 
Seat 6: Alinyr ($117.46 in chips) 
Alinyr: posts small blind $0.50
Y_19: posts big blind $1
*** HOLE CARDS ***
lucasomanes: raises $2 to $3
skars07: folds 
SorinS28: folds 
Nazareno1999: folds 
Alinyr: folds 
Y_19: calls $2
*** FLOP *** [Ad 4d Qd]
Y_19: checks 
lucasomanes: bets $6.18
Y_19: folds 
Uncalled bet ($6.18) returned to lucasomanes
lucasomanes collected $6.18 from pot
lucasomanes: doesn't show hand 
*** SUMMARY ***
Total pot $6.50 | Rake $0.32 
Board [Ad 4d Qd]
Seat 1: Y_19 (big blind) folded on the Flop
Seat 2: lucasomanes collected ($6.18)
Seat 3: skars07 folded before Flop (didn't bet)
Seat 4: SorinS28 folded before Flop (didn't bet)
Seat 5: Nazareno1999 (button) folded before Flop (didn't bet)
Seat 6: Alinyr (small blind) folded before Flop



PokerStars Hand #254755782785:  Hold'em No Limit ($0.50/$1.00 USD) - 2025/02/07 21:18:52 WET [2025/02/07 16:18:52 ET]
Table 'Patria II' 6-max Seat #6 is the button
Seat 1: Y_19 ($102.77 in chips) 
Seat 2: lucasomanes ($114.84 in chips) 
Seat 3: skars07 ($122.12 in chips) 
Seat 4: SorinS28 ($112.72 in chips) 
Seat 5: Nazareno1999 ($102 in chips) 
Seat 6: Alinyr ($116.96 in chips) 
Y_19: posts small blind $0.50
lucasomanes: posts big blind $1
*** HOLE CARDS ***
skars07: raises $1.50 to $2.50
SorinS28: folds 
Nazareno1999: folds 
Alinyr: folds 
Y_19: folds 
lucasomanes: raises $5.50 to $8
skars07: folds 
Uncalled bet ($5.50) returned to lucasomanes
lucasomanes collected $5.50 from pot
*** SUMMARY ***
Total pot $5.50 | Rake $0 
Seat 1: Y_19 (small blind) folded before Flop
Seat 2: lucasomanes (big blind) collected ($5.50)
Seat 3: skars07 folded before Flop
Seat 4: SorinS28 folded before Flop (didn't bet)
Seat 5: Nazareno1999 folded before Flop (didn't bet)
Seat 6: Alinyr (button) folded before Flop (didn't bet)



PokerStars Hand #254755792991:  Hold'em No Limit ($0.50/$1.00 USD) - 2025/02/07 21:19:24 WET [2025/02/07 16:19:24 ET]
Table 'Patria II' 6-max Seat #1 is the button
Seat 1: Y_19 ($102.27 in chips) 
Seat 2: lucasomanes ($117.84 in chips) 
Seat 3: skars07 ($119.62 in chips) 
Seat 4: SorinS28 ($112.72 in chips) 
Seat 5: Nazareno1999 ($102 in chips) 
Seat 6: Alinyr ($116.96 in chips) 
lucasomanes: posts small blind $0.50
skars07: posts big blind $1
*** HOLE CARDS ***
SorinS28: folds 
Nazareno1999: folds 
Alinyr: folds 
Y_19: folds 
lucasomanes: folds 
Uncalled bet ($0.50) returned to skars07
skars07 collected $1 from pot
skars07: doesn't show hand 
*** SUMMARY ***
Total pot $1 | Rake $0 
Seat 1: Y_19 (button) folded before Flop (didn't bet)
Seat 2: lucasomanes (small blind) folded before Flop
Seat 3: skars07 (big blind) collected ($1)
Seat 4: SorinS28 folded before Flop (didn't bet)
Seat 5: Nazareno1999 folded before Flop (didn't bet)
Seat 6: Alinyr folded before Flop (didn't bet)



PokerStars Hand #254755796211:  Hold'em No Limit ($0.50/$1.00 USD) - 2025/02/07 21:19:34 WET [2025/02/07 16:19:34 ET]
Table 'Patria II' 6-max Seat #2 is the button
Seat 1: Y_19 ($102.27 in chips) 
Seat 2: lucasomanes ($117.34 in chips) 
Seat 3: skars07 ($120.12 in chips) 
Seat 4: SorinS28 ($112.72 in chips) 
Seat 5: Nazareno1999 ($102 in chips) 
Seat 6: Alinyr ($116.96 in chips) 
skars07: posts small blind $0.50
SorinS28: posts big blind $1
*** HOLE CARDS ***
Nazareno1999: folds 
Alinyr: folds 
Y_19: folds 
lucasomanes: calls $1
skars07: folds 
SorinS28: checks 
*** FLOP *** [8s Jh 5d]
SorinS28: checks 
lucasomanes: bets $2.38
SorinS28: folds 
Uncalled bet ($2.38) returned to lucasomanes
lucasomanes collected $2.38 from pot
lucasomanes: doesn't show hand 
*** SUMMARY ***
Total pot $2.50 | Rake $0.12 
Board [8s Jh 5d]
Seat 1: Y_19 folded before Flop (didn't bet)
Seat 2: lucasomanes (button) collected ($2.38)
Seat 3: skars07 (small blind) folded before Flop
Seat 4: SorinS28 (big blind) folded on the Flop
Seat 5: Nazareno1999 folded before Flop (didn't bet)
Seat 6: Alinyr folded before Flop (didn't bet)



PokerStars Hand #254755811957:  Hold'em No Limit ($0.50/$1.00 USD) - 2025/02/07 21:20:24 WET [2025/02/07 16:20:24 ET]
Table 'Patria II' 6-max Seat #3 is the button
Seat 1: Y_19 ($102.27 in chips) 
Seat 2: lucasomanes ($118.72 in chips) 
Seat 3: skars07 ($119.62 in chips) 
Seat 4: SorinS28 ($111.72 in chips) 
Seat 5: Nazareno1999 ($102 in chips) 
Seat 6: Alinyr ($116.96 in chips) 
SorinS28: posts small blind $0.50
Nazareno1999: posts big blind $1
*** HOLE CARDS ***
Alinyr: folds 
Y_19: folds 
lucasomanes: folds 
skars07: folds 
SorinS28: folds 
Uncalled bet ($0.50) returned to Nazareno1999
Nazareno1999 collected $1 from pot
Nazareno1999: doesn't show hand 
*** SUMMARY ***
Total pot $1 | Rake $0 
Seat 1: Y_19 folded before Flop (didn't bet)
Seat 2: lucasomanes folded before Flop (didn't bet)
Seat 3: skars07 (button) folded before Flop (didn't bet)
Seat 4: SorinS28 (small blind) folded before Flop
Seat 5: Nazareno1999 (big blind) collected ($1)
Seat 6: Alinyr folded before Flop (didn't bet)



PokerStars Hand #254755816229:  Hold'em No Limit ($0.50/$1.00 USD) - 2025/02/07 21:20:38 WET [2025/02/07 16:20:38 ET]
Table 'Patria II' 6-max Seat #4 is the button
Seat 1: Y_19 ($102.27 in chips) 
Seat 2: lucasomanes ($118.72 in chips) 
Seat 3: skars07 ($119.62 in chips) 
Seat 4: SorinS28 ($111.22 in chips) 
Seat 5: Nazareno1999 ($102.50 in chips) 
Seat 6: Alinyr ($116.96 in chips) 
Nazareno1999: posts small blind $0.50
Alinyr: posts big blind $1
*** HOLE CARDS ***
Y_19: folds 
lucasomanes: folds 
skars07: folds 
SorinS28: raises $1.50 to $2.50
Nazareno1999: folds 
Alinyr: raises $10.50 to $13
SorinS28: raises $15.60 to $28.60
Alinyr: folds 
Uncalled bet ($15.60) returned to SorinS28
SorinS28 collected $26.50 from pot
SorinS28: doesn't show hand 
*** SUMMARY ***
Total pot $26.50 | Rake $0 
Seat 1: Y_19 folded before Flop (didn't bet)
Seat 2: lucasomanes folded before Flop (didn't bet)
Seat 3: skars07 folded before Flop (didn't bet)
Seat 4: SorinS28 (button) collected ($26.50)
Seat 5: Nazareno1999 (small blind) folded before Flop
Seat 6: Alinyr (big blind) folded before Flop



PokerStars Hand #254755833270:  Hold'em No Limit ($0.50/$1.00 USD) - 2025/02/07 21:21:32 WET [2025/02/07 16:21:32 ET]
Table 'Patria II' 6-max Seat #5 is the button
Seat 1: Y_19 ($102.27 in chips) 
Seat 2: lucasomanes ($118.72 in chips) 
Seat 3: skars07 ($119.62 in chips) 
Seat 4: SorinS28 ($124.72 in chips) 
Seat 5: Nazareno1999 ($102 in chips) 
Seat 6: Alinyr ($103.96 in chips) 
Alinyr: posts small blind $0.50
Y_19: posts big blind $1
*** HOLE CARDS ***
lucasomanes: raises $2.50 to $3.50
skars07: folds 
SorinS28: folds 
Nazareno1999: raises $12 to $15.50
Alinyr: folds 
Y_19: folds 
lucasomanes: folds 
Uncalled bet ($12) returned to Nazareno1999
Nazareno1999 collected $8.50 from pot
Nazareno1999: doesn't show hand 
*** SUMMARY ***
Total pot $8.50 | Rake $0 
Seat 1: Y_19 (big blind) folded before Flop
Seat 2: lucasomanes folded before Flop
Seat 3: skars07 folded before Flop (didn't bet)
Seat 4: SorinS28 folded before Flop (didn't bet)
Seat 5: Nazareno1999 (button) collected ($8.50)
Seat 6: Alinyr (small blind) folded before Flop



PokerStars Hand #254755845261:  Hold'em No Limit ($0.50/$1.00 USD) - 2025/02/07 21:22:10 WET [2025/02/07 16:22:10 ET]
Table 'Patria II' 6-max Seat #6 is the button
Seat 1: Y_19 ($101.27 in chips) 
Seat 2: lucasomanes ($115.22 in chips) 
Seat 3: skars07 ($119.62 in chips) 
Seat 4: SorinS28 ($124.72 in chips) 
Seat 5: Nazareno1999 ($107 in chips) 
Seat 6: Alinyr ($103.46 in chips) 
Y_19: posts small blind $0.50
lucasomanes: posts big blind $1
*** HOLE CARDS ***
skars07: folds 
SorinS28: folds 
Nazareno1999: folds 
Alinyr: folds 
Y_19: raises $2 to $3
lucasomanes: raises $6 to $9
Y_19: calls $6
*** FLOP *** [As 3s 5s]
Y_19: checks 
lucasomanes: bets $17.10
Y_19: folds 
Uncalled bet ($17.10) returned to lucasomanes
lucasomanes collected $17.10 from pot
lucasomanes: doesn't show hand 
*** SUMMARY ***
Total pot $18 | Rake $0.90 
Board [As 3s 5s]
Seat 1: Y_19 (small blind) folded on the Flop
Seat 2: lucasomanes (big blind) collected ($17.10)
Seat 3: skars07 folded before Flop (didn't bet)
Seat 4: SorinS28 folded before Flop (didn't bet)
Seat 5: Nazareno1999 folded before Flop (didn't bet)
Seat 6: Alinyr (button) folded before Flop (didn't bet)



PokerStars Hand #254755853808:  Hold'em No Limit ($0.50/$1.00 USD) - 2025/02/07 21:22:37 WET [2025/02/07 16:22:37 ET]
Table 'Patria II' 6-max Seat #1 is the button
Seat 1: Y_19 ($100 in chips) 
Seat 2: lucasomanes ($123.32 in chips) 
Seat 3: skars07 ($119.62 in chips) 
Seat 4: SorinS28 ($124.72 in chips) 
Seat 5: Nazareno1999 ($107 in chips) 
Seat 6: Alinyr ($103.46 in chips) 
lucasomanes: posts small blind $0.50
skars07: posts big blind $1
*** HOLE CARDS ***
SorinS28: folds 
Nazareno1999: folds 
Alinyr: raises $1.28 to $2.28
Y_19: folds 
lucasomanes: calls $1.78
skars07: folds 
*** FLOP *** [4h 6h Kh]
lucasomanes: checks 
Alinyr: bets $1.32
lucasomanes: calls $1.32
*** TURN *** [4h 6h Kh] [3c]
lucasomanes: checks 
Alinyr: checks 
*** RIVER *** [4h 6h Kh 3c] [2c]
lucasomanes: bets $5.90
Alinyr: calls $5.90
*** SHOW DOWN ***
lucasomanes: shows [Ts Ah] (high card Ace)
Alinyr: shows [Th Ac] (high card Ace)
lucasomanes collected $9.50 from pot
Alinyr collected $9.50 from pot
*** SUMMARY ***
Total pot $20 | Rake $1 
Board [4h 6h Kh 3c 2c]
Seat 1: Y_19 (button) folded before Flop (didn't bet)
Seat 2: lucasomanes (small blind) showed [Ts Ah] and won ($9.50) with high card Ace
Seat 3: skars07 (big blind) folded before Flop
Seat 4: SorinS28 folded before Flop (didn't bet)
Seat 5: Nazareno1999 folded before Flop (didn't bet)
Seat 6: Alinyr showed [Th Ac] and won ($9.50) with high card Ace



PokerStars Hand #254755881916:  Hold'em No Limit ($0.50/$1.00 USD) - 2025/02/07 21:24:06 WET [2025/02/07 16:24:06 ET]
Table 'Patria II' 6-max Seat #2 is the button
Seat 1: Y_19 ($100 in chips) 
Seat 2: lucasomanes ($123.32 in chips) 
Seat 3: skars07 ($118.62 in chips) 
Seat 4: SorinS28 ($124.72 in chips) 
Seat 5: Nazareno1999 ($107 in chips) 
Seat 6: Alinyr ($103.46 in chips) 
skars07: posts small blind $0.50
SorinS28: posts big blind $1
*** HOLE CARDS ***
Nazareno1999: folds 
Alinyr: raises $1.05 to $2.05
Y_19: folds 
lucasomanes: raises $5.60 to $7.65
skars07: folds 
SorinS28: folds 
Alinyr: calls $5.60
*** FLOP *** [8d 9c Th]
Alinyr: checks 
lucasomanes: bets $15.96
Alinyr: folds 
Uncalled bet ($15.96) returned to lucasomanes
lucasomanes collected $15.96 from pot
*** SUMMARY ***
Total pot $16.80 | Rake $0.84 
Board [8d 9c Th]
Seat 1: Y_19 folded before Flop (didn't bet)
Seat 2: lucasomanes (button) collected ($15.96)
Seat 3: skars07 (small blind) folded before Flop
Seat 4: SorinS28 (big blind) folded before Flop
Seat 5: Nazareno1999 folded before Flop (didn't bet)
Seat 6: Alinyr folded on the Flop



PokerStars Hand #254755903381:  Hold'em No Limit ($0.50/$1.00 USD) - 2025/02/07 21:25:15 WET [2025/02/07 16:25:15 ET]
Table 'Patria II' 6-max Seat #3 is the button
Seat 1: Y_19 ($100 in chips) 
Seat 2: lucasomanes ($131.63 in chips) 
Seat 3: skars07 ($118.12 in chips) 
Seat 4: SorinS28 ($123.72 in chips) 
Seat 5: Nazareno1999 ($107 in chips) 
Seat 6: Alinyr ($100 in chips) 
SorinS28: posts small blind $0.50
Nazareno1999: posts big blind $1
*** HOLE CARDS ***
Alinyr: folds 
Y_19: folds 
lucasomanes: calls $1
skars07: raises $3 to $4
SorinS28: folds 
Nazareno1999: folds 
lucasomanes: calls $3
*** FLOP *** [8s Ts 4d]
lucasomanes: checks 
skars07: bets $4.51
lucasomanes: calls $4.51
*** TURN *** [8s Ts 4d] [5s]
lucasomanes: checks 
skars07: bets $8.80
lucasomanes: raises $17.60 to $26.40
skars07: folds 
Uncalled bet ($17.60) returned to lucasomanes
lucasomanes collected $34.31 from pot
*** SUMMARY ***
Total pot $36.12 | Rake $1.81 
Board [8s Ts 4d 5s]
Seat 1: Y_19 folded before Flop (didn't bet)
Seat 2: lucasomanes collected ($34.31)
Seat 3: skars07 (button) folded on the Turn
Seat 4: SorinS28 (small blind) folded before Flop
Seat 5: Nazareno1999 (big blind) folded before Flop
Seat 6: Alinyr folded before Flop (didn't bet)



PokerStars Hand #254755921683:  Hold'em No Limit ($0.50/$1.00 USD) - 2025/02/07 21:26:13 WET [2025/02/07 16:26:13 ET]
Table 'Patria II' 6-max Seat #4 is the button
Seat 1: Y_19 ($100 in chips) 
Seat 2: lucasomanes ($148.63 in chips) 
Seat 3: skars07 ($100.81 in chips) 
Seat 4: SorinS28 ($123.22 in chips) 
Seat 5: Nazareno1999 ($106 in chips) 
Seat 6: Alinyr ($100 in chips) 
Nazareno1999: posts small blind $0.50
Alinyr: posts big blind $1
*** HOLE CARDS ***
Y_19: folds 
lucasomanes: folds 
skars07: folds 
SorinS28: raises $1.50 to $2.50
Nazareno1999: folds 
Alinyr: folds 
Uncalled bet ($1.50) returned to SorinS28
SorinS28 collected $2.50 from pot
SorinS28: doesn't show hand 
*** SUMMARY ***
Total pot $2.50 | Rake $0 
Seat 1: Y_19 folded before Flop (didn't bet)
Seat 2: lucasomanes folded before Flop (didn't bet)
Seat 3: skars07 folded before Flop (didn't bet)
Seat 4: SorinS28 (button) collected ($2.50)
Seat 5: Nazareno1999 (small blind) folded before Flop
Seat 6: Alinyr (big blind) folded before Flop



PokerStars Hand #254755925850:  Hold'em No Limit ($0.50/$1.00 USD) - 2025/02/07 21:26:26 WET [2025/02/07 16:26:26 ET]
Table 'Patria II' 6-max Seat #5 is the button
Seat 1: Y_19 ($100 in chips) 
Seat 2: lucasomanes ($148.63 in chips) 
Seat 3: skars07 ($100.81 in chips) 
Seat 4: SorinS28 ($124.72 in chips) 
Seat 5: Nazareno1999 ($105.50 in chips) 
Seat 6: Alinyr ($100 in chips) 
Alinyr: posts small blind $0.50
Y_19: posts big blind $1
*** HOLE CARDS ***
lucasomanes: calls $1
skars07: folds 
SorinS28: folds 
Nazareno1999: folds 
Alinyr: raises $4 to $5
Y_19: folds 
lucasomanes: calls $4
*** FLOP *** [9s 5c 6c]
Alinyr: checks 
lucasomanes: checks 
*** TURN *** [9s 5c 6c] [Ah]
Alinyr: checks 
lucasomanes: checks 
*** RIVER *** [9s 5c 6c Ah] [4c]
Alinyr: checks 
lucasomanes: bets $10.45
Alinyr: folds 
Uncalled bet ($10.45) returned to lucasomanes
lucasomanes collected $10.45 from pot
lucasomanes: doesn't show hand 
*** SUMMARY ***
Total pot $11 | Rake $0.55 
Board [9s 5c 6c Ah 4c]
Seat 1: Y_19 (big blind) folded before Flop
Seat 2: lucasomanes collected ($10.45)
Seat 3: skars07 folded before Flop (didn't bet)
Seat 4: SorinS28 folded before Flop (didn't bet)
Seat 5: Nazareno1999 (button) folded before Flop (didn't bet)
Seat 6: Alinyr (small blind) folded on the River



PokerStars Hand #254755942702:  Hold'em No Limit ($0.50/$1.00 USD) - 2025/02/07 21:27:20 WET [2025/02/07 16:27:20 ET]
Table 'Patria II' 6-max Seat #6 is the button
Seat 1: Y_19 ($100 in chips) 
Seat 2: lucasomanes ($154.08 in chips) 
Seat 3: skars07 ($100.81 in chips) 
Seat 4: SorinS28 ($124.72 in chips) 
Seat 5: Nazareno1999 ($105.50 in chips) 
Seat 6: Alinyr ($100 in chips) 
Y_19: posts small blind $0.50
lucasomanes: posts big blind $1
*** HOLE CARDS ***
skars07: folds 
SorinS28: folds 
Nazareno1999: folds 
Alinyr: folds 
Y_19: calls $0.50
lucasomanes: checks 
*** FLOP *** [6c 4s Qc]
Y_19: checks 
lucasomanes: bets $1.90
Y_19: calls $1.90
*** TURN *** [6c 4s Qc] [5s]
Y_19: checks 
lucasomanes: bets $5.51
Y_19: folds 
Uncalled bet ($5.51) returned to lucasomanes
lucasomanes collected $5.51 from pot
*** SUMMARY ***
Total pot $5.80 | Rake $0.29 
Board [6c 4s Qc 5s]
Seat 1: Y_19 (small blind) folded on the Turn
Seat 2: lucasomanes (big blind) collected ($5.51)
Seat 3: skars07 folded before Flop (didn't bet)
Seat 4: SorinS28 folded before Flop (didn't bet)
Seat 5: Nazareno1999 folded before Flop (didn't bet)
Seat 6: Alinyr (button) folded before Flop (didn't bet)



PokerStars Hand #254755954499:  Hold'em No Limit ($0.50/$1.00 USD) - 2025/02/07 21:27:58 WET [2025/02/07 16:27:58 ET]
Table 'Patria II' 6-max Seat #1 is the button
Seat 1: Y_19 ($100 in chips) 
Seat 2: lucasomanes ($156.69 in chips) 
Seat 3: skars07 ($100.81 in chips) 
Seat 4: SorinS28 ($124.72 in chips) 
Seat 5: Nazareno1999 ($105.50 in chips) 
Seat 6: Alinyr ($100 in chips) 
lucasomanes: posts small blind $0.50
skars07: posts big blind $1
*** HOLE CARDS ***
SorinS28: raises $1.02 to $2.02
Nazareno1999: calls $2.02
Alinyr: folds 
Y_19: folds 
lucasomanes: folds 
skars07: folds 
*** FLOP *** [Qh 5d 9s]
SorinS28: checks 
Nazareno1999: bets $1.74
SorinS28: raises $5.76 to $7.50
Nazareno1999: folds 
Uncalled bet ($5.76) returned to SorinS28
SorinS28 collected $8.57 from pot
SorinS28: doesn't show hand 
*** SUMMARY ***
Total pot $9.02 | Rake $0.45 
Board [Qh 5d 9s]
Seat 1: Y_19 (button) folded before Flop (didn't bet)
Seat 2: lucasomanes (small blind) folded before Flop
Seat 3: skars07 (big blind) folded before Flop
Seat 4: SorinS28 collected ($8.57)
Seat 5: Nazareno1999 folded on the Flop
Seat 6: Alinyr folded before Flop (didn't bet)



PokerStars Hand #254755968013:  Hold'em No Limit ($0.50/$1.00 USD) - 2025/02/07 21:28:41 WET [2025/02/07 16:28:41 ET]
Table 'Patria II' 6-max Seat #2 is the button
Seat 1: Y_19 ($100 in chips) 
Seat 2: lucasomanes ($156.19 in chips) 
Seat 3: skars07 ($100 in chips) 
Seat 4: SorinS28 ($129.53 in chips) 
Seat 5: Nazareno1999 ($101.74 in chips) 
Seat 6: Alinyr ($100 in chips) 
skars07: posts small blind $0.50
SorinS28: posts big blind $1
*** HOLE CARDS ***
Nazareno1999: folds 
Alinyr: folds 
Y_19: folds 
lucasomanes: calls $1
skars07: folds 
SorinS28: checks 
*** FLOP *** [As 6c 5c]
SorinS28: checks 
lucasomanes: checks 
*** TURN *** [As 6c 5c] [6h]
SorinS28: bets $1.19
lucasomanes: calls $1.19
*** RIVER *** [As 6c 5c 6h] [2h]
SorinS28: bets $2.32
lucasomanes: calls $2.32
*** SHOW DOWN ***
SorinS28: shows [9c Ad] (two pair, Aces and Sixes)
lucasomanes: mucks hand 
SorinS28 collected $9.04 from pot
*** SUMMARY ***
Total pot $9.52 | Rake $0.48 
Board [As 6c 5c 6h 2h]
Seat 1: Y_19 folded before Flop (didn't bet)
Seat 2: lucasomanes (button) mucked
Seat 3: skars07 (small blind) folded before Flop
Seat 4: SorinS28 (big blind) showed [9c Ad] and won ($9.04) with two pair, Aces and Sixes
Seat 5: Nazareno1999 folded before Flop (didn't bet)
Seat 6: Alinyr folded before Flop (didn't bet)



PokerStars Hand #254755980009:  Hold'em No Limit ($0.50/$1.00 USD) - 2025/02/07 21:29:20 WET [2025/02/07 16:29:20 ET]
Table 'Patria II' 6-max Seat #3 is the button
Seat 1: Y_19 ($100 in chips) 
Seat 2: lucasomanes ($151.68 in chips) 
Seat 3: skars07 ($100 in chips) 
Seat 4: SorinS28 ($134.06 in chips) 
Seat 5: Nazareno1999 ($101.74 in chips) 
Seat 6: Alinyr ($100 in chips) 
SorinS28: posts small blind $0.50
Nazareno1999: posts big blind $1
*** HOLE CARDS ***
Alinyr: folds 
Y_19: folds 
lucasomanes: calls $1
skars07: folds 
SorinS28: folds 
Nazareno1999: checks 
*** FLOP *** [Tc Ad 6s]
Nazareno1999: checks 
lucasomanes: checks 
*** TURN *** [Tc Ad 6s] [Kh]
Nazareno1999: checks 
lucasomanes: checks 
*** RIVER *** [Tc Ad 6s Kh] [9c]
Nazareno1999: checks 
lucasomanes: checks 
*** SHOW DOWN ***
Nazareno1999: shows [5c 4d] (high card Ace)
lucasomanes: shows [Qs 8s] (high card Ace - King+Queen kicker)
lucasomanes collected $2.38 from pot
*** SUMMARY ***
Total pot $2.50 | Rake $0.12 
Board [Tc Ad 6s Kh 9c]
Seat 1: Y_19 folded before Flop (didn't bet)
Seat 2: lucasomanes showed [Qs 8s] and won ($2.38) with high card Ace
Seat 3: skars07 (button) folded before Flop (didn't bet)
Seat 4: SorinS28 (small blind) folded before Flop
Seat 5: Nazareno1999 (big blind) showed [5c 4d] and lost with high card Ace
Seat 6: Alinyr folded before Flop (didn't bet)



PokerStars Hand #254755993817:  Hold'em No Limit ($0.50/$1.00 USD) - 2025/02/07 21:30:04 WET [2025/02/07 16:30:04 ET]
Table 'Patria II' 6-max Seat #4 is the button
Seat 1: Y_19 ($100 in chips) 
Seat 2: lucasomanes ($153.06 in chips) 
Seat 3: skars07 ($100 in chips) 
Seat 4: SorinS28 ($133.56 in chips) 
Seat 5: Nazareno1999 ($100.74 in chips) 
Seat 6: Alinyr ($100 in chips) 
Nazareno1999: posts small blind $0.50
Alinyr: posts big blind $1
*** HOLE CARDS ***
Y_19: folds 
lucasomanes: folds 
skars07: folds 
SorinS28: folds 
Nazareno1999: raises $1.50 to $2.50
Alinyr: calls $1.50
*** FLOP *** [8c Ac As]
Nazareno1999: bets $1.57
Alinyr: calls $1.57
*** TURN *** [8c Ac As] [6s]
Nazareno1999: checks 
Alinyr: checks 
*** RIVER *** [8c Ac As 6s] [2s]
Nazareno1999: bets $7.50
Alinyr: folds 
Uncalled bet ($7.50) returned to Nazareno1999
Nazareno1999 collected $7.73 from pot
Nazareno1999: doesn't show hand 
*** SUMMARY ***
Total pot $8.14 | Rake $0.41 
Board [8c Ac As 6s 2s]
Seat 1: Y_19 folded before Flop (didn't bet)
Seat 2: lucasomanes folded before Flop (didn't bet)
Seat 3: skars07 folded before Flop (didn't bet)
Seat 4: SorinS28 (button) folded before Flop (didn't bet)
Seat 5: Nazareno1999 (small blind) collected ($7.73)
Seat 6: Alinyr (big blind) folded on the River



PokerStars Hand #254756017208:  Hold'em No Limit ($0.50/$1.00 USD) - 2025/02/07 21:31:18 WET [2025/02/07 16:31:18 ET]
Table 'Patria II' 6-max Seat #5 is the button
Seat 1: Y_19 ($100 in chips) 
Seat 2: lucasomanes ($153.06 in chips) 
Seat 3: skars07 ($100 in chips) 
Seat 4: SorinS28 ($133.56 in chips) 
Seat 5: Nazareno1999 ($104.40 in chips) 
Seat 6: Alinyr ($100 in chips) 
Alinyr: posts small blind $0.50
Y_19: posts big blind $1
*** HOLE CARDS ***
lucasomanes: folds 
skars07: folds 
SorinS28: raises $1.30 to $2.30
Nazareno1999: folds 
Alinyr: folds 
Y_19: calls $1.30
*** FLOP *** [2h 3c Ks]
Y_19: checks 
SorinS28: checks 
*** TURN *** [2h 3c Ks] [9s]
Y_19: checks 
SorinS28: bets $2.42
Y_19: folds 
Uncalled bet ($2.42) returned to SorinS28
SorinS28 collected $4.84 from pot
SorinS28: doesn't show hand 
*** SUMMARY ***
Total pot $5.10 | Rake $0.26 
Board [2h 3c Ks 9s]
Seat 1: Y_19 (big blind) folded on the Turn
Seat 2: lucasomanes folded before Flop (didn't bet)
Seat 3: skars07 folded before Flop (didn't bet)
Seat 4: SorinS28 collected ($4.84)
Seat 5: Nazareno1999 (button) folded before Flop (didn't bet)
Seat 6: Alinyr (small blind) folded before Flop



PokerStars Hand #254756031707:  Hold'em No Limit ($0.50/$1.00 USD) - 2025/02/07 21:32:04 WET [2025/02/07 16:32:04 ET]
Table 'Patria II' 6-max Seat #6 is the button
Seat 1: Y_19 ($100 in chips) 
Seat 2: lucasomanes ($153.06 in chips) 
Seat 3: skars07 ($100 in chips) 
Seat 4: SorinS28 ($136.10 in chips) 
Seat 5: Nazareno1999 ($104.40 in chips) 
Seat 6: Alinyr ($100 in chips) 
Y_19: posts small blind $0.50
lucasomanes: posts big blind $1
*** HOLE CARDS ***
skars07: folds 
SorinS28: folds 
Nazareno1999: folds 
Alinyr: raises $1.50 to $2.50
Y_19: folds 
lucasomanes: calls $1.50
*** FLOP *** [Ts 5c 6c]
lucasomanes: checks 
Alinyr: bets $2.66
lucasomanes: calls $2.66
*** TURN *** [Ts 5c 6c] [3h]
lucasomanes: checks 
Alinyr: checks 
*** RIVER *** [Ts 5c 6c 3h] [Jc]
lucasomanes: bets $5.14
Alinyr: calls $5.14
*** SHOW DOWN ***
lucasomanes: shows [2c Td] (a pair of Tens)
Alinyr: shows [9d Js] (a pair of Jacks)
Alinyr collected $20.04 from pot
*** SUMMARY ***
Total pot $21.10 | Rake $1.06 
Board [Ts 5c 6c 3h Jc]
Seat 1: Y_19 (small blind) folded before Flop
Seat 2: lucasomanes (big blind) showed [2c Td] and lost with a pair of Tens
Seat 3: skars07 folded before Flop (didn't bet)
Seat 4: SorinS28 folded before Flop (didn't bet)
Seat 5: Nazareno1999 folded before Flop (didn't bet)
Seat 6: Alinyr (button) showed [9d Js] and won ($20.04) with a pair of Jacks



PokerStars Hand #254756046831:  Hold'em No Limit ($0.50/$1.00 USD) - 2025/02/07 21:32:52 WET [2025/02/07 16:32:52 ET]
Table 'Patria II' 6-max Seat #1 is the button
Seat 3: skars07 ($100 in chips) is sitting out
Seat 1: Y_19 ($100 in chips) 
Seat 2: lucasomanes ($142.76 in chips) 
Seat 4: SorinS28 ($136.10 in chips) 
Seat 5: Nazareno1999 ($104.40 in chips) 
Seat 6: Alinyr ($109.74 in chips) 
lucasomanes: posts small blind $0.50
skars07: is sitting out 
skars07 leaves the table
SorinS28: posts big blind $1
*** HOLE CARDS ***
mr.Jckpot joins the table at seat #3 
Nazareno1999: folds 
Alinyr: folds 
Y_19: raises $1.23 to $2.23
lucasomanes: calls $1.73
SorinS28: folds 
*** FLOP *** [3s Ts 3h]
lucasomanes: checks 
Y_19: bets $1.71
lucasomanes: calls $1.71
*** TURN *** [3s Ts 3h] [6h]
lucasomanes: checks 
Y_19: bets $8
lucasomanes: folds 
Uncalled bet ($8) returned to Y_19
Y_19 collected $8.44 from pot
Y_19: doesn't show hand 
*** SUMMARY ***
Total pot $8.88 | Rake $0.44 
Board [3s Ts 3h 6h]
Seat 3: skars07
Seat 1: Y_19 (button) collected ($8.44)
Seat 2: lucasomanes (small blind) folded on the Turn
Seat 4: SorinS28 (big blind) folded before Flop
Seat 5: Nazareno1999 folded before Flop (didn't bet)
Seat 6: Alinyr folded before Flop (didn't bet)



PokerStars Hand #254756059495:  Hold'em No Limit ($0.50/$1.00 USD) - 2025/02/07 21:33:32 WET [2025/02/07 16:33:32 ET]
Table 'Patria II' 6-max Seat #2 is the button
Seat 3: mr.Jckpot ($100 in chips) is sitting out
Seat 1: Y_19 ($104.50 in chips) 
Seat 2: lucasomanes ($138.82 in chips) 
Seat 4: SorinS28 ($135.10 in chips) 
Seat 5: Nazareno1999 ($104.40 in chips) 
Seat 6: Alinyr ($109.74 in chips) 
SorinS28: posts small blind $0.50
Nazareno1999: posts big blind $1
*** HOLE CARDS ***
Alinyr: folds 
Y_19: folds 
lucasomanes: calls $1
SorinS28: folds 
Nazareno1999: raises $4 to $5
lucasomanes: folds 
Uncalled bet ($4) returned to Nazareno1999
Nazareno1999 collected $2.50 from pot
Nazareno1999: doesn't show hand 
*** SUMMARY ***
Total pot $2.50 | Rake $0 
Seat 3: mr.Jckpot
Seat 1: Y_19 folded before Flop (didn't bet)
Seat 2: lucasomanes (button) folded before Flop
Seat 4: SorinS28 (small blind) folded before Flop
Seat 5: Nazareno1999 (big blind) collected ($2.50)
Seat 6: Alinyr folded before Flop (didn't bet)



PokerStars Hand #254756067010:  Hold'em No Limit ($0.50/$1.00 USD) - 2025/02/07 21:33:56 WET [2025/02/07 16:33:56 ET]
Table 'Patria II' 6-max Seat #4 is the button
Seat 3: mr.Jckpot ($100 in chips) is sitting out
Seat 1: Y_19 ($104.50 in chips) 
Seat 2: lucasomanes ($137.82 in chips) 
Seat 4: SorinS28 ($134.60 in chips) 
Seat 5: Nazareno1999 ($105.90 in chips) 
Seat 6: Alinyr ($109.74 in chips) 
Nazareno1999: posts small blind $0.50
Alinyr: posts big blind $1
mr.Jckpot: sits out 
*** HOLE CARDS ***
Y_19: folds 
lucasomanes: folds 
SorinS28: folds 
Nazareno1999: folds 
Uncalled bet ($0.50) returned to Alinyr
Alinyr collected $1 from pot
Alinyr: doesn't show hand 
*** SUMMARY ***
Total pot $1 | Rake $0 
Seat 3: mr.Jckpot
Seat 1: Y_19 folded before Flop (didn't bet)
Seat 2: lucasomanes folded before Flop (didn't bet)
Seat 4: SorinS28 (button) folded before Flop (didn't bet)
Seat 5: Nazareno1999 (small blind) folded before Flop
Seat 6: Alinyr (big blind) collected ($1)



PokerStars Hand #254756069429:  Hold'em No Limit ($0.50/$1.00 USD) - 2025/02/07 21:34:03 WET [2025/02/07 16:34:03 ET]
Table 'Patria II' 6-max Seat #5 is the button
Seat 3: mr.Jckpot ($100 in chips) is sitting out
Seat 1: Y_19 ($104.50 in chips) 
Seat 2: lucasomanes ($137.82 in chips) 
Seat 4: SorinS28 ($134.60 in chips) 
Seat 5: Nazareno1999 ($105.40 in chips) 
Seat 6: Alinyr ($110.24 in chips) 
Alinyr: posts small blind $0.50
Y_19: posts big blind $1
mr.Jckpot: sits out 
*** HOLE CARDS ***
lucasomanes: raises $2.50 to $3.50
SorinS28: folds 
Nazareno1999: folds 
Alinyr: folds 
Y_19: folds 
Uncalled bet ($2.50) returned to lucasomanes
lucasomanes collected $2.50 from pot
lucasomanes: doesn't show hand 
*** SUMMARY ***
Total pot $2.50 | Rake $0 
Seat 3: mr.Jckpot
Seat 1: Y_19 (big blind) folded before Flop
Seat 2: lucasomanes collected ($2.50)
Seat 4: SorinS28 folded before Flop (didn't bet)
Seat 5: Nazareno1999 (button) folded before Flop (didn't bet)
Seat 6: Alinyr (small blind) folded before Flop



PokerStars Hand #254756073398:  Hold'em No Limit ($0.50/$1.00 USD) - 2025/02/07 21:34:16 WET [2025/02/07 16:34:16 ET]
Table 'Patria II' 6-max Seat #6 is the button
Seat 3: mr.Jckpot ($100 in chips) is sitting out
Seat 1: Y_19 ($103.50 in chips) 
Seat 2: lucasomanes ($139.32 in chips) 
Seat 4: SorinS28 ($134.60 in chips) 
Seat 5: Nazareno1999 ($105.40 in chips) 
Seat 6: Alinyr ($109.74 in chips) 
Y_19: posts small blind $0.50
lucasomanes: posts big blind $1
mr.Jckpot: sits out 
*** HOLE CARDS ***
SorinS28: raises $1.02 to $2.02
Nazareno1999: folds 
Alinyr: folds 
Y_19: raises $8.48 to $10.50
lucasomanes: folds 
SorinS28: folds 
Uncalled bet ($8.48) returned to Y_19
Y_19 collected $5.04 from pot
Y_19: doesn't show hand 
*** SUMMARY ***
Total pot $5.04 | Rake $0 
Seat 3: mr.Jckpot
Seat 1: Y_19 (small blind) collected ($5.04)
Seat 2: lucasomanes (big blind) folded before Flop
Seat 4: SorinS28 folded before Flop
Seat 5: Nazareno1999 folded before Flop (didn't bet)
Seat 6: Alinyr (button) folded before Flop (didn't bet)



PokerStars Hand #254756079502:  Hold'em No Limit ($0.50/$1.00 USD) - 2025/02/07 21:34:35 WET [2025/02/07 16:34:35 ET]
Table 'Patria II' 6-max Seat #1 is the button
Seat 1: Y_19 ($106.52 in chips) 
Seat 2: lucasomanes ($138.32 in chips) 
Seat 3: mr.Jckpot ($100 in chips) 
Seat 4: SorinS28 ($132.58 in chips) 
Seat 5: Nazareno1999 ($105.40 in chips) 
Seat 6: Alinyr ($109.74 in chips) 
lucasomanes: posts small blind $0.50
mr.Jckpot: posts big blind $1
*** HOLE CARDS ***
SorinS28: raises $1.02 to $2.02
Nazareno1999: folds 
Alinyr: folds 
Y_19: folds 
lucasomanes: calls $1.52
mr.Jckpot: folds 
*** FLOP *** [2d 4h 5c]
lucasomanes: checks 
SorinS28: checks 
*** TURN *** [2d 4h 5c] [3c]
lucasomanes: checks 
SorinS28: checks 
*** RIVER *** [2d 4h 5c 3c] [4d]
lucasomanes: checks 
SorinS28: bets $2.40
lucasomanes: folds 
Uncalled bet ($2.40) returned to SorinS28
SorinS28 collected $4.79 from pot
SorinS28: doesn't show hand 
*** SUMMARY ***
Total pot $5.04 | Rake $0.25 
Board [2d 4h 5c 3c 4d]
Seat 1: Y_19 (button) folded before Flop (didn't bet)
Seat 2: lucasomanes (small blind) folded on the River
Seat 3: mr.Jckpot (big blind) folded before Flop
Seat 4: SorinS28 collected ($4.79)
Seat 5: Nazareno1999 folded before Flop (didn't bet)
Seat 6: Alinyr folded before Flop (didn't bet)



PokerStars Hand #254756098207:  Hold'em No Limit ($0.50/$1.00 USD) - 2025/02/07 21:35:35 WET [2025/02/07 16:35:35 ET]
Table 'Patria II' 6-max Seat #2 is the button
Seat 1: Y_19 ($106.52 in chips) 
Seat 2: lucasomanes ($136.30 in chips) 
Seat 3: mr.Jckpot ($100 in chips) 
Seat 4: SorinS28 ($135.35 in chips) 
Seat 5: Nazareno1999 ($105.40 in chips) 
Seat 6: Alinyr ($109.74 in chips) 
mr.Jckpot: posts small blind $0.50
SorinS28: posts big blind $1
*** HOLE CARDS ***
Nazareno1999: folds 
Alinyr: folds 
Y_19: folds 
lucasomanes: calls $1
mr.Jckpot: folds 
SorinS28: checks 
*** FLOP *** [3s 6h 5d]
SorinS28: checks 
lucasomanes: checks 
*** TURN *** [3s 6h 5d] [4c]
SorinS28: bets $1.19
lucasomanes: folds 
Uncalled bet ($1.19) returned to SorinS28
SorinS28 collected $2.38 from pot
SorinS28: doesn't show hand 
*** SUMMARY ***
Total pot $2.50 | Rake $0.12 
Board [3s 6h 5d 4c]
Seat 1: Y_19 folded before Flop (didn't bet)
Seat 2: lucasomanes (button) folded on the Turn
Seat 3: mr.Jckpot (small blind) folded before Flop
Seat 4: SorinS28 (big blind) collected ($2.38)
Seat 5: Nazareno1999 folded before Flop (didn't bet)
Seat 6: Alinyr folded before Flop (didn't bet)



PokerStars Hand #254756108813:  Hold'em No Limit ($0.50/$1.00 USD) - 2025/02/07 21:36:09 WET [2025/02/07 16:36:09 ET]
Table 'Patria II' 6-max Seat #3 is the button
Seat 1: Y_19 ($106.52 in chips) 
Seat 2: lucasomanes ($135.30 in chips) 
Seat 3: mr.Jckpot ($100 in chips) 
Seat 4: SorinS28 ($136.73 in chips) 
Seat 5: Nazareno1999 ($105.40 in chips) 
Seat 6: Alinyr ($109.74 in chips) 
SorinS28: posts small blind $0.50
Nazareno1999: posts big blind $1
*** HOLE CARDS ***
Alinyr: folds 
Y_19: folds 
lucasomanes: raises $2 to $3
mr.Jckpot: folds 
SorinS28: folds 
Nazareno1999: calls $2
*** FLOP *** [Ad Jh 6d]
Nazareno1999: checks 
lucasomanes: checks 
*** TURN *** [Ad Jh 6d] [Kc]
Nazareno1999: checks 
lucasomanes: bets $6.18
Nazareno1999: folds 
Uncalled bet ($6.18) returned to lucasomanes
lucasomanes collected $6.18 from pot
*** SUMMARY ***
Total pot $6.50 | Rake $0.32 
Board [Ad Jh 6d Kc]
Seat 1: Y_19 folded before Flop (didn't bet)
Seat 2: lucasomanes collected ($6.18)
Seat 3: mr.Jckpot (button) folded before Flop (didn't bet)
Seat 4: SorinS28 (small blind) folded before Flop
Seat 5: Nazareno1999 (big blind) folded on the Turn
Seat 6: Alinyr folded before Flop (didn't bet)



PokerStars Hand #254756117980:  Hold'em No Limit ($0.50/$1.00 USD) - 2025/02/07 21:36:38 WET [2025/02/07 16:36:38 ET]
Table 'Patria II' 6-max Seat #4 is the button
Seat 1: Y_19 ($106.52 in chips) 
Seat 2: lucasomanes ($138.48 in chips) 
Seat 3: mr.Jckpot ($100 in chips) 
Seat 4: SorinS28 ($136.23 in chips) 
Seat 5: Nazareno1999 ($102.40 in chips) 
Seat 6: Alinyr ($109.74 in chips) 
Nazareno1999: posts small blind $0.50
Alinyr: posts big blind $1
*** HOLE CARDS ***
Y_19: folds 
lucasomanes: folds 
mr.Jckpot: folds 
SorinS28: folds 
Nazareno1999: folds 
Uncalled bet ($0.50) returned to Alinyr
Alinyr collected $1 from pot
Alinyr: doesn't show hand 
*** SUMMARY ***
Total pot $1 | Rake $0 
Seat 1: Y_19 folded before Flop (didn't bet)
Seat 2: lucasomanes folded before Flop (didn't bet)
Seat 3: mr.Jckpot folded before Flop (didn't bet)
Seat 4: SorinS28 (button) folded before Flop (didn't bet)
Seat 5: Nazareno1999 (small blind) folded before Flop
Seat 6: Alinyr (big blind) collected ($1)



PokerStars Hand #254756283814:  Hold'em No Limit ($0.50/$1.00 USD) - 2025/02/07 21:45:32 WET [2025/02/07 16:45:32 ET]
Table 'Patria II' 6-max Seat #3 is the button
Seat 1: Y_19 ($100 in chips) 
Seat 2: lucasomanes ($35.21 in chips) 
Seat 3: mr.Jckpot ($100 in chips) 
Seat 4: SorinS28 ($139.82 in chips) 
Seat 5: Nazareno1999 ($202.76 in chips) 
Seat 6: Alinyr ($120.47 in chips) 
SorinS28: posts small blind $0.50
Nazareno1999: posts big blind $1
*** HOLE CARDS ***
Alinyr: folds 
Y_19: folds 
lucasomanes: folds 
mr.Jckpot: folds 
SorinS28: raises $2 to $3
Nazareno1999: calls $2
*** FLOP *** [6c Kc Qh]
SorinS28: bets $7.13
Nazareno1999: folds 
Uncalled bet ($7.13) returned to SorinS28
SorinS28 collected $5.70 from pot
SorinS28: doesn't show hand 
*** SUMMARY ***
Total pot $6 | Rake $0.30 
Board [6c Kc Qh]
Seat 1: Y_19 folded before Flop (didn't bet)
Seat 2: lucasomanes folded before Flop (didn't bet)
Seat 3: mr.Jckpot (button) folded before Flop (didn't bet)
Seat 4: SorinS28 (small blind) collected ($5.70)
Seat 5: Nazareno1999 (big blind) folded on the Flop
Seat 6: Alinyr folded before Flop (didn't bet)



PokerStars Hand #254756298045:  Hold'em No Limit ($0.50/$1.00 USD) - 2025/02/07 21:46:18 WET [2025/02/07 16:46:18 ET]
Table 'Patria II' 6-max Seat #4 is the button
Seat 1: Y_19 ($100 in chips) 
Seat 2: lucasomanes ($35.21 in chips) 
Seat 3: mr.Jckpot ($100 in chips) 
Seat 4: SorinS28 ($142.52 in chips) 
Seat 5: Nazareno1999 ($199.76 in chips) 
Seat 6: Alinyr ($120.47 in chips) 
Nazareno1999: posts small blind $0.50
Alinyr: posts big blind $1
*** HOLE CARDS ***
Y_19: folds 
lucasomanes: folds 
mr.Jckpot: raises $1.50 to $2.50
SorinS28: folds 
Nazareno1999: folds 
Alinyr: calls $1.50
*** FLOP *** [9c 5c 8d]
Alinyr: checks 
mr.Jckpot: bets $1.72
Alinyr: raises $6.50 to $8.22
mr.Jckpot: folds 
Uncalled bet ($6.50) returned to Alinyr
Alinyr collected $8.49 from pot
Alinyr: doesn't show hand 
*** SUMMARY ***
Total pot $8.94 | Rake $0.45 
Board [9c 5c 8d]
Seat 1: Y_19 folded before Flop (didn't bet)
Seat 2: lucasomanes folded before Flop (didn't bet)
Seat 3: mr.Jckpot folded on the Flop
Seat 4: SorinS28 (button) folded before Flop (didn't bet)
Seat 5: Nazareno1999 (small blind) folded before Flop
Seat 6: Alinyr (big blind) collected ($8.49)



PokerStars Hand #254756310016:  Hold'em No Limit ($0.50/$1.00 USD) - 2025/02/07 21:46:58 WET [2025/02/07 16:46:58 ET]
Table 'Patria II' 6-max Seat #5 is the button
Seat 1: Y_19 ($100 in chips) 
Seat 2: lucasomanes ($35.21 in chips) 
Seat 3: mr.Jckpot ($100 in chips) 
Seat 4: SorinS28 ($142.52 in chips) 
Seat 5: Nazareno1999 ($199.26 in chips) 
Seat 6: Alinyr ($124.74 in chips) 
Alinyr: posts small blind $0.50
Y_19: posts big blind $1
*** HOLE CARDS ***
lucasomanes: raises $1 to $2
mr.Jckpot: folds 
SorinS28: folds 
Nazareno1999: folds 
Alinyr: folds 
Y_19: calls $1
*** FLOP *** [4c 9c 3s]
Y_19: checks 
lucasomanes: bets $4.28
Y_19: calls $4.28
*** TURN *** [4c 9c 3s] [9d]
Y_19: checks 
lucasomanes: bets $12.41
Y_19: folds 
Uncalled bet ($12.41) returned to lucasomanes
lucasomanes collected $12.41 from pot
lucasomanes: doesn't show hand 
*** SUMMARY ***
Total pot $13.06 | Rake $0.65 
Board [4c 9c 3s 9d]
Seat 1: Y_19 (big blind) folded on the Turn
Seat 2: lucasomanes collected ($12.41)
Seat 3: mr.Jckpot folded before Flop (didn't bet)
Seat 4: SorinS28 folded before Flop (didn't bet)
Seat 5: Nazareno1999 (button) folded before Flop (didn't bet)
Seat 6: Alinyr (small blind) folded before Flop



PokerStars Hand #254756324507:  Hold'em No Limit ($0.50/$1.00 USD) - 2025/02/07 21:47:45 WET [2025/02/07 16:47:45 ET]
Table 'Patria II' 6-max Seat #6 is the button
Seat 1: Y_19 ($100 in chips) 
Seat 2: lucasomanes ($41.34 in chips) 
Seat 3: mr.Jckpot ($100 in chips) 
Seat 4: SorinS28 ($142.52 in chips) 
Seat 5: Nazareno1999 ($199.26 in chips) 
Seat 6: Alinyr ($124.24 in chips) 
Y_19: posts small blind $0.50
lucasomanes: posts big blind $1
*** HOLE CARDS ***
mr.Jckpot: folds 
SorinS28: raises $1.02 to $2.02
Nazareno1999: folds 
Alinyr: folds 
Y_19: folds 
lucasomanes: calls $1.02
*** FLOP *** [Td 9s Qc]
lucasomanes: checks 
SorinS28: bets $1.21
lucasomanes: calls $1.21
*** TURN *** [Td 9s Qc] [3h]
lucasomanes: checks 
SorinS28: bets $4.96
lucasomanes: folds 
Uncalled bet ($4.96) returned to SorinS28
SorinS28 collected $6.61 from pot
SorinS28: doesn't show hand 
*** SUMMARY ***
Total pot $6.96 | Rake $0.35 
Board [Td 9s Qc 3h]
Seat 1: Y_19 (small blind) folded before Flop
Seat 2: lucasomanes (big blind) folded on the Turn
Seat 3: mr.Jckpot folded before Flop (didn't bet)
Seat 4: SorinS28 collected ($6.61)
Seat 5: Nazareno1999 folded before Flop (didn't bet)
Seat 6: Alinyr (button) folded before Flop (didn't bet)



PokerStars Hand #254756333126:  Hold'em No Limit ($0.50/$1.00 USD) - 2025/02/07 21:48:13 WET [2025/02/07 16:48:13 ET]
Table 'Patria II' 6-max Seat #1 is the button
Seat 1: Y_19 ($100 in chips) 
Seat 2: lucasomanes ($38.11 in chips) 
Seat 3: mr.Jckpot ($100 in chips) 
Seat 4: SorinS28 ($145.90 in chips) 
Seat 5: Nazareno1999 ($199.26 in chips) 
Seat 6: Alinyr ($124.24 in chips) 
lucasomanes: posts small blind $0.50
mr.Jckpot: posts big blind $1
*** HOLE CARDS ***
SorinS28: folds 
Nazareno1999: folds 
Alinyr: folds 
Y_19: folds 
lucasomanes: calls $0.50
mr.Jckpot: raises $2 to $3
lucasomanes: calls $2
*** FLOP *** [2h 9h 9s]
lucasomanes: checks 
mr.Jckpot: checks 
*** TURN *** [2h 9h 9s] [4c]
lucasomanes: checks 
mr.Jckpot: checks 
*** RIVER *** [2h 9h 9s 4c] [5h]
lucasomanes: checks 
mr.Jckpot: checks 
*** SHOW DOWN ***
lucasomanes: shows [8c 7c] (a pair of Nines)
mr.Jckpot: shows [7s Qs] (a pair of Nines - Queen kicker)
mr.Jckpot collected $5.70 from pot
*** SUMMARY ***
Total pot $6 | Rake $0.30 
Board [2h 9h 9s 4c 5h]
Seat 1: Y_19 (button) folded before Flop (didn't bet)
Seat 2: lucasomanes (small blind) showed [8c 7c] and lost with a pair of Nines
Seat 3: mr.Jckpot (big blind) showed [7s Qs] and won ($5.70) with a pair of Nines
Seat 4: SorinS28 folded before Flop (didn't bet)
Seat 5: Nazareno1999 folded before Flop (didn't bet)
Seat 6: Alinyr folded before Flop (didn't bet)



PokerStars Hand #254756342933:  Hold'em No Limit ($0.50/$1.00 USD) - 2025/02/07 21:48:45 WET [2025/02/07 16:48:45 ET]
Table 'Patria II' 6-max Seat #2 is the button
Seat 1: Y_19 ($100 in chips) 
Seat 2: lucasomanes ($35.11 in chips) 
Seat 3: mr.Jckpot ($102.70 in chips) 
Seat 4: SorinS28 ($145.90 in chips) 
Seat 5: Nazareno1999 ($199.26 in chips) 
Seat 6: Alinyr ($124.24 in chips) 
mr.Jckpot: posts small blind $0.50
SorinS28: posts big blind $1
*** HOLE CARDS ***
Nazareno1999: folds 
Alinyr: folds 
Y_19: folds 
lucasomanes: calls $1
mr.Jckpot: folds 
SorinS28: checks 
*** FLOP *** [9s Kh Ts]
SorinS28: checks 
lucasomanes: bets $2.38
SorinS28: folds 
Uncalled bet ($2.38) returned to lucasomanes
lucasomanes collected $2.38 from pot
*** SUMMARY ***
Total pot $2.50 | Rake $0.12 
Board [9s Kh Ts]
Seat 1: Y_19 folded before Flop (didn't bet)
Seat 2: lucasomanes (button) collected ($2.38)
Seat 3: mr.Jckpot (small blind) folded before Flop
Seat 4: SorinS28 (big blind) folded on the Flop
Seat 5: Nazareno1999 folded before Flop (didn't bet)
Seat 6: Alinyr folded before Flop (didn't bet)



PokerStars Hand #254756353124:  Hold'em No Limit ($0.50/$1.00 USD) - 2025/02/07 21:49:18 WET [2025/02/07 16:49:18 ET]
Table 'Patria II' 6-max Seat #3 is the button
Seat 1: Y_19 ($100 in chips) 
Seat 2: lucasomanes ($36.49 in chips) 
Seat 3: mr.Jckpot ($102.20 in chips) 
Seat 4: SorinS28 ($144.90 in chips) 
Seat 5: Nazareno1999 ($199.26 in chips) 
Seat 6: Alinyr ($124.24 in chips) 
SorinS28: posts small blind $0.50
Nazareno1999: posts big blind $1
*** HOLE CARDS ***
Alinyr: folds 
Y_19: folds 
lucasomanes: calls $1
mr.Jckpot: raises $2 to $3
SorinS28: folds 
Nazareno1999: folds 
lucasomanes: calls $2
*** FLOP *** [8s 8c 9s]
lucasomanes: checks 
mr.Jckpot: bets $2.35
lucasomanes: calls $2.35
*** TURN *** [8s 8c 9s] [7d]
lucasomanes: checks 
mr.Jckpot: checks 
*** RIVER *** [8s 8c 9s 7d] [6c]
lucasomanes: bets $11.59
mr.Jckpot: calls $11.59
*** SHOW DOWN ***
lucasomanes: shows [5c Ac] (a straight, Five to Nine)
mr.Jckpot: shows [5d 5s] (a straight, Five to Nine)
lucasomanes collected $16.81 from pot
mr.Jckpot collected $16.80 from pot
*** SUMMARY ***
Total pot $35.38 | Rake $1.77 
Board [8s 8c 9s 7d 6c]
Seat 1: Y_19 folded before Flop (didn't bet)
Seat 2: lucasomanes showed [5c Ac] and won ($16.81) with a straight, Five to Nine
Seat 3: mr.Jckpot (button) showed [5d 5s] and won ($16.80) with a straight, Five to Nine
Seat 4: SorinS28 (small blind) folded before Flop
Seat 5: Nazareno1999 (big blind) folded before Flop
Seat 6: Alinyr folded before Flop (didn't bet)



PokerStars Hand #254756362761:  Hold'em No Limit ($0.50/$1.00 USD) - 2025/02/07 21:49:50 WET [2025/02/07 16:49:50 ET]
Table 'Patria II' 6-max Seat #4 is the button
Seat 1: Y_19 ($100 in chips) 
Seat 2: lucasomanes ($36.36 in chips) 
Seat 3: mr.Jckpot ($102.06 in chips) 
Seat 4: SorinS28 ($144.40 in chips) 
Seat 5: Nazareno1999 ($198.26 in chips) 
Seat 6: Alinyr ($124.24 in chips) 
Nazareno1999: posts small blind $0.50
Alinyr: posts big blind $1
*** HOLE CARDS ***
Y_19: folds 
lucasomanes: folds 
mr.Jckpot: folds 
SorinS28: folds 
Nazareno1999: folds 
Uncalled bet ($0.50) returned to Alinyr
Alinyr collected $1 from pot
Alinyr: doesn't show hand 
*** SUMMARY ***
Total pot $1 | Rake $0 
Seat 1: Y_19 folded before Flop (didn't bet)
Seat 2: lucasomanes folded before Flop (didn't bet)
Seat 3: mr.Jckpot folded before Flop (didn't bet)
Seat 4: SorinS28 (button) folded before Flop (didn't bet)
Seat 5: Nazareno1999 (small blind) folded before Flop
Seat 6: Alinyr (big blind) collected ($1)



PokerStars Hand #254756367528:  Hold'em No Limit ($0.50/$1.00 USD) - 2025/02/07 21:50:05 WET [2025/02/07 16:50:05 ET]
Table 'Patria II' 6-max Seat #5 is the button
Seat 1: Y_19 ($100 in chips) 
Seat 2: lucasomanes ($36.36 in chips) 
Seat 3: mr.Jckpot ($102.06 in chips) 
Seat 4: SorinS28 ($144.40 in chips) 
Seat 5: Nazareno1999 ($197.76 in chips) 
Seat 6: Alinyr ($124.74 in chips) 
Alinyr: posts small blind $0.50
Y_19: posts big blind $1
*** HOLE CARDS ***
lucasomanes: folds 
mr.Jckpot: folds 
SorinS28: folds 
Nazareno1999: raises $1.20 to $2.20
Alinyr: folds 
Y_19: folds 
Uncalled bet ($1.20) returned to Nazareno1999
Nazareno1999 collected $2.50 from pot
Nazareno1999: doesn't show hand 
*** SUMMARY ***
Total pot $2.50 | Rake $0 
Seat 1: Y_19 (big blind) folded before Flop
Seat 2: lucasomanes folded before Flop (didn't bet)
Seat 3: mr.Jckpot folded before Flop (didn't bet)
Seat 4: SorinS28 folded before Flop (didn't bet)
Seat 5: Nazareno1999 (button) collected ($2.50)
Seat 6: Alinyr (small blind) folded before Flop



PokerStars Hand #254756373771:  Hold'em No Limit ($0.50/$1.00 USD) - 2025/02/07 21:50:26 WET [2025/02/07 16:50:26 ET]
Table 'Patria II' 6-max Seat #6 is the button
Seat 1: Y_19 ($100 in chips) 
Seat 2: lucasomanes ($36.36 in chips) 
Seat 3: mr.Jckpot ($102.06 in chips) 
Seat 4: SorinS28 ($144.40 in chips) 
Seat 5: Nazareno1999 ($199.26 in chips) 
Seat 6: Alinyr ($124.24 in chips) 
Y_19: posts small blind $0.50
lucasomanes: posts big blind $1
*** HOLE CARDS ***
mr.Jckpot: folds 
SorinS28: raises $1.02 to $2.02
Nazareno1999: folds 
Alinyr: folds 
Y_19: folds 
lucasomanes: calls $1.02
*** FLOP *** [9c 2d 4d]
lucasomanes: checks 
SorinS28: bets $2.16
lucasomanes: folds 
Uncalled bet ($2.16) returned to SorinS28
SorinS28 collected $4.31 from pot
SorinS28: doesn't show hand 
*** SUMMARY ***
Total pot $4.54 | Rake $0.23 
Board [9c 2d 4d]
Seat 1: Y_19 (small blind) folded before Flop
Seat 2: lucasomanes (big blind) folded on the Flop
Seat 3: mr.Jckpot folded before Flop (didn't bet)
Seat 4: SorinS28 collected ($4.31)
Seat 5: Nazareno1999 folded before Flop (didn't bet)
Seat 6: Alinyr (button) folded before Flop (didn't bet)



PokerStars Hand #254756382649:  Hold'em No Limit ($0.50/$1.00 USD) - 2025/02/07 21:50:55 WET [2025/02/07 16:50:55 ET]
Table 'Patria II' 6-max Seat #1 is the button
Seat 1: Y_19 ($100 in chips) 
Seat 2: lucasomanes ($34.34 in chips) 
Seat 3: mr.Jckpot ($102.06 in chips) 
Seat 4: SorinS28 ($146.69 in chips) 
Seat 5: Nazareno1999 ($199.26 in chips) 
Seat 6: Alinyr ($124.24 in chips) 
lucasomanes: posts small blind $0.50
mr.Jckpot: posts big blind $1
*** HOLE CARDS ***
SorinS28: raises $1.02 to $2.02
Nazareno1999: folds 
Alinyr: folds 
Y_19: folds 
lucasomanes: raises $5.04 to $7.06
mr.Jckpot: folds 
SorinS28: calls $5.04
*** FLOP *** [Kh 2s Jh]
lucasomanes: bets $27.28 and is all-in
SorinS28: calls $27.28
*** TURN *** [Kh 2s Jh] [Kc]
*** RIVER *** [Kh 2s Jh Kc] [3c]
*** SHOW DOWN ***
lucasomanes: shows [Qs Qc] (two pair, Kings and Queens)
SorinS28: shows [Ah Th] (a pair of Kings)
lucasomanes collected $67.18 from pot
SorinS28 cashed out the hand for $31.71 | Cash Out Fee $0.65
*** SUMMARY ***
Total pot $69.68 | Rake $2.50 
Board [Kh 2s Jh Kc 3c]
Seat 1: Y_19 (button) folded before Flop (didn't bet)
Seat 2: lucasomanes (small blind) showed [Qs Qc] and won ($67.18) with two pair, Kings and Queens
Seat 3: mr.Jckpot (big blind) folded before Flop
Seat 4: SorinS28 showed [Ah Th] and lost with a pair of Kings (cashed out).
Seat 5: Nazareno1999 folded before Flop (didn't bet)
Seat 6: Alinyr folded before Flop (didn't bet)



PokerStars Hand #254756395067:  Hold'em No Limit ($0.50/$1.00 USD) - 2025/02/07 21:51:36 WET [2025/02/07 16:51:36 ET]
Table 'Patria II' 6-max Seat #2 is the button
Seat 1: Y_19 ($100 in chips) 
Seat 2: lucasomanes ($67.18 in chips) 
Seat 3: mr.Jckpot ($101.06 in chips) 
Seat 4: SorinS28 ($144.06 in chips) 
Seat 5: Nazareno1999 ($199.26 in chips) 
Seat 6: Alinyr ($124.24 in chips) 
mr.Jckpot: posts small blind $0.50
SorinS28: posts big blind $1
*** HOLE CARDS ***
Nazareno1999: folds 
Alinyr: folds 
Y_19: raises $1.23 to $2.23
lucasomanes: calls $2.23
mr.Jckpot: folds 
SorinS28: calls $1.23
*** FLOP *** [6h 9s 3s]
SorinS28: checks 
Y_19: checks 
lucasomanes: checks 
*** TURN *** [6h 9s 3s] [Kd]
SorinS28: checks 
Y_19: checks 
lucasomanes: checks 
*** RIVER *** [6h 9s 3s Kd] [2h]
SorinS28: checks 
Y_19: checks 
lucasomanes: checks 
*** SHOW DOWN ***
SorinS28: shows [8c 6c] (a pair of Sixes)
Y_19: mucks hand 
lucasomanes: mucks hand 
SorinS28 collected $6.83 from pot
*** SUMMARY ***
Total pot $7.19 | Rake $0.36 
Board [6h 9s 3s Kd 2h]
Seat 1: Y_19 mucked
Seat 2: lucasomanes (button) mucked
Seat 3: mr.Jckpot (small blind) folded before Flop
Seat 4: SorinS28 (big blind) showed [8c 6c] and won ($6.83) with a pair of Sixes
Seat 5: Nazareno1999 folded before Flop (didn't bet)
Seat 6: Alinyr folded before Flop (didn't bet)



PokerStars Hand #254756411096:  Hold'em No Limit ($0.50/$1.00 USD) - 2025/02/07 21:52:28 WET [2025/02/07 16:52:28 ET]
Table 'Patria II' 6-max Seat #3 is the button
Seat 1: Y_19 ($100 in chips) 
Seat 2: lucasomanes ($64.95 in chips) 
Seat 3: mr.Jckpot ($100.56 in chips) 
Seat 4: SorinS28 ($148.66 in chips) 
Seat 5: Nazareno1999 ($199.26 in chips) 
Seat 6: Alinyr ($124.24 in chips) 
SorinS28: posts small blind $0.50
Nazareno1999: posts big blind $1
*** HOLE CARDS ***
Alinyr: folds 
Y_19: folds 
lucasomanes: folds 
mr.Jckpot: raises $1.50 to $2.50
SorinS28: folds 
Nazareno1999: folds 
Uncalled bet ($1.50) returned to mr.Jckpot
mr.Jckpot collected $2.50 from pot
mr.Jckpot: doesn't show hand 
*** SUMMARY ***
Total pot $2.50 | Rake $0 
Seat 1: Y_19 folded before Flop (didn't bet)
Seat 2: lucasomanes folded before Flop (didn't bet)
Seat 3: mr.Jckpot (button) collected ($2.50)
Seat 4: SorinS28 (small blind) folded before Flop
Seat 5: Nazareno1999 (big blind) folded before Flop
Seat 6: Alinyr folded before Flop (didn't bet)



PokerStars Hand #254756415060:  Hold'em No Limit ($0.50/$1.00 USD) - 2025/02/07 21:52:41 WET [2025/02/07 16:52:41 ET]
Table 'Patria II' 6-max Seat #4 is the button
Seat 1: Y_19 ($100 in chips) 
Seat 2: lucasomanes ($64.95 in chips) 
Seat 3: mr.Jckpot ($102.06 in chips) 
Seat 4: SorinS28 ($148.16 in chips) 
Seat 5: Nazareno1999 ($198.26 in chips) 
Seat 6: Alinyr ($124.24 in chips) 
Nazareno1999: posts small blind $0.50
Alinyr: posts big blind $1
*** HOLE CARDS ***
Y_19: folds 
lucasomanes: folds 
mr.Jckpot: folds 
SorinS28: folds 
Nazareno1999: raises $1.50 to $2.50
Alinyr: folds 
Uncalled bet ($1.50) returned to Nazareno1999
Nazareno1999 collected $2 from pot
Nazareno1999: doesn't show hand 
*** SUMMARY ***
Total pot $2 | Rake $0 
Seat 1: Y_19 folded before Flop (didn't bet)
Seat 2: lucasomanes folded before Flop (didn't bet)
Seat 3: mr.Jckpot folded before Flop (didn't bet)
Seat 4: SorinS28 (button) folded before Flop (didn't bet)
Seat 5: Nazareno1999 (small blind) collected ($2)
Seat 6: Alinyr (big blind) folded before Flop



PokerStars Hand #254756419318:  Hold'em No Limit ($0.50/$1.00 USD) - 2025/02/07 21:52:55 WET [2025/02/07 16:52:55 ET]
Table 'Patria II' 6-max Seat #5 is the button
Seat 1: Y_19 ($100 in chips) 
Seat 2: lucasomanes ($64.95 in chips) 
Seat 3: mr.Jckpot ($102.06 in chips) 
Seat 4: SorinS28 ($148.16 in chips) 
Seat 5: Nazareno1999 ($199.26 in chips) 
Seat 6: Alinyr ($123.24 in chips) 
Alinyr: posts small blind $0.50
Y_19: posts big blind $1
*** HOLE CARDS ***
lucasomanes: calls $1
mr.Jckpot: folds 
SorinS28: raises $4 to $5
Nazareno1999: raises $9.50 to $14.50
Alinyr: folds 
Y_19: folds 
lucasomanes: folds 
SorinS28: folds 
Uncalled bet ($9.50) returned to Nazareno1999
Nazareno1999 collected $12.50 from pot
Nazareno1999: doesn't show hand 
*** SUMMARY ***
Total pot $12.50 | Rake $0 
Seat 1: Y_19 (big blind) folded before Flop
Seat 2: lucasomanes folded before Flop
Seat 3: mr.Jckpot folded before Flop (didn't bet)
Seat 4: SorinS28 folded before Flop
Seat 5: Nazareno1999 (button) collected ($12.50)
Seat 6: Alinyr (small blind) folded before Flop



PokerStars Hand #254756429312:  Hold'em No Limit ($0.50/$1.00 USD) - 2025/02/07 21:53:28 WET [2025/02/07 16:53:28 ET]
Table 'Patria II' 6-max Seat #6 is the button
Seat 1: Y_19 ($100 in chips) 
Seat 2: lucasomanes ($63.95 in chips) 
Seat 3: mr.Jckpot ($102.06 in chips) 
Seat 4: SorinS28 ($143.16 in chips) 
Seat 5: Nazareno1999 ($206.76 in chips) 
Seat 6: Alinyr ($122.74 in chips) 
Y_19: posts small blind $0.50
lucasomanes: posts big blind $1
*** HOLE CARDS ***
mr.Jckpot: folds 
SorinS28: folds 
Nazareno1999: folds 
Alinyr: folds 
Y_19: calls $0.50
lucasomanes: checks 
*** FLOP *** [Kd 6h 7s]
Y_19: checks 
lucasomanes: bets $1.90
Y_19: folds 
Uncalled bet ($1.90) returned to lucasomanes
lucasomanes collected $1.90 from pot
*** SUMMARY ***
Total pot $2 | Rake $0.10 
Board [Kd 6h 7s]
Seat 1: Y_19 (small blind) folded on the Flop
Seat 2: lucasomanes (big blind) collected ($1.90)
Seat 3: mr.Jckpot folded before Flop (didn't bet)
Seat 4: SorinS28 folded before Flop (didn't bet)
Seat 5: Nazareno1999 folded before Flop (didn't bet)
Seat 6: Alinyr (button) folded before Flop (didn't bet)



PokerStars Hand #254756435137:  Hold'em No Limit ($0.50/$1.00 USD) - 2025/02/07 21:53:48 WET [2025/02/07 16:53:48 ET]
Table 'Patria II' 6-max Seat #1 is the button
Seat 1: Y_19 ($100 in chips) 
Seat 2: lucasomanes ($64.85 in chips) 
Seat 3: mr.Jckpot ($102.06 in chips) 
Seat 4: SorinS28 ($143.16 in chips) 
Seat 5: Nazareno1999 ($206.76 in chips) 
Seat 6: Alinyr ($122.74 in chips) 
lucasomanes: posts small blind $0.50
mr.Jckpot: posts big blind $1
*** HOLE CARDS ***
SorinS28: folds 
Nazareno1999: folds 
Alinyr: folds 
Y_19: folds 
lucasomanes: calls $0.50
mr.Jckpot: checks 
*** FLOP *** [Kh As Qs]
lucasomanes: checks 
mr.Jckpot: checks 
*** TURN *** [Kh As Qs] [5c]
lucasomanes: checks 
mr.Jckpot: checks 
*** RIVER *** [Kh As Qs 5c] [9c]
lucasomanes: bets $1.90
mr.Jckpot: calls $1.90
*** SHOW DOWN ***
lucasomanes: shows [7d 8d] (high card Ace)
mr.Jckpot: shows [2d 9h] (a pair of Nines)
mr.Jckpot collected $5.51 from pot
*** SUMMARY ***
Total pot $5.80 | Rake $0.29 
Board [Kh As Qs 5c 9c]
Seat 1: Y_19 (button) folded before Flop (didn't bet)
Seat 2: lucasomanes (small blind) showed [7d 8d] and lost with high card Ace
Seat 3: mr.Jckpot (big blind) showed [2d 9h] and won ($5.51) with a pair of Nines
Seat 4: SorinS28 folded before Flop (didn't bet)
Seat 5: Nazareno1999 folded before Flop (didn't bet)
Seat 6: Alinyr folded before Flop (didn't bet)



PokerStars Hand #254756443905:  Hold'em No Limit ($0.50/$1.00 USD) - 2025/02/07 21:54:17 WET [2025/02/07 16:54:17 ET]
Table 'Patria II' 6-max Seat #2 is the button
Seat 1: Y_19 ($100 in chips) 
Seat 2: lucasomanes ($61.95 in chips) 
Seat 3: mr.Jckpot ($104.67 in chips) 
Seat 4: SorinS28 ($143.16 in chips) 
Seat 5: Nazareno1999 ($206.76 in chips) 
Seat 6: Alinyr ($122.74 in chips) 
mr.Jckpot: posts small blind $0.50
SorinS28: posts big blind $1
*** HOLE CARDS ***
Nazareno1999: folds 
Alinyr: folds 
Y_19: folds 
lucasomanes: calls $1
mr.Jckpot: raises $2.50 to $3.50
SorinS28: folds 
lucasomanes: calls $2.50
*** FLOP *** [2c Th 8h]
mr.Jckpot: bets $2.51
lucasomanes: folds 
Uncalled bet ($2.51) returned to mr.Jckpot
mr.Jckpot collected $7.60 from pot
mr.Jckpot: doesn't show hand 
*** SUMMARY ***
Total pot $8 | Rake $0.40 
Board [2c Th 8h]
Seat 1: Y_19 folded before Flop (didn't bet)
Seat 2: lucasomanes (button) folded on the Flop
Seat 3: mr.Jckpot (small blind) collected ($7.60)
Seat 4: SorinS28 (big blind) folded before Flop
Seat 5: Nazareno1999 folded before Flop (didn't bet)
Seat 6: Alinyr folded before Flop (didn't bet)



PokerStars Hand #254756452984:  Hold'em No Limit ($0.50/$1.00 USD) - 2025/02/07 21:54:47 WET [2025/02/07 16:54:47 ET]
Table 'Patria II' 6-max Seat #3 is the button
Seat 1: Y_19 ($100 in chips) 
Seat 2: lucasomanes ($58.45 in chips) 
Seat 3: mr.Jckpot ($108.77 in chips) 
Seat 4: SorinS28 ($142.16 in chips) 
Seat 5: Nazareno1999 ($206.76 in chips) 
Seat 6: Alinyr ($122.74 in chips) 
SorinS28: posts small blind $0.50
Nazareno1999: posts big blind $1
*** HOLE CARDS ***
Alinyr: folds 
Y_19: raises $1.23 to $2.23
lucasomanes: calls $2.23
mr.Jckpot: folds 
SorinS28: folds 
Nazareno1999: folds 
*** FLOP *** [Ad 3c 7c]
Y_19: bets $1.87
lucasomanes: raises $9.40 to $11.27
Y_19: calls $9.40
*** TURN *** [Ad 3c 7c] [Ks]
Y_19: checks 
lucasomanes: bets $44.95 and is all-in
Y_19: folds 
Uncalled bet ($44.95) returned to lucasomanes
lucasomanes collected $27.08 from pot
lucasomanes: doesn't show hand 
*** SUMMARY ***
Total pot $28.50 | Rake $1.42 
Board [Ad 3c 7c Ks]
Seat 1: Y_19 folded on the Turn
Seat 2: lucasomanes collected ($27.08)
Seat 3: mr.Jckpot (button) folded before Flop (didn't bet)
Seat 4: SorinS28 (small blind) folded before Flop
Seat 5: Nazareno1999 (big blind) folded before Flop
Seat 6: Alinyr folded before Flop (didn't bet)



PokerStars Hand #254756462307:  Hold'em No Limit ($0.50/$1.00 USD) - 2025/02/07 21:55:23 WET [2025/02/07 16:55:23 ET]
Table 'Patria II' 6-max Seat #4 is the button
Seat 1: Y_19 ($100 in chips) 
Seat 2: lucasomanes ($72.03 in chips) 
Seat 3: mr.Jckpot ($108.77 in chips) 
Seat 4: SorinS28 ($141.66 in chips) 
Seat 5: Nazareno1999 ($205.76 in chips) 
Seat 6: Alinyr ($122.74 in chips) 
Nazareno1999: posts small blind $0.50
Alinyr: posts big blind $1
*** HOLE CARDS ***
Y_19: folds 
lucasomanes: calls $1
mr.Jckpot: folds 
SorinS28: folds 
Nazareno1999: raises $6 to $7
Alinyr: folds 
lucasomanes: calls $6
*** FLOP *** [Jc 5s 7s]
Nazareno1999: bets $4.70
lucasomanes: calls $4.70
*** TURN *** [Jc 5s 7s] [8c]
Nazareno1999: checks 
lucasomanes: checks 
*** RIVER *** [Jc 5s 7s 8c] [Kd]
Nazareno1999: checks 
lucasomanes: bets $23.18
Nazareno1999: calls $23.18
*** SHOW DOWN ***
lucasomanes: shows [Th Ks] (a pair of Kings)
Nazareno1999: mucks hand 
lucasomanes collected $68.26 from pot
*** SUMMARY ***
Total pot $70.76 | Rake $2.50 
Board [Jc 5s 7s 8c Kd]
Seat 1: Y_19 folded before Flop (didn't bet)
Seat 2: lucasomanes showed [Th Ks] and won ($68.26) with a pair of Kings
Seat 3: mr.Jckpot folded before Flop (didn't bet)
Seat 4: SorinS28 (button) folded before Flop (didn't bet)
Seat 5: Nazareno1999 (small blind) mucked
Seat 6: Alinyr (big blind) folded before Flop



PokerStars Hand #254756468509:  Hold'em No Limit ($0.50/$1.00 USD) - 2025/02/07 21:55:51 WET [2025/02/07 16:55:51 ET]
Table 'Patria II' 6-max Seat #5 is the button
Seat 1: Y_19 ($100 in chips) 
Seat 2: lucasomanes ($105.41 in chips) 
Seat 3: mr.Jckpot ($108.77 in chips) 
Seat 4: SorinS28 ($141.66 in chips) 
Seat 5: Nazareno1999 ($170.88 in chips) 
Seat 6: Alinyr ($121.74 in chips) 
Alinyr: posts small blind $0.50
Y_19: posts big blind $1
*** HOLE CARDS ***
lucasomanes: calls $1
mr.Jckpot: folds 
SorinS28: raises $3.50 to $4.50
Nazareno1999: folds 
Alinyr: folds 
Y_19: folds 
lucasomanes: calls $3.50
*** FLOP *** [5s 7c Qd]
lucasomanes: checks 
SorinS28: bets $2.79
lucasomanes: folds 
Uncalled bet ($2.79) returned to SorinS28
SorinS28 collected $9.98 from pot
SorinS28: doesn't show hand 
*** SUMMARY ***
Total pot $10.50 | Rake $0.52 
Board [5s 7c Qd]
Seat 1: Y_19 (big blind) folded before Flop
Seat 2: lucasomanes folded on the Flop
Seat 3: mr.Jckpot folded before Flop (didn't bet)
Seat 4: SorinS28 collected ($9.98)
Seat 5: Nazareno1999 (button) folded before Flop (didn't bet)
Seat 6: Alinyr (small blind) folded before Flop



PokerStars Hand #254756474917:  Hold'em No Limit ($0.50/$1.00 USD) - 2025/02/07 21:56:20 WET [2025/02/07 16:56:20 ET]
Table 'Patria II' 6-max Seat #6 is the button
Seat 1: Y_19 ($100 in chips) 
Seat 2: lucasomanes ($100.91 in chips) 
Seat 3: mr.Jckpot ($108.77 in chips) 
Seat 4: SorinS28 ($147.14 in chips) 
Seat 5: Nazareno1999 ($170.88 in chips) 
Seat 6: Alinyr ($121.24 in chips) 
Y_19: posts small blind $0.50
lucasomanes: posts big blind $1
*** HOLE CARDS ***
mr.Jckpot: folds 
SorinS28: folds 
Nazareno1999: raises $1.20 to $2.20
Alinyr: folds 
Y_19: folds 
lucasomanes: calls $1.20
*** FLOP *** [6d 5h Kh]
lucasomanes: checks 
Nazareno1999: bets $2.33
lucasomanes: folds 
Uncalled bet ($2.33) returned to Nazareno1999
Nazareno1999 collected $4.66 from pot
Nazareno1999: doesn't show hand 
*** SUMMARY ***
Total pot $4.90 | Rake $0.24 
Board [6d 5h Kh]
Seat 1: Y_19 (small blind) folded before Flop
Seat 2: lucasomanes (big blind) folded on the Flop
Seat 3: mr.Jckpot folded before Flop (didn't bet)
Seat 4: SorinS28 folded before Flop (didn't bet)
Seat 5: Nazareno1999 collected ($4.66)
Seat 6: Alinyr (button) folded before Flop (didn't bet)



PokerStars Hand #254756479050:  Hold'em No Limit ($0.50/$1.00 USD) - 2025/02/07 21:56:39 WET [2025/02/07 16:56:39 ET]
Table 'Patria II' 6-max Seat #1 is the button
Seat 1: Y_19 ($100 in chips) 
Seat 2: lucasomanes ($98.71 in chips) 
Seat 3: mr.Jckpot ($108.77 in chips) 
Seat 4: SorinS28 ($147.14 in chips) 
Seat 5: Nazareno1999 ($173.34 in chips) 
Seat 6: Alinyr ($121.24 in chips) 
lucasomanes: posts small blind $0.50
mr.Jckpot: posts big blind $1
*** HOLE CARDS ***
SorinS28: folds 
Nazareno1999: raises $1.20 to $2.20
Alinyr: folds 
Y_19: raises $4.43 to $6.63
lucasomanes: calls $6.13
mr.Jckpot: folds 
Nazareno1999: calls $4.43
*** FLOP *** [Kd 2d Kh]
lucasomanes: checks 
Nazareno1999: checks 
Y_19: bets $5.40
lucasomanes: folds 
Nazareno1999: folds 
Uncalled bet ($5.40) returned to Y_19
Y_19 collected $19.85 from pot
Y_19: doesn't show hand 
*** SUMMARY ***
Total pot $20.89 | Rake $1.04 
Board [Kd 2d Kh]
Seat 1: Y_19 (button) collected ($19.85)
Seat 2: lucasomanes (small blind) folded on the Flop
Seat 3: mr.Jckpot (big blind) folded before Flop
Seat 4: SorinS28 folded before Flop (didn't bet)
Seat 5: Nazareno1999 folded on the Flop
Seat 6: Alinyr folded before Flop (didn't bet)



PokerStars Hand #254756485012:  Hold'em No Limit ($0.50/$1.00 USD) - 2025/02/07 21:57:07 WET [2025/02/07 16:57:07 ET]
Table 'Patria II' 6-max Seat #2 is the button
Seat 1: Y_19 ($113.22 in chips) 
Seat 2: lucasomanes ($92.08 in chips) 
Seat 3: mr.Jckpot ($107.77 in chips) 
Seat 4: SorinS28 ($147.14 in chips) 
Seat 5: Nazareno1999 ($166.71 in chips) 
Seat 6: Alinyr ($121.24 in chips) 
mr.Jckpot: posts small blind $0.50
SorinS28: posts big blind $1
*** HOLE CARDS ***
Nazareno1999: folds 
Alinyr: folds 
Y_19: folds 
lucasomanes: raises $2.50 to $3.50
mr.Jckpot: folds 
SorinS28: folds 
Uncalled bet ($2.50) returned to lucasomanes
lucasomanes collected $2.50 from pot
*** SUMMARY ***
Total pot $2.50 | Rake $0 
Seat 1: Y_19 folded before Flop (didn't bet)
Seat 2: lucasomanes (button) collected ($2.50)
Seat 3: mr.Jckpot (small blind) folded before Flop
Seat 4: SorinS28 (big blind) folded before Flop
Seat 5: Nazareno1999 folded before Flop (didn't bet)
Seat 6: Alinyr folded before Flop (didn't bet)



PokerStars Hand #254756488293:  Hold'em No Limit ($0.50/$1.00 USD) - 2025/02/07 21:57:21 WET [2025/02/07 16:57:21 ET]
Table 'Patria II' 6-max Seat #3 is the button
Seat 1: Y_19 ($113.22 in chips) 
Seat 2: lucasomanes ($93.58 in chips) 
Seat 3: mr.Jckpot ($107.27 in chips) 
Seat 4: SorinS28 ($146.14 in chips) 
Seat 5: Nazareno1999 ($166.71 in chips) 
Seat 6: Alinyr ($121.24 in chips) 
SorinS28: posts small blind $0.50
Nazareno1999: posts big blind $1
*** HOLE CARDS ***
Alinyr: raises $1.05 to $2.05
Y_19: folds 
lucasomanes: calls $2.05
mr.Jckpot: folds 
SorinS28: folds 
Nazareno1999: folds 
*** FLOP *** [5s Qd Qh]
Alinyr: checks 
lucasomanes: bets $3
Alinyr: folds 
Uncalled bet ($3) returned to lucasomanes
lucasomanes collected $5.32 from pot
*** SUMMARY ***
Total pot $5.60 | Rake $0.28 
Board [5s Qd Qh]
Seat 1: Y_19 folded before Flop (didn't bet)
Seat 2: lucasomanes collected ($5.32)
Seat 3: mr.Jckpot (button) folded before Flop (didn't bet)
Seat 4: SorinS28 (small blind) folded before Flop
Seat 5: Nazareno1999 (big blind) folded before Flop
Seat 6: Alinyr folded on the Flop



PokerStars Hand #254756498898:  Hold'em No Limit ($0.50/$1.00 USD) - 2025/02/07 21:58:10 WET [2025/02/07 16:58:10 ET]
Table 'Patria II' 6-max Seat #4 is the button
Seat 1: Y_19 ($113.22 in chips) 
Seat 2: lucasomanes ($96.85 in chips) 
Seat 3: mr.Jckpot ($107.27 in chips) 
Seat 4: SorinS28 ($145.64 in chips) 
Seat 5: Nazareno1999 ($165.71 in chips) 
Seat 6: Alinyr ($119.19 in chips) 
Nazareno1999: posts small blind $0.50
Alinyr: posts big blind $1
*** HOLE CARDS ***
Y_19: folds 
lucasomanes: calls $1
mr.Jckpot: raises $2.50 to $3.50
SorinS28: raises $8.55 to $12.05
Nazareno1999: folds 
Alinyr: folds 
lucasomanes: folds 
mr.Jckpot: folds 
Uncalled bet ($8.55) returned to SorinS28
SorinS28 collected $9.50 from pot
SorinS28: doesn't show hand 
*** SUMMARY ***
Total pot $9.50 | Rake $0 
Seat 1: Y_19 folded before Flop (didn't bet)
Seat 2: lucasomanes folded before Flop
Seat 3: mr.Jckpot folded before Flop
Seat 4: SorinS28 (button) collected ($9.50)
Seat 5: Nazareno1999 (small blind) folded before Flop
Seat 6: Alinyr (big blind) folded before Flop



PokerStars Hand #254756502560:  Hold'em No Limit ($0.50/$1.00 USD) - 2025/02/07 21:58:27 WET [2025/02/07 16:58:27 ET]
Table 'Patria II' 6-max Seat #5 is the button
Seat 1: Y_19 ($113.22 in chips) 
Seat 2: lucasomanes ($95.85 in chips) 
Seat 3: mr.Jckpot ($103.77 in chips) 
Seat 4: SorinS28 ($151.64 in chips) 
Seat 5: Nazareno1999 ($165.21 in chips) 
Seat 6: Alinyr ($118.19 in chips) 
Alinyr: posts small blind $0.50
Y_19: posts big blind $1
*** HOLE CARDS ***
lucasomanes: folds 
mr.Jckpot: folds 
SorinS28: folds 
Nazareno1999: raises $1.20 to $2.20
lucasomanes is disconnected 
Alinyr: folds 
Y_19: folds 
Uncalled bet ($1.20) returned to Nazareno1999
Nazareno1999 collected $2.50 from pot
Nazareno1999: doesn't show hand 
*** SUMMARY ***
Total pot $2.50 | Rake $0 
Seat 1: Y_19 (big blind) folded before Flop
Seat 2: lucasomanes folded before Flop (didn't bet)
Seat 3: mr.Jckpot folded before Flop (didn't bet)
Seat 4: SorinS28 folded before Flop (didn't bet)
Seat 5: Nazareno1999 (button) collected ($2.50)
Seat 6: Alinyr (small blind) folded before Flop



PokerStars Hand #254756505884:  Hold'em No Limit ($0.50/$1.00 USD) - 2025/02/07 21:58:42 WET [2025/02/07 16:58:42 ET]
Table 'Patria II' 6-max Seat #6 is the button
Seat 2: lucasomanes ($95.85 in chips) is sitting out
Seat 1: Y_19 ($112.22 in chips) 
Seat 3: mr.Jckpot ($103.77 in chips) 
Seat 4: SorinS28 ($151.64 in chips) 
Seat 5: Nazareno1999 ($166.71 in chips) 
Seat 6: Alinyr ($117.69 in chips) 
Y_19: posts small blind $0.50
lucasomanes has timed out while disconnected
lucasomanes: is sitting out 
mr.Jckpot: posts big blind $1
*** HOLE CARDS ***
SorinS28: folds 
Nazareno1999: folds 
Alinyr: raises $1.50 to $2.50
Y_19: folds 
mr.Jckpot: folds 
Uncalled bet ($1.50) returned to Alinyr
Alinyr collected $2.50 from pot
Alinyr: doesn't show hand 
*** SUMMARY ***
Total pot $2.50 | Rake $0 
Seat 2: lucasomanes
Seat 1: Y_19 (small blind) folded before Flop
Seat 3: mr.Jckpot (big blind) folded before Flop
Seat 4: SorinS28 folded before Flop (didn't bet)
Seat 5: Nazareno1999 folded before Flop (didn't bet)
Seat 6: Alinyr (button) collected ($2.50)



PokerStars Hand #254756510842:  Hold'em No Limit ($0.50/$1.00 USD) - 2025/02/07 21:59:04 WET [2025/02/07 16:59:04 ET]
Table 'Patria II' 6-max Seat #1 is the button
Seat 2: lucasomanes ($95.85 in chips) is sitting out
Seat 5: Nazareno1999 ($166.71 in chips) is sitting out
Seat 1: Y_19 ($111.72 in chips) 
Seat 3: mr.Jckpot ($102.77 in chips) 
Seat 4: SorinS28 ($151.64 in chips) 
Seat 6: Alinyr ($119.19 in chips) 
mr.Jckpot: posts small blind $0.50
SorinS28: posts big blind $1
*** HOLE CARDS ***
Alinyr: folds 
Y_19: folds 
mr.Jckpot: folds 
Uncalled bet ($0.50) returned to SorinS28
SorinS28 collected $1 from pot
SorinS28: doesn't show hand 
*** SUMMARY ***
Total pot $1 | Rake $0 
Seat 2: lucasomanes
Seat 5: Nazareno1999
Seat 1: Y_19 (button) folded before Flop (didn't bet)
Seat 3: mr.Jckpot (small blind) folded before Flop
Seat 4: SorinS28 (big blind) collected ($1)
Seat 6: Alinyr folded before Flop (didn't bet)



PokerStars Hand #254756512730:  Hold'em No Limit ($0.50/$1.00 USD) - 2025/02/07 21:59:13 WET [2025/02/07 16:59:13 ET]
Table 'Patria II' 6-max Seat #3 is the button
Seat 2: lucasomanes ($95.85 in chips) is sitting out
Seat 5: Nazareno1999 ($166.71 in chips) is sitting out
Seat 1: Y_19 ($111.72 in chips) 
Seat 3: mr.Jckpot ($102.27 in chips) 
Seat 4: SorinS28 ($152.14 in chips) 
Seat 6: Alinyr ($119.19 in chips) 
SorinS28: posts small blind $0.50
Alinyr: posts big blind $1
*** HOLE CARDS ***
Y_19: raises $1.23 to $2.23
mr.Jckpot: raises $5.27 to $7.50
SorinS28: folds 
Alinyr: folds 
Y_19: folds 
Uncalled bet ($5.27) returned to mr.Jckpot
mr.Jckpot collected $5.96 from pot
mr.Jckpot: doesn't show hand 
*** SUMMARY ***
Total pot $5.96 | Rake $0 
Seat 2: lucasomanes
Seat 5: Nazareno1999
Seat 1: Y_19 folded before Flop
Seat 3: mr.Jckpot (button) collected ($5.96)
Seat 4: SorinS28 (small blind) folded before Flop
Seat 6: Alinyr (big blind) folded before Flop



PokerStars Hand #254756517383:  Hold'em No Limit ($0.50/$1.00 USD) - 2025/02/07 21:59:34 WET [2025/02/07 16:59:34 ET]
Table 'Patria II' 6-max Seat #4 is the button
Seat 2: lucasomanes ($95.85 in chips) is sitting out
Seat 5: Nazareno1999 ($166.71 in chips) is sitting out
Seat 1: Y_19 ($109.49 in chips) 
Seat 3: mr.Jckpot ($106 in chips) 
Seat 4: SorinS28 ($151.64 in chips) 
Seat 6: Alinyr ($118.19 in chips) 
Alinyr: posts small blind $0.50
Y_19: posts big blind $1
*** HOLE CARDS ***
mr.Jckpot: raises $1.50 to $2.50
SorinS28: folds 
Alinyr: folds 
Y_19: folds 
Uncalled bet ($1.50) returned to mr.Jckpot
mr.Jckpot collected $2.50 from pot
mr.Jckpot: doesn't show hand 
*** SUMMARY ***
Total pot $2.50 | Rake $0 
Seat 2: lucasomanes
Seat 5: Nazareno1999
Seat 1: Y_19 (big blind) folded before Flop
Seat 3: mr.Jckpot collected ($2.50)
Seat 4: SorinS28 (button) folded before Flop (didn't bet)
Seat 6: Alinyr (small blind) folded before Flop



PokerStars Hand #254756519433:  Hold'em No Limit ($0.50/$1.00 USD) - 2025/02/07 21:59:43 WET [2025/02/07 16:59:43 ET]
Table 'Patria II' 6-max Seat #6 is the button
Seat 2: lucasomanes ($95.85 in chips) is sitting out
Seat 5: Nazareno1999 ($166.71 in chips) is sitting out
Seat 1: Y_19 ($108.49 in chips) 
Seat 3: mr.Jckpot ($107.50 in chips) 
Seat 4: SorinS28 ($151.64 in chips) 
Seat 6: Alinyr ($117.69 in chips) 
Y_19: posts small blind $0.50
mr.Jckpot: posts big blind $1
*** HOLE CARDS ***
SorinS28: folds 
Alinyr: folds 
Y_19: folds 
Uncalled bet ($0.50) returned to mr.Jckpot
mr.Jckpot collected $1 from pot
mr.Jckpot: doesn't show hand 
*** SUMMARY ***
Total pot $1 | Rake $0 
Seat 2: lucasomanes
Seat 5: Nazareno1999
Seat 1: Y_19 (small blind) folded before Flop
Seat 3: mr.Jckpot (big blind) collected ($1)
Seat 4: SorinS28 folded before Flop (didn't bet)
Seat 6: Alinyr (button) folded before Flop (didn't bet)



PokerStars Hand #254756521731:  Hold'em No Limit ($0.50/$1.00 USD) - 2025/02/07 21:59:53 WET [2025/02/07 16:59:53 ET]
Table 'Patria II' 6-max Seat #1 is the button
Seat 2: lucasomanes ($95.85 in chips) is sitting out
Seat 5: Nazareno1999 ($166.71 in chips) is sitting out
Seat 1: Y_19 ($107.99 in chips) 
Seat 3: mr.Jckpot ($108 in chips) 
Seat 4: SorinS28 ($151.64 in chips) 
Seat 6: Alinyr ($117.69 in chips) 
mr.Jckpot: posts small blind $0.50
SorinS28: posts big blind $1
*** HOLE CARDS ***
Alinyr: folds 
Y_19: folds 
mr.Jckpot: folds 
Uncalled bet ($0.50) returned to SorinS28
SorinS28 collected $1 from pot
SorinS28: doesn't show hand 
*** SUMMARY ***
Total pot $1 | Rake $0 
Seat 2: lucasomanes
Seat 5: Nazareno1999
Seat 1: Y_19 (button) folded before Flop (didn't bet)
Seat 3: mr.Jckpot (small blind) folded before Flop
Seat 4: SorinS28 (big blind) collected ($1)
Seat 6: Alinyr folded before Flop (didn't bet)



PokerStars Hand #254756524054:  Hold'em No Limit ($0.50/$1.00 USD) - 2025/02/07 22:00:03 WET [2025/02/07 17:00:03 ET]
Table 'Patria II' 6-max Seat #3 is the button
Seat 2: lucasomanes ($95.85 in chips) is sitting out
Seat 5: Nazareno1999 ($166.71 in chips) is sitting out
Seat 1: Y_19 ($107.99 in chips) 
Seat 3: mr.Jckpot ($107.50 in chips) 
Seat 4: SorinS28 ($152.14 in chips) 
Seat 6: Alinyr ($117.69 in chips) 
SorinS28: posts small blind $0.50
Alinyr: posts big blind $1
*** HOLE CARDS ***
Y_19: raises $1.23 to $2.23
mr.Jckpot: folds 
SorinS28: folds 
Alinyr: folds 
Uncalled bet ($1.23) returned to Y_19
Y_19 collected $2.50 from pot
Y_19: doesn't show hand 
*** SUMMARY ***
Total pot $2.50 | Rake $0 
Seat 2: lucasomanes
Seat 5: Nazareno1999
Seat 1: Y_19 collected ($2.50)
Seat 3: mr.Jckpot (button) folded before Flop (didn't bet)
Seat 4: SorinS28 (small blind) folded before Flop
Seat 6: Alinyr (big blind) folded before Flop



PokerStars Hand #254756527436:  Hold'em No Limit ($0.50/$1.00 USD) - 2025/02/07 22:00:18 WET [2025/02/07 17:00:18 ET]
Table 'Patria II' 6-max Seat #4 is the button
Seat 2: lucasomanes ($95.85 in chips) is sitting out
Seat 5: Nazareno1999 ($166.71 in chips) is sitting out
Seat 1: Y_19 ($109.49 in chips) 
Seat 3: mr.Jckpot ($107.50 in chips) 
Seat 4: SorinS28 ($151.64 in chips) 
Seat 6: Alinyr ($116.69 in chips) 
Alinyr: posts small blind $0.50
Y_19: posts big blind $1
*** HOLE CARDS ***
mr.Jckpot: folds 
SorinS28: raises $1.50 to $2.50
Alinyr: folds 
Y_19: folds 
Uncalled bet ($1.50) returned to SorinS28
SorinS28 collected $2.50 from pot
SorinS28: doesn't show hand 
*** SUMMARY ***
Total pot $2.50 | Rake $0 
Seat 2: lucasomanes
Seat 5: Nazareno1999
Seat 1: Y_19 (big blind) folded before Flop
Seat 3: mr.Jckpot folded before Flop (didn't bet)
Seat 4: SorinS28 (button) collected ($2.50)
Seat 6: Alinyr (small blind) folded before Flop



PokerStars Hand #254756534647:  Hold'em No Limit ($0.50/$1.00 USD) - 2025/02/07 22:00:48 WET [2025/02/07 17:00:48 ET]
Table 'Patria II' 6-max Seat #6 is the button
Seat 2: lucasomanes ($95.85 in chips) is sitting out
Seat 5: Nazareno1999 ($166.71 in chips) is sitting out
Seat 1: Y_19 ($108.49 in chips) 
Seat 3: mr.Jckpot ($107.50 in chips) 
Seat 4: SorinS28 ($153.14 in chips) 
Seat 6: Alinyr ($116.19 in chips) 
Y_19: posts small blind $0.50
mr.Jckpot: posts big blind $1
Nazareno1999: sits out 
*** HOLE CARDS ***
SorinS28: folds 
Alinyr: raises $1.50 to $2.50
Y_19: folds 
mr.Jckpot: folds 
Uncalled bet ($1.50) returned to Alinyr
Alinyr collected $2.50 from pot
Alinyr: doesn't show hand 
*** SUMMARY ***
Total pot $2.50 | Rake $0 
Seat 2: lucasomanes
Seat 5: Nazareno1999
Seat 1: Y_19 (small blind) folded before Flop
Seat 3: mr.Jckpot (big blind) folded before Flop
Seat 4: SorinS28 folded before Flop (didn't bet)
Seat 6: Alinyr (button) collected ($2.50)



PokerStars Hand #254756538408:  Hold'em No Limit ($0.50/$1.00 USD) - 2025/02/07 22:01:03 WET [2025/02/07 17:01:03 ET]
Table 'Patria II' 6-max Seat #1 is the button
Seat 2: lucasomanes ($95.85 in chips) is sitting out
Seat 5: Nazareno1999 ($166.71 in chips) is sitting out
Seat 1: Y_19 ($107.99 in chips) 
Seat 3: mr.Jckpot ($106.50 in chips) 
Seat 4: SorinS28 ($153.14 in chips) 
Seat 6: Alinyr ($117.69 in chips) 
mr.Jckpot: posts small blind $0.50
SorinS28: posts big blind $1
Nazareno1999: sits out 
*** HOLE CARDS ***
Alinyr: folds 
Y_19: raises $1.23 to $2.23
mr.Jckpot: folds 
SorinS28: folds 
Uncalled bet ($1.23) returned to Y_19
Y_19 collected $2.50 from pot
Y_19: doesn't show hand 
*** SUMMARY ***
Total pot $2.50 | Rake $0 
Seat 2: lucasomanes
Seat 5: Nazareno1999
Seat 1: Y_19 (button) collected ($2.50)
Seat 3: mr.Jckpot (small blind) folded before Flop
Seat 4: SorinS28 (big blind) folded before Flop
Seat 6: Alinyr folded before Flop (didn't bet)



PokerStars Hand #254756541058:  Hold'em No Limit ($0.50/$1.00 USD) - 2025/02/07 22:01:13 WET [2025/02/07 17:01:13 ET]
Table 'Patria II' 6-max Seat #3 is the button
Seat 2: lucasomanes ($95.85 in chips) is sitting out
Seat 1: Y_19 ($109.49 in chips) 
Seat 3: mr.Jckpot ($106 in chips) 
Seat 4: SorinS28 ($152.14 in chips) 
Seat 5: Nazareno1999 ($166.71 in chips) 
Seat 6: Alinyr ($117.69 in chips) 
SorinS28: posts small blind $0.50
Nazareno1999: posts big blind $1
*** HOLE CARDS ***
Alinyr: raises $1.05 to $2.05
Y_19: folds 
mr.Jckpot: folds 
SorinS28: folds 
Nazareno1999: calls $1.05
*** FLOP *** [Jc 7c 3d]
Nazareno1999: checks 
Alinyr: bets $1.09
Nazareno1999: calls $1.09
*** TURN *** [Jc 7c 3d] [As]
Nazareno1999: checks 
Alinyr: bets $9.72
Nazareno1999: raises $15.78 to $25.50
Alinyr: calls $15.78
*** RIVER *** [Jc 7c 3d As] [Qh]
Nazareno1999: checks 
Alinyr has timed out
Alinyr: checks 
*** SHOW DOWN ***
Nazareno1999: shows [2c Kc] (high card Ace)
Alinyr: mucks hand 
Nazareno1999 collected $55.28 from pot
*** SUMMARY ***
Total pot $57.78 | Rake $2.50 
Board [Jc 7c 3d As Qh]
Seat 2: lucasomanes
Seat 1: Y_19 folded before Flop (didn't bet)
Seat 3: mr.Jckpot (button) folded before Flop (didn't bet)
Seat 4: SorinS28 (small blind) folded before Flop
Seat 5: Nazareno1999 (big blind) showed [2c Kc] and won ($55.28) with high card Ace
Seat 6: Alinyr mucked



PokerStars Hand #254756584158:  Hold'em No Limit ($0.50/$1.00 USD) - 2025/02/07 22:03:40 WET [2025/02/07 17:03:40 ET]
Table 'Patria II' 6-max Seat #4 is the button
Seat 2: lucasomanes ($95.85 in chips) is sitting out
Seat 1: Y_19 ($109.49 in chips) 
Seat 3: mr.Jckpot ($106 in chips) 
Seat 4: SorinS28 ($151.64 in chips) 
Seat 5: Nazareno1999 ($193.35 in chips) 
Seat 6: Alinyr ($100 in chips) 
Nazareno1999: posts small blind $0.50
Alinyr: posts big blind $1
*** HOLE CARDS ***
Y_19: raises $1.23 to $2.23
mr.Jckpot: folds 
SorinS28: folds 
Nazareno1999: folds 
Alinyr: folds 
Uncalled bet ($1.23) returned to Y_19
Y_19 collected $2.50 from pot
Y_19: doesn't show hand 
*** SUMMARY ***
Total pot $2.50 | Rake $0 
Seat 2: lucasomanes
Seat 1: Y_19 collected ($2.50)
Seat 3: mr.Jckpot folded before Flop (didn't bet)
Seat 4: SorinS28 (button) folded before Flop (didn't bet)
Seat 5: Nazareno1999 (small blind) folded before Flop
Seat 6: Alinyr (big blind) folded before Flop



PokerStars Hand #254756589469:  Hold'em No Limit ($0.50/$1.00 USD) - 2025/02/07 22:03:57 WET [2025/02/07 17:03:57 ET]
Table 'Patria II' 6-max Seat #5 is the button
Seat 2: lucasomanes ($95.85 in chips) is sitting out
Seat 1: Y_19 ($110.99 in chips) 
Seat 3: mr.Jckpot ($106 in chips) 
Seat 4: SorinS28 ($151.64 in chips) 
Seat 5: Nazareno1999 ($192.85 in chips) 
Seat 6: Alinyr ($100 in chips) 
Alinyr: posts small blind $0.50
Y_19: posts big blind $1
*** HOLE CARDS ***
mr.Jckpot: raises $1.50 to $2.50
SorinS28: folds 
Nazareno1999: folds 
Alinyr: folds 
Y_19: folds 
Uncalled bet ($1.50) returned to mr.Jckpot
mr.Jckpot collected $2.50 from pot
mr.Jckpot: doesn't show hand 
*** SUMMARY ***
Total pot $2.50 | Rake $0 
Seat 2: lucasomanes
Seat 1: Y_19 (big blind) folded before Flop
Seat 3: mr.Jckpot collected ($2.50)
Seat 4: SorinS28 folded before Flop (didn't bet)
Seat 5: Nazareno1999 (button) folded before Flop (didn't bet)
Seat 6: Alinyr (small blind) folded before Flop



PokerStars Hand #254756593663:  Hold'em No Limit ($0.50/$1.00 USD) - 2025/02/07 22:04:11 WET [2025/02/07 17:04:11 ET]
Table 'Patria II' 6-max Seat #6 is the button
Seat 2: lucasomanes ($95.85 in chips) is sitting out
Seat 1: Y_19 ($109.99 in chips) 
Seat 3: mr.Jckpot ($107.50 in chips) 
Seat 4: SorinS28 ($151.64 in chips) 
Seat 5: Nazareno1999 ($192.85 in chips) 
Seat 6: Alinyr ($100 in chips) 
Y_19: posts small blind $0.50
mr.Jckpot: posts big blind $1
*** HOLE CARDS ***
SorinS28: raises $1.02 to $2.02
Nazareno1999: folds 
Alinyr: folds 
Y_19: folds 
mr.Jckpot: folds 
Uncalled bet ($1.02) returned to SorinS28
SorinS28 collected $2.50 from pot
lucasomanes leaves the table
SorinS28: doesn't show hand 
*** SUMMARY ***
Total pot $2.50 | Rake $0 
Seat 2: lucasomanes
Seat 1: Y_19 (small blind) folded before Flop
Seat 3: mr.Jckpot (big blind) folded before Flop
Seat 4: SorinS28 collected ($2.50)
Seat 5: Nazareno1999 folded before Flop (didn't bet)
Seat 6: Alinyr (button) folded before Flop (didn't bet)



PokerStars Hand #254756601512:  Hold'em No Limit ($0.50/$1.00 USD) - 2025/02/07 22:04:37 WET [2025/02/07 17:04:37 ET]
Table 'Patria II' 6-max Seat #1 is the button
Seat 4: SorinS28 ($153.14 in chips) is sitting out
Seat 1: Y_19 ($109.49 in chips) 
Seat 3: mr.Jckpot ($106.50 in chips) 
Seat 5: Nazareno1999 ($192.85 in chips) 
Seat 6: Alinyr ($100 in chips) 
mr.Jckpot: posts small blind $0.50
SorinS28: is sitting out 
Nazareno1999: posts big blind $1
*** HOLE CARDS ***
Alinyr: folds 
SorinS28 leaves the table
xxxZeka joins the table at seat #4 
laloo246 joins the table at seat #2 
laloo246 leaves the table
Y_19: folds 
mr.Jckpot: folds 
Uncalled bet ($0.50) returned to Nazareno1999
Nazareno1999 collected $1 from pot
Nazareno1999: doesn't show hand 
xxxZeka leaves the table
*** SUMMARY ***
Total pot $1 | Rake $0 
Seat 4: SorinS28
Seat 1: Y_19 (button) folded before Flop (didn't bet)
Seat 3: mr.Jckpot (small blind) folded before Flop
Seat 5: Nazareno1999 (big blind) collected ($1)
Seat 6: Alinyr folded before Flop (didn't bet)



