PokerStars Hand #254755528716:  Hold'em No Limit ($0.50/$1.00 USD) - 2025/02/07 21:05:22 WET [2025/02/07 16:05:22 ET]
Table 'Mitidika II' 6-max Seat #4 is the button
Seat 1: YeeesMan ($100 in chips) 
Seat 3: XneferX ($100 in chips) 
Seat 4: Manifestorr ($100 in chips) 
YeeesMan: posts small blind $0.50
XneferX: posts big blind $1
*** HOLE CARDS ***
Manifestorr: raises $1.20 to $2.20
YeeesMan: folds 
XneferX: folds 
Uncalled bet ($1.20) returned to Manifestorr
Manifestorr collected $2.50 from pot
Ship4545 joins the table at seat #5 
Ship4545 is disconnected 
*** SUMMARY ***
Total pot $2.50 | Rake $0 
Seat 1: YeeesMan (small blind) folded before Flop
Seat 3: XneferX (big blind) folded before Flop
Seat 4: Manifestorr (button) collected ($2.50)



PokerStars Hand #254755536863:  Hold'em No Limit ($0.50/$1.00 USD) - 2025/02/07 21:05:48 WET [2025/02/07 16:05:48 ET]
Table 'Mitidika II' 6-max Seat #1 is the button
Seat 5: Ship4545 ($40 in chips) is sitting out
Seat 1: YeeesMan ($100 in chips) 
Seat 3: XneferX ($100 in chips) 
Seat 4: Manifestorr ($101.50 in chips) 
XneferX: posts small blind $0.50
Manifestorr: posts big blind $1
Ship4545: sits out 
*** HOLE CARDS ***
mr.Jckpot joins the table at seat #2 
z00mba joins the table at seat #6 
YeeesMan: raises $1.50 to $2.50
XneferX: folds 
Manifestorr: folds 
Uncalled bet ($1.50) returned to YeeesMan
YeeesMan collected $2.50 from pot
YeeesMan: doesn't show hand 
*** SUMMARY ***
Total pot $2.50 | Rake $0 
Seat 5: Ship4545
Seat 1: YeeesMan (button) collected ($2.50)
Seat 3: XneferX (small blind) folded before Flop
Seat 4: Manifestorr (big blind) folded before Flop



PokerStars Hand #254755540678:  Hold'em No Limit ($0.50/$1.00 USD) - 2025/02/07 21:06:00 WET [2025/02/07 16:06:00 ET]
Table 'Mitidika II' 6-max Seat #3 is the button
Seat 2: mr.Jckpot ($100 in chips) is sitting out
Seat 6: z00mba ($100 in chips) is sitting out
Seat 1: YeeesMan ($101.50 in chips) 
Seat 3: XneferX ($100 in chips) 
Seat 4: Manifestorr ($100.50 in chips) 
Seat 5: Ship4545 ($40 in chips) 
Manifestorr: posts small blind $0.50
Ship4545: posts big blind $1
z00mba: sits out 
mr.Jckpot: sits out 
*** HOLE CARDS ***
YeeesMan: folds 
XneferX: folds 
Manifestorr: folds 
Uncalled bet ($0.50) returned to Ship4545
Ship4545 collected $1 from pot
Ship4545: doesn't show hand 
*** SUMMARY ***
Total pot $1 | Rake $0 
Seat 2: mr.Jckpot
Seat 6: z00mba
Seat 1: YeeesMan folded before Flop (didn't bet)
Seat 3: XneferX (button) folded before Flop (didn't bet)
Seat 4: Manifestorr (small blind) folded before Flop
Seat 5: Ship4545 (big blind) collected ($1)



PokerStars Hand #254755546411:  Hold'em No Limit ($0.50/$1.00 USD) - 2025/02/07 21:06:19 WET [2025/02/07 16:06:19 ET]
Table 'Mitidika II' 6-max Seat #4 is the button
Seat 2: mr.Jckpot ($100 in chips) is sitting out
Seat 1: YeeesMan ($101.50 in chips) 
Seat 3: XneferX ($100 in chips) 
Seat 4: Manifestorr ($100 in chips) 
Seat 5: Ship4545 ($40.50 in chips) 
Seat 6: z00mba ($100 in chips) 
Ship4545: posts small blind $0.50
z00mba: posts big blind $1
mr.Jckpot: sits out 
*** HOLE CARDS ***
YeeesMan: folds 
XneferX: folds 
Manifestorr: raises $1.20 to $2.20
Ship4545: calls $1.70
z00mba: folds 
*** FLOP *** [Qd Js 8d]
Ship4545: checks 
Manifestorr: bets $6.93
Ship4545: folds 
Uncalled bet ($6.93) returned to Manifestorr
Manifestorr collected $5.13 from pot
*** SUMMARY ***
Total pot $5.40 | Rake $0.27 
Board [Qd Js 8d]
Seat 2: mr.Jckpot
Seat 1: YeeesMan folded before Flop (didn't bet)
Seat 3: XneferX folded before Flop (didn't bet)
Seat 4: Manifestorr (button) collected ($5.13)
Seat 5: Ship4545 (small blind) folded on the Flop
Seat 6: z00mba (big blind) folded before Flop



PokerStars Hand #254755557386:  Hold'em No Limit ($0.50/$1.00 USD) - 2025/02/07 21:06:54 WET [2025/02/07 16:06:54 ET]
Table 'Mitidika II' 6-max Seat #5 is the button
Seat 2: mr.Jckpot ($100 in chips) is sitting out
Seat 1: YeeesMan ($101.50 in chips) 
Seat 3: XneferX ($100 in chips) 
Seat 4: Manifestorr ($102.93 in chips) 
Seat 5: Ship4545 ($38.30 in chips) 
Seat 6: z00mba ($100 in chips) 
z00mba: posts small blind $0.50
YeeesMan: posts big blind $1
mr.Jckpot: sits out 
*** HOLE CARDS ***
XneferX: folds 
Manifestorr: raises $1.20 to $2.20
Ship4545: calls $2.20
z00mba: folds 
YeeesMan: calls $1.20
*** FLOP *** [2d 7c 4c]
YeeesMan: checks 
Manifestorr: bets $3.37
Ship4545: calls $3.37
YeeesMan: folds 
*** TURN *** [2d 7c 4c] [6s]
Manifestorr: checks 
Ship4545: bets $6.58
Manifestorr: calls $6.58
*** RIVER *** [2d 7c 4c 6s] [Jc]
Manifestorr: checks 
Ship4545: bets $25.65
Manifestorr: folds 
Uncalled bet ($25.65) returned to Ship4545
Ship4545 collected $25.65 from pot
Ship4545: doesn't show hand 
*** SUMMARY ***
Total pot $27 | Rake $1.35 
Board [2d 7c 4c 6s Jc]
Seat 2: mr.Jckpot
Seat 1: YeeesMan (big blind) folded on the Flop
Seat 3: XneferX folded before Flop (didn't bet)
Seat 4: Manifestorr folded on the River
Seat 5: Ship4545 (button) collected ($25.65)
Seat 6: z00mba (small blind) folded before Flop



