PokerStars Hand #254753957804:  Hold'em No Limit ($0.50/$1.00 USD) - 2025/02/07 19:34:04 WET [2025/02/07 14:34:04 ET]
Table 'Virton II' 6-max Seat #6 is the button
Seat 3: reiyser ($100 in chips) is sitting out
Seat 1: Nicedaymybro ($100.50 in chips) 
Seat 2: Xenicide ($100 in chips) 
Seat 4: straight77777 ($20.80 in chips) 
Seat 5: z00mba ($100 in chips) 
Seat 6: BumHuntKing ($100 in chips) 
Nicedaymybro: posts small blind $0.50
Xenicide: posts big blind $1
reiyser: sits out 
*** HOLE CARDS ***
straight77777: folds 
z00mba: folds 
BumHuntKing: folds 
Nicedaymybro: folds 
Uncalled bet ($0.50) returned to Xenicide
Xenicide collected $1 from pot
*** SUMMARY ***
Total pot $1 | Rake $0 
Seat 3: reiyser
Seat 1: Nicedaymybro (small blind) folded before Flop
Seat 2: Xenicide (big blind) collected ($1)
Seat 4: straight77777 folded before Flop (didn't bet)
Seat 5: z00mba folded before Flop (didn't bet)
Seat 6: BumHuntKing (button) folded before Flop (didn't bet)



PokerStars Hand #254753961456:  Hold'em No Limit ($0.50/$1.00 USD) - 2025/02/07 19:34:17 WET [2025/02/07 14:34:17 ET]
Table 'Virton II' 6-max Seat #1 is the button
Seat 1: Nicedaymybro ($100 in chips) 
Seat 2: Xenicide ($100.50 in chips) 
Seat 3: reiyser ($100 in chips) 
Seat 4: straight77777 ($20.80 in chips) 
Seat 5: z00mba ($100 in chips) 
Seat 6: BumHuntKing ($100 in chips) 
Xenicide: posts small blind $0.50
reiyser: posts big blind $1
*** HOLE CARDS ***
straight77777: folds 
z00mba: raises $1.50 to $2.50
BumHuntKing: folds 
Nicedaymybro: folds 
Xenicide: folds 
reiyser: calls $1.50
*** FLOP *** [5c 7s Qh]
reiyser: checks 
z00mba: checks 
*** TURN *** [5c 7s Qh] [5s]
reiyser: checks 
z00mba: bets $1.67
reiyser: folds 
Uncalled bet ($1.67) returned to z00mba
z00mba collected $5.22 from pot
z00mba: doesn't show hand 
*** SUMMARY ***
Total pot $5.50 | Rake $0.28 
Board [5c 7s Qh 5s]
Seat 1: Nicedaymybro (button) folded before Flop (didn't bet)
Seat 2: Xenicide (small blind) folded before Flop
Seat 3: reiyser (big blind) folded on the Turn
Seat 4: straight77777 folded before Flop (didn't bet)
Seat 5: z00mba collected ($5.22)
Seat 6: BumHuntKing folded before Flop (didn't bet)



PokerStars Hand #254753972859:  Hold'em No Limit ($0.50/$1.00 USD) - 2025/02/07 19:34:56 WET [2025/02/07 14:34:56 ET]
Table 'Virton II' 6-max Seat #2 is the button
Seat 1: Nicedaymybro ($100 in chips) 
Seat 2: Xenicide ($100 in chips) 
Seat 3: reiyser ($100 in chips) 
Seat 4: straight77777 ($20.80 in chips) 
Seat 5: z00mba ($102.72 in chips) 
Seat 6: BumHuntKing ($100 in chips) 
reiyser: posts small blind $0.50
straight77777: posts big blind $1
*** HOLE CARDS ***
z00mba: folds 
BumHuntKing: folds 
Nicedaymybro: folds 
Xenicide: raises $1.25 to $2.25
reiyser: calls $1.75
straight77777: calls $1.25
*** FLOP *** [7s Ac 9h]
reiyser: checks 
straight77777: checks 
Xenicide: checks 
*** TURN *** [7s Ac 9h] [2c]
reiyser: bets $4.87
straight77777: folds 
Xenicide: folds 
Uncalled bet ($4.87) returned to reiyser
reiyser collected $6.41 from pot
reiyser: doesn't show hand 
*** SUMMARY ***
Total pot $6.75 | Rake $0.34 
Board [7s Ac 9h 2c]
Seat 1: Nicedaymybro folded before Flop (didn't bet)
Seat 2: Xenicide (button) folded on the Turn
Seat 3: reiyser (small blind) collected ($6.41)
Seat 4: straight77777 (big blind) folded on the Turn
Seat 5: z00mba folded before Flop (didn't bet)
Seat 6: BumHuntKing folded before Flop (didn't bet)



PokerStars Hand #254753991022:  Hold'em No Limit ($0.50/$1.00 USD) - 2025/02/07 19:35:59 WET [2025/02/07 14:35:59 ET]
Table 'Virton II' 6-max Seat #3 is the button
Seat 1: Nicedaymybro ($100 in chips) 
Seat 2: Xenicide ($100 in chips) 
Seat 3: reiyser ($104.16 in chips) 
Seat 4: straight77777 ($18.55 in chips) 
Seat 5: z00mba ($102.72 in chips) 
Seat 6: BumHuntKing ($100 in chips) 
straight77777: posts small blind $0.50
z00mba: posts big blind $1
*** HOLE CARDS ***
BumHuntKing: raises $1.20 to $2.20
Nicedaymybro: raises $5.30 to $7.50
Xenicide: folds 
reiyser: folds 
straight77777: folds 
z00mba: folds 
BumHuntKing: calls $5.30
*** FLOP *** [Td 2h As]
BumHuntKing: checks 
Nicedaymybro: bets $5.18
BumHuntKing: folds 
Uncalled bet ($5.18) returned to Nicedaymybro
Nicedaymybro collected $15.68 from pot
Nicedaymybro: doesn't show hand 
*** SUMMARY ***
Total pot $16.50 | Rake $0.82 
Board [Td 2h As]
Seat 1: Nicedaymybro collected ($15.68)
Seat 2: Xenicide folded before Flop (didn't bet)
Seat 3: reiyser (button) folded before Flop (didn't bet)
Seat 4: straight77777 (small blind) folded before Flop
Seat 5: z00mba (big blind) folded before Flop
Seat 6: BumHuntKing folded on the Flop



PokerStars Hand #254754001529:  Hold'em No Limit ($0.50/$1.00 USD) - 2025/02/07 19:36:35 WET [2025/02/07 14:36:35 ET]
Table 'Virton II' 6-max Seat #4 is the button
Seat 1: Nicedaymybro ($108.18 in chips) 
Seat 2: Xenicide ($100 in chips) 
Seat 3: reiyser ($104.16 in chips) 
Seat 4: straight77777 ($18.05 in chips) 
Seat 5: z00mba ($101.72 in chips) 
Seat 6: BumHuntKing ($100 in chips) 
z00mba: posts small blind $0.50
BumHuntKing: posts big blind $1
*** HOLE CARDS ***
Nicedaymybro: folds 
Xenicide: folds 
reiyser: folds 
straight77777: raises $1.50 to $2.50
z00mba: folds 
BumHuntKing: raises $7.50 to $10
straight77777: raises $8.05 to $18.05 and is all-in
BumHuntKing: calls $8.05
*** FLOP *** [7s Jc 5d]
*** TURN *** [7s Jc 5d] [2s]
*** RIVER *** [7s Jc 5d 2s] [2h]
*** SHOW DOWN ***
BumHuntKing: shows [Ks Kh] (two pair, Kings and Deuces)
straight77777: shows [Qs Ah] (a pair of Deuces)
BumHuntKing collected $34.77 from pot
*** SUMMARY ***
Total pot $36.60 | Rake $1.83 
Board [7s Jc 5d 2s 2h]
Seat 1: Nicedaymybro folded before Flop (didn't bet)
Seat 2: Xenicide folded before Flop (didn't bet)
Seat 3: reiyser folded before Flop (didn't bet)
Seat 4: straight77777 (button) showed [Qs Ah] and lost with a pair of Deuces
Seat 5: z00mba (small blind) folded before Flop
Seat 6: BumHuntKing (big blind) showed [Ks Kh] and won ($34.77) with two pair, Kings and Deuces



PokerStars Hand #254754013643:  Hold'em No Limit ($0.50/$1.00 USD) - 2025/02/07 19:37:17 WET [2025/02/07 14:37:17 ET]
Table 'Virton II' 6-max Seat #5 is the button
Seat 4: straight77777 ($0 in chips) is sitting out
Seat 1: Nicedaymybro ($108.18 in chips) 
Seat 2: Xenicide ($100 in chips) 
Seat 3: reiyser ($104.16 in chips) 
Seat 5: z00mba ($101.22 in chips) 
Seat 6: BumHuntKing ($116.72 in chips) 
BumHuntKing: posts small blind $0.50
Nicedaymybro: posts big blind $1
*** HOLE CARDS ***
Xenicide: raises $1 to $2
reiyser: folds 
z00mba: folds 
BumHuntKing: folds 
Nicedaymybro: folds 
Uncalled bet ($1) returned to Xenicide
Xenicide collected $2.50 from pot
*** SUMMARY ***
Total pot $2.50 | Rake $0 
Seat 4: straight77777
Seat 1: Nicedaymybro (big blind) folded before Flop
Seat 2: Xenicide collected ($2.50)
Seat 3: reiyser folded before Flop (didn't bet)
Seat 5: z00mba (button) folded before Flop (didn't bet)
Seat 6: BumHuntKing (small blind) folded before Flop



PokerStars Hand #254754022485:  Hold'em No Limit ($0.50/$1.00 USD) - 2025/02/07 19:37:48 WET [2025/02/07 14:37:48 ET]
Table 'Virton II' 6-max Seat #6 is the button
Seat 1: Nicedaymybro ($107.18 in chips) 
Seat 2: Xenicide ($101.50 in chips) 
Seat 3: reiyser ($104.16 in chips) 
Seat 4: straight77777 ($30.98 in chips) 
Seat 5: z00mba ($101.22 in chips) 
Seat 6: BumHuntKing ($116.22 in chips) 
Nicedaymybro: posts small blind $0.50
Xenicide: posts big blind $1
*** HOLE CARDS ***
reiyser: folds 
straight77777: folds 
z00mba: raises $1.50 to $2.50
BumHuntKing: folds 
Nicedaymybro: folds 
Xenicide: calls $1.50
*** FLOP *** [Qc 9s 3h]
Xenicide: checks 
z00mba: checks 
*** TURN *** [Qc 9s 3h] [3d]
Xenicide: checks 
z00mba: checks 
*** RIVER *** [Qc 9s 3h 3d] [Jh]
Xenicide: bets $2.61
z00mba: folds 
Uncalled bet ($2.61) returned to Xenicide
Xenicide collected $5.22 from pot
*** SUMMARY ***
Total pot $5.50 | Rake $0.28 
Board [Qc 9s 3h 3d Jh]
Seat 1: Nicedaymybro (small blind) folded before Flop
Seat 2: Xenicide (big blind) collected ($5.22)
Seat 3: reiyser folded before Flop (didn't bet)
Seat 4: straight77777 folded before Flop (didn't bet)
Seat 5: z00mba folded on the River
Seat 6: BumHuntKing (button) folded before Flop (didn't bet)



PokerStars Hand #254754044791:  Hold'em No Limit ($0.50/$1.00 USD) - 2025/02/07 19:39:05 WET [2025/02/07 14:39:05 ET]
Table 'Virton II' 6-max Seat #1 is the button
Seat 1: Nicedaymybro ($106.68 in chips) 
Seat 2: Xenicide ($104.22 in chips) 
Seat 3: reiyser ($104.16 in chips) 
Seat 4: straight77777 ($30.98 in chips) 
Seat 5: z00mba ($100 in chips) 
Seat 6: BumHuntKing ($116.22 in chips) 
Xenicide: posts small blind $0.50
reiyser: posts big blind $1
*** HOLE CARDS ***
straight77777: folds 
z00mba: folds 
BumHuntKing: folds 
Nicedaymybro: folds 
Xenicide: raises $2.50 to $3.50
reiyser: calls $2.50
*** FLOP *** [4c 4s As]
Xenicide: checks 
reiyser: checks 
*** TURN *** [4c 4s As] [Qs]
Xenicide: checks 
reiyser: checks 
*** RIVER *** [4c 4s As Qs] [8c]
Xenicide: bets $1.66
reiyser: calls $1.66
*** SHOW DOWN ***
Xenicide: shows [Jc Jh] (two pair, Jacks and Fours)
reiyser: shows [Qh 9h] (two pair, Queens and Fours)
reiyser collected $9.80 from pot
*** SUMMARY ***
Total pot $10.32 | Rake $0.52 
Board [4c 4s As Qs 8c]
Seat 1: Nicedaymybro (button) folded before Flop (didn't bet)
Seat 2: Xenicide (small blind) showed [Jc Jh] and lost with two pair, Jacks and Fours
Seat 3: reiyser (big blind) showed [Qh 9h] and won ($9.80) with two pair, Queens and Fours
Seat 4: straight77777 folded before Flop (didn't bet)
Seat 5: z00mba folded before Flop (didn't bet)
Seat 6: BumHuntKing folded before Flop (didn't bet)



PokerStars Hand #254754065704:  Hold'em No Limit ($0.50/$1.00 USD) - 2025/02/07 19:40:19 WET [2025/02/07 14:40:19 ET]
Table 'Virton II' 6-max Seat #2 is the button
Seat 1: Nicedaymybro ($106.68 in chips) 
Seat 2: Xenicide ($100 in chips) 
Seat 3: reiyser ($108.80 in chips) 
Seat 4: straight77777 ($30.98 in chips) 
Seat 5: z00mba ($100 in chips) 
Seat 6: BumHuntKing ($116.22 in chips) 
reiyser: posts small blind $0.50
straight77777: posts big blind $1
*** HOLE CARDS ***
z00mba: folds 
BumHuntKing: folds 
Nicedaymybro: raises $1.50 to $2.50
Xenicide: folds 
reiyser: folds 
straight77777: calls $1.50
*** FLOP *** [3s 8h 4d]
straight77777: checks 
Nicedaymybro: bets $1.72
straight77777: calls $1.72
*** TURN *** [3s 8h 4d] [7h]
straight77777: checks 
Nicedaymybro: bets $4.25
straight77777: calls $4.25
*** RIVER *** [3s 8h 4d 7h] [Qs]
straight77777: checks 
Nicedaymybro: checks 
*** SHOW DOWN ***
straight77777: shows [Js Td] (high card Queen)
Nicedaymybro: shows [7d Ad] (a pair of Sevens)
Nicedaymybro collected $16.57 from pot
*** SUMMARY ***
Total pot $17.44 | Rake $0.87 
Board [3s 8h 4d 7h Qs]
Seat 1: Nicedaymybro showed [7d Ad] and won ($16.57) with a pair of Sevens
Seat 2: Xenicide (button) folded before Flop (didn't bet)
Seat 3: reiyser (small blind) folded before Flop
Seat 4: straight77777 (big blind) showed [Js Td] and lost with high card Queen
Seat 5: z00mba folded before Flop (didn't bet)
Seat 6: BumHuntKing folded before Flop (didn't bet)



PokerStars Hand #254754079027:  Hold'em No Limit ($0.50/$1.00 USD) - 2025/02/07 19:41:06 WET [2025/02/07 14:41:06 ET]
Table 'Virton II' 6-max Seat #3 is the button
Seat 1: Nicedaymybro ($114.78 in chips) 
Seat 2: Xenicide ($100 in chips) 
Seat 3: reiyser ($108.30 in chips) 
Seat 4: straight77777 ($22.51 in chips) 
Seat 5: z00mba ($100 in chips) 
Seat 6: BumHuntKing ($116.22 in chips) 
straight77777: posts small blind $0.50
z00mba: posts big blind $1
*** HOLE CARDS ***
BumHuntKing: folds 
Nicedaymybro: folds 
Xenicide: folds 
reiyser: folds 
straight77777: raises $2 to $3
z00mba: folds 
Uncalled bet ($2) returned to straight77777
straight77777 collected $2 from pot
*** SUMMARY ***
Total pot $2 | Rake $0 
Seat 1: Nicedaymybro folded before Flop (didn't bet)
Seat 2: Xenicide folded before Flop (didn't bet)
Seat 3: reiyser (button) folded before Flop (didn't bet)
Seat 4: straight77777 (small blind) collected ($2)
Seat 5: z00mba (big blind) folded before Flop
Seat 6: BumHuntKing folded before Flop (didn't bet)



PokerStars Hand #254754086390:  Hold'em No Limit ($0.50/$1.00 USD) - 2025/02/07 19:41:32 WET [2025/02/07 14:41:32 ET]
Table 'Virton II' 6-max Seat #4 is the button
Seat 1: Nicedaymybro ($114.78 in chips) 
Seat 2: Xenicide ($100 in chips) 
Seat 3: reiyser ($108.30 in chips) 
Seat 4: straight77777 ($23.51 in chips) 
Seat 5: z00mba ($100 in chips) 
Seat 6: BumHuntKing ($116.22 in chips) 
z00mba: posts small blind $0.50
BumHuntKing: posts big blind $1
*** HOLE CARDS ***
Nicedaymybro: folds 
Xenicide: folds 
reiyser: raises $1.23 to $2.23
straight77777: folds 
z00mba: folds 
BumHuntKing: folds 
Uncalled bet ($1.23) returned to reiyser
reiyser collected $2.50 from pot
reiyser: doesn't show hand 
*** SUMMARY ***
Total pot $2.50 | Rake $0 
Seat 1: Nicedaymybro folded before Flop (didn't bet)
Seat 2: Xenicide folded before Flop (didn't bet)
Seat 3: reiyser collected ($2.50)
Seat 4: straight77777 (button) folded before Flop (didn't bet)
Seat 5: z00mba (small blind) folded before Flop
Seat 6: BumHuntKing (big blind) folded before Flop



PokerStars Hand #254754090372:  Hold'em No Limit ($0.50/$1.00 USD) - 2025/02/07 19:41:46 WET [2025/02/07 14:41:46 ET]
Table 'Virton II' 6-max Seat #5 is the button
Seat 1: Nicedaymybro ($114.78 in chips) is sitting out
Seat 2: Xenicide ($100 in chips) 
Seat 3: reiyser ($109.80 in chips) 
Seat 4: straight77777 ($23.51 in chips) 
Seat 5: z00mba ($100 in chips) 
Seat 6: BumHuntKing ($115.22 in chips) 
BumHuntKing: posts small blind $0.50
Nicedaymybro: is sitting out 
Xenicide: posts big blind $1
*** HOLE CARDS ***
reiyser: folds 
Nicedaymybro leaves the table
straight77777: folds 
z00mba: folds 
BumHuntKing: folds 
Uncalled bet ($0.50) returned to Xenicide
Xenicide collected $1 from pot
coeeeelho joins the table at seat #1 
*** SUMMARY ***
Total pot $1 | Rake $0 
Seat 1: Nicedaymybro
Seat 2: Xenicide (big blind) collected ($1)
Seat 3: reiyser folded before Flop (didn't bet)
Seat 4: straight77777 folded before Flop (didn't bet)
Seat 5: z00mba (button) folded before Flop (didn't bet)
Seat 6: BumHuntKing (small blind) folded before Flop



PokerStars Hand #254754093129:  Hold'em No Limit ($0.50/$1.00 USD) - 2025/02/07 19:41:55 WET [2025/02/07 14:41:55 ET]
Table 'Virton II' 6-max Seat #6 is the button
Seat 1: coeeeelho ($100 in chips) is sitting out
Seat 2: Xenicide ($100.50 in chips) 
Seat 3: reiyser ($109.80 in chips) 
Seat 4: straight77777 ($23.51 in chips) 
Seat 5: z00mba ($100 in chips) 
Seat 6: BumHuntKing ($114.72 in chips) 
Xenicide: posts small blind $0.50
reiyser: posts big blind $1
*** HOLE CARDS ***
straight77777: folds 
z00mba: raises $1.50 to $2.50
BumHuntKing: folds 
Xenicide: raises $7 to $9.50
reiyser: folds 
z00mba: calls $7
*** FLOP *** [Kh Js Jc]
Xenicide: bets $4.75
z00mba: folds 
Uncalled bet ($4.75) returned to Xenicide
Xenicide collected $19 from pot
Xenicide: doesn't show hand 
*** SUMMARY ***
Total pot $20 | Rake $1 
Board [Kh Js Jc]
Seat 1: coeeeelho
Seat 2: Xenicide (small blind) collected ($19)
Seat 3: reiyser (big blind) folded before Flop
Seat 4: straight77777 folded before Flop (didn't bet)
Seat 5: z00mba folded on the Flop
Seat 6: BumHuntKing (button) folded before Flop (didn't bet)



PokerStars Hand #254754108052:  Hold'em No Limit ($0.50/$1.00 USD) - 2025/02/07 19:42:47 WET [2025/02/07 14:42:47 ET]
Table 'Virton II' 6-max Seat #2 is the button
Seat 1: coeeeelho ($100 in chips) is sitting out
Seat 2: Xenicide ($110 in chips) 
Seat 3: reiyser ($108.80 in chips) 
Seat 4: straight77777 ($23.51 in chips) 
Seat 5: z00mba ($100 in chips) 
Seat 6: BumHuntKing ($114.72 in chips) 
reiyser: posts small blind $0.50
straight77777: posts big blind $1
coeeeelho: sits out 
*** HOLE CARDS ***
z00mba: raises $1.50 to $2.50
BumHuntKing: folds 
Xenicide: folds 
reiyser: folds 
straight77777: folds 
Uncalled bet ($1.50) returned to z00mba
z00mba collected $2.50 from pot
z00mba: doesn't show hand 
*** SUMMARY ***
Total pot $2.50 | Rake $0 
Seat 1: coeeeelho
Seat 2: Xenicide (button) folded before Flop (didn't bet)
Seat 3: reiyser (small blind) folded before Flop
Seat 4: straight77777 (big blind) folded before Flop
Seat 5: z00mba collected ($2.50)
Seat 6: BumHuntKing folded before Flop (didn't bet)



PokerStars Hand #254754111549:  Hold'em No Limit ($0.50/$1.00 USD) - 2025/02/07 19:43:00 WET [2025/02/07 14:43:00 ET]
Table 'Virton II' 6-max Seat #3 is the button
Seat 1: coeeeelho ($100 in chips) is sitting out
Seat 2: Xenicide ($110 in chips) 
Seat 3: reiyser ($108.30 in chips) 
Seat 4: straight77777 ($22.51 in chips) 
Seat 5: z00mba ($101.50 in chips) 
Seat 6: BumHuntKing ($114.72 in chips) 
straight77777: posts small blind $0.50
z00mba: posts big blind $1
coeeeelho: sits out 
*** HOLE CARDS ***
BumHuntKing: folds 
Xenicide: folds 
reiyser: raises $1.23 to $2.23
straight77777: calls $1.73
z00mba: calls $1.23
*** FLOP *** [Ac 5s 3s]
straight77777: checks 
z00mba: checks 
reiyser: checks 
*** TURN *** [Ac 5s 3s] [9d]
straight77777: bets $3.18
z00mba: folds 
reiyser: calls $3.18
*** RIVER *** [Ac 5s 3s 9d] [Qs]
straight77777: bets $17.10 and is all-in
reiyser: folds 
Uncalled bet ($17.10) returned to straight77777
straight77777 collected $12.40 from pot
*** SUMMARY ***
Total pot $13.05 | Rake $0.65 
Board [Ac 5s 3s 9d Qs]
Seat 1: coeeeelho
Seat 2: Xenicide folded before Flop (didn't bet)
Seat 3: reiyser (button) folded on the River
Seat 4: straight77777 (small blind) collected ($12.40)
Seat 5: z00mba (big blind) folded on the Turn
Seat 6: BumHuntKing folded before Flop (didn't bet)



PokerStars Hand #254754128282:  Hold'em No Limit ($0.50/$1.00 USD) - 2025/02/07 19:43:58 WET [2025/02/07 14:43:58 ET]
Table 'Virton II' 6-max Seat #4 is the button
Seat 1: coeeeelho ($100 in chips) is sitting out
Seat 2: Xenicide ($110 in chips) 
Seat 3: reiyser ($102.89 in chips) 
Seat 4: straight77777 ($29.50 in chips) 
Seat 5: z00mba ($100 in chips) 
Seat 6: BumHuntKing ($114.72 in chips) 
z00mba: posts small blind $0.50
BumHuntKing: posts big blind $1
coeeeelho: sits out 
*** HOLE CARDS ***
Xenicide: raises $1 to $2
reiyser: folds 
straight77777: folds 
z00mba: folds 
BumHuntKing: calls $1
*** FLOP *** [5h 4s 6s]
BumHuntKing: checks 
Xenicide: checks 
*** TURN *** [5h 4s 6s] [Qs]
BumHuntKing: checks 
Xenicide: bets $3.21
BumHuntKing: folds 
Uncalled bet ($3.21) returned to Xenicide
Xenicide collected $4.28 from pot
*** SUMMARY ***
Total pot $4.50 | Rake $0.22 
Board [5h 4s 6s Qs]
Seat 1: coeeeelho
Seat 2: Xenicide collected ($4.28)
Seat 3: reiyser folded before Flop (didn't bet)
Seat 4: straight77777 (button) folded before Flop (didn't bet)
Seat 5: z00mba (small blind) folded before Flop
Seat 6: BumHuntKing (big blind) folded on the Turn



PokerStars Hand #254754141297:  Hold'em No Limit ($0.50/$1.00 USD) - 2025/02/07 19:44:44 WET [2025/02/07 14:44:44 ET]
Table 'Virton II' 6-max Seat #5 is the button
Seat 1: coeeeelho ($100 in chips) 
Seat 2: Xenicide ($112.28 in chips) 
Seat 3: reiyser ($102.89 in chips) 
Seat 4: straight77777 ($29.50 in chips) 
Seat 5: z00mba ($100 in chips) 
Seat 6: BumHuntKing ($112.72 in chips) 
BumHuntKing: posts small blind $0.50
coeeeelho: posts big blind $1
*** HOLE CARDS ***
Xenicide: folds 
reiyser: raises $1.23 to $2.23
straight77777: folds 
z00mba: folds 
BumHuntKing: folds 
coeeeelho: calls $1.23
*** FLOP *** [3d 2h 9d]
coeeeelho: checks 
reiyser: bets $2.45
coeeeelho: raises $6.55 to $9
reiyser: calls $6.55
*** TURN *** [3d 2h 9d] [4c]
coeeeelho: bets $21.81
reiyser: calls $21.81
*** RIVER *** [3d 2h 9d 4c] [5h]
coeeeelho: bets $10
reiyser: raises $59.85 to $69.85 and is all-in
coeeeelho: folds 
Uncalled bet ($59.85) returned to reiyser
reiyser collected $84.08 from pot
reiyser: doesn't show hand 
*** SUMMARY ***
Total pot $86.58 | Rake $2.50 
Board [3d 2h 9d 4c 5h]
Seat 1: coeeeelho (big blind) folded on the River
Seat 2: Xenicide folded before Flop (didn't bet)
Seat 3: reiyser collected ($84.08)
Seat 4: straight77777 folded before Flop (didn't bet)
Seat 5: z00mba (button) folded before Flop (didn't bet)
Seat 6: BumHuntKing (small blind) folded before Flop



PokerStars Hand #254754177358:  Hold'em No Limit ($0.50/$1.00 USD) - 2025/02/07 19:46:49 WET [2025/02/07 14:46:49 ET]
Table 'Virton II' 6-max Seat #6 is the button
Seat 1: coeeeelho ($100 in chips) 
Seat 2: Xenicide ($112.28 in chips) 
Seat 3: reiyser ($143.93 in chips) 
Seat 4: straight77777 ($29.50 in chips) 
Seat 5: z00mba ($100 in chips) 
Seat 6: BumHuntKing ($112.22 in chips) 
coeeeelho: posts small blind $0.50
Xenicide: posts big blind $1
*** HOLE CARDS ***
reiyser: folds 
straight77777: raises $2.50 to $3.50
z00mba: folds 
BumHuntKing: folds 
coeeeelho: folds 
Xenicide: calls $2.50
*** FLOP *** [Kc Th Ks]
Xenicide: checks 
straight77777: bets $3.56
Xenicide: folds 
Uncalled bet ($3.56) returned to straight77777
straight77777 collected $7.12 from pot
*** SUMMARY ***
Total pot $7.50 | Rake $0.38 
Board [Kc Th Ks]
Seat 1: coeeeelho (small blind) folded before Flop
Seat 2: Xenicide (big blind) folded on the Flop
Seat 3: reiyser folded before Flop (didn't bet)
Seat 4: straight77777 collected ($7.12)
Seat 5: z00mba folded before Flop (didn't bet)
Seat 6: BumHuntKing (button) folded before Flop (didn't bet)



PokerStars Hand #254754187516:  Hold'em No Limit ($0.50/$1.00 USD) - 2025/02/07 19:47:24 WET [2025/02/07 14:47:24 ET]
Table 'Virton II' 6-max Seat #1 is the button
Seat 3: reiyser ($143.93 in chips) is sitting out
Seat 1: coeeeelho ($100 in chips) 
Seat 2: Xenicide ($108.78 in chips) 
Seat 4: straight77777 ($33.12 in chips) 
Seat 5: z00mba ($100 in chips) 
Seat 6: BumHuntKing ($112.22 in chips) 
Xenicide: posts small blind $0.50
reiyser: is sitting out 
straight77777: posts big blind $1
*** HOLE CARDS ***
z00mba: folds 
reiyser leaves the table
BumHuntKing: folds 
coeeeelho: folds 
z00mba leaves the table
vadjkeee joins the table at seat #3 
Xenicide: raises $2.50 to $3.50
straight77777: folds 
Uncalled bet ($2.50) returned to Xenicide
Xenicide collected $2 from pot
*** SUMMARY ***
Total pot $2 | Rake $0 
Seat 3: reiyser
Seat 1: coeeeelho (button) folded before Flop (didn't bet)
Seat 2: Xenicide (small blind) collected ($2)
Seat 4: straight77777 (big blind) folded before Flop
Seat 5: z00mba folded before Flop (didn't bet)
Seat 6: BumHuntKing folded before Flop (didn't bet)



PokerStars Hand #254754192355:  Hold'em No Limit ($0.50/$1.00 USD) - 2025/02/07 19:47:41 WET [2025/02/07 14:47:41 ET]
Table 'Virton II' 6-max Seat #2 is the button
Seat 3: vadjkeee ($100 in chips) is sitting out
Seat 1: coeeeelho ($100 in chips) 
Seat 2: Xenicide ($109.78 in chips) 
Seat 4: straight77777 ($32.12 in chips) 
Seat 6: BumHuntKing ($112.22 in chips) 
straight77777: posts small blind $0.50
BumHuntKing: posts big blind $1
*** HOLE CARDS ***
coeeeelho: folds 
Xenicide: folds 
straight77777: calls $0.50
henri789 joins the table at seat #5 
BumHuntKing: raises $2.50 to $3.50
straight77777: folds 
Uncalled bet ($2.50) returned to BumHuntKing
BumHuntKing collected $2 from pot
BumHuntKing: doesn't show hand 
*** SUMMARY ***
Total pot $2 | Rake $0 
Seat 3: vadjkeee
Seat 1: coeeeelho folded before Flop (didn't bet)
Seat 2: Xenicide (button) folded before Flop (didn't bet)
Seat 4: straight77777 (small blind) folded before Flop
Seat 6: BumHuntKing (big blind) collected ($2)



PokerStars Hand #254754196470:  Hold'em No Limit ($0.50/$1.00 USD) - 2025/02/07 19:47:56 WET [2025/02/07 14:47:56 ET]
Table 'Virton II' 6-max Seat #4 is the button
Seat 3: vadjkeee ($100 in chips) is sitting out
Seat 5: henri789 ($100 in chips) is sitting out
Seat 1: coeeeelho ($100 in chips) 
Seat 2: Xenicide ($109.78 in chips) 
Seat 4: straight77777 ($31.12 in chips) 
Seat 6: BumHuntKing ($113.22 in chips) 
BumHuntKing: posts small blind $0.50
coeeeelho: posts big blind $1
vadjkeee: sits out 
*** HOLE CARDS ***
Xenicide: folds 
straight77777: folds 
BumHuntKing: folds 
Uncalled bet ($0.50) returned to coeeeelho
coeeeelho collected $1 from pot
*** SUMMARY ***
Total pot $1 | Rake $0 
Seat 3: vadjkeee
Seat 5: henri789
Seat 1: coeeeelho (big blind) collected ($1)
Seat 2: Xenicide folded before Flop (didn't bet)
Seat 4: straight77777 (button) folded before Flop (didn't bet)
Seat 6: BumHuntKing (small blind) folded before Flop



PokerStars Hand #254754199854:  Hold'em No Limit ($0.50/$1.00 USD) - 2025/02/07 19:48:07 WET [2025/02/07 14:48:07 ET]
Table 'Virton II' 6-max Seat #6 is the button
Seat 2: Xenicide ($109.78 in chips) is sitting out
Seat 5: henri789 ($100 in chips) is sitting out
Seat 1: coeeeelho ($100.50 in chips) 
Seat 3: vadjkeee ($100 in chips) 
Seat 4: straight77777 ($31.12 in chips) 
Seat 6: BumHuntKing ($112.72 in chips) 
coeeeelho: posts small blind $0.50
Xenicide: is sitting out 
vadjkeee: posts big blind $1
henri789: sits out 
*** HOLE CARDS ***
straight77777: folds 
Xenicide leaves the table
BumHuntKing: raises $1.50 to $2.50
BoyLoc0 joins the table at seat #2 
coeeeelho: folds 
vadjkeee: folds 
Uncalled bet ($1.50) returned to BumHuntKing
BumHuntKing collected $2.50 from pot
BumHuntKing: doesn't show hand 
*** SUMMARY ***
Total pot $2.50 | Rake $0 
Seat 2: Xenicide
Seat 5: henri789
Seat 1: coeeeelho (small blind) folded before Flop
Seat 3: vadjkeee (big blind) folded before Flop
Seat 4: straight77777 folded before Flop (didn't bet)
Seat 6: BumHuntKing (button) collected ($2.50)



PokerStars Hand #254754205851:  Hold'em No Limit ($0.50/$1.00 USD) - 2025/02/07 19:48:29 WET [2025/02/07 14:48:29 ET]
Table 'Virton II' 6-max Seat #1 is the button
Seat 2: BoyLoc0 ($100 in chips) is sitting out
Seat 5: henri789 ($100 in chips) is sitting out
Seat 1: coeeeelho ($100 in chips) 
Seat 3: vadjkeee ($100 in chips) 
Seat 4: straight77777 ($31.12 in chips) 
Seat 6: BumHuntKing ($114.22 in chips) 
vadjkeee: posts small blind $0.50
straight77777: posts big blind $1
henri789: sits out 
*** HOLE CARDS ***
BumHuntKing: folds 
coeeeelho: folds 
vadjkeee: folds 
Uncalled bet ($0.50) returned to straight77777
straight77777 collected $1 from pot
*** SUMMARY ***
Total pot $1 | Rake $0 
Seat 2: BoyLoc0
Seat 5: henri789
Seat 1: coeeeelho (button) folded before Flop (didn't bet)
Seat 3: vadjkeee (small blind) folded before Flop
Seat 4: straight77777 (big blind) collected ($1)
Seat 6: BumHuntKing folded before Flop (didn't bet)



PokerStars Hand #254754210189:  Hold'em No Limit ($0.50/$1.00 USD) - 2025/02/07 19:48:44 WET [2025/02/07 14:48:44 ET]
Table 'Virton II' 6-max Seat #3 is the button
Seat 2: BoyLoc0 ($100 in chips) is sitting out
Seat 1: coeeeelho ($100 in chips) 
Seat 3: vadjkeee ($100 in chips) 
Seat 4: straight77777 ($31.62 in chips) 
Seat 5: henri789 ($100 in chips) 
Seat 6: BumHuntKing ($114.22 in chips) 
straight77777: posts small blind $0.50
henri789: posts big blind $1
BoyLoc0: sits out 
*** HOLE CARDS ***
BumHuntKing: raises $1.20 to $2.20
coeeeelho: folds 
vadjkeee: folds 
straight77777: folds 
henri789: folds 
Uncalled bet ($1.20) returned to BumHuntKing
BumHuntKing collected $2.50 from pot
BumHuntKing: doesn't show hand 
*** SUMMARY ***
Total pot $2.50 | Rake $0 
Seat 2: BoyLoc0
Seat 1: coeeeelho folded before Flop (didn't bet)
Seat 3: vadjkeee (button) folded before Flop (didn't bet)
Seat 4: straight77777 (small blind) folded before Flop
Seat 5: henri789 (big blind) folded before Flop
Seat 6: BumHuntKing collected ($2.50)



PokerStars Hand #254754215806:  Hold'em No Limit ($0.50/$1.00 USD) - 2025/02/07 19:49:04 WET [2025/02/07 14:49:04 ET]
Table 'Virton II' 6-max Seat #4 is the button
Seat 2: BoyLoc0 ($100 in chips) is sitting out
Seat 1: coeeeelho ($100 in chips) 
Seat 3: vadjkeee ($100 in chips) 
Seat 4: straight77777 ($31.12 in chips) 
Seat 5: henri789 ($100 in chips) 
Seat 6: BumHuntKing ($115.72 in chips) 
henri789: posts small blind $0.50
BumHuntKing: posts big blind $1
BoyLoc0: sits out 
*** HOLE CARDS ***
coeeeelho: folds 
vadjkeee: folds 
straight77777: folds 
henri789: folds 
Uncalled bet ($0.50) returned to BumHuntKing
BumHuntKing collected $1 from pot
BumHuntKing: doesn't show hand 
*** SUMMARY ***
Total pot $1 | Rake $0 
Seat 2: BoyLoc0
Seat 1: coeeeelho folded before Flop (didn't bet)
Seat 3: vadjkeee folded before Flop (didn't bet)
Seat 4: straight77777 (button) folded before Flop (didn't bet)
Seat 5: henri789 (small blind) folded before Flop
Seat 6: BumHuntKing (big blind) collected ($1)



PokerStars Hand #254754221478:  Hold'em No Limit ($0.50/$1.00 USD) - 2025/02/07 19:49:23 WET [2025/02/07 14:49:23 ET]
Table 'Virton II' 6-max Seat #5 is the button
Seat 2: BoyLoc0 ($100 in chips) is sitting out
Seat 1: coeeeelho ($100 in chips) 
Seat 3: vadjkeee ($100 in chips) 
Seat 4: straight77777 ($31.12 in chips) 
Seat 5: henri789 ($100 in chips) 
Seat 6: BumHuntKing ($116.22 in chips) 
BumHuntKing: posts small blind $0.50
coeeeelho: posts big blind $1
BoyLoc0: sits out 
*** HOLE CARDS ***
vadjkeee: folds 
straight77777: folds 
henri789: folds 
BumHuntKing: folds 
Uncalled bet ($0.50) returned to coeeeelho
coeeeelho collected $1 from pot
*** SUMMARY ***
Total pot $1 | Rake $0 
Seat 2: BoyLoc0
Seat 1: coeeeelho (big blind) collected ($1)
Seat 3: vadjkeee folded before Flop (didn't bet)
Seat 4: straight77777 folded before Flop (didn't bet)
Seat 5: henri789 (button) folded before Flop (didn't bet)
Seat 6: BumHuntKing (small blind) folded before Flop



PokerStars Hand #254754226054:  Hold'em No Limit ($0.50/$1.00 USD) - 2025/02/07 19:49:39 WET [2025/02/07 14:49:39 ET]
Table 'Virton II' 6-max Seat #6 is the button
Seat 1: coeeeelho ($100.50 in chips) 
Seat 2: BoyLoc0 ($100 in chips) 
Seat 3: vadjkeee ($100 in chips) 
Seat 4: straight77777 ($31.12 in chips) 
Seat 5: henri789 ($100 in chips) 
Seat 6: BumHuntKing ($115.72 in chips) 
coeeeelho: posts small blind $0.50
BoyLoc0: posts big blind $1
*** HOLE CARDS ***
vadjkeee: folds 
straight77777: folds 
henri789: folds 
BumHuntKing: folds 
coeeeelho: raises $2 to $3
BoyLoc0: calls $2
*** FLOP *** [8s 7h 5d]
coeeeelho: checks 
BoyLoc0: bets $1.88
coeeeelho: calls $1.88
*** TURN *** [8s 7h 5d] [4d]
coeeeelho: checks 
BoyLoc0: bets $4.64
coeeeelho: raises $10.36 to $15
BoyLoc0: calls $10.36
*** RIVER *** [8s 7h 5d 4d] [Ah]
coeeeelho: checks 
BoyLoc0: checks 
*** SHOW DOWN ***
coeeeelho: shows [Qh 9d] (high card Ace)
BoyLoc0: shows [Td 8d] (a pair of Eights)
BoyLoc0 collected $37.77 from pot
*** SUMMARY ***
Total pot $39.76 | Rake $1.99 
Board [8s 7h 5d 4d Ah]
Seat 1: coeeeelho (small blind) showed [Qh 9d] and lost with high card Ace
Seat 2: BoyLoc0 (big blind) showed [Td 8d] and won ($37.77) with a pair of Eights
Seat 3: vadjkeee folded before Flop (didn't bet)
Seat 4: straight77777 folded before Flop (didn't bet)
Seat 5: henri789 folded before Flop (didn't bet)
Seat 6: BumHuntKing (button) folded before Flop (didn't bet)



PokerStars Hand #254754256085:  Hold'em No Limit ($0.50/$1.00 USD) - 2025/02/07 19:51:24 WET [2025/02/07 14:51:24 ET]
Table 'Virton II' 6-max Seat #1 is the button
Seat 1: coeeeelho ($100 in chips) 
Seat 2: BoyLoc0 ($117.89 in chips) 
Seat 3: vadjkeee ($100 in chips) 
Seat 4: straight77777 ($31.12 in chips) 
Seat 5: henri789 ($100 in chips) 
Seat 6: BumHuntKing ($115.72 in chips) 
BoyLoc0: posts small blind $0.50
vadjkeee: posts big blind $1
*** HOLE CARDS ***
straight77777: folds 
henri789: folds 
BumHuntKing: folds 
coeeeelho: folds 
BoyLoc0: folds 
Uncalled bet ($0.50) returned to vadjkeee
vadjkeee collected $1 from pot
vadjkeee: doesn't show hand 
*** SUMMARY ***
Total pot $1 | Rake $0 
Seat 1: coeeeelho (button) folded before Flop (didn't bet)
Seat 2: BoyLoc0 (small blind) folded before Flop
Seat 3: vadjkeee (big blind) collected ($1)
Seat 4: straight77777 folded before Flop (didn't bet)
Seat 5: henri789 folded before Flop (didn't bet)
Seat 6: BumHuntKing folded before Flop (didn't bet)



PokerStars Hand #254754259727:  Hold'em No Limit ($0.50/$1.00 USD) - 2025/02/07 19:51:36 WET [2025/02/07 14:51:36 ET]
Table 'Virton II' 6-max Seat #2 is the button
Seat 1: coeeeelho ($100 in chips) 
Seat 2: BoyLoc0 ($117.39 in chips) 
Seat 3: vadjkeee ($100.50 in chips) 
Seat 4: straight77777 ($31.12 in chips) 
Seat 5: henri789 ($100 in chips) 
Seat 6: BumHuntKing ($115.72 in chips) 
vadjkeee: posts small blind $0.50
straight77777: posts big blind $1
*** HOLE CARDS ***
henri789: folds 
BumHuntKing: folds 
coeeeelho: folds 
BoyLoc0: raises $1.50 to $2.50
vadjkeee: folds 
straight77777: calls $1.50
*** FLOP *** [7h Jh 3s]
straight77777: checks 
BoyLoc0: bets $1.72
straight77777: calls $1.72
*** TURN *** [7h Jh 3s] [4c]
straight77777: checks 
BoyLoc0: bets $4.25
straight77777: folds 
Uncalled bet ($4.25) returned to BoyLoc0
BoyLoc0 collected $8.49 from pot
BoyLoc0: doesn't show hand 
*** SUMMARY ***
Total pot $8.94 | Rake $0.45 
Board [7h Jh 3s 4c]
Seat 1: coeeeelho folded before Flop (didn't bet)
Seat 2: BoyLoc0 (button) collected ($8.49)
Seat 3: vadjkeee (small blind) folded before Flop
Seat 4: straight77777 (big blind) folded on the Turn
Seat 5: henri789 folded before Flop (didn't bet)
Seat 6: BumHuntKing folded before Flop (didn't bet)



PokerStars Hand #254754273168:  Hold'em No Limit ($0.50/$1.00 USD) - 2025/02/07 19:52:23 WET [2025/02/07 14:52:23 ET]
Table 'Virton II' 6-max Seat #3 is the button
Seat 1: coeeeelho ($100 in chips) 
Seat 2: BoyLoc0 ($121.66 in chips) 
Seat 3: vadjkeee ($100 in chips) 
Seat 4: straight77777 ($26.90 in chips) 
Seat 5: henri789 ($100 in chips) 
Seat 6: BumHuntKing ($115.72 in chips) 
straight77777: posts small blind $0.50
henri789: posts big blind $1
*** HOLE CARDS ***
BumHuntKing: raises $1.20 to $2.20
coeeeelho: folds 
BoyLoc0: folds 
vadjkeee: folds 
straight77777: raises $3.40 to $5.60
henri789: folds 
BumHuntKing: calls $3.40
*** FLOP *** [Kc 7s 3c]
straight77777: bets $5.80
BumHuntKing: calls $5.80
*** TURN *** [Kc 7s 3c] [Kh]
straight77777: bets $15.50 and is all-in
BumHuntKing: calls $15.50
*** RIVER *** [Kc 7s 3c Kh] [3d]
*** SHOW DOWN ***
straight77777: shows [Js As] (two pair, Kings and Threes)
BumHuntKing: shows [8c Ac] (two pair, Kings and Threes)
straight77777 collected $26.15 from pot
BumHuntKing collected $26.15 from pot
*** SUMMARY ***
Total pot $54.80 | Rake $2.50 
Board [Kc 7s 3c Kh 3d]
Seat 1: coeeeelho folded before Flop (didn't bet)
Seat 2: BoyLoc0 folded before Flop (didn't bet)
Seat 3: vadjkeee (button) folded before Flop (didn't bet)
Seat 4: straight77777 (small blind) showed [Js As] and won ($26.15) with two pair, Kings and Threes
Seat 5: henri789 (big blind) folded before Flop
Seat 6: BumHuntKing showed [8c Ac] and won ($26.15) with two pair, Kings and Threes



PokerStars Hand #254754305171:  Hold'em No Limit ($0.50/$1.00 USD) - 2025/02/07 19:54:15 WET [2025/02/07 14:54:15 ET]
Table 'Virton II' 6-max Seat #5 is the button
Seat 1: coeeeelho ($100 in chips) 
Seat 2: BoyLoc0 ($121.66 in chips) 
Seat 3: vadjkeee ($100 in chips) 
Seat 4: straight77777 ($50.30 in chips) 
Seat 5: henri789 ($100 in chips) 
Seat 6: BumHuntKing ($100 in chips) 
BumHuntKing: posts small blind $0.50
coeeeelho: posts big blind $1
*** HOLE CARDS ***
BoyLoc0: folds 
vadjkeee: folds 
straight77777: calls $1
henri789: raises $2.50 to $3.50
BumHuntKing: folds 
coeeeelho: folds 
straight77777: calls $2.50
*** FLOP *** [Qs 9h Kh]
straight77777: checks 
henri789: bets $5.41
straight77777: folds 
Uncalled bet ($5.41) returned to henri789
henri789 collected $8.08 from pot
henri789: doesn't show hand 
*** SUMMARY ***
Total pot $8.50 | Rake $0.42 
Board [Qs 9h Kh]
Seat 1: coeeeelho (big blind) folded before Flop
Seat 2: BoyLoc0 folded before Flop (didn't bet)
Seat 3: vadjkeee folded before Flop (didn't bet)
Seat 4: straight77777 folded on the Flop
Seat 5: henri789 (button) collected ($8.08)
Seat 6: BumHuntKing (small blind) folded before Flop



PokerStars Hand #254754315639:  Hold'em No Limit ($0.50/$1.00 USD) - 2025/02/07 19:54:52 WET [2025/02/07 14:54:52 ET]
Table 'Virton II' 6-max Seat #6 is the button
Seat 1: coeeeelho ($100 in chips) 
Seat 2: BoyLoc0 ($121.66 in chips) 
Seat 3: vadjkeee ($100 in chips) 
Seat 4: straight77777 ($46.80 in chips) 
Seat 5: henri789 ($104.58 in chips) 
Seat 6: BumHuntKing ($100 in chips) 
coeeeelho: posts small blind $0.50
BoyLoc0: posts big blind $1
*** HOLE CARDS ***
vadjkeee: folds 
straight77777: folds 
henri789: folds 
BumHuntKing: folds 
coeeeelho: folds 
Uncalled bet ($0.50) returned to BoyLoc0
BoyLoc0 collected $1 from pot
BoyLoc0: doesn't show hand 
*** SUMMARY ***
Total pot $1 | Rake $0 
Seat 1: coeeeelho (small blind) folded before Flop
Seat 2: BoyLoc0 (big blind) collected ($1)
Seat 3: vadjkeee folded before Flop (didn't bet)
Seat 4: straight77777 folded before Flop (didn't bet)
Seat 5: henri789 folded before Flop (didn't bet)
Seat 6: BumHuntKing (button) folded before Flop (didn't bet)



PokerStars Hand #254754319684:  Hold'em No Limit ($0.50/$1.00 USD) - 2025/02/07 19:55:07 WET [2025/02/07 14:55:07 ET]
Table 'Virton II' 6-max Seat #1 is the button
Seat 1: coeeeelho ($100 in chips) 
Seat 2: BoyLoc0 ($122.16 in chips) 
Seat 3: vadjkeee ($100 in chips) 
Seat 4: straight77777 ($46.80 in chips) 
Seat 5: henri789 ($104.58 in chips) 
Seat 6: BumHuntKing ($100 in chips) 
BoyLoc0: posts small blind $0.50
vadjkeee: posts big blind $1
*** HOLE CARDS ***
straight77777: folds 
henri789: folds 
BumHuntKing: folds 
coeeeelho: folds 
BoyLoc0: folds 
Uncalled bet ($0.50) returned to vadjkeee
vadjkeee collected $1 from pot
vadjkeee: doesn't show hand 
*** SUMMARY ***
Total pot $1 | Rake $0 
Seat 1: coeeeelho (button) folded before Flop (didn't bet)
Seat 2: BoyLoc0 (small blind) folded before Flop
Seat 3: vadjkeee (big blind) collected ($1)
Seat 4: straight77777 folded before Flop (didn't bet)
Seat 5: henri789 folded before Flop (didn't bet)
Seat 6: BumHuntKing folded before Flop (didn't bet)



PokerStars Hand #254754322633:  Hold'em No Limit ($0.50/$1.00 USD) - 2025/02/07 19:55:21 WET [2025/02/07 14:55:21 ET]
Table 'Virton II' 6-max Seat #2 is the button
Seat 1: coeeeelho ($100 in chips) 
Seat 2: BoyLoc0 ($121.66 in chips) 
Seat 3: vadjkeee ($100.50 in chips) 
Seat 4: straight77777 ($46.80 in chips) 
Seat 5: henri789 ($104.58 in chips) 
Seat 6: BumHuntKing ($100 in chips) 
vadjkeee: posts small blind $0.50
straight77777: posts big blind $1
*** HOLE CARDS ***
henri789: folds 
BumHuntKing: raises $1.20 to $2.20
coeeeelho: folds 
BoyLoc0: folds 
vadjkeee: folds 
straight77777: calls $1.20
*** FLOP *** [Kh 3d Ks]
straight77777: checks 
BumHuntKing: bets $1.54
straight77777: folds 
Uncalled bet ($1.54) returned to BumHuntKing
BumHuntKing collected $4.66 from pot
BumHuntKing: doesn't show hand 
*** SUMMARY ***
Total pot $4.90 | Rake $0.24 
Board [Kh 3d Ks]
Seat 1: coeeeelho folded before Flop (didn't bet)
Seat 2: BoyLoc0 (button) folded before Flop (didn't bet)
Seat 3: vadjkeee (small blind) folded before Flop
Seat 4: straight77777 (big blind) folded on the Flop
Seat 5: henri789 folded before Flop (didn't bet)
Seat 6: BumHuntKing collected ($4.66)



PokerStars Hand #254754327358:  Hold'em No Limit ($0.50/$1.00 USD) - 2025/02/07 19:55:45 WET [2025/02/07 14:55:45 ET]
Table 'Virton II' 6-max Seat #3 is the button
Seat 1: coeeeelho ($100 in chips) 
Seat 2: BoyLoc0 ($121.66 in chips) 
Seat 3: vadjkeee ($100 in chips) 
Seat 4: straight77777 ($44.60 in chips) 
Seat 5: henri789 ($104.58 in chips) 
Seat 6: BumHuntKing ($102.46 in chips) 
straight77777: posts small blind $0.50
henri789: posts big blind $1
*** HOLE CARDS ***
BumHuntKing: folds 
coeeeelho: raises $1.10 to $2.10
BoyLoc0: folds 
vadjkeee: folds 
straight77777: folds 
henri789: folds 
Uncalled bet ($1.10) returned to coeeeelho
coeeeelho collected $2.50 from pot
*** SUMMARY ***
Total pot $2.50 | Rake $0 
Seat 1: coeeeelho collected ($2.50)
Seat 2: BoyLoc0 folded before Flop (didn't bet)
Seat 3: vadjkeee (button) folded before Flop (didn't bet)
Seat 4: straight77777 (small blind) folded before Flop
Seat 5: henri789 (big blind) folded before Flop
Seat 6: BumHuntKing folded before Flop (didn't bet)



PokerStars Hand #254754334745:  Hold'em No Limit ($0.50/$1.00 USD) - 2025/02/07 19:56:21 WET [2025/02/07 14:56:21 ET]
Table 'Virton II' 6-max Seat #4 is the button
Seat 1: coeeeelho ($101.50 in chips) 
Seat 2: BoyLoc0 ($121.66 in chips) 
Seat 3: vadjkeee ($100 in chips) 
Seat 4: straight77777 ($44.10 in chips) 
Seat 5: henri789 ($103.58 in chips) 
Seat 6: BumHuntKing ($102.46 in chips) 
henri789: posts small blind $0.50
BumHuntKing: posts big blind $1
*** HOLE CARDS ***
coeeeelho: folds 
BoyLoc0: folds 
vadjkeee: folds 
straight77777: folds 
henri789: folds 
Uncalled bet ($0.50) returned to BumHuntKing
BumHuntKing collected $1 from pot
BumHuntKing: doesn't show hand 
*** SUMMARY ***
Total pot $1 | Rake $0 
Seat 1: coeeeelho folded before Flop (didn't bet)
Seat 2: BoyLoc0 folded before Flop (didn't bet)
Seat 3: vadjkeee folded before Flop (didn't bet)
Seat 4: straight77777 (button) folded before Flop (didn't bet)
Seat 5: henri789 (small blind) folded before Flop
Seat 6: BumHuntKing (big blind) collected ($1)



PokerStars Hand #254754337612:  Hold'em No Limit ($0.50/$1.00 USD) - 2025/02/07 19:56:35 WET [2025/02/07 14:56:35 ET]
Table 'Virton II' 6-max Seat #5 is the button
Seat 1: coeeeelho ($101.50 in chips) 
Seat 2: BoyLoc0 ($121.66 in chips) 
Seat 3: vadjkeee ($100 in chips) 
Seat 4: straight77777 ($44.10 in chips) 
Seat 5: henri789 ($103.08 in chips) 
Seat 6: BumHuntKing ($102.96 in chips) 
BumHuntKing: posts small blind $0.50
coeeeelho: posts big blind $1
*** HOLE CARDS ***
BoyLoc0: folds 
vadjkeee: raises $1.50 to $2.50
straight77777: folds 
henri789: folds 
BumHuntKing: raises $9 to $11.50
coeeeelho: folds 
vadjkeee: calls $9
*** FLOP *** [Td Th Jd]
BumHuntKing: bets $11.40
vadjkeee: calls $11.40
*** TURN *** [Td Th Jd] [6h]
BumHuntKing: checks 
vadjkeee: bets $11.12
BumHuntKing: raises $68.94 to $80.06 and is all-in
vadjkeee: calls $65.98 and is all-in
Uncalled bet ($2.96) returned to BumHuntKing
*** RIVER *** [Td Th Jd 6h] [3s]
*** SHOW DOWN ***
BumHuntKing: shows [Qd Ks] (a pair of Tens)
vadjkeee: shows [6d 6c] (a full house, Sixes full of Tens)
vadjkeee collected $198.50 from pot
*** SUMMARY ***
Total pot $201 | Rake $2.50 
Board [Td Th Jd 6h 3s]
Seat 1: coeeeelho (big blind) folded before Flop
Seat 2: BoyLoc0 folded before Flop (didn't bet)
Seat 3: vadjkeee showed [6d 6c] and won ($198.50) with a full house, Sixes full of Tens
Seat 4: straight77777 folded before Flop (didn't bet)
Seat 5: henri789 (button) folded before Flop (didn't bet)
Seat 6: BumHuntKing (small blind) showed [Qd Ks] and lost with a pair of Tens



PokerStars Hand #254754353061:  Hold'em No Limit ($0.50/$1.00 USD) - 2025/02/07 19:57:50 WET [2025/02/07 14:57:50 ET]
Table 'Virton II' 6-max Seat #6 is the button
Seat 1: coeeeelho ($100.50 in chips) 
Seat 2: BoyLoc0 ($121.66 in chips) 
Seat 3: vadjkeee ($198.50 in chips) 
Seat 4: straight77777 ($44.10 in chips) 
Seat 5: henri789 ($103.08 in chips) 
Seat 6: BumHuntKing ($100 in chips) 
coeeeelho: posts small blind $0.50
BoyLoc0: posts big blind $1
*** HOLE CARDS ***
vadjkeee: folds 
straight77777: folds 
henri789: raises $1.50 to $2.50
BumHuntKing: folds 
coeeeelho: folds 
BoyLoc0: folds 
Uncalled bet ($1.50) returned to henri789
henri789 collected $2.50 from pot
henri789: doesn't show hand 
*** SUMMARY ***
Total pot $2.50 | Rake $0 
Seat 1: coeeeelho (small blind) folded before Flop
Seat 2: BoyLoc0 (big blind) folded before Flop
Seat 3: vadjkeee folded before Flop (didn't bet)
Seat 4: straight77777 folded before Flop (didn't bet)
Seat 5: henri789 collected ($2.50)
Seat 6: BumHuntKing (button) folded before Flop (didn't bet)



PokerStars Hand #254754357033:  Hold'em No Limit ($0.50/$1.00 USD) - 2025/02/07 19:58:09 WET [2025/02/07 14:58:09 ET]
Table 'Virton II' 6-max Seat #1 is the button
Seat 3: vadjkeee ($198.50 in chips) is sitting out
Seat 1: coeeeelho ($100 in chips) 
Seat 2: BoyLoc0 ($120.66 in chips) 
Seat 4: straight77777 ($44.10 in chips) 
Seat 5: henri789 ($104.58 in chips) 
Seat 6: BumHuntKing ($100 in chips) 
BoyLoc0: posts small blind $0.50
vadjkeee: is sitting out 
straight77777: posts big blind $1
*** HOLE CARDS ***
henri789: raises $1.50 to $2.50
BumHuntKing: raises $5 to $7.50
coeeeelho: folds 
BoyLoc0: folds 
straight77777: folds 
henri789: folds 
Uncalled bet ($5) returned to BumHuntKing
BumHuntKing collected $6.50 from pot
BumHuntKing: doesn't show hand 
*** SUMMARY ***
Total pot $6.50 | Rake $0 
Seat 3: vadjkeee
Seat 1: coeeeelho (button) folded before Flop (didn't bet)
Seat 2: BoyLoc0 (small blind) folded before Flop
Seat 4: straight77777 (big blind) folded before Flop
Seat 5: henri789 folded before Flop
Seat 6: BumHuntKing collected ($6.50)



PokerStars Hand #254754367724:  Hold'em No Limit ($0.50/$1.00 USD) - 2025/02/07 19:59:01 WET [2025/02/07 14:59:01 ET]
Table 'Virton II' 6-max Seat #2 is the button
Seat 3: vadjkeee ($198.50 in chips) is sitting out
Seat 1: coeeeelho ($100 in chips) 
Seat 2: BoyLoc0 ($120.16 in chips) 
Seat 4: straight77777 ($43.10 in chips) 
Seat 5: henri789 ($102.08 in chips) 
Seat 6: BumHuntKing ($104 in chips) 
straight77777: posts small blind $0.50
henri789: posts big blind $1
*** HOLE CARDS ***
BumHuntKing: folds 
coeeeelho: folds 
BoyLoc0 has timed out
BoyLoc0: folds 
straight77777: folds 
Uncalled bet ($0.50) returned to henri789
henri789 collected $1 from pot
henri789: doesn't show hand 
*** SUMMARY ***
Total pot $1 | Rake $0 
Seat 3: vadjkeee
Seat 1: coeeeelho folded before Flop (didn't bet)
Seat 2: BoyLoc0 (button) folded before Flop (didn't bet)
Seat 4: straight77777 (small blind) folded before Flop
Seat 5: henri789 (big blind) collected ($1)
Seat 6: BumHuntKing folded before Flop (didn't bet)



PokerStars Hand #254754377993:  Hold'em No Limit ($0.50/$1.00 USD) - 2025/02/07 19:59:49 WET [2025/02/07 14:59:49 ET]
Table 'Virton II' 6-max Seat #4 is the button
Seat 3: vadjkeee ($198.50 in chips) is sitting out
Seat 1: coeeeelho ($100 in chips) 
Seat 2: BoyLoc0 ($120.16 in chips) 
Seat 4: straight77777 ($42.60 in chips) 
Seat 5: henri789 ($102.58 in chips) 
Seat 6: BumHuntKing ($104 in chips) 
henri789: posts small blind $0.50
BumHuntKing: posts big blind $1
*** HOLE CARDS ***
coeeeelho: folds 
BoyLoc0: folds 
straight77777 has timed out
straight77777: folds 
henri789: folds 
Uncalled bet ($0.50) returned to BumHuntKing
BumHuntKing collected $1 from pot
BumHuntKing: doesn't show hand 
*** SUMMARY ***
Total pot $1 | Rake $0 
Seat 3: vadjkeee
Seat 1: coeeeelho folded before Flop (didn't bet)
Seat 2: BoyLoc0 folded before Flop (didn't bet)
Seat 4: straight77777 (button) folded before Flop (didn't bet)
Seat 5: henri789 (small blind) folded before Flop
Seat 6: BumHuntKing (big blind) collected ($1)



PokerStars Hand #254754388809:  Hold'em No Limit ($0.50/$1.00 USD) - 2025/02/07 20:00:38 WET [2025/02/07 15:00:38 ET]
Table 'Virton II' 6-max Seat #5 is the button
Seat 3: vadjkeee ($198.50 in chips) is sitting out
Seat 4: straight77777 ($42.60 in chips) is sitting out
Seat 1: coeeeelho ($100 in chips) 
Seat 2: BoyLoc0 ($120.16 in chips) 
Seat 5: henri789 ($102.08 in chips) 
Seat 6: BumHuntKing ($104.50 in chips) 
BumHuntKing: posts small blind $0.50
coeeeelho: posts big blind $1
*** HOLE CARDS ***
BoyLoc0: folds 
henri789: folds 
BumHuntKing: raises $2 to $3
coeeeelho: raises $7 to $10
BumHuntKing: folds 
Uncalled bet ($7) returned to coeeeelho
coeeeelho collected $6 from pot
*** SUMMARY ***
Total pot $6 | Rake $0 
Seat 3: vadjkeee
Seat 4: straight77777
Seat 1: coeeeelho (big blind) collected ($6)
Seat 2: BoyLoc0 folded before Flop (didn't bet)
Seat 5: henri789 (button) folded before Flop (didn't bet)
Seat 6: BumHuntKing (small blind) folded before Flop



PokerStars Hand #254754395328:  Hold'em No Limit ($0.50/$1.00 USD) - 2025/02/07 20:01:06 WET [2025/02/07 15:01:06 ET]
Table 'Virton II' 6-max Seat #6 is the button
Seat 3: vadjkeee ($198.50 in chips) is sitting out
Seat 1: coeeeelho ($103 in chips) 
Seat 2: BoyLoc0 ($120.16 in chips) 
Seat 4: straight77777 ($42.60 in chips) 
Seat 5: henri789 ($102.08 in chips) 
Seat 6: BumHuntKing ($101.50 in chips) 
coeeeelho: posts small blind $0.50
BoyLoc0: posts big blind $1
*** HOLE CARDS ***
straight77777 has timed out
straight77777: folds 
henri789: raises $1.50 to $2.50
BumHuntKing: raises $5 to $7.50
coeeeelho: folds 
BoyLoc0: raises $13.50 to $21
henri789: folds 
BumHuntKing: folds 
Uncalled bet ($13.50) returned to BoyLoc0
BoyLoc0 collected $18 from pot
BoyLoc0: doesn't show hand 
*** SUMMARY ***
Total pot $18 | Rake $0 
Seat 3: vadjkeee
Seat 1: coeeeelho (small blind) folded before Flop
Seat 2: BoyLoc0 (big blind) collected ($18)
Seat 4: straight77777 folded before Flop (didn't bet)
Seat 5: henri789 folded before Flop
Seat 6: BumHuntKing (button) folded before Flop



PokerStars Hand #254754408356:  Hold'em No Limit ($0.50/$1.00 USD) - 2025/02/07 20:01:56 WET [2025/02/07 15:01:56 ET]
Table 'Virton II' 6-max Seat #1 is the button
Seat 1: coeeeelho ($102.50 in chips) 
Seat 2: BoyLoc0 ($130.66 in chips) 
Seat 3: vadjkeee ($198.50 in chips) 
Seat 4: straight77777 ($42.60 in chips) 
Seat 5: henri789 ($100 in chips) 
Seat 6: BumHuntKing ($100 in chips) 
BoyLoc0: posts small blind $0.50
vadjkeee: posts big blind $1
*** HOLE CARDS ***
straight77777: calls $1
henri789: folds 
BumHuntKing: folds 
coeeeelho: folds 
BoyLoc0: folds 
vadjkeee: raises $4 to $5
straight77777: calls $4
*** FLOP *** [2s 3c Qd]
vadjkeee: bets $3.09
straight77777: calls $3.09
*** TURN *** [2s 3c Qd] [Ts]
vadjkeee: bets $8.24
straight77777: calls $8.24
*** RIVER *** [2s 3c Qd Ts] [9c]
vadjkeee: bets $27
straight77777: folds 
Uncalled bet ($27) returned to vadjkeee
vadjkeee collected $31.50 from pot
vadjkeee: doesn't show hand 
*** SUMMARY ***
Total pot $33.16 | Rake $1.66 
Board [2s 3c Qd Ts 9c]
Seat 1: coeeeelho (button) folded before Flop (didn't bet)
Seat 2: BoyLoc0 (small blind) folded before Flop
Seat 3: vadjkeee (big blind) collected ($31.50)
Seat 4: straight77777 folded on the River
Seat 5: henri789 folded before Flop (didn't bet)
Seat 6: BumHuntKing folded before Flop (didn't bet)



PokerStars Hand #254754426210:  Hold'em No Limit ($0.50/$1.00 USD) - 2025/02/07 20:02:59 WET [2025/02/07 15:02:59 ET]
Table 'Virton II' 6-max Seat #2 is the button
Seat 1: coeeeelho ($102.50 in chips) 
Seat 2: BoyLoc0 ($130.16 in chips) 
Seat 3: vadjkeee ($213.67 in chips) 
Seat 4: straight77777 ($26.27 in chips) 
Seat 5: henri789 ($100 in chips) 
Seat 6: BumHuntKing ($100 in chips) 
vadjkeee: posts small blind $0.50
straight77777: posts big blind $1
*** HOLE CARDS ***
henri789: folds 
BumHuntKing: raises $1.20 to $2.20
coeeeelho: folds 
BoyLoc0: folds 
vadjkeee: folds 
straight77777: raises $6.90 to $9.10
BumHuntKing: folds 
Uncalled bet ($6.90) returned to straight77777
straight77777 collected $4.90 from pot
*** SUMMARY ***
Total pot $4.90 | Rake $0 
Seat 1: coeeeelho folded before Flop (didn't bet)
Seat 2: BoyLoc0 (button) folded before Flop (didn't bet)
Seat 3: vadjkeee (small blind) folded before Flop
Seat 4: straight77777 (big blind) collected ($4.90)
Seat 5: henri789 folded before Flop (didn't bet)
Seat 6: BumHuntKing folded before Flop



PokerStars Hand #254754433013:  Hold'em No Limit ($0.50/$1.00 USD) - 2025/02/07 20:03:23 WET [2025/02/07 15:03:23 ET]
Table 'Virton II' 6-max Seat #3 is the button
Seat 1: coeeeelho ($102.50 in chips) 
Seat 2: BoyLoc0 ($130.16 in chips) 
Seat 3: vadjkeee ($213.17 in chips) 
Seat 4: straight77777 ($28.97 in chips) 
Seat 5: henri789 ($100 in chips) 
Seat 6: BumHuntKing ($100 in chips) 
straight77777: posts small blind $0.50
henri789: posts big blind $1
*** HOLE CARDS ***
BumHuntKing: folds 
coeeeelho: raises $1.20 to $2.20
BoyLoc0: folds 
vadjkeee: calls $2.20
straight77777 has timed out
straight77777: folds 
henri789: calls $1.20
*** FLOP *** [Qd As Td]
henri789: checks 
coeeeelho: checks 
vadjkeee: checks 
*** TURN *** [Qd As Td] [7h]
henri789: checks 
coeeeelho: checks 
vadjkeee: checks 
*** RIVER *** [Qd As Td 7h] [9h]
henri789: bets $4.85
coeeeelho: folds 
vadjkeee: folds 
Uncalled bet ($4.85) returned to henri789
henri789 collected $6.74 from pot
henri789: doesn't show hand 
*** SUMMARY ***
Total pot $7.10 | Rake $0.36 
Board [Qd As Td 7h 9h]
Seat 1: coeeeelho folded on the River
Seat 2: BoyLoc0 folded before Flop (didn't bet)
Seat 3: vadjkeee (button) folded on the River
Seat 4: straight77777 (small blind) folded before Flop
Seat 5: henri789 (big blind) collected ($6.74)
Seat 6: BumHuntKing folded before Flop (didn't bet)



PokerStars Hand #254754467483:  Hold'em No Limit ($0.50/$1.00 USD) - 2025/02/07 20:05:20 WET [2025/02/07 15:05:20 ET]
Table 'Virton II' 6-max Seat #4 is the button
Seat 1: coeeeelho ($100.30 in chips) 
Seat 2: BoyLoc0 ($130.16 in chips) 
Seat 3: vadjkeee ($210.97 in chips) 
Seat 4: straight77777 ($28.47 in chips) 
Seat 5: henri789 ($104.54 in chips) 
Seat 6: BumHuntKing ($100 in chips) 
henri789: posts small blind $0.50
BumHuntKing: posts big blind $1
*** HOLE CARDS ***
coeeeelho: folds 
BoyLoc0: folds 
vadjkeee: folds 
straight77777: calls $1
henri789: folds 
BumHuntKing: checks 
*** FLOP *** [7h 2s 6s]
BumHuntKing: checks 
straight77777: bets $1
BumHuntKing: raises $3.50 to $4.50
straight77777: folds 
Uncalled bet ($3.50) returned to BumHuntKing
BumHuntKing collected $4.28 from pot
BumHuntKing: doesn't show hand 
*** SUMMARY ***
Total pot $4.50 | Rake $0.22 
Board [7h 2s 6s]
Seat 1: coeeeelho folded before Flop (didn't bet)
Seat 2: BoyLoc0 folded before Flop (didn't bet)
Seat 3: vadjkeee folded before Flop (didn't bet)
Seat 4: straight77777 (button) folded on the Flop
Seat 5: henri789 (small blind) folded before Flop
Seat 6: BumHuntKing (big blind) collected ($4.28)



PokerStars Hand #254754475918:  Hold'em No Limit ($0.50/$1.00 USD) - 2025/02/07 20:05:48 WET [2025/02/07 15:05:48 ET]
Table 'Virton II' 6-max Seat #5 is the button
Seat 1: coeeeelho ($100.30 in chips) 
Seat 2: BoyLoc0 ($130.16 in chips) 
Seat 3: vadjkeee ($210.97 in chips) 
Seat 4: straight77777 ($26.47 in chips) 
Seat 5: henri789 ($104.04 in chips) 
Seat 6: BumHuntKing ($102.28 in chips) 
BumHuntKing: posts small blind $0.50
coeeeelho: posts big blind $1
*** HOLE CARDS ***
BoyLoc0: folds 
vadjkeee: folds 
straight77777: folds 
henri789: folds 
BumHuntKing: raises $2 to $3
coeeeelho: folds 
Uncalled bet ($2) returned to BumHuntKing
BumHuntKing collected $2 from pot
BumHuntKing: doesn't show hand 
*** SUMMARY ***
Total pot $2 | Rake $0 
Seat 1: coeeeelho (big blind) folded before Flop
Seat 2: BoyLoc0 folded before Flop (didn't bet)
Seat 3: vadjkeee folded before Flop (didn't bet)
Seat 4: straight77777 folded before Flop (didn't bet)
Seat 5: henri789 (button) folded before Flop (didn't bet)
Seat 6: BumHuntKing (small blind) collected ($2)



PokerStars Hand #254754479859:  Hold'em No Limit ($0.50/$1.00 USD) - 2025/02/07 20:06:01 WET [2025/02/07 15:06:01 ET]
Table 'Virton II' 6-max Seat #6 is the button
Seat 1: coeeeelho ($100 in chips) 
Seat 2: BoyLoc0 ($130.16 in chips) 
Seat 3: vadjkeee ($210.97 in chips) 
Seat 4: straight77777 ($26.47 in chips) 
Seat 5: henri789 ($104.04 in chips) 
Seat 6: BumHuntKing ($103.28 in chips) 
coeeeelho: posts small blind $0.50
BoyLoc0: posts big blind $1
*** HOLE CARDS ***
vadjkeee: folds 
straight77777: calls $1
henri789: folds 
BumHuntKing: raises $3.50 to $4.50
coeeeelho: folds 
BoyLoc0: folds 
straight77777: calls $3.50
*** FLOP *** [3d 4d Ac]
straight77777: checks 
BumHuntKing: bets $2.50
straight77777: folds 
Uncalled bet ($2.50) returned to BumHuntKing
BumHuntKing collected $9.98 from pot
BumHuntKing: doesn't show hand 
*** SUMMARY ***
Total pot $10.50 | Rake $0.52 
Board [3d 4d Ac]
Seat 1: coeeeelho (small blind) folded before Flop
Seat 2: BoyLoc0 (big blind) folded before Flop
Seat 3: vadjkeee folded before Flop (didn't bet)
Seat 4: straight77777 folded on the Flop
Seat 5: henri789 folded before Flop (didn't bet)
Seat 6: BumHuntKing (button) collected ($9.98)



PokerStars Hand #254754490564:  Hold'em No Limit ($0.50/$1.00 USD) - 2025/02/07 20:06:36 WET [2025/02/07 15:06:36 ET]
Table 'Virton II' 6-max Seat #1 is the button
Seat 1: coeeeelho ($100 in chips) 
Seat 2: BoyLoc0 ($129.16 in chips) 
Seat 3: vadjkeee ($210.97 in chips) 
Seat 4: straight77777 ($21.97 in chips) 
Seat 5: henri789 ($104.04 in chips) 
Seat 6: BumHuntKing ($108.76 in chips) 
BoyLoc0: posts small blind $0.50
vadjkeee: posts big blind $1
*** HOLE CARDS ***
straight77777: folds 
henri789: folds 
BumHuntKing: folds 
coeeeelho: folds 
BoyLoc0: folds 
Uncalled bet ($0.50) returned to vadjkeee
vadjkeee collected $1 from pot
vadjkeee: doesn't show hand 
*** SUMMARY ***
Total pot $1 | Rake $0 
Seat 1: coeeeelho (button) folded before Flop (didn't bet)
Seat 2: BoyLoc0 (small blind) folded before Flop
Seat 3: vadjkeee (big blind) collected ($1)
Seat 4: straight77777 folded before Flop (didn't bet)
Seat 5: henri789 folded before Flop (didn't bet)
Seat 6: BumHuntKing folded before Flop (didn't bet)



PokerStars Hand #254754493324:  Hold'em No Limit ($0.50/$1.00 USD) - 2025/02/07 20:06:46 WET [2025/02/07 15:06:46 ET]
Table 'Virton II' 6-max Seat #2 is the button
Seat 1: coeeeelho ($100 in chips) 
Seat 2: BoyLoc0 ($128.66 in chips) 
Seat 3: vadjkeee ($211.47 in chips) 
Seat 4: straight77777 ($21.97 in chips) 
Seat 5: henri789 ($104.04 in chips) 
Seat 6: BumHuntKing ($108.76 in chips) 
vadjkeee: posts small blind $0.50
straight77777: posts big blind $1
*** HOLE CARDS ***
henri789: folds 
BumHuntKing: folds 
coeeeelho: folds 
BoyLoc0: raises $1.50 to $2.50
vadjkeee: raises $6.50 to $9
straight77777: folds 
BoyLoc0: calls $6.50
*** FLOP *** [5s 9h 3s]
vadjkeee: checks 
BoyLoc0: bets $5.96
vadjkeee: raises $16.85 to $22.81
BoyLoc0: folds 
Uncalled bet ($16.85) returned to vadjkeee
vadjkeee collected $29.37 from pot
vadjkeee: doesn't show hand 
*** SUMMARY ***
Total pot $30.92 | Rake $1.55 
Board [5s 9h 3s]
Seat 1: coeeeelho folded before Flop (didn't bet)
Seat 2: BoyLoc0 (button) folded on the Flop
Seat 3: vadjkeee (small blind) collected ($29.37)
Seat 4: straight77777 (big blind) folded before Flop
Seat 5: henri789 folded before Flop (didn't bet)
Seat 6: BumHuntKing folded before Flop (didn't bet)



PokerStars Hand #254754505812:  Hold'em No Limit ($0.50/$1.00 USD) - 2025/02/07 20:07:27 WET [2025/02/07 15:07:27 ET]
Table 'Virton II' 6-max Seat #3 is the button
Seat 1: coeeeelho ($100 in chips) 
Seat 2: BoyLoc0 ($113.70 in chips) 
Seat 3: vadjkeee ($225.88 in chips) 
Seat 4: straight77777 ($20.97 in chips) 
Seat 5: henri789 ($104.04 in chips) 
Seat 6: BumHuntKing ($108.76 in chips) 
straight77777: posts small blind $0.50
henri789: posts big blind $1
*** HOLE CARDS ***
BumHuntKing: raises $3.50 to $4.50
coeeeelho: folds 
BoyLoc0: folds 
vadjkeee: folds 
straight77777: folds 
henri789: folds 
Uncalled bet ($3.50) returned to BumHuntKing
BumHuntKing collected $2.50 from pot
BumHuntKing: doesn't show hand 
*** SUMMARY ***
Total pot $2.50 | Rake $0 
Seat 1: coeeeelho folded before Flop (didn't bet)
Seat 2: BoyLoc0 folded before Flop (didn't bet)
Seat 3: vadjkeee (button) folded before Flop (didn't bet)
Seat 4: straight77777 (small blind) folded before Flop
Seat 5: henri789 (big blind) folded before Flop
Seat 6: BumHuntKing collected ($2.50)



PokerStars Hand #254754512545:  Hold'em No Limit ($0.50/$1.00 USD) - 2025/02/07 20:07:49 WET [2025/02/07 15:07:49 ET]
Table 'Virton II' 6-max Seat #4 is the button
Seat 1: coeeeelho ($100 in chips) 
Seat 2: BoyLoc0 ($113.70 in chips) 
Seat 3: vadjkeee ($225.88 in chips) 
Seat 4: straight77777 ($20.47 in chips) 
Seat 5: henri789 ($103.04 in chips) 
Seat 6: BumHuntKing ($110.26 in chips) 
henri789: posts small blind $0.50
BumHuntKing: posts big blind $1
*** HOLE CARDS ***
coeeeelho: folds 
BoyLoc0: folds 
vadjkeee: folds 
straight77777: folds 
henri789: folds 
Uncalled bet ($0.50) returned to BumHuntKing
BumHuntKing collected $1 from pot
BumHuntKing: doesn't show hand 
*** SUMMARY ***
Total pot $1 | Rake $0 
Seat 1: coeeeelho folded before Flop (didn't bet)
Seat 2: BoyLoc0 folded before Flop (didn't bet)
Seat 3: vadjkeee folded before Flop (didn't bet)
Seat 4: straight77777 (button) folded before Flop (didn't bet)
Seat 5: henri789 (small blind) folded before Flop
Seat 6: BumHuntKing (big blind) collected ($1)



PokerStars Hand #254754515318:  Hold'em No Limit ($0.50/$1.00 USD) - 2025/02/07 20:07:58 WET [2025/02/07 15:07:58 ET]
Table 'Virton II' 6-max Seat #5 is the button
Seat 1: coeeeelho ($100 in chips) 
Seat 2: BoyLoc0 ($113.70 in chips) 
Seat 3: vadjkeee ($225.88 in chips) 
Seat 4: straight77777 ($20.47 in chips) 
Seat 5: henri789 ($102.54 in chips) 
Seat 6: BumHuntKing ($110.76 in chips) 
BumHuntKing: posts small blind $0.50
coeeeelho: posts big blind $1
*** HOLE CARDS ***
BoyLoc0: folds 
vadjkeee: folds 
straight77777: calls $1
henri789: folds 
BumHuntKing: folds 
coeeeelho: checks 
*** FLOP *** [As Kd Qh]
coeeeelho: checks 
straight77777: bets $1
coeeeelho: folds 
Uncalled bet ($1) returned to straight77777
straight77777 collected $2.38 from pot
*** SUMMARY ***
Total pot $2.50 | Rake $0.12 
Board [As Kd Qh]
Seat 1: coeeeelho (big blind) folded on the Flop
Seat 2: BoyLoc0 folded before Flop (didn't bet)
Seat 3: vadjkeee folded before Flop (didn't bet)
Seat 4: straight77777 collected ($2.38)
Seat 5: henri789 (button) folded before Flop (didn't bet)
Seat 6: BumHuntKing (small blind) folded before Flop



PokerStars Hand #254754523713:  Hold'em No Limit ($0.50/$1.00 USD) - 2025/02/07 20:08:26 WET [2025/02/07 15:08:26 ET]
Table 'Virton II' 6-max Seat #6 is the button
Seat 1: coeeeelho ($100 in chips) 
Seat 2: BoyLoc0 ($113.70 in chips) 
Seat 3: vadjkeee ($225.88 in chips) 
Seat 4: straight77777 ($21.85 in chips) 
Seat 5: henri789 ($102.54 in chips) 
Seat 6: BumHuntKing ($110.26 in chips) 
coeeeelho: posts small blind $0.50
BoyLoc0: posts big blind $1
*** HOLE CARDS ***
vadjkeee: folds 
straight77777: folds 
henri789: folds 
BumHuntKing: folds 
coeeeelho: raises $2 to $3
BoyLoc0: calls $2
*** FLOP *** [8d Qh 2s]
coeeeelho: bets $1.88
BoyLoc0: folds 
Uncalled bet ($1.88) returned to coeeeelho
coeeeelho collected $5.70 from pot
*** SUMMARY ***
Total pot $6 | Rake $0.30 
Board [8d Qh 2s]
Seat 1: coeeeelho (small blind) collected ($5.70)
Seat 2: BoyLoc0 (big blind) folded on the Flop
Seat 3: vadjkeee folded before Flop (didn't bet)
Seat 4: straight77777 folded before Flop (didn't bet)
Seat 5: henri789 folded before Flop (didn't bet)
Seat 6: BumHuntKing (button) folded before Flop (didn't bet)



PokerStars Hand #254754531847:  Hold'em No Limit ($0.50/$1.00 USD) - 2025/02/07 20:08:53 WET [2025/02/07 15:08:53 ET]
Table 'Virton II' 6-max Seat #1 is the button
Seat 1: coeeeelho ($102.70 in chips) 
Seat 2: BoyLoc0 ($110.70 in chips) 
Seat 3: vadjkeee ($225.88 in chips) 
Seat 4: straight77777 ($21.85 in chips) 
Seat 5: henri789 ($102.54 in chips) 
Seat 6: BumHuntKing ($110.26 in chips) 
BoyLoc0: posts small blind $0.50
vadjkeee: posts big blind $1
*** HOLE CARDS ***
straight77777: folds 
henri789: folds 
BumHuntKing: raises $1.20 to $2.20
coeeeelho: folds 
BoyLoc0: folds 
vadjkeee: folds 
Uncalled bet ($1.20) returned to BumHuntKing
BumHuntKing collected $2.50 from pot
BumHuntKing: doesn't show hand 
*** SUMMARY ***
Total pot $2.50 | Rake $0 
Seat 1: coeeeelho (button) folded before Flop (didn't bet)
Seat 2: BoyLoc0 (small blind) folded before Flop
Seat 3: vadjkeee (big blind) folded before Flop
Seat 4: straight77777 folded before Flop (didn't bet)
Seat 5: henri789 folded before Flop (didn't bet)
Seat 6: BumHuntKing collected ($2.50)



PokerStars Hand #254754537502:  Hold'em No Limit ($0.50/$1.00 USD) - 2025/02/07 20:09:12 WET [2025/02/07 15:09:12 ET]
Table 'Virton II' 6-max Seat #2 is the button
Seat 1: coeeeelho ($102.70 in chips) 
Seat 2: BoyLoc0 ($110.20 in chips) 
Seat 3: vadjkeee ($224.88 in chips) 
Seat 4: straight77777 ($21.85 in chips) 
Seat 5: henri789 ($102.54 in chips) 
Seat 6: BumHuntKing ($111.76 in chips) 
vadjkeee: posts small blind $0.50
straight77777: posts big blind $1
*** HOLE CARDS ***
henri789: folds 
BumHuntKing: folds 
coeeeelho: folds 
BoyLoc0: folds 
vadjkeee: folds 
Uncalled bet ($0.50) returned to straight77777
straight77777 collected $1 from pot
*** SUMMARY ***
Total pot $1 | Rake $0 
Seat 1: coeeeelho folded before Flop (didn't bet)
Seat 2: BoyLoc0 (button) folded before Flop (didn't bet)
Seat 3: vadjkeee (small blind) folded before Flop
Seat 4: straight77777 (big blind) collected ($1)
Seat 5: henri789 folded before Flop (didn't bet)
Seat 6: BumHuntKing folded before Flop (didn't bet)



PokerStars Hand #254754542463:  Hold'em No Limit ($0.50/$1.00 USD) - 2025/02/07 20:09:28 WET [2025/02/07 15:09:28 ET]
Table 'Virton II' 6-max Seat #3 is the button
Seat 1: coeeeelho ($102.70 in chips) 
Seat 2: BoyLoc0 ($110.20 in chips) 
Seat 3: vadjkeee ($224.38 in chips) 
Seat 4: straight77777 ($22.35 in chips) 
Seat 5: henri789 ($102.54 in chips) 
Seat 6: BumHuntKing ($111.76 in chips) 
straight77777: posts small blind $0.50
henri789: posts big blind $1
*** HOLE CARDS ***
BumHuntKing: folds 
coeeeelho: folds 
BoyLoc0: raises $1.50 to $2.50
vadjkeee: folds 
straight77777: folds 
henri789: calls $1.50
*** FLOP *** [5c 4s 8s]
henri789: checks 
BoyLoc0: bets $1.72
henri789: folds 
Uncalled bet ($1.72) returned to BoyLoc0
BoyLoc0 collected $5.22 from pot
BoyLoc0: doesn't show hand 
*** SUMMARY ***
Total pot $5.50 | Rake $0.28 
Board [5c 4s 8s]
Seat 1: coeeeelho folded before Flop (didn't bet)
Seat 2: BoyLoc0 collected ($5.22)
Seat 3: vadjkeee (button) folded before Flop (didn't bet)
Seat 4: straight77777 (small blind) folded before Flop
Seat 5: henri789 (big blind) folded on the Flop
Seat 6: BumHuntKing folded before Flop (didn't bet)



PokerStars Hand #254754557383:  Hold'em No Limit ($0.50/$1.00 USD) - 2025/02/07 20:10:18 WET [2025/02/07 15:10:18 ET]
Table 'Virton II' 6-max Seat #4 is the button
Seat 1: coeeeelho ($102.70 in chips) 
Seat 2: BoyLoc0 ($112.92 in chips) 
Seat 3: vadjkeee ($224.38 in chips) 
Seat 4: straight77777 ($21.85 in chips) 
Seat 5: henri789 ($100.04 in chips) 
Seat 6: BumHuntKing ($111.76 in chips) 
henri789: posts small blind $0.50
BumHuntKing: posts big blind $1
*** HOLE CARDS ***
coeeeelho: folds 
BoyLoc0: folds 
vadjkeee: raises $1.50 to $2.50
straight77777: folds 
henri789: folds 
BumHuntKing: calls $1.50
*** FLOP *** [4h Kd 4d]
BumHuntKing: checks 
vadjkeee: bets $1.30
BumHuntKing: raises $4.55 to $5.85
vadjkeee: calls $4.55
*** TURN *** [4h Kd 4d] [Qd]
BumHuntKing: bets $5.39
vadjkeee: raises $14.11 to $19.50
BumHuntKing: folds 
Uncalled bet ($14.11) returned to vadjkeee
vadjkeee collected $26.58 from pot
vadjkeee: doesn't show hand 
*** SUMMARY ***
Total pot $27.98 | Rake $1.40 
Board [4h Kd 4d Qd]
Seat 1: coeeeelho folded before Flop (didn't bet)
Seat 2: BoyLoc0 folded before Flop (didn't bet)
Seat 3: vadjkeee collected ($26.58)
Seat 4: straight77777 (button) folded before Flop (didn't bet)
Seat 5: henri789 (small blind) folded before Flop
Seat 6: BumHuntKing (big blind) folded on the Turn



PokerStars Hand #254754584780:  Hold'em No Limit ($0.50/$1.00 USD) - 2025/02/07 20:11:49 WET [2025/02/07 15:11:49 ET]
Table 'Virton II' 6-max Seat #5 is the button
Seat 1: coeeeelho ($102.70 in chips) 
Seat 2: BoyLoc0 ($112.92 in chips) 
Seat 3: vadjkeee ($237.22 in chips) 
Seat 4: straight77777 ($21.85 in chips) 
Seat 5: henri789 ($100 in chips) 
Seat 6: BumHuntKing ($100 in chips) 
BumHuntKing: posts small blind $0.50
coeeeelho: posts big blind $1
*** HOLE CARDS ***
BoyLoc0: folds 
vadjkeee: folds 
straight77777 has timed out
straight77777: folds 
henri789: raises $1.50 to $2.50
BumHuntKing: folds 
coeeeelho: folds 
Uncalled bet ($1.50) returned to henri789
henri789 collected $2.50 from pot
henri789: doesn't show hand 
*** SUMMARY ***
Total pot $2.50 | Rake $0 
Seat 1: coeeeelho (big blind) folded before Flop
Seat 2: BoyLoc0 folded before Flop (didn't bet)
Seat 3: vadjkeee folded before Flop (didn't bet)
Seat 4: straight77777 folded before Flop (didn't bet)
Seat 5: henri789 (button) collected ($2.50)
Seat 6: BumHuntKing (small blind) folded before Flop



PokerStars Hand #254754597295:  Hold'em No Limit ($0.50/$1.00 USD) - 2025/02/07 20:12:30 WET [2025/02/07 15:12:30 ET]
Table 'Virton II' 6-max Seat #6 is the button
Seat 4: straight77777 ($21.85 in chips) is sitting out
Seat 1: coeeeelho ($101.70 in chips) 
Seat 2: BoyLoc0 ($112.92 in chips) 
Seat 3: vadjkeee ($237.22 in chips) 
Seat 5: henri789 ($101.50 in chips) 
Seat 6: BumHuntKing ($100 in chips) 
coeeeelho: posts small blind $0.50
BoyLoc0: posts big blind $1
*** HOLE CARDS ***
vadjkeee: folds 
henri789: folds 
BumHuntKing: folds 
coeeeelho: raises $2 to $3
BoyLoc0: folds 
Uncalled bet ($2) returned to coeeeelho
coeeeelho collected $2 from pot
*** SUMMARY ***
Total pot $2 | Rake $0 
Seat 4: straight77777
Seat 1: coeeeelho (small blind) collected ($2)
Seat 2: BoyLoc0 (big blind) folded before Flop
Seat 3: vadjkeee folded before Flop (didn't bet)
Seat 5: henri789 folded before Flop (didn't bet)
Seat 6: BumHuntKing (button) folded before Flop (didn't bet)



PokerStars Hand #254754601661:  Hold'em No Limit ($0.50/$1.00 USD) - 2025/02/07 20:12:44 WET [2025/02/07 15:12:44 ET]
Table 'Virton II' 6-max Seat #1 is the button
Seat 4: straight77777 ($21.85 in chips) is sitting out
Seat 1: coeeeelho ($102.70 in chips) 
Seat 2: BoyLoc0 ($111.92 in chips) 
Seat 3: vadjkeee ($237.22 in chips) 
Seat 5: henri789 ($101.50 in chips) 
Seat 6: BumHuntKing ($100 in chips) 
BoyLoc0: posts small blind $0.50
vadjkeee: posts big blind $1
*** HOLE CARDS ***
henri789: folds 
BumHuntKing: folds 
coeeeelho: raises $1.50 to $2.50
BoyLoc0: folds 
vadjkeee: raises $9.50 to $12
coeeeelho: folds 
Uncalled bet ($9.50) returned to vadjkeee
vadjkeee collected $5.50 from pot
vadjkeee: doesn't show hand 
*** SUMMARY ***
Total pot $5.50 | Rake $0 
Seat 4: straight77777
Seat 1: coeeeelho (button) folded before Flop
Seat 2: BoyLoc0 (small blind) folded before Flop
Seat 3: vadjkeee (big blind) collected ($5.50)
Seat 5: henri789 folded before Flop (didn't bet)
Seat 6: BumHuntKing folded before Flop (didn't bet)



PokerStars Hand #254754611424:  Hold'em No Limit ($0.50/$1.00 USD) - 2025/02/07 20:13:16 WET [2025/02/07 15:13:16 ET]
Table 'Virton II' 6-max Seat #2 is the button
Seat 4: straight77777 ($21.85 in chips) is sitting out
Seat 1: coeeeelho ($100.20 in chips) 
Seat 2: BoyLoc0 ($111.42 in chips) 
Seat 3: vadjkeee ($240.22 in chips) 
Seat 5: henri789 ($101.50 in chips) 
Seat 6: BumHuntKing ($100 in chips) 
vadjkeee: posts small blind $0.50
henri789: posts big blind $1
*** HOLE CARDS ***
BumHuntKing: folds 
coeeeelho: folds 
BoyLoc0: raises $1.50 to $2.50
vadjkeee: folds 
henri789: folds 
Uncalled bet ($1.50) returned to BoyLoc0
BoyLoc0 collected $2.50 from pot
BoyLoc0: doesn't show hand 
*** SUMMARY ***
Total pot $2.50 | Rake $0 
Seat 4: straight77777
Seat 1: coeeeelho folded before Flop (didn't bet)
Seat 2: BoyLoc0 (button) collected ($2.50)
Seat 3: vadjkeee (small blind) folded before Flop
Seat 5: henri789 (big blind) folded before Flop
Seat 6: BumHuntKing folded before Flop (didn't bet)



PokerStars Hand #254754616057:  Hold'em No Limit ($0.50/$1.00 USD) - 2025/02/07 20:13:32 WET [2025/02/07 15:13:32 ET]
Table 'Virton II' 6-max Seat #3 is the button
Seat 4: straight77777 ($21.85 in chips) is sitting out
Seat 6: BumHuntKing ($100 in chips) is sitting out
Seat 1: coeeeelho ($100.20 in chips) 
Seat 2: BoyLoc0 ($112.92 in chips) 
Seat 3: vadjkeee ($239.72 in chips) 
Seat 5: henri789 ($100.50 in chips) 
henri789: posts small blind $0.50
BumHuntKing: is sitting out 
coeeeelho: posts big blind $1
*** HOLE CARDS ***
BoyLoc0: raises $1.50 to $2.50
vadjkeee: folds 
BumHuntKing leaves the table
henri789: folds 
coeeeelho: raises $9.50 to $12
Nazareno1999 joins the table at seat #6 
BoyLoc0: calls $9.50
*** FLOP *** [Ad 9h 2s]
coeeeelho: bets $5.88
BoyLoc0: calls $5.88
*** TURN *** [Ad 9h 2s] [3s]
coeeeelho: checks 
BoyLoc0: bets $11.64
coeeeelho: folds 
Uncalled bet ($11.64) returned to BoyLoc0
BoyLoc0 collected $35.26 from pot
BoyLoc0: doesn't show hand 
*** SUMMARY ***
Total pot $36.26 | Rake $1 
Board [Ad 9h 2s 3s]
Seat 4: straight77777
Seat 6: BumHuntKing
Seat 1: coeeeelho (big blind) folded on the Turn
Seat 2: BoyLoc0 collected ($35.26)
Seat 3: vadjkeee (button) folded before Flop (didn't bet)
Seat 5: henri789 (small blind) folded before Flop



PokerStars Hand #254754639318:  Hold'em No Limit ($0.50/$1.00 USD) - 2025/02/07 20:14:48 WET [2025/02/07 15:14:48 ET]
Table 'Virton II' 6-max Seat #5 is the button
Seat 4: straight77777 ($21.85 in chips) is sitting out
Seat 6: Nazareno1999 ($100 in chips) is sitting out
Seat 1: coeeeelho ($100 in chips) 
Seat 2: BoyLoc0 ($130.30 in chips) 
Seat 3: vadjkeee ($239.72 in chips) 
Seat 5: henri789 ($100 in chips) 
coeeeelho: posts small blind $0.50
BoyLoc0: posts big blind $1
straight77777: sits out 
*** HOLE CARDS ***
vadjkeee: folds 
henri789: raises $1.50 to $2.50
coeeeelho: folds 
BoyLoc0: calls $1.50
*** FLOP *** [9s Ks 7d]
BoyLoc0: checks 
henri789: checks 
*** TURN *** [9s Ks 7d] [Qc]
BoyLoc0: checks 
henri789: checks 
*** RIVER *** [9s Ks 7d Qc] [Kc]
BoyLoc0: bets $3.92
henri789: calls $3.92
*** SHOW DOWN ***
BoyLoc0: shows [Kh Tc] (three of a kind, Kings)
henri789: mucks hand 
BoyLoc0 collected $12.67 from pot
*** SUMMARY ***
Total pot $13.34 | Rake $0.67 
Board [9s Ks 7d Qc Kc]
Seat 4: straight77777
Seat 6: Nazareno1999
Seat 1: coeeeelho (small blind) folded before Flop
Seat 2: BoyLoc0 (big blind) showed [Kh Tc] and won ($12.67) with three of a kind, Kings
Seat 3: vadjkeee folded before Flop (didn't bet)
Seat 5: henri789 (button) mucked



PokerStars Hand #254754662880:  Hold'em No Limit ($0.50/$1.00 USD) - 2025/02/07 20:16:07 WET [2025/02/07 15:16:07 ET]
Table 'Virton II' 6-max Seat #1 is the button
Seat 6: Nazareno1999 ($100 in chips) is sitting out
Seat 1: coeeeelho ($100 in chips) 
Seat 2: BoyLoc0 ($136.55 in chips) 
Seat 3: vadjkeee ($239.72 in chips) 
Seat 4: straight77777 ($21.85 in chips) 
Seat 5: henri789 ($100 in chips) 
BoyLoc0: posts small blind $0.50
vadjkeee: posts big blind $1
straight77777: posts small & big blinds $1.50
Nazareno1999: sits out 
*** HOLE CARDS ***
straight77777: raises $1 to $2
henri789: folds 
coeeeelho: folds 
BoyLoc0: folds 
vadjkeee: folds 
Uncalled bet ($1) returned to straight77777
straight77777 collected $3 from pot
*** SUMMARY ***
Total pot $3 | Rake $0 
Seat 6: Nazareno1999
Seat 1: coeeeelho (button) folded before Flop (didn't bet)
Seat 2: BoyLoc0 (small blind) folded before Flop
Seat 3: vadjkeee (big blind) folded before Flop
Seat 4: straight77777 collected ($3)
Seat 5: henri789 folded before Flop (didn't bet)



PokerStars Hand #254754667879:  Hold'em No Limit ($0.50/$1.00 USD) - 2025/02/07 20:16:23 WET [2025/02/07 15:16:23 ET]
Table 'Virton II' 6-max Seat #2 is the button
Seat 6: Nazareno1999 ($100 in chips) is sitting out
Seat 1: coeeeelho ($100 in chips) 
Seat 2: BoyLoc0 ($136.05 in chips) 
Seat 3: vadjkeee ($238.72 in chips) 
Seat 4: straight77777 ($23.35 in chips) 
Seat 5: henri789 ($100 in chips) 
vadjkeee: posts small blind $0.50
straight77777: posts big blind $1
Nazareno1999: sits out 
*** HOLE CARDS ***
henri789: folds 
coeeeelho: raises $1.20 to $2.20
BoyLoc0: folds 
vadjkeee: folds 
straight77777: calls $1.20
*** FLOP *** [Qd 7d 8d]
straight77777: checks 
coeeeelho: checks 
*** TURN *** [Qd 7d 8d] [Ad]
straight77777: checks 
coeeeelho: checks 
*** RIVER *** [Qd 7d 8d Ad] [5d]
straight77777: checks 
coeeeelho: checks 
*** SHOW DOWN ***
straight77777: shows [Kc 5c] (a flush, Ace high)
coeeeelho: shows [2c Ac] (a flush, Ace high)
straight77777 collected $2.33 from pot
coeeeelho collected $2.33 from pot
*** SUMMARY ***
Total pot $4.90 | Rake $0.24 
Board [Qd 7d 8d Ad 5d]
Seat 6: Nazareno1999
Seat 1: coeeeelho showed [2c Ac] and won ($2.33) with a flush, Ace high
Seat 2: BoyLoc0 (button) folded before Flop (didn't bet)
Seat 3: vadjkeee (small blind) folded before Flop
Seat 4: straight77777 (big blind) showed [Kc 5c] and won ($2.33) with a flush, Ace high
Seat 5: henri789 folded before Flop (didn't bet)



PokerStars Hand #254754684535:  Hold'em No Limit ($0.50/$1.00 USD) - 2025/02/07 20:17:18 WET [2025/02/07 15:17:18 ET]
Table 'Virton II' 6-max Seat #3 is the button
Seat 6: Nazareno1999 ($100 in chips) is sitting out
Seat 1: coeeeelho ($100.13 in chips) 
Seat 2: BoyLoc0 ($136.05 in chips) 
Seat 3: vadjkeee ($238.22 in chips) 
Seat 4: straight77777 ($23.48 in chips) 
Seat 5: henri789 ($100 in chips) 
straight77777: posts small blind $0.50
henri789: posts big blind $1
Nazareno1999: sits out 
*** HOLE CARDS ***
coeeeelho: folds 
BoyLoc0: raises $1.50 to $2.50
vadjkeee: raises $5.50 to $8
straight77777: folds 
henri789: folds 
BoyLoc0: folds 
Uncalled bet ($5.50) returned to vadjkeee
vadjkeee collected $6.50 from pot
vadjkeee: doesn't show hand 
*** SUMMARY ***
Total pot $6.50 | Rake $0 
Seat 6: Nazareno1999
Seat 1: coeeeelho folded before Flop (didn't bet)
Seat 2: BoyLoc0 folded before Flop
Seat 3: vadjkeee (button) collected ($6.50)
Seat 4: straight77777 (small blind) folded before Flop
Seat 5: henri789 (big blind) folded before Flop



PokerStars Hand #254754690973:  Hold'em No Limit ($0.50/$1.00 USD) - 2025/02/07 20:17:39 WET [2025/02/07 15:17:39 ET]
Table 'Virton II' 6-max Seat #4 is the button
Seat 1: coeeeelho ($100.13 in chips) 
Seat 2: BoyLoc0 ($133.55 in chips) 
Seat 3: vadjkeee ($242.22 in chips) 
Seat 4: straight77777 ($22.98 in chips) 
Seat 5: henri789 ($100 in chips) 
Seat 6: Nazareno1999 ($100 in chips) 
henri789: posts small blind $0.50
Nazareno1999: posts big blind $1
*** HOLE CARDS ***
coeeeelho: folds 
BoyLoc0: folds 
vadjkeee: folds 
straight77777: raises $1 to $2
henri789: folds 
Nazareno1999: calls $1
*** FLOP *** [Ah 3h 9h]
Nazareno1999: checks 
straight77777: bets $3
Nazareno1999: folds 
Uncalled bet ($3) returned to straight77777
straight77777 collected $4.28 from pot
*** SUMMARY ***
Total pot $4.50 | Rake $0.22 
Board [Ah 3h 9h]
Seat 1: coeeeelho folded before Flop (didn't bet)
Seat 2: BoyLoc0 folded before Flop (didn't bet)
Seat 3: vadjkeee folded before Flop (didn't bet)
Seat 4: straight77777 (button) collected ($4.28)
Seat 5: henri789 (small blind) folded before Flop
Seat 6: Nazareno1999 (big blind) folded on the Flop



PokerStars Hand #254754704220:  Hold'em No Limit ($0.50/$1.00 USD) - 2025/02/07 20:18:22 WET [2025/02/07 15:18:22 ET]
Table 'Virton II' 6-max Seat #5 is the button
Seat 1: coeeeelho ($100.13 in chips) 
Seat 2: BoyLoc0 ($133.55 in chips) 
Seat 3: vadjkeee ($242.22 in chips) 
Seat 4: straight77777 ($25.26 in chips) 
Seat 5: henri789 ($100 in chips) 
Seat 6: Nazareno1999 ($100 in chips) 
Nazareno1999: posts small blind $0.50
coeeeelho: posts big blind $1
*** HOLE CARDS ***
BoyLoc0: folds 
vadjkeee: folds 
straight77777: calls $1
henri789: folds 
Nazareno1999: raises $4.50 to $5.50
coeeeelho: folds 
straight77777: folds 
Uncalled bet ($4.50) returned to Nazareno1999
Nazareno1999 collected $3 from pot
Nazareno1999: doesn't show hand 
*** SUMMARY ***
Total pot $3 | Rake $0 
Seat 1: coeeeelho (big blind) folded before Flop
Seat 2: BoyLoc0 folded before Flop (didn't bet)
Seat 3: vadjkeee folded before Flop (didn't bet)
Seat 4: straight77777 folded before Flop
Seat 5: henri789 (button) folded before Flop (didn't bet)
Seat 6: Nazareno1999 (small blind) collected ($3)



PokerStars Hand #254754710110:  Hold'em No Limit ($0.50/$1.00 USD) - 2025/02/07 20:18:42 WET [2025/02/07 15:18:42 ET]
Table 'Virton II' 6-max Seat #6 is the button
Seat 1: coeeeelho ($100 in chips) 
Seat 2: BoyLoc0 ($133.55 in chips) 
Seat 3: vadjkeee ($242.22 in chips) 
Seat 4: straight77777 ($24.26 in chips) 
Seat 5: henri789 ($100 in chips) 
Seat 6: Nazareno1999 ($102 in chips) 
coeeeelho: posts small blind $0.50
BoyLoc0: posts big blind $1
*** HOLE CARDS ***
vadjkeee: folds 
straight77777: folds 
henri789: folds 
Nazareno1999: raises $1.20 to $2.20
coeeeelho: folds 
BoyLoc0: calls $1.20
*** FLOP *** [Th As Ah]
BoyLoc0: checks 
Nazareno1999: bets $1.54
BoyLoc0: folds 
Uncalled bet ($1.54) returned to Nazareno1999
Nazareno1999 collected $4.66 from pot
Nazareno1999: doesn't show hand 
*** SUMMARY ***
Total pot $4.90 | Rake $0.24 
Board [Th As Ah]
Seat 1: coeeeelho (small blind) folded before Flop
Seat 2: BoyLoc0 (big blind) folded on the Flop
Seat 3: vadjkeee folded before Flop (didn't bet)
Seat 4: straight77777 folded before Flop (didn't bet)
Seat 5: henri789 folded before Flop (didn't bet)
Seat 6: Nazareno1999 (button) collected ($4.66)



PokerStars Hand #254754717605:  Hold'em No Limit ($0.50/$1.00 USD) - 2025/02/07 20:19:06 WET [2025/02/07 15:19:06 ET]
Table 'Virton II' 6-max Seat #1 is the button
Seat 1: coeeeelho ($100 in chips) 
Seat 2: BoyLoc0 ($131.35 in chips) 
Seat 3: vadjkeee ($242.22 in chips) 
Seat 4: straight77777 ($24.26 in chips) 
Seat 5: henri789 ($100 in chips) 
Seat 6: Nazareno1999 ($104.46 in chips) 
BoyLoc0: posts small blind $0.50
vadjkeee: posts big blind $1
*** HOLE CARDS ***
straight77777: folds 
henri789: folds 
Nazareno1999: folds 
coeeeelho: folds 
BoyLoc0: raises $2 to $3
vadjkeee: calls $2
*** FLOP *** [Jc 2d 5s]
BoyLoc0: checks 
vadjkeee: checks 
*** TURN *** [Jc 2d 5s] [Kh]
BoyLoc0: checks 
vadjkeee: checks 
*** RIVER *** [Jc 2d 5s Kh] [2s]
BoyLoc0: checks 
vadjkeee: checks 
*** SHOW DOWN ***
BoyLoc0: shows [Ac Td] (a pair of Deuces)
vadjkeee: mucks hand 
BoyLoc0 collected $5.70 from pot
*** SUMMARY ***
Total pot $6 | Rake $0.30 
Board [Jc 2d 5s Kh 2s]
Seat 1: coeeeelho (button) folded before Flop (didn't bet)
Seat 2: BoyLoc0 (small blind) showed [Ac Td] and won ($5.70) with a pair of Deuces
Seat 3: vadjkeee (big blind) mucked
Seat 4: straight77777 folded before Flop (didn't bet)
Seat 5: henri789 folded before Flop (didn't bet)
Seat 6: Nazareno1999 folded before Flop (didn't bet)



PokerStars Hand #254754732576:  Hold'em No Limit ($0.50/$1.00 USD) - 2025/02/07 20:19:55 WET [2025/02/07 15:19:55 ET]
Table 'Virton II' 6-max Seat #2 is the button
Seat 1: coeeeelho ($100 in chips) 
Seat 2: BoyLoc0 ($134.05 in chips) 
Seat 3: vadjkeee ($239.22 in chips) 
Seat 4: straight77777 ($24.26 in chips) 
Seat 5: henri789 ($100 in chips) 
Seat 6: Nazareno1999 ($104.46 in chips) 
vadjkeee: posts small blind $0.50
straight77777: posts big blind $1
*** HOLE CARDS ***
henri789: folds 
Nazareno1999: folds 
coeeeelho: folds 
BoyLoc0: raises $1.50 to $2.50
vadjkeee: folds 
straight77777: calls $1.50
*** FLOP *** [Kd 4h 8c]
straight77777: checks 
BoyLoc0: checks 
*** TURN *** [Kd 4h 8c] [Js]
straight77777: bets $2.61
BoyLoc0: folds 
Uncalled bet ($2.61) returned to straight77777
straight77777 collected $5.22 from pot
*** SUMMARY ***
Total pot $5.50 | Rake $0.28 
Board [Kd 4h 8c Js]
Seat 1: coeeeelho folded before Flop (didn't bet)
Seat 2: BoyLoc0 (button) folded on the Turn
Seat 3: vadjkeee (small blind) folded before Flop
Seat 4: straight77777 (big blind) collected ($5.22)
Seat 5: henri789 folded before Flop (didn't bet)
Seat 6: Nazareno1999 folded before Flop (didn't bet)



PokerStars Hand #254754744648:  Hold'em No Limit ($0.50/$1.00 USD) - 2025/02/07 20:20:35 WET [2025/02/07 15:20:35 ET]
Table 'Virton II' 6-max Seat #3 is the button
Seat 1: coeeeelho ($100 in chips) 
Seat 2: BoyLoc0 ($131.55 in chips) 
Seat 3: vadjkeee ($238.72 in chips) 
Seat 4: straight77777 ($26.98 in chips) 
Seat 5: henri789 ($100 in chips) 
Seat 6: Nazareno1999 ($104.46 in chips) 
straight77777: posts small blind $0.50
henri789: posts big blind $1
*** HOLE CARDS ***
Nazareno1999: folds 
coeeeelho: raises $1.20 to $2.20
BoyLoc0: folds 
vadjkeee: folds 
straight77777: raises $5.40 to $7.60
henri789: folds 
coeeeelho: folds 
Uncalled bet ($5.40) returned to straight77777
straight77777 collected $5.40 from pot
*** SUMMARY ***
Total pot $5.40 | Rake $0 
Seat 1: coeeeelho folded before Flop
Seat 2: BoyLoc0 folded before Flop (didn't bet)
Seat 3: vadjkeee (button) folded before Flop (didn't bet)
Seat 4: straight77777 (small blind) collected ($5.40)
Seat 5: henri789 (big blind) folded before Flop
Seat 6: Nazareno1999 folded before Flop (didn't bet)



PokerStars Hand #254754758632:  Hold'em No Limit ($0.50/$1.00 USD) - 2025/02/07 20:21:21 WET [2025/02/07 15:21:21 ET]
Table 'Virton II' 6-max Seat #4 is the button
Seat 1: coeeeelho ($100 in chips) 
Seat 2: BoyLoc0 ($131.55 in chips) 
Seat 3: vadjkeee ($238.72 in chips) 
Seat 4: straight77777 ($30.18 in chips) 
Seat 5: henri789 ($100 in chips) 
Seat 6: Nazareno1999 ($104.46 in chips) 
henri789: posts small blind $0.50
Nazareno1999: posts big blind $1
*** HOLE CARDS ***
coeeeelho: folds 
BoyLoc0: folds 
vadjkeee: raises $1.50 to $2.50
straight77777: calls $2.50
henri789: folds 
Nazareno1999: calls $1.50
*** FLOP *** [Ts 9d 8c]
Nazareno1999: checks 
vadjkeee: bets $2.36
straight77777: calls $2.36
Nazareno1999: raises $10.01 to $12.37
vadjkeee: calls $10.01
straight77777: folds 
*** TURN *** [Ts 9d 8c] [8d]
Nazareno1999: bets $11
vadjkeee: calls $11
*** RIVER *** [Ts 9d 8c 8d] [8s]
Nazareno1999: checks 
vadjkeee: checks 
*** SHOW DOWN ***
Nazareno1999: shows [7h Jh] (a straight, Seven to Jack)
vadjkeee: mucks hand 
Nazareno1999 collected $54.60 from pot
*** SUMMARY ***
Total pot $57.10 | Rake $2.50 
Board [Ts 9d 8c 8d 8s]
Seat 1: coeeeelho folded before Flop (didn't bet)
Seat 2: BoyLoc0 folded before Flop (didn't bet)
Seat 3: vadjkeee mucked
Seat 4: straight77777 (button) folded on the Flop
Seat 5: henri789 (small blind) folded before Flop
Seat 6: Nazareno1999 (big blind) showed [7h Jh] and won ($54.60) with a straight, Seven to Jack



PokerStars Hand #254754780897:  Hold'em No Limit ($0.50/$1.00 USD) - 2025/02/07 20:22:34 WET [2025/02/07 15:22:34 ET]
Table 'Virton II' 6-max Seat #5 is the button
Seat 1: coeeeelho ($100 in chips) 
Seat 2: BoyLoc0 ($131.55 in chips) 
Seat 3: vadjkeee ($212.85 in chips) 
Seat 4: straight77777 ($25.32 in chips) 
Seat 5: henri789 ($100 in chips) 
coeeeelho: posts small blind $0.50
BoyLoc0: posts big blind $1
*** HOLE CARDS ***
vadjkeee: folds 
straight77777: folds 
henri789: folds 
Xenicide joins the table at seat #6 
coeeeelho: folds 
Uncalled bet ($0.50) returned to BoyLoc0
BoyLoc0 collected $1 from pot
BoyLoc0: doesn't show hand 
*** SUMMARY ***
Total pot $1 | Rake $0 
Seat 1: coeeeelho (small blind) folded before Flop
Seat 2: BoyLoc0 (big blind) collected ($1)
Seat 3: vadjkeee folded before Flop (didn't bet)
Seat 4: straight77777 folded before Flop (didn't bet)
Seat 5: henri789 (button) folded before Flop (didn't bet)



PokerStars Hand #254754787494:  Hold'em No Limit ($0.50/$1.00 USD) - 2025/02/07 20:22:56 WET [2025/02/07 15:22:56 ET]
Table 'Virton II' 6-max Seat #1 is the button
Seat 6: Xenicide ($109.78 in chips) is sitting out
Seat 1: coeeeelho ($100 in chips) 
Seat 2: BoyLoc0 ($132.05 in chips) 
Seat 3: vadjkeee ($212.85 in chips) 
Seat 4: straight77777 ($25.32 in chips) 
Seat 5: henri789 ($100 in chips) 
BoyLoc0: posts small blind $0.50
vadjkeee: posts big blind $1
Xenicide: sits out 
*** HOLE CARDS ***
straight77777: folds 
henri789: raises $1.50 to $2.50
coeeeelho: folds 
BoyLoc0: folds 
vadjkeee: folds 
Uncalled bet ($1.50) returned to henri789
henri789 collected $2.50 from pot
henri789: doesn't show hand 
*** SUMMARY ***
Total pot $2.50 | Rake $0 
Seat 6: Xenicide
Seat 1: coeeeelho (button) folded before Flop (didn't bet)
Seat 2: BoyLoc0 (small blind) folded before Flop
Seat 3: vadjkeee (big blind) folded before Flop
Seat 4: straight77777 folded before Flop (didn't bet)
Seat 5: henri789 collected ($2.50)



PokerStars Hand #254754793334:  Hold'em No Limit ($0.50/$1.00 USD) - 2025/02/07 20:23:15 WET [2025/02/07 15:23:15 ET]
Table 'Virton II' 6-max Seat #2 is the button
Seat 6: Xenicide ($109.78 in chips) is sitting out
Seat 1: coeeeelho ($100 in chips) 
Seat 2: BoyLoc0 ($131.55 in chips) 
Seat 3: vadjkeee ($211.85 in chips) 
Seat 4: straight77777 ($25.32 in chips) 
Seat 5: henri789 ($101.50 in chips) 
vadjkeee: posts small blind $0.50
straight77777: posts big blind $1
Xenicide: sits out 
*** HOLE CARDS ***
henri789: folds 
coeeeelho: folds 
BoyLoc0: folds 
vadjkeee: folds 
Uncalled bet ($0.50) returned to straight77777
straight77777 collected $1 from pot
*** SUMMARY ***
Total pot $1 | Rake $0 
Seat 6: Xenicide
Seat 1: coeeeelho folded before Flop (didn't bet)
Seat 2: BoyLoc0 (button) folded before Flop (didn't bet)
Seat 3: vadjkeee (small blind) folded before Flop
Seat 4: straight77777 (big blind) collected ($1)
Seat 5: henri789 folded before Flop (didn't bet)



PokerStars Hand #254754797252:  Hold'em No Limit ($0.50/$1.00 USD) - 2025/02/07 20:23:28 WET [2025/02/07 15:23:28 ET]
Table 'Virton II' 6-max Seat #3 is the button
Seat 6: Xenicide ($109.78 in chips) is sitting out
Seat 1: coeeeelho ($100 in chips) 
Seat 2: BoyLoc0 ($131.55 in chips) 
Seat 3: vadjkeee ($211.35 in chips) 
Seat 4: straight77777 ($25.82 in chips) 
Seat 5: henri789 ($101.50 in chips) 
straight77777: posts small blind $0.50
henri789: posts big blind $1
Xenicide: sits out 
*** HOLE CARDS ***
coeeeelho: folds 
BoyLoc0: raises $1.50 to $2.50
vadjkeee: folds 
straight77777: folds 
henri789: folds 
Uncalled bet ($1.50) returned to BoyLoc0
BoyLoc0 collected $2.50 from pot
BoyLoc0: doesn't show hand 
*** SUMMARY ***
Total pot $2.50 | Rake $0 
Seat 6: Xenicide
Seat 1: coeeeelho folded before Flop (didn't bet)
Seat 2: BoyLoc0 collected ($2.50)
Seat 3: vadjkeee (button) folded before Flop (didn't bet)
Seat 4: straight77777 (small blind) folded before Flop
Seat 5: henri789 (big blind) folded before Flop



PokerStars Hand #254754801625:  Hold'em No Limit ($0.50/$1.00 USD) - 2025/02/07 20:23:42 WET [2025/02/07 15:23:42 ET]
Table 'Virton II' 6-max Seat #4 is the button
Seat 1: coeeeelho ($100 in chips) 
Seat 2: BoyLoc0 ($133.05 in chips) 
Seat 3: vadjkeee ($211.35 in chips) 
Seat 4: straight77777 ($25.32 in chips) 
Seat 5: henri789 ($100.50 in chips) 
Seat 6: Xenicide ($109.78 in chips) 
henri789: posts small blind $0.50
Xenicide: posts big blind $1
*** HOLE CARDS ***
coeeeelho: folds 
BoyLoc0: folds 
vadjkeee: folds 
straight77777: calls $1
henri789: folds 
Xenicide: checks 
*** FLOP *** [Th 5s 7h]
Xenicide: checks 
straight77777: bets $1
Xenicide: calls $1
*** TURN *** [Th 5s 7h] [8s]
Xenicide: checks 
straight77777: bets $2.14
Xenicide: folds 
Uncalled bet ($2.14) returned to straight77777
straight77777 collected $4.28 from pot
*** SUMMARY ***
Total pot $4.50 | Rake $0.22 
Board [Th 5s 7h 8s]
Seat 1: coeeeelho folded before Flop (didn't bet)
Seat 2: BoyLoc0 folded before Flop (didn't bet)
Seat 3: vadjkeee folded before Flop (didn't bet)
Seat 4: straight77777 (button) collected ($4.28)
Seat 5: henri789 (small blind) folded before Flop
Seat 6: Xenicide (big blind) folded on the Turn



PokerStars Hand #254754814562:  Hold'em No Limit ($0.50/$1.00 USD) - 2025/02/07 20:24:25 WET [2025/02/07 15:24:25 ET]
Table 'Virton II' 6-max Seat #5 is the button
Seat 1: coeeeelho ($100 in chips) 
Seat 2: BoyLoc0 ($133.05 in chips) 
Seat 3: vadjkeee ($211.35 in chips) 
Seat 4: straight77777 ($27.60 in chips) 
Seat 5: henri789 ($100 in chips) 
Seat 6: Xenicide ($107.78 in chips) 
Xenicide: posts small blind $0.50
coeeeelho: posts big blind $1
*** HOLE CARDS ***
BoyLoc0: folds 
vadjkeee: raises $1.50 to $2.50
straight77777: calls $2.50
henri789: folds 
Xenicide: folds 
coeeeelho: folds 
*** FLOP *** [5d Kc 4c]
vadjkeee: bets $1.92
straight77777: calls $1.92
*** TURN *** [5d Kc 4c] [Td]
vadjkeee: bets $11
straight77777: calls $11
*** RIVER *** [5d Kc 4c Td] [Kd]
vadjkeee: bets $23.04
straight77777: folds 
Uncalled bet ($23.04) returned to vadjkeee
vadjkeee collected $30.72 from pot
vadjkeee: doesn't show hand 
*** SUMMARY ***
Total pot $32.34 | Rake $1.62 
Board [5d Kc 4c Td Kd]
Seat 1: coeeeelho (big blind) folded before Flop
Seat 2: BoyLoc0 folded before Flop (didn't bet)
Seat 3: vadjkeee collected ($30.72)
Seat 4: straight77777 folded on the River
Seat 5: henri789 (button) folded before Flop (didn't bet)
Seat 6: Xenicide (small blind) folded before Flop



PokerStars Hand #254754831820:  Hold'em No Limit ($0.50/$1.00 USD) - 2025/02/07 20:25:21 WET [2025/02/07 15:25:21 ET]
Table 'Virton II' 6-max Seat #6 is the button
Seat 1: coeeeelho ($100 in chips) 
Seat 2: BoyLoc0 ($133.05 in chips) 
Seat 3: vadjkeee ($226.65 in chips) 
Seat 4: straight77777 ($12.18 in chips) 
Seat 5: henri789 ($100 in chips) 
Seat 6: Xenicide ($107.28 in chips) 
coeeeelho: posts small blind $0.50
BoyLoc0: posts big blind $1
*** HOLE CARDS ***
vadjkeee: folds 
straight77777 has timed out
straight77777: folds 
henri789: folds 
Xenicide: raises $1.25 to $2.25
coeeeelho: folds 
BoyLoc0: folds 
Uncalled bet ($1.25) returned to Xenicide
Xenicide collected $2.50 from pot
*** SUMMARY ***
Total pot $2.50 | Rake $0 
Seat 1: coeeeelho (small blind) folded before Flop
Seat 2: BoyLoc0 (big blind) folded before Flop
Seat 3: vadjkeee folded before Flop (didn't bet)
Seat 4: straight77777 folded before Flop (didn't bet)
Seat 5: henri789 folded before Flop (didn't bet)
Seat 6: Xenicide (button) collected ($2.50)



PokerStars Hand #254754842724:  Hold'em No Limit ($0.50/$1.00 USD) - 2025/02/07 20:25:57 WET [2025/02/07 15:25:57 ET]
Table 'Virton II' 6-max Seat #1 is the button
Seat 1: coeeeelho ($100 in chips) 
Seat 2: BoyLoc0 ($132.05 in chips) 
Seat 3: vadjkeee ($226.65 in chips) 
Seat 4: straight77777 ($12.18 in chips) 
Seat 5: henri789 ($100 in chips) 
Seat 6: Xenicide ($108.78 in chips) 
BoyLoc0: posts small blind $0.50
vadjkeee: posts big blind $1
*** HOLE CARDS ***
straight77777: raises $1 to $2
henri789: folds 
Xenicide: folds 
coeeeelho: folds 
BoyLoc0: folds 
vadjkeee: folds 
Uncalled bet ($1) returned to straight77777
straight77777 collected $2.50 from pot
*** SUMMARY ***
Total pot $2.50 | Rake $0 
Seat 1: coeeeelho (button) folded before Flop (didn't bet)
Seat 2: BoyLoc0 (small blind) folded before Flop
Seat 3: vadjkeee (big blind) folded before Flop
Seat 4: straight77777 collected ($2.50)
Seat 5: henri789 folded before Flop (didn't bet)
Seat 6: Xenicide folded before Flop (didn't bet)



PokerStars Hand #254754849435:  Hold'em No Limit ($0.50/$1.00 USD) - 2025/02/07 20:26:19 WET [2025/02/07 15:26:19 ET]
Table 'Virton II' 6-max Seat #2 is the button
Seat 1: coeeeelho ($100 in chips) 
Seat 2: BoyLoc0 ($131.55 in chips) 
Seat 3: vadjkeee ($225.65 in chips) 
Seat 4: straight77777 ($13.68 in chips) 
Seat 5: henri789 ($100 in chips) 
Seat 6: Xenicide ($108.78 in chips) 
vadjkeee: posts small blind $0.50
straight77777: posts big blind $1
*** HOLE CARDS ***
henri789: folds 
Xenicide: folds 
coeeeelho: folds 
BoyLoc0: folds 
vadjkeee: raises $2 to $3
straight77777: folds 
Uncalled bet ($2) returned to vadjkeee
vadjkeee collected $2 from pot
vadjkeee: doesn't show hand 
*** SUMMARY ***
Total pot $2 | Rake $0 
Seat 1: coeeeelho folded before Flop (didn't bet)
Seat 2: BoyLoc0 (button) folded before Flop (didn't bet)
Seat 3: vadjkeee (small blind) collected ($2)
Seat 4: straight77777 (big blind) folded before Flop
Seat 5: henri789 folded before Flop (didn't bet)
Seat 6: Xenicide folded before Flop (didn't bet)



PokerStars Hand #254754856609:  Hold'em No Limit ($0.50/$1.00 USD) - 2025/02/07 20:26:43 WET [2025/02/07 15:26:43 ET]
Table 'Virton II' 6-max Seat #3 is the button
Seat 1: coeeeelho ($100 in chips) 
Seat 2: BoyLoc0 ($131.55 in chips) 
Seat 3: vadjkeee ($226.65 in chips) 
Seat 4: straight77777 ($12.68 in chips) 
Seat 5: henri789 ($100 in chips) 
Seat 6: Xenicide ($108.78 in chips) 
straight77777: posts small blind $0.50
henri789: posts big blind $1
*** HOLE CARDS ***
Xenicide: folds 
coeeeelho: folds 
BoyLoc0: folds 
vadjkeee: raises $1.50 to $2.50
straight77777: raises $6 to $8.50
henri789: folds 
vadjkeee: folds 
Uncalled bet ($6) returned to straight77777
straight77777 collected $6 from pot
*** SUMMARY ***
Total pot $6 | Rake $0 
Seat 1: coeeeelho folded before Flop (didn't bet)
Seat 2: BoyLoc0 folded before Flop (didn't bet)
Seat 3: vadjkeee (button) folded before Flop
Seat 4: straight77777 (small blind) collected ($6)
Seat 5: henri789 (big blind) folded before Flop
Seat 6: Xenicide folded before Flop (didn't bet)



PokerStars Hand #254754865194:  Hold'em No Limit ($0.50/$1.00 USD) - 2025/02/07 20:27:10 WET [2025/02/07 15:27:10 ET]
Table 'Virton II' 6-max Seat #4 is the button
Seat 1: coeeeelho ($100 in chips) 
Seat 2: BoyLoc0 ($131.55 in chips) 
Seat 3: vadjkeee ($224.15 in chips) 
Seat 4: straight77777 ($16.18 in chips) 
Seat 5: henri789 ($100 in chips) 
Seat 6: Xenicide ($108.78 in chips) 
henri789: posts small blind $0.50
Xenicide: posts big blind $1
*** HOLE CARDS ***
coeeeelho: raises $1.20 to $2.20
BoyLoc0: raises $5.30 to $7.50
vadjkeee: folds 
straight77777: folds 
henri789: folds 
Xenicide: folds 
coeeeelho: folds 
Uncalled bet ($5.30) returned to BoyLoc0
BoyLoc0 collected $5.90 from pot
BoyLoc0: doesn't show hand 
*** SUMMARY ***
Total pot $5.90 | Rake $0 
Seat 1: coeeeelho folded before Flop
Seat 2: BoyLoc0 collected ($5.90)
Seat 3: vadjkeee folded before Flop (didn't bet)
Seat 4: straight77777 (button) folded before Flop (didn't bet)
Seat 5: henri789 (small blind) folded before Flop
Seat 6: Xenicide (big blind) folded before Flop



PokerStars Hand #254754879657:  Hold'em No Limit ($0.50/$1.00 USD) - 2025/02/07 20:27:58 WET [2025/02/07 15:27:58 ET]
Table 'Virton II' 6-max Seat #5 is the button
Seat 1: coeeeelho ($100 in chips) 
Seat 2: BoyLoc0 ($135.25 in chips) 
Seat 3: vadjkeee ($224.15 in chips) 
Seat 4: straight77777 ($16.18 in chips) 
Seat 5: henri789 ($100 in chips) 
Seat 6: Xenicide ($107.78 in chips) 
Xenicide: posts small blind $0.50
coeeeelho: posts big blind $1
*** HOLE CARDS ***
BoyLoc0: folds 
vadjkeee: raises $1.50 to $2.50
straight77777: folds 
henri789: folds 
Xenicide: folds 
coeeeelho: folds 
Uncalled bet ($1.50) returned to vadjkeee
vadjkeee collected $2.50 from pot
vadjkeee: doesn't show hand 
*** SUMMARY ***
Total pot $2.50 | Rake $0 
Seat 1: coeeeelho (big blind) folded before Flop
Seat 2: BoyLoc0 folded before Flop (didn't bet)
Seat 3: vadjkeee collected ($2.50)
Seat 4: straight77777 folded before Flop (didn't bet)
Seat 5: henri789 (button) folded before Flop (didn't bet)
Seat 6: Xenicide (small blind) folded before Flop



PokerStars Hand #254754885371:  Hold'em No Limit ($0.50/$1.00 USD) - 2025/02/07 20:28:17 WET [2025/02/07 15:28:17 ET]
Table 'Virton II' 6-max Seat #6 is the button
Seat 1: coeeeelho ($100 in chips) 
Seat 2: BoyLoc0 ($135.25 in chips) 
Seat 3: vadjkeee ($225.65 in chips) 
Seat 4: straight77777 ($16.18 in chips) 
Seat 5: henri789 ($100 in chips) 
Seat 6: Xenicide ($107.28 in chips) 
coeeeelho: posts small blind $0.50
BoyLoc0: posts big blind $1
*** HOLE CARDS ***
vadjkeee: folds 
straight77777: raises $1 to $2
henri789: folds 
Xenicide: folds 
coeeeelho: folds 
BoyLoc0: raises $95 to $97
straight77777: calls $14.18 and is all-in
Uncalled bet ($80.82) returned to BoyLoc0
*** FLOP *** [Js 8s 2s]
*** TURN *** [Js 8s 2s] [Qc]
*** RIVER *** [Js 8s 2s Qc] [As]
*** SHOW DOWN ***
BoyLoc0: shows [Ah Jh] (two pair, Aces and Jacks)
straight77777: shows [Qs Th] (a flush, Ace high)
straight77777 collected $31.22 from pot
*** SUMMARY ***
Total pot $32.86 | Rake $1.64 
Board [Js 8s 2s Qc As]
Seat 1: coeeeelho (small blind) folded before Flop
Seat 2: BoyLoc0 (big blind) showed [Ah Jh] and lost with two pair, Aces and Jacks
Seat 3: vadjkeee folded before Flop (didn't bet)
Seat 4: straight77777 showed [Qs Th] and won ($31.22) with a flush, Ace high
Seat 5: henri789 folded before Flop (didn't bet)
Seat 6: Xenicide (button) folded before Flop (didn't bet)



PokerStars Hand #254754895981:  Hold'em No Limit ($0.50/$1.00 USD) - 2025/02/07 20:28:51 WET [2025/02/07 15:28:51 ET]
Table 'Virton II' 6-max Seat #1 is the button
Seat 1: coeeeelho ($100 in chips) 
Seat 2: BoyLoc0 ($119.07 in chips) 
Seat 3: vadjkeee ($225.65 in chips) 
Seat 4: straight77777 ($31.22 in chips) 
Seat 5: henri789 ($100 in chips) 
Seat 6: Xenicide ($107.28 in chips) 
BoyLoc0: posts small blind $0.50
vadjkeee: posts big blind $1
*** HOLE CARDS ***
straight77777: folds 
henri789: folds 
Xenicide: raises $1 to $2
coeeeelho: raises $5.50 to $7.50
BoyLoc0: folds 
vadjkeee: folds 
Xenicide: folds 
Uncalled bet ($5.50) returned to coeeeelho
coeeeelho collected $5.50 from pot
*** SUMMARY ***
Total pot $5.50 | Rake $0 
Seat 1: coeeeelho (button) collected ($5.50)
Seat 2: BoyLoc0 (small blind) folded before Flop
Seat 3: vadjkeee (big blind) folded before Flop
Seat 4: straight77777 folded before Flop (didn't bet)
Seat 5: henri789 folded before Flop (didn't bet)
Seat 6: Xenicide folded before Flop



PokerStars Hand #254754907928:  Hold'em No Limit ($0.50/$1.00 USD) - 2025/02/07 20:29:30 WET [2025/02/07 15:29:30 ET]
Table 'Virton II' 6-max Seat #2 is the button
Seat 1: coeeeelho ($103.50 in chips) 
Seat 2: BoyLoc0 ($118.57 in chips) 
Seat 3: vadjkeee ($224.65 in chips) 
Seat 4: straight77777 ($31.22 in chips) 
Seat 5: henri789 ($100 in chips) 
Seat 6: Xenicide ($105.28 in chips) 
vadjkeee: posts small blind $0.50
straight77777: posts big blind $1
*** HOLE CARDS ***
henri789: raises $1.50 to $2.50
Xenicide: folds 
coeeeelho: folds 
BoyLoc0: raises $5 to $7.50
vadjkeee: folds 
straight77777: folds 
henri789: folds 
Uncalled bet ($5) returned to BoyLoc0
BoyLoc0 collected $6.50 from pot
BoyLoc0: doesn't show hand 
*** SUMMARY ***
Total pot $6.50 | Rake $0 
Seat 1: coeeeelho folded before Flop (didn't bet)
Seat 2: BoyLoc0 (button) collected ($6.50)
Seat 3: vadjkeee (small blind) folded before Flop
Seat 4: straight77777 (big blind) folded before Flop
Seat 5: henri789 folded before Flop
Seat 6: Xenicide folded before Flop (didn't bet)



PokerStars Hand #254754922733:  Hold'em No Limit ($0.50/$1.00 USD) - 2025/02/07 20:30:19 WET [2025/02/07 15:30:19 ET]
Table 'Virton II' 6-max Seat #3 is the button
Seat 1: coeeeelho ($103.50 in chips) 
Seat 2: BoyLoc0 ($122.57 in chips) 
Seat 3: vadjkeee ($224.15 in chips) 
Seat 4: straight77777 ($30.22 in chips) 
Seat 5: henri789 ($100 in chips) 
Seat 6: Xenicide ($105.28 in chips) 
straight77777: posts small blind $0.50
henri789: posts big blind $1
*** HOLE CARDS ***
Xenicide: folds 
coeeeelho: raises $1.10 to $2.10
BoyLoc0: folds 
vadjkeee: folds 
straight77777: calls $1.60
henri789: folds 
*** FLOP *** [Td 7s 2c]
straight77777: checks 
coeeeelho: bets $3.71
straight77777: folds 
Uncalled bet ($3.71) returned to coeeeelho
coeeeelho collected $4.94 from pot
*** SUMMARY ***
Total pot $5.20 | Rake $0.26 
Board [Td 7s 2c]
Seat 1: coeeeelho collected ($4.94)
Seat 2: BoyLoc0 folded before Flop (didn't bet)
Seat 3: vadjkeee (button) folded before Flop (didn't bet)
Seat 4: straight77777 (small blind) folded on the Flop
Seat 5: henri789 (big blind) folded before Flop
Seat 6: Xenicide folded before Flop (didn't bet)



PokerStars Hand #254754933170:  Hold'em No Limit ($0.50/$1.00 USD) - 2025/02/07 20:30:53 WET [2025/02/07 15:30:53 ET]
Table 'Virton II' 6-max Seat #4 is the button
Seat 1: coeeeelho ($106.34 in chips) 
Seat 2: BoyLoc0 ($122.57 in chips) 
Seat 3: vadjkeee ($224.15 in chips) 
Seat 4: straight77777 ($28.12 in chips) 
Seat 5: henri789 ($100 in chips) 
Seat 6: Xenicide ($105.28 in chips) 
henri789: posts small blind $0.50
Xenicide: posts big blind $1
*** HOLE CARDS ***
coeeeelho: folds 
BoyLoc0: folds 
vadjkeee: raises $1.50 to $2.50
straight77777: calls $2.50
henri789: folds 
Xenicide: raises $10.50 to $13
vadjkeee: folds 
straight77777: calls $10.50
*** FLOP *** [6s 2c 4c]
Xenicide: bets $24
straight77777: calls $15.12 and is all-in
Uncalled bet ($8.88) returned to Xenicide
*** TURN *** [6s 2c 4c] [Qd]
*** RIVER *** [6s 2c 4c Qd] [Qs]
*** SHOW DOWN ***
Xenicide: shows [Kh As] (a pair of Queens)
straight77777: shows [3d Ad] (a pair of Queens - lower kicker)
Xenicide collected $56.74 from pot
*** SUMMARY ***
Total pot $59.24 | Rake $2.50 
Board [6s 2c 4c Qd Qs]
Seat 1: coeeeelho folded before Flop (didn't bet)
Seat 2: BoyLoc0 folded before Flop (didn't bet)
Seat 3: vadjkeee folded before Flop
Seat 4: straight77777 (button) showed [3d Ad] and lost with a pair of Queens
Seat 5: henri789 (small blind) folded before Flop
Seat 6: Xenicide (big blind) showed [Kh As] and won ($56.74) with a pair of Queens



PokerStars Hand #254754948847:  Hold'em No Limit ($0.50/$1.00 USD) - 2025/02/07 20:31:44 WET [2025/02/07 15:31:44 ET]
Table 'Virton II' 6-max Seat #5 is the button
Seat 4: straight77777 ($0 in chips) is sitting out
Seat 1: coeeeelho ($106.34 in chips) 
Seat 2: BoyLoc0 ($122.57 in chips) 
Seat 3: vadjkeee ($221.65 in chips) 
Seat 5: henri789 ($100 in chips) 
Seat 6: Xenicide ($133.90 in chips) 
Xenicide: posts small blind $0.50
coeeeelho: posts big blind $1
*** HOLE CARDS ***
BoyLoc0: raises $1.50 to $2.50
vadjkeee: folds 
henri789: folds 
Xenicide: folds 
coeeeelho: folds 
Uncalled bet ($1.50) returned to BoyLoc0
BoyLoc0 collected $2.50 from pot
BoyLoc0: doesn't show hand 
*** SUMMARY ***
Total pot $2.50 | Rake $0 
Seat 4: straight77777
Seat 1: coeeeelho (big blind) folded before Flop
Seat 2: BoyLoc0 collected ($2.50)
Seat 3: vadjkeee folded before Flop (didn't bet)
Seat 5: henri789 (button) folded before Flop (didn't bet)
Seat 6: Xenicide (small blind) folded before Flop



PokerStars Hand #254754953513:  Hold'em No Limit ($0.50/$1.00 USD) - 2025/02/07 20:31:59 WET [2025/02/07 15:31:59 ET]
Table 'Virton II' 6-max Seat #6 is the button
Seat 4: straight77777 ($0 in chips) is sitting out
Seat 1: coeeeelho ($105.34 in chips) 
Seat 2: BoyLoc0 ($124.07 in chips) 
Seat 3: vadjkeee ($221.65 in chips) 
Seat 5: henri789 ($100 in chips) 
Seat 6: Xenicide ($133.40 in chips) 
coeeeelho: posts small blind $0.50
BoyLoc0: posts big blind $1
*** HOLE CARDS ***
vadjkeee: folds 
henri789: folds 
Xenicide: raises $1.25 to $2.25
coeeeelho: folds 
BoyLoc0: folds 
Uncalled bet ($1.25) returned to Xenicide
Xenicide collected $2.50 from pot
*** SUMMARY ***
Total pot $2.50 | Rake $0 
Seat 4: straight77777
Seat 1: coeeeelho (small blind) folded before Flop
Seat 2: BoyLoc0 (big blind) folded before Flop
Seat 3: vadjkeee folded before Flop (didn't bet)
Seat 5: henri789 folded before Flop (didn't bet)
Seat 6: Xenicide (button) collected ($2.50)



PokerStars Hand #254754964791:  Hold'em No Limit ($0.50/$1.00 USD) - 2025/02/07 20:32:36 WET [2025/02/07 15:32:36 ET]
Table 'Virton II' 6-max Seat #1 is the button
Seat 4: straight77777 ($0 in chips) is sitting out
Seat 1: coeeeelho ($104.84 in chips) 
Seat 2: BoyLoc0 ($123.07 in chips) 
Seat 3: vadjkeee ($221.65 in chips) 
Seat 5: henri789 ($100 in chips) 
Seat 6: Xenicide ($134.90 in chips) 
BoyLoc0: posts small blind $0.50
vadjkeee: posts big blind $1
*** HOLE CARDS ***
henri789: folds 
Xenicide: raises $1 to $2
coeeeelho: folds 
BoyLoc0: folds 
vadjkeee: folds 
Uncalled bet ($1) returned to Xenicide
Xenicide collected $2.50 from pot
*** SUMMARY ***
Total pot $2.50 | Rake $0 
Seat 4: straight77777
Seat 1: coeeeelho (button) folded before Flop (didn't bet)
Seat 2: BoyLoc0 (small blind) folded before Flop
Seat 3: vadjkeee (big blind) folded before Flop
Seat 5: henri789 folded before Flop (didn't bet)
Seat 6: Xenicide collected ($2.50)



PokerStars Hand #254754972819:  Hold'em No Limit ($0.50/$1.00 USD) - 2025/02/07 20:33:02 WET [2025/02/07 15:33:02 ET]
Table 'Virton II' 6-max Seat #2 is the button
Seat 4: straight77777 ($0 in chips) is sitting out
Seat 1: coeeeelho ($104.84 in chips) 
Seat 2: BoyLoc0 ($122.57 in chips) 
Seat 3: vadjkeee ($220.65 in chips) 
Seat 5: henri789 ($100 in chips) 
Seat 6: Xenicide ($136.40 in chips) 
vadjkeee: posts small blind $0.50
henri789: posts big blind $1
*** HOLE CARDS ***
Xenicide: folds 
straight77777 is disconnected 
coeeeelho: raises $1.20 to $2.20
BoyLoc0: calls $2.20
vadjkeee: folds 
henri789: folds 
*** FLOP *** [7h 9s 9h]
coeeeelho: checks 
BoyLoc0: checks 
*** TURN *** [7h 9s 9h] [4s]
coeeeelho: bets $4.20
BoyLoc0: calls $4.20
*** RIVER *** [7h 9s 9h 4s] [Ad]
coeeeelho: checks 
BoyLoc0: checks 
*** SHOW DOWN ***
coeeeelho: shows [6d 6c] (two pair, Nines and Sixes)
BoyLoc0: mucks hand 
coeeeelho collected $13.58 from pot
*** SUMMARY ***
Total pot $14.30 | Rake $0.72 
Board [7h 9s 9h 4s Ad]
Seat 4: straight77777
Seat 1: coeeeelho showed [6d 6c] and won ($13.58) with two pair, Nines and Sixes
Seat 2: BoyLoc0 (button) mucked
Seat 3: vadjkeee (small blind) folded before Flop
Seat 5: henri789 (big blind) folded before Flop
Seat 6: Xenicide folded before Flop (didn't bet)



PokerStars Hand #254754992680:  Hold'em No Limit ($0.50/$1.00 USD) - 2025/02/07 20:34:07 WET [2025/02/07 15:34:07 ET]
Table 'Virton II' 6-max Seat #3 is the button
Seat 4: straight77777 ($0 in chips) is sitting out
Seat 1: coeeeelho ($112.02 in chips) 
Seat 2: BoyLoc0 ($116.17 in chips) 
Seat 3: vadjkeee ($220.15 in chips) 
Seat 5: henri789 ($100 in chips) 
Seat 6: Xenicide ($136.40 in chips) 
henri789: posts small blind $0.50
Xenicide: posts big blind $1
*** HOLE CARDS ***
coeeeelho: folds 
BoyLoc0: raises $1.50 to $2.50
vadjkeee: folds 
henri789: folds 
Xenicide: folds 
Uncalled bet ($1.50) returned to BoyLoc0
BoyLoc0 collected $2.50 from pot
BoyLoc0: doesn't show hand 
*** SUMMARY ***
Total pot $2.50 | Rake $0 
Seat 4: straight77777
Seat 1: coeeeelho folded before Flop (didn't bet)
Seat 2: BoyLoc0 collected ($2.50)
Seat 3: vadjkeee (button) folded before Flop (didn't bet)
Seat 5: henri789 (small blind) folded before Flop
Seat 6: Xenicide (big blind) folded before Flop



PokerStars Hand #254755000410:  Hold'em No Limit ($0.50/$1.00 USD) - 2025/02/07 20:34:33 WET [2025/02/07 15:34:33 ET]
Table 'Virton II' 6-max Seat #5 is the button
Seat 1: coeeeelho ($112.02 in chips) is sitting out
Seat 4: straight77777 ($0 in chips) is sitting out
Seat 2: BoyLoc0 ($117.67 in chips) 
Seat 3: vadjkeee ($220.15 in chips) 
Seat 5: henri789 ($100 in chips) 
Seat 6: Xenicide ($135.40 in chips) 
Xenicide: posts small blind $0.50
coeeeelho: is sitting out 
BoyLoc0: posts big blind $1
*** HOLE CARDS ***
vadjkeee: raises $1.50 to $2.50
henri789: raises $5.50 to $8
Xenicide: folds 
BoyLoc0: folds 
vadjkeee: folds 
Uncalled bet ($5.50) returned to henri789
henri789 collected $6.50 from pot
henri789: doesn't show hand 
*** SUMMARY ***
Total pot $6.50 | Rake $0 
Seat 1: coeeeelho
Seat 4: straight77777
Seat 2: BoyLoc0 (big blind) folded before Flop
Seat 3: vadjkeee folded before Flop
Seat 5: henri789 (button) collected ($6.50)
Seat 6: Xenicide (small blind) folded before Flop



PokerStars Hand #254755005675:  Hold'em No Limit ($0.50/$1.00 USD) - 2025/02/07 20:34:50 WET [2025/02/07 15:34:50 ET]
Table 'Virton II' 6-max Seat #6 is the button
Seat 1: coeeeelho ($112.02 in chips) is sitting out
Seat 4: straight77777 ($0 in chips) is sitting out
Seat 2: BoyLoc0 ($116.67 in chips) 
Seat 3: vadjkeee ($217.65 in chips) 
Seat 5: henri789 ($104 in chips) 
Seat 6: Xenicide ($134.90 in chips) 
BoyLoc0: posts small blind $0.50
vadjkeee: posts big blind $1
*** HOLE CARDS ***
henri789: raises $1.50 to $2.50
Xenicide: folds 
BoyLoc0: folds 
vadjkeee: folds 
Uncalled bet ($1.50) returned to henri789
henri789 collected $2.50 from pot
henri789: doesn't show hand 
*** SUMMARY ***
Total pot $2.50 | Rake $0 
Seat 1: coeeeelho
Seat 4: straight77777
Seat 2: BoyLoc0 (small blind) folded before Flop
Seat 3: vadjkeee (big blind) folded before Flop
Seat 5: henri789 collected ($2.50)
Seat 6: Xenicide (button) folded before Flop (didn't bet)



PokerStars Hand #254755011155:  Hold'em No Limit ($0.50/$1.00 USD) - 2025/02/07 20:35:08 WET [2025/02/07 15:35:08 ET]
Table 'Virton II' 6-max Seat #2 is the button
Seat 1: coeeeelho ($112.02 in chips) is sitting out
Seat 4: straight77777 ($0 in chips) is sitting out
Seat 5: henri789 ($105.50 in chips) is sitting out
Seat 2: BoyLoc0 ($116.17 in chips) 
Seat 3: vadjkeee ($216.65 in chips) 
Seat 6: Xenicide ($134.90 in chips) 
vadjkeee: posts small blind $0.50
henri789: is sitting out 
Xenicide: posts big blind $1
coeeeelho: sits out 
*** HOLE CARDS ***
henri789 leaves the table
BoyLoc0: folds 
coeeeelho leaves the table
vadjkeee: raises $2 to $3
Xenicide: folds 
Uncalled bet ($2) returned to vadjkeee
vadjkeee collected $2 from pot
vadjkeee: doesn't show hand 
*** SUMMARY ***
Total pot $2 | Rake $0 
Seat 1: coeeeelho
Seat 4: straight77777
Seat 5: henri789
Seat 2: BoyLoc0 (button) folded before Flop (didn't bet)
Seat 3: vadjkeee (small blind) collected ($2)
Seat 6: Xenicide (big blind) folded before Flop



PokerStars Hand #254755017078:  Hold'em No Limit ($0.50/$1.00 USD) - 2025/02/07 20:35:27 WET [2025/02/07 15:35:27 ET]
Table 'Virton II' 6-max Seat #3 is the button
Seat 4: straight77777 ($0 in chips) is sitting out
Seat 2: BoyLoc0 ($116.17 in chips) 
Seat 3: vadjkeee ($217.65 in chips) 
Seat 6: Xenicide ($133.90 in chips) 
Xenicide: posts small blind $0.50
BoyLoc0: posts big blind $1
*** HOLE CARDS ***
vadjkeee: raises $1.50 to $2.50
Xenicide: folds 
BoyLoc0: folds 
Uncalled bet ($1.50) returned to vadjkeee
vadjkeee collected $2.50 from pot
vadjkeee: doesn't show hand 
*** SUMMARY ***
Total pot $2.50 | Rake $0 
Seat 4: straight77777
Seat 2: BoyLoc0 (big blind) folded before Flop
Seat 3: vadjkeee (button) collected ($2.50)
Seat 6: Xenicide (small blind) folded before Flop



PokerStars Hand #254755026050:  Hold'em No Limit ($0.50/$1.00 USD) - 2025/02/07 20:35:56 WET [2025/02/07 15:35:56 ET]
Table 'Virton II' 6-max Seat #2 is the button
Seat 3: vadjkeee ($219.15 in chips) is sitting out
Seat 4: straight77777 ($0 in chips) is sitting out
Seat 2: BoyLoc0 ($115.17 in chips) 
Seat 6: Xenicide ($133.40 in chips) 
BoyLoc0: posts small blind $0.50
vadjkeee: is sitting out 
Xenicide: posts big blind $1
*** HOLE CARDS ***
vadjkeee leaves the table
BoyLoc0: folds 
Uncalled bet ($0.50) returned to Xenicide
Xenicide collected $1 from pot
*** SUMMARY ***
Total pot $1 | Rake $0 
Seat 3: vadjkeee
Seat 4: straight77777
Seat 2: BoyLoc0 (button) (small blind) folded before Flop
Seat 6: Xenicide (big blind) collected ($1)



PokerStars Hand #254755029116:  Hold'em No Limit ($0.50/$1.00 USD) - 2025/02/07 20:36:06 WET [2025/02/07 15:36:06 ET]
Table 'Virton II' 6-max Seat #6 is the button
Seat 4: straight77777 ($0 in chips) is sitting out
Seat 2: BoyLoc0 ($114.67 in chips) 
Seat 6: Xenicide ($133.90 in chips) 
Xenicide: posts small blind $0.50
BoyLoc0: posts big blind $1
*** HOLE CARDS ***
Xenicide: raises $1.25 to $2.25
BoyLoc0: folds 
Uncalled bet ($1.25) returned to Xenicide
Xenicide collected $2 from pot
*** SUMMARY ***
Total pot $2 | Rake $0 
Seat 4: straight77777
Seat 2: BoyLoc0 (big blind) folded before Flop
Seat 6: Xenicide (button) (small blind) collected ($2)



PokerStars Hand #254755033824:  Hold'em No Limit ($0.50/$1.00 USD) - 2025/02/07 20:36:21 WET [2025/02/07 15:36:21 ET]
Table 'Virton II' 6-max Seat #2 is the button
Seat 4: straight77777 ($0 in chips) is sitting out
Seat 2: BoyLoc0 ($113.67 in chips) 
Seat 6: Xenicide ($134.90 in chips) 
BoyLoc0: posts small blind $0.50
Xenicide: posts big blind $1
*** HOLE CARDS ***
BoyLoc0: raises $1.50 to $2.50
Xenicide: raises $7.50 to $10
BoyLoc0: calls $7.50
*** FLOP *** [9s Js 3h]
Xenicide: bets $4.75
BoyLoc0: folds 
Uncalled bet ($4.75) returned to Xenicide
Xenicide collected $19 from pot
straight77777 leaves the table
*** SUMMARY ***
Total pot $20 | Rake $1 
Board [9s Js 3h]
Seat 4: straight77777
Seat 2: BoyLoc0 (button) (small blind) folded on the Flop
Seat 6: Xenicide (big blind) collected ($19)



PokerStars Hand #254755043594:  Hold'em No Limit ($0.50/$1.00 USD) - 2025/02/07 20:36:53 WET [2025/02/07 15:36:53 ET]
Table 'Virton II' 6-max Seat #6 is the button
Seat 2: BoyLoc0 ($103.67 in chips) 
Seat 6: Xenicide ($143.90 in chips) 
Xenicide: posts small blind $0.50
BoyLoc0: posts big blind $1
*** HOLE CARDS ***
Xenicide: raises $1.25 to $2.25
BoyLoc0: folds 
Uncalled bet ($1.25) returned to Xenicide
Xenicide collected $2 from pot
*** SUMMARY ***
Total pot $2 | Rake $0 
Seat 2: BoyLoc0 (big blind) folded before Flop
Seat 6: Xenicide (button) (small blind) collected ($2)



