PokerStars Hand #254746512080:  Hold'em No Limit ($0.50/$1.00 USD) - 2025/02/07 7:01:47 WET [2025/02/07 2:01:47 ET]
Table 'Pala' 6-max Seat #3 is the button
Seat 1: AlexEliseev7 ($149.46 in chips) 
Seat 2: Emily_GetMan ($101.25 in chips) 
Seat 3: fish my nuts ($125.03 in chips) 
Seat 4: Flix2204 ($100 in chips) 
Seat 5: Fold Your Cats ($115.51 in chips) 
Seat 6: Kallifas22 ($33.46 in chips) 
Flix2204: posts small blind $0.50
Fold Your Cats: posts big blind $1
*** HOLE CARDS ***
Kallifas22: calls $1
AlexEliseev7: folds 
Emily_GetMan: folds 
fish my nuts: folds 
Flix2204: folds 
Fold Your Cats: raises $3 to $4
Kallifas22: calls $3
*** FLOP *** [5h 8d Th]
Fold Your Cats: checks 
Kallifas22: checks 
*** TURN *** [5h 8d Th] [4c]
Fold Your Cats: checks 
Kallifas22: checks 
*** RIVER *** [5h 8d Th 4c] [2s]
Fold Your Cats: checks 
Kallifas22: checks 
*** SHOW DOWN ***
Fold Your Cats: shows [Kd As] (high card Ace)
Kallifas22: mucks hand 
Fold Your Cats collected $8.08 from pot
*** SUMMARY ***
Total pot $8.50 | Rake $0.42 
Board [5h 8d Th 4c 2s]
Seat 1: AlexEliseev7 folded before Flop (didn't bet)
Seat 2: Emily_GetMan folded before Flop (didn't bet)
Seat 3: fish my nuts (button) folded before Flop (didn't bet)
Seat 4: Flix2204 (small blind) folded before Flop
Seat 5: Fold Your Cats (big blind) showed [Kd As] and won ($8.08) with high card Ace
Seat 6: Kallifas22 mucked



PokerStars Hand #254746515554:  Hold'em No Limit ($0.50/$1.00 USD) - 2025/02/07 7:02:36 WET [2025/02/07 2:02:36 ET]
Table 'Pala' 6-max Seat #4 is the button
Seat 1: AlexEliseev7 ($149.46 in chips) 
Seat 2: Emily_GetMan ($101.25 in chips) 
Seat 3: fish my nuts ($125.03 in chips) 
Seat 4: Flix2204 ($100 in chips) 
Seat 5: Fold Your Cats ($119.59 in chips) 
Seat 6: Kallifas22 ($29.46 in chips) 
Fold Your Cats: posts small blind $0.50
Kallifas22: posts big blind $1
*** HOLE CARDS ***
AlexEliseev7: folds 
Emily_GetMan: folds 
fish my nuts: folds 
Flix2204: raises $1.50 to $2.50
Fold Your Cats: raises $7.50 to $10
Kallifas22: folds 
Flix2204: raises $12 to $22
Fold Your Cats: folds 
Uncalled bet ($12) returned to Flix2204
Flix2204 collected $21 from pot
Flix2204: doesn't show hand 
*** SUMMARY ***
Total pot $21 | Rake $0 
Seat 1: AlexEliseev7 folded before Flop (didn't bet)
Seat 2: Emily_GetMan folded before Flop (didn't bet)
Seat 3: fish my nuts folded before Flop (didn't bet)
Seat 4: Flix2204 (button) collected ($21)
Seat 5: Fold Your Cats (small blind) folded before Flop
Seat 6: Kallifas22 (big blind) folded before Flop



PokerStars Hand #254746517997:  Hold'em No Limit ($0.50/$1.00 USD) - 2025/02/07 7:03:10 WET [2025/02/07 2:03:10 ET]
Table 'Pala' 6-max Seat #5 is the button
Seat 1: AlexEliseev7 ($149.46 in chips) 
Seat 2: Emily_GetMan ($101.25 in chips) 
Seat 3: fish my nuts ($125.03 in chips) 
Seat 4: Flix2204 ($111 in chips) 
Seat 5: Fold Your Cats ($109.59 in chips) 
Seat 6: Kallifas22 ($28.46 in chips) 
Kallifas22: posts small blind $0.50
AlexEliseev7: posts big blind $1
*** HOLE CARDS ***
Emily_GetMan: folds 
fish my nuts: folds 
Flix2204: raises $1.50 to $2.50
Fold Your Cats: raises $5.50 to $8
Kallifas22: folds 
AlexEliseev7: folds 
Flix2204: folds 
Uncalled bet ($5.50) returned to Fold Your Cats
Fold Your Cats collected $6.50 from pot
Fold Your Cats: doesn't show hand 
*** SUMMARY ***
Total pot $6.50 | Rake $0 
Seat 1: AlexEliseev7 (big blind) folded before Flop
Seat 2: Emily_GetMan folded before Flop (didn't bet)
Seat 3: fish my nuts folded before Flop (didn't bet)
Seat 4: Flix2204 folded before Flop
Seat 5: Fold Your Cats (button) collected ($6.50)
Seat 6: Kallifas22 (small blind) folded before Flop



PokerStars Hand #254746519929:  Hold'em No Limit ($0.50/$1.00 USD) - 2025/02/07 7:03:37 WET [2025/02/07 2:03:37 ET]
Table 'Pala' 6-max Seat #6 is the button
Seat 1: AlexEliseev7 ($148.46 in chips) 
Seat 2: Emily_GetMan ($101.25 in chips) 
Seat 3: fish my nuts ($125.03 in chips) 
Seat 4: Flix2204 ($108.50 in chips) 
Seat 5: Fold Your Cats ($113.59 in chips) 
Seat 6: Kallifas22 ($27.96 in chips) 
AlexEliseev7: posts small blind $0.50
Emily_GetMan: posts big blind $1
*** HOLE CARDS ***
fish my nuts: folds 
Flix2204: folds 
Fold Your Cats: folds 
Kallifas22: calls $1
AlexEliseev7: folds 
Emily_GetMan: checks 
*** FLOP *** [3s 4c 2s]
Emily_GetMan: bets $1
Kallifas22: calls $1
*** TURN *** [3s 4c 2s] [4d]
Emily_GetMan: bets $1.41
Kallifas22: calls $1.41
*** RIVER *** [3s 4c 2s 4d] [7d]
Emily_GetMan: bets $2.29
Kallifas22: calls $2.29
*** SHOW DOWN ***
Emily_GetMan: shows [3d Kh] (two pair, Fours and Threes)
Kallifas22: mucks hand 
Emily_GetMan collected $11.30 from pot
*** SUMMARY ***
Total pot $11.90 | Rake $0.60 
Board [3s 4c 2s 4d 7d]
Seat 1: AlexEliseev7 (small blind) folded before Flop
Seat 2: Emily_GetMan (big blind) showed [3d Kh] and won ($11.30) with two pair, Fours and Threes
Seat 3: fish my nuts folded before Flop (didn't bet)
Seat 4: Flix2204 folded before Flop (didn't bet)
Seat 5: Fold Your Cats folded before Flop (didn't bet)
Seat 6: Kallifas22 (button) mucked



PokerStars Hand #254746522622:  Hold'em No Limit ($0.50/$1.00 USD) - 2025/02/07 7:04:13 WET [2025/02/07 2:04:13 ET]
Table 'Pala' 6-max Seat #1 is the button
Seat 1: AlexEliseev7 ($147.96 in chips) 
Seat 2: Emily_GetMan ($106.85 in chips) 
Seat 3: fish my nuts ($125.03 in chips) 
Seat 4: Flix2204 ($108.50 in chips) 
Seat 5: Fold Your Cats ($113.59 in chips) 
Seat 6: Kallifas22 ($22.26 in chips) 
Emily_GetMan: posts small blind $0.50
fish my nuts: posts big blind $1
*** HOLE CARDS ***
Flix2204: folds 
Fold Your Cats: folds 
Kallifas22: calls $1
AlexEliseev7: folds 
Emily_GetMan: folds 
fish my nuts: checks 
*** FLOP *** [5d Qh 7d]
fish my nuts: checks 
Kallifas22: checks 
*** TURN *** [5d Qh 7d] [As]
fish my nuts: checks 
Kallifas22: checks 
*** RIVER *** [5d Qh 7d As] [3c]
fish my nuts: checks 
Kallifas22: checks 
*** SHOW DOWN ***
fish my nuts: shows [3h 6d] (a pair of Threes)
Kallifas22: mucks hand 
fish my nuts collected $2.38 from pot
*** SUMMARY ***
Total pot $2.50 | Rake $0.12 
Board [5d Qh 7d As 3c]
Seat 1: AlexEliseev7 (button) folded before Flop (didn't bet)
Seat 2: Emily_GetMan (small blind) folded before Flop
Seat 3: fish my nuts (big blind) showed [3h 6d] and won ($2.38) with a pair of Threes
Seat 4: Flix2204 folded before Flop (didn't bet)
Seat 5: Fold Your Cats folded before Flop (didn't bet)
Seat 6: Kallifas22 mucked



PokerStars Hand #254746525272:  Hold'em No Limit ($0.50/$1.00 USD) - 2025/02/07 7:04:49 WET [2025/02/07 2:04:49 ET]
Table 'Pala' 6-max Seat #2 is the button
Seat 1: AlexEliseev7 ($147.96 in chips) 
Seat 2: Emily_GetMan ($106.35 in chips) 
Seat 3: fish my nuts ($126.41 in chips) 
Seat 4: Flix2204 ($108.50 in chips) 
Seat 5: Fold Your Cats ($113.59 in chips) 
Seat 6: Kallifas22 ($21.26 in chips) 
fish my nuts: posts small blind $0.50
Flix2204: posts big blind $1
*** HOLE CARDS ***
Fold Your Cats: folds 
Kallifas22: calls $1
AlexEliseev7: folds 
Emily_GetMan: raises $3.50 to $4.50
fish my nuts: folds 
Flix2204: folds 
Kallifas22: folds 
Uncalled bet ($3.50) returned to Emily_GetMan
Emily_GetMan collected $3.50 from pot
Emily_GetMan: doesn't show hand 
*** SUMMARY ***
Total pot $3.50 | Rake $0 
Seat 1: AlexEliseev7 folded before Flop (didn't bet)
Seat 2: Emily_GetMan (button) collected ($3.50)
Seat 3: fish my nuts (small blind) folded before Flop
Seat 4: Flix2204 (big blind) folded before Flop
Seat 5: Fold Your Cats folded before Flop (didn't bet)
Seat 6: Kallifas22 folded before Flop



PokerStars Hand #254746526818:  Hold'em No Limit ($0.50/$1.00 USD) - 2025/02/07 7:05:09 WET [2025/02/07 2:05:09 ET]
Table 'Pala' 6-max Seat #3 is the button
Seat 1: AlexEliseev7 ($147.96 in chips) 
Seat 2: Emily_GetMan ($108.85 in chips) 
Seat 3: fish my nuts ($125.91 in chips) 
Seat 4: Flix2204 ($107.50 in chips) 
Seat 5: Fold Your Cats ($113.59 in chips) 
Seat 6: Kallifas22 ($20.26 in chips) 
Flix2204: posts small blind $0.50
Fold Your Cats: posts big blind $1
*** HOLE CARDS ***
Kallifas22: raises $1 to $2
AlexEliseev7: folds 
Emily_GetMan: folds 
fish my nuts: raises $4.50 to $6.50
Flix2204: folds 
Fold Your Cats: folds 
Kallifas22: calls $4.50
*** FLOP *** [Th Js Ad]
Kallifas22: checks 
fish my nuts: bets $3.45
Kallifas22: raises $10.31 to $13.76 and is all-in
fish my nuts: calls $10.31
*** TURN *** [Th Js Ad] [8h]
*** RIVER *** [Th Js Ad 8h] [8s]
*** SHOW DOWN ***
Kallifas22: shows [Td Ah] (two pair, Aces and Tens)
fish my nuts: shows [Ts Tc] (a full house, Tens full of Eights)
fish my nuts collected $39.92 from pot
Kallifas22 cashed out the hand for $3.88 | Cash Out Fee $0.08
*** SUMMARY ***
Total pot $42.02 | Rake $2.10 
Board [Th Js Ad 8h 8s]
Seat 1: AlexEliseev7 folded before Flop (didn't bet)
Seat 2: Emily_GetMan folded before Flop (didn't bet)
Seat 3: fish my nuts (button) showed [Ts Tc] and won ($39.92) with a full house, Tens full of Eights
Seat 4: Flix2204 (small blind) folded before Flop
Seat 5: Fold Your Cats (big blind) folded before Flop
Seat 6: Kallifas22 showed [Td Ah] and lost with two pair, Aces and Tens (cashed out).



PokerStars Hand #254746530487:  Hold'em No Limit ($0.50/$1.00 USD) - 2025/02/07 7:05:59 WET [2025/02/07 2:05:59 ET]
Table 'Pala' 6-max Seat #4 is the button
Seat 1: AlexEliseev7 ($147.96 in chips) 
Seat 2: Emily_GetMan ($108.85 in chips) 
Seat 3: fish my nuts ($145.57 in chips) 
Seat 4: Flix2204 ($107 in chips) 
Seat 5: Fold Your Cats ($112.59 in chips) 
Seat 6: Kallifas22 ($3.88 in chips) 
Fold Your Cats: posts small blind $0.50
Kallifas22: posts big blind $1
*** HOLE CARDS ***
AlexEliseev7: folds 
Emily_GetMan: folds 
fish my nuts: folds 
Flix2204: raises $1.50 to $2.50
fish my nuts leaves the table
Fold Your Cats: raises $7.50 to $10
Kallifas22: calls $2.88 and is all-in
Flix2204: folds 
Uncalled bet ($6.12) returned to Fold Your Cats
*** FLOP *** [9c Jd Kd]
*** TURN *** [9c Jd Kd] [9d]
*** RIVER *** [9c Jd Kd 9d] [Kh]
*** SHOW DOWN ***
Fold Your Cats: shows [Ac Ah] (two pair, Aces and Kings)
Kallifas22: shows [3h 3s] (two pair, Kings and Nines)
Fold Your Cats collected $9.75 from pot
Kallifas22 cashed out the hand for $1.73 | Cash Out Fee $0.04
*** SUMMARY ***
Total pot $10.26 | Rake $0.51 
Board [9c Jd Kd 9d Kh]
Seat 1: AlexEliseev7 folded before Flop (didn't bet)
Seat 2: Emily_GetMan folded before Flop (didn't bet)
Seat 3: fish my nuts folded before Flop (didn't bet)
Seat 4: Flix2204 (button) folded before Flop
Seat 5: Fold Your Cats (small blind) showed [Ac Ah] and won ($9.75) with two pair, Aces and Kings
Seat 6: Kallifas22 (big blind) showed [3h 3s] and lost with two pair, Kings and Nines (cashed out).



PokerStars Hand #254746532811:  Hold'em No Limit ($0.50/$1.00 USD) - 2025/02/07 7:06:29 WET [2025/02/07 2:06:29 ET]
Table 'Pala' 6-max Seat #5 is the button
Seat 1: AlexEliseev7 ($147.96 in chips) 
Seat 2: Emily_GetMan ($108.85 in chips) 
Seat 4: Flix2204 ($104.50 in chips) 
Seat 5: Fold Your Cats ($118.46 in chips) 
Seat 6: Kallifas22 ($1.73 in chips) 
Kallifas22: posts small blind $0.50
AlexEliseev7: posts big blind $1
*** HOLE CARDS ***
Emily_GetMan: raises $1 to $2
Flix2204: folds 
Fold Your Cats: raises $5.50 to $7.50
Kallifas22: folds 
AlexEliseev7: folds 
Emily_GetMan: folds 
Uncalled bet ($5.50) returned to Fold Your Cats
Fold Your Cats collected $5.50 from pot
Fold Your Cats: doesn't show hand 
*** SUMMARY ***
Total pot $5.50 | Rake $0 
Seat 1: AlexEliseev7 (big blind) folded before Flop
Seat 2: Emily_GetMan folded before Flop
Seat 4: Flix2204 folded before Flop (didn't bet)
Seat 5: Fold Your Cats (button) collected ($5.50)
Seat 6: Kallifas22 (small blind) folded before Flop



PokerStars Hand #254746534438:  Hold'em No Limit ($0.50/$1.00 USD) - 2025/02/07 7:06:51 WET [2025/02/07 2:06:51 ET]
Table 'Pala' 6-max Seat #6 is the button
Seat 1: AlexEliseev7 ($146.96 in chips) 
Seat 2: Emily_GetMan ($106.85 in chips) 
Seat 4: Flix2204 ($104.50 in chips) 
Seat 5: Fold Your Cats ($121.96 in chips) 
Seat 6: Kallifas22 ($1.23 in chips) 
AlexEliseev7: posts small blind $0.50
Emily_GetMan: posts big blind $1
*** HOLE CARDS ***
Flix2204: raises $1 to $2
Fold Your Cats: folds 
Kallifas22: folds 
AlexEliseev7: folds 
Emily_GetMan: folds 
Uncalled bet ($1) returned to Flix2204
Flix2204 collected $2.50 from pot
Flix2204: doesn't show hand 
*** SUMMARY ***
Total pot $2.50 | Rake $0 
Seat 1: AlexEliseev7 (small blind) folded before Flop
Seat 2: Emily_GetMan (big blind) folded before Flop
Seat 4: Flix2204 collected ($2.50)
Seat 5: Fold Your Cats folded before Flop (didn't bet)
Seat 6: Kallifas22 (button) folded before Flop (didn't bet)



PokerStars Hand #254746535535:  Hold'em No Limit ($0.50/$1.00 USD) - 2025/02/07 7:07:05 WET [2025/02/07 2:07:05 ET]
Table 'Pala' 6-max Seat #1 is the button
Seat 1: AlexEliseev7 ($146.46 in chips) 
Seat 2: Emily_GetMan ($105.85 in chips) 
Seat 4: Flix2204 ($106 in chips) 
Seat 5: Fold Your Cats ($121.96 in chips) 
Seat 6: Kallifas22 ($1.23 in chips) 
Emily_GetMan: posts small blind $0.50
Flix2204: posts big blind $1
*** HOLE CARDS ***
Fold Your Cats: folds 
Kallifas22: raises $0.23 to $1.23 and is all-in
AlexEliseev7: folds 
Emily_GetMan: raises $3.77 to $5
Flix2204: folds 
Uncalled bet ($3.77) returned to Emily_GetMan
*** FLOP *** [3d 4h 5d]
*** TURN *** [3d 4h 5d] [9c]
*** RIVER *** [3d 4h 5d 9c] [Kc]
*** SHOW DOWN ***
Emily_GetMan: shows [Ts Kd] (a pair of Kings)
Kallifas22: shows [9s 9h] (three of a kind, Nines)
Kallifas22 collected $3.29 from pot
*** SUMMARY ***
Total pot $3.46 | Rake $0.17 
Board [3d 4h 5d 9c Kc]
Seat 1: AlexEliseev7 (button) folded before Flop (didn't bet)
Seat 2: Emily_GetMan (small blind) showed [Ts Kd] and lost with a pair of Kings
Seat 4: Flix2204 (big blind) folded before Flop
Seat 5: Fold Your Cats folded before Flop (didn't bet)
Seat 6: Kallifas22 showed [9s 9h] and won ($3.29) with three of a kind, Nines



PokerStars Hand #254746537938:  Hold'em No Limit ($0.50/$1.00 USD) - 2025/02/07 7:07:37 WET [2025/02/07 2:07:37 ET]
Table 'Pala' 6-max Seat #2 is the button
Seat 5: Fold Your Cats ($121.96 in chips) is sitting out
Seat 1: AlexEliseev7 ($146.46 in chips) 
Seat 2: Emily_GetMan ($104.62 in chips) 
Seat 4: Flix2204 ($105 in chips) 
Seat 6: Kallifas22 ($3.29 in chips) 
Flix2204: posts small blind $0.50
Fold Your Cats: is sitting out 
Kallifas22: posts big blind $1
*** HOLE CARDS ***
Fold Your Cats leaves the table
AlexEliseev7: folds 
Emily_GetMan: folds 
Flix2204: folds 
Uncalled bet ($0.50) returned to Kallifas22
Kallifas22 collected $1 from pot
*** SUMMARY ***
Total pot $1 | Rake $0 
Seat 5: Fold Your Cats
Seat 1: AlexEliseev7 folded before Flop (didn't bet)
Seat 2: Emily_GetMan (button) folded before Flop (didn't bet)
Seat 4: Flix2204 (small blind) folded before Flop
Seat 6: Kallifas22 (big blind) collected ($1)



PokerStars Hand #254746539148:  Hold'em No Limit ($0.50/$1.00 USD) - 2025/02/07 7:07:54 WET [2025/02/07 2:07:54 ET]
Table 'Pala' 6-max Seat #4 is the button
Seat 1: AlexEliseev7 ($146.46 in chips) 
Seat 2: Emily_GetMan ($104.62 in chips) 
Seat 4: Flix2204 ($104.50 in chips) 
Seat 6: Kallifas22 ($3.79 in chips) 
Kallifas22: posts small blind $0.50
AlexEliseev7: posts big blind $1
*** HOLE CARDS ***
Emily_GetMan: raises $1 to $2
Flix2204: folds 
Kallifas22: folds 
AlexEliseev7: folds 
Uncalled bet ($1) returned to Emily_GetMan
Emily_GetMan collected $2.50 from pot
Emily_GetMan: doesn't show hand 
*** SUMMARY ***
Total pot $2.50 | Rake $0 
Seat 1: AlexEliseev7 (big blind) folded before Flop
Seat 2: Emily_GetMan collected ($2.50)
Seat 4: Flix2204 (button) folded before Flop (didn't bet)
Seat 6: Kallifas22 (small blind) folded before Flop



PokerStars Hand #254746540021:  Hold'em No Limit ($0.50/$1.00 USD) - 2025/02/07 7:08:06 WET [2025/02/07 2:08:06 ET]
Table 'Pala' 6-max Seat #6 is the button
Seat 1: AlexEliseev7 ($145.46 in chips) 
Seat 2: Emily_GetMan ($106.12 in chips) 
Seat 4: Flix2204 ($104.50 in chips) 
Seat 6: Kallifas22 ($3.29 in chips) 
AlexEliseev7: posts small blind $0.50
Emily_GetMan: posts big blind $1
*** HOLE CARDS ***
Flix2204: folds 
Kallifas22: folds 
AlexEliseev7: folds 
Uncalled bet ($0.50) returned to Emily_GetMan
Emily_GetMan collected $1 from pot
Emily_GetMan: doesn't show hand 
*** SUMMARY ***
Total pot $1 | Rake $0 
Seat 1: AlexEliseev7 (small blind) folded before Flop
Seat 2: Emily_GetMan (big blind) collected ($1)
Seat 4: Flix2204 folded before Flop (didn't bet)
Seat 6: Kallifas22 (button) folded before Flop (didn't bet)



PokerStars Hand #254746541356:  Hold'em No Limit ($0.50/$1.00 USD) - 2025/02/07 7:08:23 WET [2025/02/07 2:08:23 ET]
Table 'Pala' 6-max Seat #1 is the button
Seat 1: AlexEliseev7 ($144.96 in chips) 
Seat 2: Emily_GetMan ($106.62 in chips) 
Seat 4: Flix2204 ($104.50 in chips) 
Seat 6: Kallifas22 ($3.29 in chips) 
Emily_GetMan: posts small blind $0.50
Flix2204: posts big blind $1
*** HOLE CARDS ***
Kallifas22: raises $2.29 to $3.29 and is all-in
AlexEliseev7: folds 
Emily_GetMan: folds 
Flix2204: folds 
Uncalled bet ($2.29) returned to Kallifas22
Kallifas22 collected $2.50 from pot
*** SUMMARY ***
Total pot $2.50 | Rake $0 
Seat 1: AlexEliseev7 (button) folded before Flop (didn't bet)
Seat 2: Emily_GetMan (small blind) folded before Flop
Seat 4: Flix2204 (big blind) folded before Flop
Seat 6: Kallifas22 collected ($2.50)



PokerStars Hand #254746542521:  Hold'em No Limit ($0.50/$1.00 USD) - 2025/02/07 7:08:39 WET [2025/02/07 2:08:39 ET]
Table 'Pala' 6-max Seat #2 is the button
Seat 1: AlexEliseev7 ($144.96 in chips) 
Seat 2: Emily_GetMan ($106.12 in chips) 
Seat 4: Flix2204 ($103.50 in chips) 
Seat 6: Kallifas22 ($4.79 in chips) 
Flix2204: posts small blind $0.50
Kallifas22: posts big blind $1
*** HOLE CARDS ***
AlexEliseev7: folds 
Emily_GetMan: folds 
Flix2204: folds 
Uncalled bet ($0.50) returned to Kallifas22
Kallifas22 collected $1 from pot
*** SUMMARY ***
Total pot $1 | Rake $0 
Seat 1: AlexEliseev7 folded before Flop (didn't bet)
Seat 2: Emily_GetMan (button) folded before Flop (didn't bet)
Seat 4: Flix2204 (small blind) folded before Flop
Seat 6: Kallifas22 (big blind) collected ($1)



PokerStars Hand #254746543572:  Hold'em No Limit ($0.50/$1.00 USD) - 2025/02/07 7:08:53 WET [2025/02/07 2:08:53 ET]
Table 'Pala' 6-max Seat #4 is the button
Seat 1: AlexEliseev7 ($144.96 in chips) 
Seat 2: Emily_GetMan ($106.12 in chips) 
Seat 4: Flix2204 ($103 in chips) 
Seat 6: Kallifas22 ($5.29 in chips) 
Kallifas22: posts small blind $0.50
AlexEliseev7: posts big blind $1
*** HOLE CARDS ***
Emily_GetMan: folds 
Flix2204: raises $1.50 to $2.50
Kallifas22: folds 
AlexEliseev7: folds 
Uncalled bet ($1.50) returned to Flix2204
Flix2204 collected $2.50 from pot
Flix2204: doesn't show hand 
*** SUMMARY ***
Total pot $2.50 | Rake $0 
Seat 1: AlexEliseev7 (big blind) folded before Flop
Seat 2: Emily_GetMan folded before Flop (didn't bet)
Seat 4: Flix2204 (button) collected ($2.50)
Seat 6: Kallifas22 (small blind) folded before Flop



PokerStars Hand #254746544514:  Hold'em No Limit ($0.50/$1.00 USD) - 2025/02/07 7:09:05 WET [2025/02/07 2:09:05 ET]
Table 'Pala' 6-max Seat #6 is the button
Seat 1: AlexEliseev7 ($143.96 in chips) 
Seat 2: Emily_GetMan ($106.12 in chips) 
Seat 4: Flix2204 ($104.50 in chips) 
Seat 6: Kallifas22 ($4.79 in chips) 
AlexEliseev7: posts small blind $0.50
Emily_GetMan: posts big blind $1
*** HOLE CARDS ***
Flix2204: folds 
Kallifas22: folds 
AlexEliseev7: raises $2 to $3
Emily_GetMan: calls $2
*** FLOP *** [7h 7s Td]
AlexEliseev7: checks 
Emily_GetMan: checks 
*** TURN *** [7h 7s Td] [Kc]
AlexEliseev7: bets $4.45
Emily_GetMan: folds 
Uncalled bet ($4.45) returned to AlexEliseev7
AlexEliseev7 collected $5.70 from pot
AlexEliseev7: doesn't show hand 
*** SUMMARY ***
Total pot $6 | Rake $0.30 
Board [7h 7s Td Kc]
Seat 1: AlexEliseev7 (small blind) collected ($5.70)
Seat 2: Emily_GetMan (big blind) folded on the Turn
Seat 4: Flix2204 folded before Flop (didn't bet)
Seat 6: Kallifas22 (button) folded before Flop (didn't bet)



PokerStars Hand #254746547097:  Hold'em No Limit ($0.50/$1.00 USD) - 2025/02/07 7:09:39 WET [2025/02/07 2:09:39 ET]
Table 'Pala' 6-max Seat #1 is the button
Seat 1: AlexEliseev7 ($146.66 in chips) 
Seat 2: Emily_GetMan ($103.12 in chips) 
Seat 4: Flix2204 ($104.50 in chips) 
Seat 6: Kallifas22 ($4.79 in chips) 
Emily_GetMan: posts small blind $0.50
Flix2204: posts big blind $1
*** HOLE CARDS ***
Kallifas22: folds 
AlexEliseev7: folds 
Emily_GetMan: folds 
Uncalled bet ($0.50) returned to Flix2204
Flix2204 collected $1 from pot
Flix2204: doesn't show hand 
*** SUMMARY ***
Total pot $1 | Rake $0 
Seat 1: AlexEliseev7 (button) folded before Flop (didn't bet)
Seat 2: Emily_GetMan (small blind) folded before Flop
Seat 4: Flix2204 (big blind) collected ($1)
Seat 6: Kallifas22 folded before Flop (didn't bet)



PokerStars Hand #254746547744:  Hold'em No Limit ($0.50/$1.00 USD) - 2025/02/07 7:09:48 WET [2025/02/07 2:09:48 ET]
Table 'Pala' 6-max Seat #2 is the button
Seat 1: AlexEliseev7 ($146.66 in chips) 
Seat 2: Emily_GetMan ($102.62 in chips) 
Seat 4: Flix2204 ($105 in chips) 
Seat 6: Kallifas22 ($4.79 in chips) 
Flix2204: posts small blind $0.50
Kallifas22: posts big blind $1
*** HOLE CARDS ***
AlexEliseev7: folds 
Emily_GetMan: raises $1.50 to $2.50
Flix2204: folds 
Kallifas22: folds 
Uncalled bet ($1.50) returned to Emily_GetMan
Emily_GetMan collected $2.50 from pot
Emily_GetMan: doesn't show hand 
*** SUMMARY ***
Total pot $2.50 | Rake $0 
Seat 1: AlexEliseev7 folded before Flop (didn't bet)
Seat 2: Emily_GetMan (button) collected ($2.50)
Seat 4: Flix2204 (small blind) folded before Flop
Seat 6: Kallifas22 (big blind) folded before Flop



PokerStars Hand #254746549056:  Hold'em No Limit ($0.50/$1.00 USD) - 2025/02/07 7:10:05 WET [2025/02/07 2:10:05 ET]
Table 'Pala' 6-max Seat #4 is the button
Seat 1: AlexEliseev7 ($146.66 in chips) 
Seat 2: Emily_GetMan ($104.12 in chips) 
Seat 4: Flix2204 ($104.50 in chips) 
Seat 6: Kallifas22 ($3.79 in chips) 
Kallifas22: posts small blind $0.50
AlexEliseev7: posts big blind $1
*** HOLE CARDS ***
Emily_GetMan: folds 
Flix2204: folds 
Kallifas22: raises $2.79 to $3.79 and is all-in
AlexEliseev7: calls $2.79
*** FLOP *** [6c 3h Ks]
*** TURN *** [6c 3h Ks] [8h]
*** RIVER *** [6c 3h Ks 8h] [4c]
*** SHOW DOWN ***
Kallifas22: shows [Th Qd] (high card King)
AlexEliseev7: shows [As Jc] (high card Ace)
AlexEliseev7 collected $7.20 from pot
Kallifas22 cashed out the hand for $2.73 | Cash Out Fee $0.06
*** SUMMARY ***
Total pot $7.58 | Rake $0.38 
Board [6c 3h Ks 8h 4c]
Seat 1: AlexEliseev7 (big blind) showed [As Jc] and won ($7.20) with high card Ace
Seat 2: Emily_GetMan folded before Flop (didn't bet)
Seat 4: Flix2204 (button) folded before Flop (didn't bet)
Seat 6: Kallifas22 (small blind) showed [Th Qd] and lost with high card King (cashed out).



PokerStars Hand #254746551098:  Hold'em No Limit ($0.50/$1.00 USD) - 2025/02/07 7:10:32 WET [2025/02/07 2:10:32 ET]
Table 'Pala' 6-max Seat #6 is the button
Seat 1: AlexEliseev7 ($150.07 in chips) 
Seat 2: Emily_GetMan ($104.12 in chips) 
Seat 4: Flix2204 ($104.50 in chips) 
Seat 6: Kallifas22 ($2.73 in chips) 
AlexEliseev7: posts small blind $0.50
Emily_GetMan: posts big blind $1
*** HOLE CARDS ***
Flix2204: folds 
Kallifas22: folds 
AlexEliseev7: raises $2 to $3
Emily_GetMan: calls $2
*** FLOP *** [Ad 4d Ac]
AlexEliseev7: bets $1.43
Emily_GetMan: raises $4.07 to $5.50
Flix2204 leaves the table
AlexEliseev7: calls $4.07
*** TURN *** [Ad 4d Ac] [2h]
AlexEliseev7: checks 
Emily_GetMan: bets $10.66
AlexEliseev7: calls $10.66
*** RIVER *** [Ad 4d Ac 2h] [4h]
AlexEliseev7: checks 
Emily_GetMan: checks 
*** SHOW DOWN ***
AlexEliseev7: shows [7h As] (a full house, Aces full of Fours)
Emily_GetMan: mucks hand 
AlexEliseev7 collected $37.32 from pot
*** SUMMARY ***
Total pot $38.32 | Rake $1 
Board [Ad 4d Ac 2h 4h]
Seat 1: AlexEliseev7 (small blind) showed [7h As] and won ($37.32) with a full house, Aces full of Fours
Seat 2: Emily_GetMan (big blind) mucked
Seat 4: Flix2204 folded before Flop (didn't bet)
Seat 6: Kallifas22 (button) folded before Flop (didn't bet)



PokerStars Hand #254746556831:  Hold'em No Limit ($0.50/$1.00 USD) - 2025/02/07 7:11:50 WET [2025/02/07 2:11:50 ET]
Table 'Pala' 6-max Seat #1 is the button
Seat 1: AlexEliseev7 ($168.23 in chips) 
Seat 2: Emily_GetMan ($100 in chips) 
Seat 6: Kallifas22 ($2.73 in chips) 
Emily_GetMan: posts small blind $0.50
Kallifas22: posts big blind $1
*** HOLE CARDS ***
AlexEliseev7: folds 
Emily_GetMan: folds 
Uncalled bet ($0.50) returned to Kallifas22
Kallifas22 collected $1 from pot
*** SUMMARY ***
Total pot $1 | Rake $0 
Seat 1: AlexEliseev7 (button) folded before Flop (didn't bet)
Seat 2: Emily_GetMan (small blind) folded before Flop
Seat 6: Kallifas22 (big blind) collected ($1)



PokerStars Hand #254746557866:  Hold'em No Limit ($0.50/$1.00 USD) - 2025/02/07 7:12:03 WET [2025/02/07 2:12:03 ET]
Table 'Pala' 6-max Seat #2 is the button
Seat 1: AlexEliseev7 ($168.23 in chips) 
Seat 2: Emily_GetMan ($100 in chips) 
Seat 6: Kallifas22 ($3.23 in chips) 
Kallifas22: posts small blind $0.50
AlexEliseev7: posts big blind $1
*** HOLE CARDS ***
Emily_GetMan: folds 
Kallifas22: raises $2 to $3
AlexEliseev7: raises $2 to $5
Kallifas22: calls $0.23 and is all-in
Uncalled bet ($1.77) returned to AlexEliseev7
AlexEliseev7 has timed out
*** FLOP *** [3h Ks 9s]
*** TURN *** [3h Ks 9s] [7s]
*** RIVER *** [3h Ks 9s 7s] [4c]
*** SHOW DOWN ***
Kallifas22: shows [Th Ah] (high card Ace)
AlexEliseev7: shows [Td 9c] (a pair of Nines)
AlexEliseev7 collected $6.14 from pot
Kallifas22 cashed out the hand for $4.41 | Cash Out Fee $0.09
*** SUMMARY ***
Total pot $6.46 | Rake $0.32 
Board [3h Ks 9s 7s 4c]
Seat 1: AlexEliseev7 (big blind) showed [Td 9c] and won ($6.14) with a pair of Nines
Seat 2: Emily_GetMan (button) folded before Flop (didn't bet)
Seat 6: Kallifas22 (small blind) showed [Th Ah] and lost with high card Ace (cashed out).



PokerStars Hand #254746560785:  Hold'em No Limit ($0.50/$1.00 USD) - 2025/02/07 7:12:43 WET [2025/02/07 2:12:43 ET]
Table 'Pala' 6-max Seat #6 is the button
Seat 1: AlexEliseev7 ($171.14 in chips) 
Seat 2: Emily_GetMan ($100 in chips) 
Seat 6: Kallifas22 ($4.41 in chips) 
AlexEliseev7: posts small blind $0.50
Emily_GetMan: posts big blind $1
*** HOLE CARDS ***
Kallifas22: folds 
AlexEliseev7: folds 
Uncalled bet ($0.50) returned to Emily_GetMan
Emily_GetMan collected $1 from pot
Emily_GetMan: doesn't show hand 
*** SUMMARY ***
Total pot $1 | Rake $0 
Seat 1: AlexEliseev7 (small blind) folded before Flop
Seat 2: Emily_GetMan (big blind) collected ($1)
Seat 6: Kallifas22 (button) folded before Flop (didn't bet)



PokerStars Hand #254746561514:  Hold'em No Limit ($0.50/$1.00 USD) - 2025/02/07 7:12:53 WET [2025/02/07 2:12:53 ET]
Table 'Pala' 6-max Seat #1 is the button
Seat 1: AlexEliseev7 ($170.64 in chips) 
Seat 2: Emily_GetMan ($100.50 in chips) 
Seat 6: Kallifas22 ($4.41 in chips) 
Emily_GetMan: posts small blind $0.50
Kallifas22: posts big blind $1
*** HOLE CARDS ***
AlexEliseev7: folds 
Emily_GetMan: folds 
Uncalled bet ($0.50) returned to Kallifas22
Kallifas22 collected $1 from pot
*** SUMMARY ***
Total pot $1 | Rake $0 
Seat 1: AlexEliseev7 (button) folded before Flop (didn't bet)
Seat 2: Emily_GetMan (small blind) folded before Flop
Seat 6: Kallifas22 (big blind) collected ($1)



PokerStars Hand #254746563089:  Hold'em No Limit ($0.50/$1.00 USD) - 2025/02/07 7:13:15 WET [2025/02/07 2:13:15 ET]
Table 'Pala' 6-max Seat #2 is the button
Seat 1: AlexEliseev7 ($170.64 in chips) 
Seat 2: Emily_GetMan ($100 in chips) 
Seat 6: Kallifas22 ($4.91 in chips) 
Kallifas22: posts small blind $0.50
AlexEliseev7: posts big blind $1
*** HOLE CARDS ***
Emily_GetMan: raises $1.50 to $2.50
Kallifas22: folds 
AlexEliseev7: calls $1.50
*** FLOP *** [6c 4s 3d]
AlexEliseev7: checks 
Emily_GetMan: checks 
*** TURN *** [6c 4s 3d] [2c]
AlexEliseev7: checks 
Emily_GetMan: checks 
*** RIVER *** [6c 4s 3d 2c] [Kd]
AlexEliseev7: checks 
Emily_GetMan: checks 
*** SHOW DOWN ***
AlexEliseev7: shows [9c 8d] (high card King)
Emily_GetMan: shows [As Jc] (high card Ace)
Emily_GetMan collected $5.22 from pot
*** SUMMARY ***
Total pot $5.50 | Rake $0.28 
Board [6c 4s 3d 2c Kd]
Seat 1: AlexEliseev7 (big blind) showed [9c 8d] and lost with high card King
Seat 2: Emily_GetMan (button) showed [As Jc] and won ($5.22) with high card Ace
Seat 6: Kallifas22 (small blind) folded before Flop



PokerStars Hand #254746567301:  Hold'em No Limit ($0.50/$1.00 USD) - 2025/02/07 7:14:11 WET [2025/02/07 2:14:11 ET]
Table 'Pala' 6-max Seat #6 is the button
Seat 2: Emily_GetMan ($102.72 in chips) 
Seat 6: Kallifas22 ($4.41 in chips) 
Kallifas22: posts small blind $0.50
Emily_GetMan: posts big blind $1
*** HOLE CARDS ***
Kallifas22: raises $3.41 to $4.41 and is all-in
Emily_GetMan: calls $3.41
*** FLOP *** [6s 5s Kh]
*** TURN *** [6s 5s Kh] [4d]
*** RIVER *** [6s 5s Kh 4d] [2c]
*** SHOW DOWN ***
Emily_GetMan: shows [Th 5h] (a pair of Fives)
Kallifas22: shows [Tc Ks] (a pair of Kings)
Kallifas22 collected $8.38 from pot
*** SUMMARY ***
Total pot $8.82 | Rake $0.44 
Board [6s 5s Kh 4d 2c]
Seat 2: Emily_GetMan (big blind) showed [Th 5h] and lost with a pair of Fives
Seat 6: Kallifas22 (button) (small blind) showed [Tc Ks] and won ($8.38) with a pair of Kings



PokerStars Hand #254746569304:  Hold'em No Limit ($0.50/$1.00 USD) - 2025/02/07 7:14:38 WET [2025/02/07 2:14:38 ET]
Table 'Pala' 6-max Seat #2 is the button
Seat 2: Emily_GetMan ($100 in chips) 
Seat 6: Kallifas22 ($8.38 in chips) 
Emily_GetMan: posts small blind $0.50
Kallifas22: posts big blind $1
*** HOLE CARDS ***
Emily_GetMan: raises $9 to $10
Kallifas22: folds 
Uncalled bet ($9) returned to Emily_GetMan
Emily_GetMan collected $2 from pot
Emily_GetMan: doesn't show hand 
*** SUMMARY ***
Total pot $2 | Rake $0 
Seat 2: Emily_GetMan (button) (small blind) collected ($2)
Seat 6: Kallifas22 (big blind) folded before Flop



PokerStars Hand #254746570104:  Hold'em No Limit ($0.50/$1.00 USD) - 2025/02/07 7:14:48 WET [2025/02/07 2:14:48 ET]
Table 'Pala' 6-max Seat #6 is the button
Seat 2: Emily_GetMan ($101 in chips) 
Seat 6: Kallifas22 ($7.38 in chips) 
Kallifas22: posts small blind $0.50
Emily_GetMan: posts big blind $1
*** HOLE CARDS ***
Kallifas22: raises $6.38 to $7.38 and is all-in
Emily_GetMan: folds 
Uncalled bet ($6.38) returned to Kallifas22
Kallifas22 collected $2 from pot
Kallifas22: doesn't show hand 
*** SUMMARY ***
Total pot $2 | Rake $0 
Seat 2: Emily_GetMan (big blind) folded before Flop
Seat 6: Kallifas22 (button) (small blind) collected ($2)



PokerStars Hand #254746571033:  Hold'em No Limit ($0.50/$1.00 USD) - 2025/02/07 7:15:01 WET [2025/02/07 2:15:01 ET]
Table 'Pala' 6-max Seat #2 is the button
Seat 2: Emily_GetMan ($100 in chips) 
Seat 6: Kallifas22 ($8.38 in chips) 
Emily_GetMan: posts small blind $0.50
Kallifas22: posts big blind $1
*** HOLE CARDS ***
Emily_GetMan: folds 
Uncalled bet ($0.50) returned to Kallifas22
Kallifas22 collected $1 from pot
*** SUMMARY ***
Total pot $1 | Rake $0 
Seat 2: Emily_GetMan (button) (small blind) folded before Flop
Seat 6: Kallifas22 (big blind) collected ($1)



PokerStars Hand #254746571474:  Hold'em No Limit ($0.50/$1.00 USD) - 2025/02/07 7:15:06 WET [2025/02/07 2:15:06 ET]
Table 'Pala' 6-max Seat #6 is the button
Seat 2: Emily_GetMan ($100 in chips) 
Seat 6: Kallifas22 ($8.88 in chips) 
Kallifas22: posts small blind $0.50
Emily_GetMan: posts big blind $1
*** HOLE CARDS ***
Kallifas22: raises $7.88 to $8.88 and is all-in
Emily_GetMan: calls $7.88
*** FLOP *** [2h 5s Jd]
*** TURN *** [2h 5s Jd] [2s]
*** RIVER *** [2h 5s Jd 2s] [6s]
*** SHOW DOWN ***
Emily_GetMan: shows [5c Qc] (two pair, Fives and Deuces)
Kallifas22: shows [Ks 3c] (a pair of Deuces)
Emily_GetMan collected $16.87 from pot
Kallifas22 cashed out the hand for $9.32 | Cash Out Fee $0.19
*** SUMMARY ***
Total pot $17.76 | Rake $0.89 
Board [2h 5s Jd 2s 6s]
Seat 2: Emily_GetMan (big blind) showed [5c Qc] and won ($16.87) with two pair, Fives and Deuces
Seat 6: Kallifas22 (button) (small blind) showed [Ks 3c] and lost with a pair of Deuces (cashed out).



PokerStars Hand #254746572771:  Hold'em No Limit ($0.50/$1.00 USD) - 2025/02/07 7:15:25 WET [2025/02/07 2:15:25 ET]
Table 'Pala' 6-max Seat #2 is the button
Seat 2: Emily_GetMan ($107.99 in chips) 
Seat 6: Kallifas22 ($9.32 in chips) 
Emily_GetMan: posts small blind $0.50
Kallifas22: posts big blind $1
*** HOLE CARDS ***
Emily_GetMan: raises $12 to $13
Kallifas22: calls $8.32 and is all-in
Uncalled bet ($3.68) returned to Emily_GetMan
7bekon7 joins the table at seat #1 
*** FLOP *** [Kd 2c 5d]
*** TURN *** [Kd 2c 5d] [Js]
*** RIVER *** [Kd 2c 5d Js] [9h]
*** SHOW DOWN ***
Kallifas22: shows [Qs 2s] (a pair of Deuces)
Emily_GetMan: shows [6s Ac] (high card Ace)
Kallifas22 cashed out the hand for $6.86 | Cash Out Fee $0.14
*** SUMMARY ***
Total pot $18.64 | Rake $0.93 
Board [Kd 2c 5d Js 9h]
Seat 2: Emily_GetMan (button) (small blind) showed [6s Ac] and lost with high card Ace
Seat 6: Kallifas22 (big blind) showed [Qs 2s] and won ($17.71) with a pair of Deuces (pot not awarded as player cashed out)



PokerStars Hand #254746574426:  Hold'em No Limit ($0.50/$1.00 USD) - 2025/02/07 7:15:47 WET [2025/02/07 2:15:47 ET]
Table 'Pala' 6-max Seat #2 is the button
Seat 1: 7bekon7 ($100 in chips) 
Seat 2: Emily_GetMan ($100 in chips) 
Seat 6: Kallifas22 ($6.86 in chips) 
Kallifas22: posts small blind $0.50
7bekon7: posts big blind $1
*** HOLE CARDS ***
Emily_GetMan: folds 
Kallifas22: raises $5.86 to $6.86 and is all-in
7bekon7: calls $5.86
4ikkiBamBoni joins the table at seat #3 
*** FLOP *** [5c Qc Js]
*** TURN *** [5c Qc Js] [5d]
*** RIVER *** [5c Qc Js 5d] [Jd]
*** SHOW DOWN ***
Kallifas22: shows [Jc Ad] (a full house, Jacks full of Fives)
7bekon7: shows [6c 4d] (two pair, Jacks and Fives)
Kallifas22 collected $13.03 from pot
*** SUMMARY ***
Total pot $13.72 | Rake $0.69 
Board [5c Qc Js 5d Jd]
Seat 1: 7bekon7 (big blind) showed [6c 4d] and lost with two pair, Jacks and Fives
Seat 2: Emily_GetMan (button) folded before Flop (didn't bet)
Seat 6: Kallifas22 (small blind) showed [Jc Ad] and won ($13.03) with a full house, Jacks full of Fives



PokerStars Hand #254746576066:  Hold'em No Limit ($0.50/$1.00 USD) - 2025/02/07 7:16:09 WET [2025/02/07 2:16:09 ET]
Table 'Pala' 6-max Seat #6 is the button
Seat 3: 4ikkiBamBoni ($100 in chips) is sitting out
Seat 1: 7bekon7 ($100 in chips) 
Seat 2: Emily_GetMan ($100 in chips) 
Seat 6: Kallifas22 ($13.03 in chips) 
7bekon7: posts small blind $0.50
Emily_GetMan: posts big blind $1
4ikkiBamBoni: sits out 
*** HOLE CARDS ***
ka100pka527 joins the table at seat #5 
Kallifas22: folds 
7bekon7: folds 
Uncalled bet ($0.50) returned to Emily_GetMan
Emily_GetMan collected $1 from pot
Emily_GetMan: doesn't show hand 
*** SUMMARY ***
Total pot $1 | Rake $0 
Seat 3: 4ikkiBamBoni
Seat 1: 7bekon7 (small blind) folded before Flop
Seat 2: Emily_GetMan (big blind) collected ($1)
Seat 6: Kallifas22 (button) folded before Flop (didn't bet)



PokerStars Hand #254746577056:  Hold'em No Limit ($0.50/$1.00 USD) - 2025/02/07 7:16:22 WET [2025/02/07 2:16:22 ET]
Table 'Pala' 6-max Seat #1 is the button
Seat 5: ka100pka527 ($100 in chips) is sitting out
Seat 1: 7bekon7 ($100 in chips) 
Seat 2: Emily_GetMan ($100.50 in chips) 
Seat 3: 4ikkiBamBoni ($100 in chips) 
Seat 6: Kallifas22 ($13.03 in chips) 
Emily_GetMan: posts small blind $0.50
4ikkiBamBoni: posts big blind $1
ka100pka527: sits out 
*** HOLE CARDS ***
Kallifas22: raises $12.03 to $13.03 and is all-in
7bekon7: folds 
Emily_GetMan: calls $12.53
4ikkiBamBoni: folds 
*** FLOP *** [2d Qs 8c]
*** TURN *** [2d Qs 8c] [2c]
*** RIVER *** [2d Qs 8c 2c] [Js]
*** SHOW DOWN ***
Emily_GetMan: shows [Th 9h] (a straight, Eight to Queen)
Kallifas22: shows [Ts Qd] (two pair, Queens and Deuces)
Emily_GetMan collected $26.06 from pot
Kallifas22 cashed out the hand for $17.27 | Cash Out Fee $0.35
*** SUMMARY ***
Total pot $27.06 | Rake $1 
Board [2d Qs 8c 2c Js]
Seat 5: ka100pka527
Seat 1: 7bekon7 (button) folded before Flop (didn't bet)
Seat 2: Emily_GetMan (small blind) showed [Th 9h] and won ($26.06) with a straight, Eight to Queen
Seat 3: 4ikkiBamBoni (big blind) folded before Flop
Seat 6: Kallifas22 showed [Ts Qd] and lost with two pair, Queens and Deuces (cashed out).



PokerStars Hand #254746578936:  Hold'em No Limit ($0.50/$1.00 USD) - 2025/02/07 7:16:47 WET [2025/02/07 2:16:47 ET]
Table 'Pala' 6-max Seat #2 is the button
Seat 1: 7bekon7 ($100 in chips) 
Seat 2: Emily_GetMan ($113.53 in chips) 
Seat 3: 4ikkiBamBoni ($100 in chips) 
Seat 5: ka100pka527 ($100 in chips) 
Seat 6: Kallifas22 ($17.27 in chips) 
4ikkiBamBoni: posts small blind $0.50
ka100pka527: posts big blind $1
*** HOLE CARDS ***
Burlica2013 joins the table at seat #4 
Kallifas22: raises $16.27 to $17.27 and is all-in
7bekon7: folds 
Emily_GetMan: folds 
4ikkiBamBoni: folds 
ka100pka527: folds 
Uncalled bet ($16.27) returned to Kallifas22
Kallifas22 collected $2.50 from pot
*** SUMMARY ***
Total pot $2.50 | Rake $0 
Seat 1: 7bekon7 folded before Flop (didn't bet)
Seat 2: Emily_GetMan (button) folded before Flop (didn't bet)
Seat 3: 4ikkiBamBoni (small blind) folded before Flop
Seat 5: ka100pka527 (big blind) folded before Flop
Seat 6: Kallifas22 collected ($2.50)



PokerStars Hand #254746580210:  Hold'em No Limit ($0.50/$1.00 USD) - 2025/02/07 7:17:04 WET [2025/02/07 2:17:04 ET]
Table 'Pala' 6-max Seat #3 is the button
Seat 4: Burlica2013 ($100 in chips) is sitting out
Seat 1: 7bekon7 ($100 in chips) 
Seat 2: Emily_GetMan ($113.53 in chips) 
Seat 3: 4ikkiBamBoni ($100 in chips) 
Seat 5: ka100pka527 ($100 in chips) 
Seat 6: Kallifas22 ($18.77 in chips) 
ka100pka527: posts small blind $0.50
Kallifas22: posts big blind $1
*** HOLE CARDS ***
7bekon7: folds 
Emily_GetMan: folds 
4ikkiBamBoni: folds 
ka100pka527: calls $0.50
Kallifas22: raises $17.77 to $18.77 and is all-in
ka100pka527: folds 
Uncalled bet ($17.77) returned to Kallifas22
Kallifas22 collected $2 from pot
*** SUMMARY ***
Total pot $2 | Rake $0 
Seat 4: Burlica2013
Seat 1: 7bekon7 folded before Flop (didn't bet)
Seat 2: Emily_GetMan folded before Flop (didn't bet)
Seat 3: 4ikkiBamBoni (button) folded before Flop (didn't bet)
Seat 5: ka100pka527 (small blind) folded before Flop
Seat 6: Kallifas22 (big blind) collected ($2)



PokerStars Hand #254746581853:  Hold'em No Limit ($0.50/$1.00 USD) - 2025/02/07 7:17:26 WET [2025/02/07 2:17:26 ET]
Table 'Pala' 6-max Seat #5 is the button
Seat 4: Burlica2013 ($100 in chips) is sitting out
Seat 1: 7bekon7 ($100 in chips) 
Seat 2: Emily_GetMan ($113.53 in chips) 
Seat 3: 4ikkiBamBoni ($100 in chips) 
Seat 5: ka100pka527 ($100 in chips) 
Seat 6: Kallifas22 ($19.77 in chips) 
Kallifas22: posts small blind $0.50
7bekon7: posts big blind $1
Burlica2013: sits out 
*** HOLE CARDS ***
Emily_GetMan: folds 
4ikkiBamBoni: raises $1.45 to $2.45
ka100pka527: folds 
Kallifas22: raises $17.32 to $19.77 and is all-in
7bekon7: folds 
4ikkiBamBoni: calls $17.32
*** FLOP *** [3d Jh As]
*** TURN *** [3d Jh As] [5s]
*** RIVER *** [3d Jh As 5s] [6c]
*** SHOW DOWN ***
Kallifas22: shows [9d Ah] (a pair of Aces)
4ikkiBamBoni: shows [Ks Kd] (a pair of Kings)
Kallifas22 cashed out the hand for $10.57 | Cash Out Fee $0.22
*** SUMMARY ***
Total pot $40.54 | Rake $2.03 
Board [3d Jh As 5s 6c]
Seat 4: Burlica2013
Seat 1: 7bekon7 (big blind) folded before Flop
Seat 2: Emily_GetMan folded before Flop (didn't bet)
Seat 3: 4ikkiBamBoni showed [Ks Kd] and lost with a pair of Kings
Seat 5: ka100pka527 (button) folded before Flop (didn't bet)
Seat 6: Kallifas22 (small blind) showed [9d Ah] and won ($38.51) with a pair of Aces (pot not awarded as player cashed out)



PokerStars Hand #254746583807:  Hold'em No Limit ($0.50/$1.00 USD) - 2025/02/07 7:17:53 WET [2025/02/07 2:17:53 ET]
Table 'Pala' 6-max Seat #6 is the button
Seat 4: Burlica2013 ($100 in chips) is sitting out
Seat 1: 7bekon7 ($100 in chips) 
Seat 2: Emily_GetMan ($113.53 in chips) 
Seat 3: 4ikkiBamBoni ($100 in chips) 
Seat 5: ka100pka527 ($100 in chips) 
Seat 6: Kallifas22 ($10.57 in chips) 
7bekon7: posts small blind $0.50
Emily_GetMan: posts big blind $1
Burlica2013: sits out 
*** HOLE CARDS ***
4ikkiBamBoni: folds 
ka100pka527: folds 
Kallifas22: folds 
7bekon7: folds 
Uncalled bet ($0.50) returned to Emily_GetMan
Emily_GetMan collected $1 from pot
Emily_GetMan: doesn't show hand 
*** SUMMARY ***
Total pot $1 | Rake $0 
Seat 4: Burlica2013
Seat 1: 7bekon7 (small blind) folded before Flop
Seat 2: Emily_GetMan (big blind) collected ($1)
Seat 3: 4ikkiBamBoni folded before Flop (didn't bet)
Seat 5: ka100pka527 folded before Flop (didn't bet)
Seat 6: Kallifas22 (button) folded before Flop (didn't bet)



PokerStars Hand #254746584531:  Hold'em No Limit ($0.50/$1.00 USD) - 2025/02/07 7:18:02 WET [2025/02/07 2:18:02 ET]
Table 'Pala' 6-max Seat #1 is the button
Seat 4: Burlica2013 ($100 in chips) is sitting out
Seat 1: 7bekon7 ($100 in chips) 
Seat 2: Emily_GetMan ($114.03 in chips) 
Seat 3: 4ikkiBamBoni ($100 in chips) 
Seat 5: ka100pka527 ($100 in chips) 
Seat 6: Kallifas22 ($10.57 in chips) 
Emily_GetMan: posts small blind $0.50
4ikkiBamBoni: posts big blind $1
Burlica2013: sits out 
*** HOLE CARDS ***
ka100pka527: folds 
Kallifas22: raises $9.57 to $10.57 and is all-in
7bekon7: folds 
Emily_GetMan: folds 
4ikkiBamBoni: folds 
Uncalled bet ($9.57) returned to Kallifas22
Kallifas22 collected $2.50 from pot
*** SUMMARY ***
Total pot $2.50 | Rake $0 
Seat 4: Burlica2013
Seat 1: 7bekon7 (button) folded before Flop (didn't bet)
Seat 2: Emily_GetMan (small blind) folded before Flop
Seat 3: 4ikkiBamBoni (big blind) folded before Flop
Seat 5: ka100pka527 folded before Flop (didn't bet)
Seat 6: Kallifas22 collected ($2.50)



PokerStars Hand #254746586090:  Hold'em No Limit ($0.50/$1.00 USD) - 2025/02/07 7:18:24 WET [2025/02/07 2:18:24 ET]
Table 'Pala' 6-max Seat #2 is the button
Seat 1: 7bekon7 ($100 in chips) 
Seat 2: Emily_GetMan ($113.53 in chips) 
Seat 3: 4ikkiBamBoni ($100 in chips) 
Seat 4: Burlica2013 ($100 in chips) 
Seat 5: ka100pka527 ($100 in chips) 
Seat 6: Kallifas22 ($12.07 in chips) 
4ikkiBamBoni: posts small blind $0.50
Burlica2013: posts big blind $1
*** HOLE CARDS ***
ka100pka527: raises $2 to $3
Kallifas22: folds 
7bekon7: folds 
Emily_GetMan: folds 
4ikkiBamBoni: folds 
Burlica2013: folds 
Uncalled bet ($2) returned to ka100pka527
ka100pka527 collected $2.50 from pot
ka100pka527: doesn't show hand 
*** SUMMARY ***
Total pot $2.50 | Rake $0 
Seat 1: 7bekon7 folded before Flop (didn't bet)
Seat 2: Emily_GetMan (button) folded before Flop (didn't bet)
Seat 3: 4ikkiBamBoni (small blind) folded before Flop
Seat 4: Burlica2013 (big blind) folded before Flop
Seat 5: ka100pka527 collected ($2.50)
Seat 6: Kallifas22 folded before Flop (didn't bet)



PokerStars Hand #254746587610:  Hold'em No Limit ($0.50/$1.00 USD) - 2025/02/07 7:18:44 WET [2025/02/07 2:18:44 ET]
Table 'Pala' 6-max Seat #3 is the button
Seat 1: 7bekon7 ($100 in chips) 
Seat 2: Emily_GetMan ($113.53 in chips) 
Seat 3: 4ikkiBamBoni ($100 in chips) 
Seat 4: Burlica2013 ($100 in chips) 
Seat 5: ka100pka527 ($101.50 in chips) 
Seat 6: Kallifas22 ($12.07 in chips) 
Burlica2013: posts small blind $0.50
ka100pka527: posts big blind $1
*** HOLE CARDS ***
Kallifas22: folds 
7bekon7: folds 
Emily_GetMan: folds 
4ikkiBamBoni: folds 
Burlica2013: raises $2 to $3
ka100pka527: calls $2
*** FLOP *** [5s 9c Ks]
Burlica2013: bets $1.88
ka100pka527: folds 
Uncalled bet ($1.88) returned to Burlica2013
Burlica2013 collected $5.70 from pot
Burlica2013: doesn't show hand 
*** SUMMARY ***
Total pot $6 | Rake $0.30 
Board [5s 9c Ks]
Seat 1: 7bekon7 folded before Flop (didn't bet)
Seat 2: Emily_GetMan folded before Flop (didn't bet)
Seat 3: 4ikkiBamBoni (button) folded before Flop (didn't bet)
Seat 4: Burlica2013 (small blind) collected ($5.70)
Seat 5: ka100pka527 (big blind) folded on the Flop
Seat 6: Kallifas22 folded before Flop (didn't bet)



PokerStars Hand #254746590425:  Hold'em No Limit ($0.50/$1.00 USD) - 2025/02/07 7:19:22 WET [2025/02/07 2:19:22 ET]
Table 'Pala' 6-max Seat #4 is the button
Seat 1: 7bekon7 ($100 in chips) 
Seat 2: Emily_GetMan ($113.53 in chips) 
Seat 3: 4ikkiBamBoni ($100 in chips) 
Seat 4: Burlica2013 ($102.70 in chips) 
Seat 5: ka100pka527 ($100 in chips) 
Seat 6: Kallifas22 ($12.07 in chips) 
ka100pka527: posts small blind $0.50
Kallifas22: posts big blind $1
*** HOLE CARDS ***
7bekon7: folds 
Emily_GetMan: folds 
4ikkiBamBoni: folds 
Burlica2013: raises $1.45 to $2.45
ka100pka527: folds 
Kallifas22: folds 
Uncalled bet ($1.45) returned to Burlica2013
Burlica2013 collected $2.50 from pot
Burlica2013: doesn't show hand 
*** SUMMARY ***
Total pot $2.50 | Rake $0 
Seat 1: 7bekon7 folded before Flop (didn't bet)
Seat 2: Emily_GetMan folded before Flop (didn't bet)
Seat 3: 4ikkiBamBoni folded before Flop (didn't bet)
Seat 4: Burlica2013 (button) collected ($2.50)
Seat 5: ka100pka527 (small blind) folded before Flop
Seat 6: Kallifas22 (big blind) folded before Flop



PokerStars Hand #254746420478:  Hold'em No Limit ($0.50/$1.00 USD) - 2025/02/07 6:40:53 WET [2025/02/07 1:40:53 ET]
Table 'Pala' 6-max Seat #6 is the button
Seat 1: AlexEliseev7 ($153.34 in chips) 
Seat 2: Nicedaymybro ($100 in chips) 
Seat 3: fish my nuts ($129.02 in chips) 
Seat 4: Zager.v ($102.30 in chips) 
Seat 5: Fold Your Cats ($100 in chips) 
Seat 6: Kallifas22 ($27.05 in chips) 
AlexEliseev7: posts small blind $0.50
Nicedaymybro: posts big blind $1
*** HOLE CARDS ***
fish my nuts: folds 
Zager.v: folds 
Fold Your Cats: raises $1.50 to $2.50
Kallifas22: folds 
AlexEliseev7: folds 
Nicedaymybro: folds 
Uncalled bet ($1.50) returned to Fold Your Cats
Fold Your Cats collected $2.50 from pot
Fold Your Cats: doesn't show hand 
*** SUMMARY ***
Total pot $2.50 | Rake $0 
Seat 1: AlexEliseev7 (small blind) folded before Flop
Seat 2: Nicedaymybro (big blind) folded before Flop
Seat 3: fish my nuts folded before Flop (didn't bet)
Seat 4: Zager.v folded before Flop (didn't bet)
Seat 5: Fold Your Cats collected ($2.50)
Seat 6: Kallifas22 (button) folded before Flop (didn't bet)



PokerStars Hand #254746421642:  Hold'em No Limit ($0.50/$1.00 USD) - 2025/02/07 6:41:09 WET [2025/02/07 1:41:09 ET]
Table 'Pala' 6-max Seat #1 is the button
Seat 1: AlexEliseev7 ($152.84 in chips) 
Seat 2: Nicedaymybro ($100 in chips) 
Seat 3: fish my nuts ($129.02 in chips) 
Seat 4: Zager.v ($102.30 in chips) 
Seat 5: Fold Your Cats ($101.50 in chips) 
Seat 6: Kallifas22 ($27.05 in chips) 
Nicedaymybro: posts small blind $0.50
fish my nuts: posts big blind $1
*** HOLE CARDS ***
Zager.v: raises $1.25 to $2.25
Fold Your Cats: folds 
Kallifas22: folds 
AlexEliseev7: folds 
Nicedaymybro: folds 
fish my nuts: folds 
Uncalled bet ($1.25) returned to Zager.v
Zager.v collected $2.50 from pot
Zager.v: doesn't show hand 
*** SUMMARY ***
Total pot $2.50 | Rake $0 
Seat 1: AlexEliseev7 (button) folded before Flop (didn't bet)
Seat 2: Nicedaymybro (small blind) folded before Flop
Seat 3: fish my nuts (big blind) folded before Flop
Seat 4: Zager.v collected ($2.50)
Seat 5: Fold Your Cats folded before Flop (didn't bet)
Seat 6: Kallifas22 folded before Flop (didn't bet)



PokerStars Hand #254746423330:  Hold'em No Limit ($0.50/$1.00 USD) - 2025/02/07 6:41:32 WET [2025/02/07 1:41:32 ET]
Table 'Pala' 6-max Seat #2 is the button
Seat 1: AlexEliseev7 ($152.84 in chips) 
Seat 2: Nicedaymybro ($100 in chips) 
Seat 3: fish my nuts ($128.02 in chips) 
Seat 4: Zager.v ($103.80 in chips) 
Seat 5: Fold Your Cats ($101.50 in chips) 
Seat 6: Kallifas22 ($27.05 in chips) 
fish my nuts: posts small blind $0.50
Zager.v: posts big blind $1
*** HOLE CARDS ***
Fold Your Cats: folds 
Kallifas22: calls $1
AlexEliseev7: folds 
Nicedaymybro: calls $1
fish my nuts: folds 
Zager.v: checks 
*** FLOP *** [9s 3d 9h]
Zager.v: checks 
Kallifas22: checks 
Nicedaymybro: bets $1.10
Zager.v: folds 
Kallifas22: folds 
Uncalled bet ($1.10) returned to Nicedaymybro
Nicedaymybro collected $3.32 from pot
Nicedaymybro: doesn't show hand 
*** SUMMARY ***
Total pot $3.50 | Rake $0.18 
Board [9s 3d 9h]
Seat 1: AlexEliseev7 folded before Flop (didn't bet)
Seat 2: Nicedaymybro (button) collected ($3.32)
Seat 3: fish my nuts (small blind) folded before Flop
Seat 4: Zager.v (big blind) folded on the Flop
Seat 5: Fold Your Cats folded before Flop (didn't bet)
Seat 6: Kallifas22 folded on the Flop



PokerStars Hand #254746426048:  Hold'em No Limit ($0.50/$1.00 USD) - 2025/02/07 6:42:07 WET [2025/02/07 1:42:07 ET]
Table 'Pala' 6-max Seat #3 is the button
Seat 1: AlexEliseev7 ($152.84 in chips) 
Seat 2: Nicedaymybro ($102.32 in chips) 
Seat 3: fish my nuts ($127.52 in chips) 
Seat 4: Zager.v ($102.80 in chips) 
Seat 5: Fold Your Cats ($101.50 in chips) 
Seat 6: Kallifas22 ($26.05 in chips) 
Zager.v: posts small blind $0.50
Fold Your Cats: posts big blind $1
*** HOLE CARDS ***
Kallifas22: calls $1
AlexEliseev7: folds 
Nicedaymybro: folds 
fish my nuts: folds 
Zager.v: folds 
Fold Your Cats: checks 
*** FLOP *** [5h 2s 3s]
Fold Your Cats: checks 
Kallifas22: bets $2.38
Fold Your Cats: folds 
Uncalled bet ($2.38) returned to Kallifas22
Kallifas22 collected $2.38 from pot
*** SUMMARY ***
Total pot $2.50 | Rake $0.12 
Board [5h 2s 3s]
Seat 1: AlexEliseev7 folded before Flop (didn't bet)
Seat 2: Nicedaymybro folded before Flop (didn't bet)
Seat 3: fish my nuts (button) folded before Flop (didn't bet)
Seat 4: Zager.v (small blind) folded before Flop
Seat 5: Fold Your Cats (big blind) folded on the Flop
Seat 6: Kallifas22 collected ($2.38)



PokerStars Hand #254746427959:  Hold'em No Limit ($0.50/$1.00 USD) - 2025/02/07 6:42:32 WET [2025/02/07 1:42:32 ET]
Table 'Pala' 6-max Seat #4 is the button
Seat 1: AlexEliseev7 ($152.84 in chips) 
Seat 2: Nicedaymybro ($102.32 in chips) 
Seat 3: fish my nuts ($127.52 in chips) 
Seat 4: Zager.v ($102.30 in chips) 
Seat 5: Fold Your Cats ($100.50 in chips) 
Seat 6: Kallifas22 ($27.43 in chips) 
Fold Your Cats: posts small blind $0.50
Kallifas22: posts big blind $1
*** HOLE CARDS ***
AlexEliseev7: folds 
Nicedaymybro: raises $1.50 to $2.50
fish my nuts: folds 
Zager.v: folds 
Fold Your Cats: folds 
Kallifas22: folds 
Uncalled bet ($1.50) returned to Nicedaymybro
Nicedaymybro collected $2.50 from pot
Nicedaymybro: doesn't show hand 
*** SUMMARY ***
Total pot $2.50 | Rake $0 
Seat 1: AlexEliseev7 folded before Flop (didn't bet)
Seat 2: Nicedaymybro collected ($2.50)
Seat 3: fish my nuts folded before Flop (didn't bet)
Seat 4: Zager.v (button) folded before Flop (didn't bet)
Seat 5: Fold Your Cats (small blind) folded before Flop
Seat 6: Kallifas22 (big blind) folded before Flop



PokerStars Hand #254746428948:  Hold'em No Limit ($0.50/$1.00 USD) - 2025/02/07 6:42:45 WET [2025/02/07 1:42:45 ET]
Table 'Pala' 6-max Seat #5 is the button
Seat 1: AlexEliseev7 ($152.84 in chips) 
Seat 2: Nicedaymybro ($103.82 in chips) 
Seat 3: fish my nuts ($127.52 in chips) 
Seat 4: Zager.v ($102.30 in chips) 
Seat 5: Fold Your Cats ($100 in chips) 
Seat 6: Kallifas22 ($26.43 in chips) 
Kallifas22: posts small blind $0.50
AlexEliseev7: posts big blind $1
*** HOLE CARDS ***
Nicedaymybro: folds 
fish my nuts: folds 
Zager.v: folds 
Fold Your Cats: folds 
Kallifas22: calls $0.50
Zager.v leaves the table
AlexEliseev7: checks 
*** FLOP *** [9c Td Qd]
Kallifas22: checks 
AlexEliseev7: checks 
*** TURN *** [9c Td Qd] [Tc]
Kallifas22: checks 
Flix2204 joins the table at seat #4 
AlexEliseev7: checks 
*** RIVER *** [9c Td Qd Tc] [8h]
Kallifas22: bets $2
AlexEliseev7: raises $4.60 to $6.60
Kallifas22: raises $4.60 to $11.20
AlexEliseev7: folds 
Uncalled bet ($4.60) returned to Kallifas22
Kallifas22 collected $14.44 from pot
*** SUMMARY ***
Total pot $15.20 | Rake $0.76 
Board [9c Td Qd Tc 8h]
Seat 1: AlexEliseev7 (big blind) folded on the River
Seat 2: Nicedaymybro folded before Flop (didn't bet)
Seat 3: fish my nuts folded before Flop (didn't bet)
Seat 4: Zager.v folded before Flop (didn't bet)
Seat 5: Fold Your Cats (button) folded before Flop (didn't bet)
Seat 6: Kallifas22 (small blind) collected ($14.44)



PokerStars Hand #254746435373:  Hold'em No Limit ($0.50/$1.00 USD) - 2025/02/07 6:44:10 WET [2025/02/07 1:44:10 ET]
Table 'Pala' 6-max Seat #6 is the button
Seat 4: Flix2204 ($100 in chips) is sitting out
Seat 1: AlexEliseev7 ($145.24 in chips) 
Seat 2: Nicedaymybro ($103.82 in chips) 
Seat 3: fish my nuts ($127.52 in chips) 
Seat 5: Fold Your Cats ($100 in chips) 
Seat 6: Kallifas22 ($33.27 in chips) 
AlexEliseev7: posts small blind $0.50
Nicedaymybro: posts big blind $1
Flix2204: sits out 
*** HOLE CARDS ***
fish my nuts: folds 
Fold Your Cats: folds 
Kallifas22: calls $1
AlexEliseev7: raises $4 to $5
Nicedaymybro: raises $8.50 to $13.50
Kallifas22: folds 
AlexEliseev7: folds 
Uncalled bet ($8.50) returned to Nicedaymybro
Nicedaymybro collected $11 from pot
Nicedaymybro: doesn't show hand 
*** SUMMARY ***
Total pot $11 | Rake $0 
Seat 4: Flix2204
Seat 1: AlexEliseev7 (small blind) folded before Flop
Seat 2: Nicedaymybro (big blind) collected ($11)
Seat 3: fish my nuts folded before Flop (didn't bet)
Seat 5: Fold Your Cats folded before Flop (didn't bet)
Seat 6: Kallifas22 (button) folded before Flop



PokerStars Hand #254746437743:  Hold'em No Limit ($0.50/$1.00 USD) - 2025/02/07 6:44:42 WET [2025/02/07 1:44:42 ET]
Table 'Pala' 6-max Seat #1 is the button
Seat 4: Flix2204 ($100 in chips) is sitting out
Seat 1: AlexEliseev7 ($140.24 in chips) 
Seat 2: Nicedaymybro ($109.82 in chips) 
Seat 3: fish my nuts ($127.52 in chips) 
Seat 5: Fold Your Cats ($100 in chips) 
Seat 6: Kallifas22 ($32.27 in chips) 
Nicedaymybro: posts small blind $0.50
fish my nuts: posts big blind $1
Flix2204: sits out 
*** HOLE CARDS ***
Fold Your Cats: folds 
Kallifas22: calls $1
AlexEliseev7: folds 
Nicedaymybro: folds 
fish my nuts: raises $3.50 to $4.50
Kallifas22: calls $3.50
*** FLOP *** [7d 2d 4s]
fish my nuts: bets $4.96
Kallifas22: folds 
Uncalled bet ($4.96) returned to fish my nuts
fish my nuts collected $9.02 from pot
fish my nuts: doesn't show hand 
*** SUMMARY ***
Total pot $9.50 | Rake $0.48 
Board [7d 2d 4s]
Seat 4: Flix2204
Seat 1: AlexEliseev7 (button) folded before Flop (didn't bet)
Seat 2: Nicedaymybro (small blind) folded before Flop
Seat 3: fish my nuts (big blind) collected ($9.02)
Seat 5: Fold Your Cats folded before Flop (didn't bet)
Seat 6: Kallifas22 folded on the Flop



PokerStars Hand #254746439918:  Hold'em No Limit ($0.50/$1.00 USD) - 2025/02/07 6:45:10 WET [2025/02/07 1:45:10 ET]
Table 'Pala' 6-max Seat #2 is the button
Seat 1: AlexEliseev7 ($140.24 in chips) 
Seat 2: Nicedaymybro ($109.32 in chips) 
Seat 3: fish my nuts ($132.04 in chips) 
Seat 4: Flix2204 ($100 in chips) 
Seat 5: Fold Your Cats ($100 in chips) 
Seat 6: Kallifas22 ($27.77 in chips) 
fish my nuts: posts small blind $0.50
Flix2204: posts big blind $1
*** HOLE CARDS ***
Fold Your Cats: folds 
Kallifas22: folds 
AlexEliseev7: folds 
Nicedaymybro: raises $1.50 to $2.50
fish my nuts: folds 
Flix2204: folds 
Uncalled bet ($1.50) returned to Nicedaymybro
Nicedaymybro collected $2.50 from pot
Nicedaymybro: doesn't show hand 
*** SUMMARY ***
Total pot $2.50 | Rake $0 
Seat 1: AlexEliseev7 folded before Flop (didn't bet)
Seat 2: Nicedaymybro (button) collected ($2.50)
Seat 3: fish my nuts (small blind) folded before Flop
Seat 4: Flix2204 (big blind) folded before Flop
Seat 5: Fold Your Cats folded before Flop (didn't bet)
Seat 6: Kallifas22 folded before Flop (didn't bet)



PokerStars Hand #254746441211:  Hold'em No Limit ($0.50/$1.00 USD) - 2025/02/07 6:45:28 WET [2025/02/07 1:45:28 ET]
Table 'Pala' 6-max Seat #3 is the button
Seat 1: AlexEliseev7 ($140.24 in chips) 
Seat 2: Nicedaymybro ($110.82 in chips) 
Seat 3: fish my nuts ($131.54 in chips) 
Seat 4: Flix2204 ($100 in chips) 
Seat 5: Fold Your Cats ($100 in chips) 
Seat 6: Kallifas22 ($27.77 in chips) 
Flix2204: posts small blind $0.50
Fold Your Cats: posts big blind $1
*** HOLE CARDS ***
Kallifas22: calls $1
AlexEliseev7: folds 
Nicedaymybro: raises $2.50 to $3.50
fish my nuts: folds 
Flix2204: folds 
Fold Your Cats: calls $2.50
Kallifas22: calls $2.50
*** FLOP *** [6c 3s 7h]
Fold Your Cats: bets $5.54
Kallifas22: folds 
Nicedaymybro: folds 
Uncalled bet ($5.54) returned to Fold Your Cats
Fold Your Cats collected $10.45 from pot
Fold Your Cats: doesn't show hand 
*** SUMMARY ***
Total pot $11 | Rake $0.55 
Board [6c 3s 7h]
Seat 1: AlexEliseev7 folded before Flop (didn't bet)
Seat 2: Nicedaymybro folded on the Flop
Seat 3: fish my nuts (button) folded before Flop (didn't bet)
Seat 4: Flix2204 (small blind) folded before Flop
Seat 5: Fold Your Cats (big blind) collected ($10.45)
Seat 6: Kallifas22 folded on the Flop



PokerStars Hand #254746444312:  Hold'em No Limit ($0.50/$1.00 USD) - 2025/02/07 6:46:09 WET [2025/02/07 1:46:09 ET]
Table 'Pala' 6-max Seat #4 is the button
Seat 1: AlexEliseev7 ($140.24 in chips) 
Seat 2: Nicedaymybro ($107.32 in chips) 
Seat 3: fish my nuts ($131.54 in chips) 
Seat 4: Flix2204 ($100 in chips) 
Seat 5: Fold Your Cats ($106.95 in chips) 
Seat 6: Kallifas22 ($24.27 in chips) 
Fold Your Cats: posts small blind $0.50
Kallifas22: posts big blind $1
*** HOLE CARDS ***
AlexEliseev7: raises $1.50 to $2.50
Nicedaymybro: folds 
fish my nuts: folds 
Flix2204: folds 
Fold Your Cats: folds 
Kallifas22: calls $1.50
*** FLOP *** [2c 8c 2h]
Kallifas22: checks 
AlexEliseev7: checks 
*** TURN *** [2c 8c 2h] [6h]
Kallifas22: checks 
AlexEliseev7: checks 
*** RIVER *** [2c 8c 2h 6h] [8s]
Kallifas22: bets $3
AlexEliseev7: calls $3
*** SHOW DOWN ***
Kallifas22: shows [6d 8h] (a full house, Eights full of Sixes)
AlexEliseev7: mucks hand 
Kallifas22 collected $10.92 from pot
*** SUMMARY ***
Total pot $11.50 | Rake $0.58 
Board [2c 8c 2h 6h 8s]
Seat 1: AlexEliseev7 mucked
Seat 2: Nicedaymybro folded before Flop (didn't bet)
Seat 3: fish my nuts folded before Flop (didn't bet)
Seat 4: Flix2204 (button) folded before Flop (didn't bet)
Seat 5: Fold Your Cats (small blind) folded before Flop
Seat 6: Kallifas22 (big blind) showed [6d 8h] and won ($10.92) with a full house, Eights full of Sixes



PokerStars Hand #254746449639:  Hold'em No Limit ($0.50/$1.00 USD) - 2025/02/07 6:47:19 WET [2025/02/07 1:47:19 ET]
Table 'Pala' 6-max Seat #5 is the button
Seat 1: AlexEliseev7 ($134.74 in chips) 
Seat 2: Nicedaymybro ($107.32 in chips) 
Seat 3: fish my nuts ($131.54 in chips) 
Seat 4: Flix2204 ($100 in chips) 
Seat 5: Fold Your Cats ($106.45 in chips) 
Seat 6: Kallifas22 ($29.69 in chips) 
Kallifas22: posts small blind $0.50
AlexEliseev7: posts big blind $1
*** HOLE CARDS ***
Nicedaymybro: folds 
fish my nuts: raises $1.30 to $2.30
Flix2204: folds 
Fold Your Cats: folds 
Kallifas22: folds 
AlexEliseev7: folds 
Uncalled bet ($1.30) returned to fish my nuts
fish my nuts collected $2.50 from pot
fish my nuts: doesn't show hand 
*** SUMMARY ***
Total pot $2.50 | Rake $0 
Seat 1: AlexEliseev7 (big blind) folded before Flop
Seat 2: Nicedaymybro folded before Flop (didn't bet)
Seat 3: fish my nuts collected ($2.50)
Seat 4: Flix2204 folded before Flop (didn't bet)
Seat 5: Fold Your Cats (button) folded before Flop (didn't bet)
Seat 6: Kallifas22 (small blind) folded before Flop



PokerStars Hand #254746450986:  Hold'em No Limit ($0.50/$1.00 USD) - 2025/02/07 6:47:37 WET [2025/02/07 1:47:37 ET]
Table 'Pala' 6-max Seat #6 is the button
Seat 1: AlexEliseev7 ($133.74 in chips) 
Seat 2: Nicedaymybro ($107.32 in chips) 
Seat 3: fish my nuts ($133.04 in chips) 
Seat 4: Flix2204 ($100 in chips) 
Seat 5: Fold Your Cats ($106.45 in chips) 
Seat 6: Kallifas22 ($29.19 in chips) 
AlexEliseev7: posts small blind $0.50
Nicedaymybro: posts big blind $1
*** HOLE CARDS ***
fish my nuts: folds 
Flix2204: raises $1 to $2
Fold Your Cats: folds 
Kallifas22: raises $27.19 to $29.19 and is all-in
AlexEliseev7: folds 
Nicedaymybro: calls $28.19
Flix2204: folds 
*** FLOP *** [4h Kd 5d]
*** TURN *** [4h Kd 5d] [3s]
*** RIVER *** [4h Kd 5d 3s] [4d]
*** SHOW DOWN ***
Nicedaymybro: shows [Ah Qs] (a pair of Fours)
Kallifas22: shows [Th Tc] (two pair, Tens and Fours)
Kallifas22 cashed out the hand for $32.58 | Cash Out Fee $0.66
*** SUMMARY ***
Total pot $60.88 | Rake $2.50 
Board [4h Kd 5d 3s 4d]
Seat 1: AlexEliseev7 (small blind) folded before Flop
Seat 2: Nicedaymybro (big blind) showed [Ah Qs] and lost with a pair of Fours
Seat 3: fish my nuts folded before Flop (didn't bet)
Seat 4: Flix2204 folded before Flop
Seat 5: Fold Your Cats folded before Flop (didn't bet)
Seat 6: Kallifas22 (button) showed [Th Tc] and won ($58.38) with two pair, Tens and Fours (pot not awarded as player cashed out)



PokerStars Hand #254746453882:  Hold'em No Limit ($0.50/$1.00 USD) - 2025/02/07 6:48:15 WET [2025/02/07 1:48:15 ET]
Table 'Pala' 6-max Seat #1 is the button
Seat 1: AlexEliseev7 ($133.24 in chips) 
Seat 2: Nicedaymybro ($100 in chips) 
Seat 3: fish my nuts ($133.04 in chips) 
Seat 4: Flix2204 ($100 in chips) 
Seat 5: Fold Your Cats ($106.45 in chips) 
Seat 6: Kallifas22 ($32.58 in chips) 
Nicedaymybro: posts small blind $0.50
fish my nuts: posts big blind $1
*** HOLE CARDS ***
Flix2204: raises $1 to $2
Fold Your Cats: folds 
Kallifas22: folds 
AlexEliseev7: folds 
Nicedaymybro: folds 
fish my nuts: folds 
Uncalled bet ($1) returned to Flix2204
Flix2204 collected $2.50 from pot
Flix2204: doesn't show hand 
*** SUMMARY ***
Total pot $2.50 | Rake $0 
Seat 1: AlexEliseev7 (button) folded before Flop (didn't bet)
Seat 2: Nicedaymybro (small blind) folded before Flop
Seat 3: fish my nuts (big blind) folded before Flop
Seat 4: Flix2204 collected ($2.50)
Seat 5: Fold Your Cats folded before Flop (didn't bet)
Seat 6: Kallifas22 folded before Flop (didn't bet)



PokerStars Hand #254746455500:  Hold'em No Limit ($0.50/$1.00 USD) - 2025/02/07 6:48:36 WET [2025/02/07 1:48:36 ET]
Table 'Pala' 6-max Seat #2 is the button
Seat 1: AlexEliseev7 ($133.24 in chips) 
Seat 2: Nicedaymybro ($100 in chips) 
Seat 3: fish my nuts ($132.04 in chips) 
Seat 4: Flix2204 ($101.50 in chips) 
Seat 5: Fold Your Cats ($106.45 in chips) 
Seat 6: Kallifas22 ($32.58 in chips) 
fish my nuts: posts small blind $0.50
Flix2204: posts big blind $1
*** HOLE CARDS ***
Fold Your Cats: raises $1.50 to $2.50
Kallifas22: folds 
AlexEliseev7: folds 
Nicedaymybro: folds 
fish my nuts: folds 
Flix2204: folds 
Uncalled bet ($1.50) returned to Fold Your Cats
Fold Your Cats collected $2.50 from pot
Fold Your Cats: doesn't show hand 
*** SUMMARY ***
Total pot $2.50 | Rake $0 
Seat 1: AlexEliseev7 folded before Flop (didn't bet)
Seat 2: Nicedaymybro (button) folded before Flop (didn't bet)
Seat 3: fish my nuts (small blind) folded before Flop
Seat 4: Flix2204 (big blind) folded before Flop
Seat 5: Fold Your Cats collected ($2.50)
Seat 6: Kallifas22 folded before Flop (didn't bet)



PokerStars Hand #254746457314:  Hold'em No Limit ($0.50/$1.00 USD) - 2025/02/07 6:48:59 WET [2025/02/07 1:48:59 ET]
Table 'Pala' 6-max Seat #3 is the button
Seat 1: AlexEliseev7 ($133.24 in chips) 
Seat 2: Nicedaymybro ($100 in chips) 
Seat 3: fish my nuts ($131.54 in chips) 
Seat 4: Flix2204 ($100.50 in chips) 
Seat 5: Fold Your Cats ($107.95 in chips) 
Seat 6: Kallifas22 ($32.58 in chips) 
Flix2204: posts small blind $0.50
Fold Your Cats: posts big blind $1
*** HOLE CARDS ***
Kallifas22: folds 
AlexEliseev7: folds 
Nicedaymybro: raises $1.50 to $2.50
fish my nuts: folds 
Flix2204: folds 
Fold Your Cats: folds 
Uncalled bet ($1.50) returned to Nicedaymybro
Nicedaymybro collected $2.50 from pot
Nicedaymybro: doesn't show hand 
*** SUMMARY ***
Total pot $2.50 | Rake $0 
Seat 1: AlexEliseev7 folded before Flop (didn't bet)
Seat 2: Nicedaymybro collected ($2.50)
Seat 3: fish my nuts (button) folded before Flop (didn't bet)
Seat 4: Flix2204 (small blind) folded before Flop
Seat 5: Fold Your Cats (big blind) folded before Flop
Seat 6: Kallifas22 folded before Flop (didn't bet)



PokerStars Hand #254746459071:  Hold'em No Limit ($0.50/$1.00 USD) - 2025/02/07 6:49:22 WET [2025/02/07 1:49:22 ET]
Table 'Pala' 6-max Seat #4 is the button
Seat 1: AlexEliseev7 ($133.24 in chips) 
Seat 2: Nicedaymybro ($101.50 in chips) 
Seat 3: fish my nuts ($131.54 in chips) 
Seat 4: Flix2204 ($100 in chips) 
Seat 5: Fold Your Cats ($106.95 in chips) 
Seat 6: Kallifas22 ($32.58 in chips) 
Fold Your Cats: posts small blind $0.50
Kallifas22: posts big blind $1
*** HOLE CARDS ***
AlexEliseev7: folds 
Nicedaymybro: folds 
fish my nuts: raises $1.30 to $2.30
Flix2204: folds 
Fold Your Cats: folds 
Kallifas22: calls $1.30
*** FLOP *** [2d Qd 4h]
Kallifas22: checks 
fish my nuts: bets $1.21
Kallifas22: calls $1.21
*** TURN *** [2d Qd 4h] [9d]
Kallifas22: checks 
fish my nuts: checks 
*** RIVER *** [2d Qd 4h 9d] [Td]
Kallifas22: bets $3.57
fish my nuts: folds 
Uncalled bet ($3.57) returned to Kallifas22
Kallifas22 collected $7.14 from pot
*** SUMMARY ***
Total pot $7.52 | Rake $0.38 
Board [2d Qd 4h 9d Td]
Seat 1: AlexEliseev7 folded before Flop (didn't bet)
Seat 2: Nicedaymybro folded before Flop (didn't bet)
Seat 3: fish my nuts folded on the River
Seat 4: Flix2204 (button) folded before Flop (didn't bet)
Seat 5: Fold Your Cats (small blind) folded before Flop
Seat 6: Kallifas22 (big blind) collected ($7.14)



PokerStars Hand #254746461898:  Hold'em No Limit ($0.50/$1.00 USD) - 2025/02/07 6:50:00 WET [2025/02/07 1:50:00 ET]
Table 'Pala' 6-max Seat #5 is the button
Seat 1: AlexEliseev7 ($133.24 in chips) 
Seat 2: Nicedaymybro ($101.50 in chips) 
Seat 3: fish my nuts ($128.03 in chips) 
Seat 4: Flix2204 ($100 in chips) 
Seat 5: Fold Your Cats ($106.45 in chips) 
Seat 6: Kallifas22 ($36.21 in chips) 
Kallifas22: posts small blind $0.50
AlexEliseev7: posts big blind $1
*** HOLE CARDS ***
Nicedaymybro: raises $1.50 to $2.50
fish my nuts: folds 
Flix2204: folds 
Fold Your Cats: folds 
Kallifas22: folds 
AlexEliseev7: folds 
Uncalled bet ($1.50) returned to Nicedaymybro
Nicedaymybro collected $2.50 from pot
Nicedaymybro: doesn't show hand 
*** SUMMARY ***
Total pot $2.50 | Rake $0 
Seat 1: AlexEliseev7 (big blind) folded before Flop
Seat 2: Nicedaymybro collected ($2.50)
Seat 3: fish my nuts folded before Flop (didn't bet)
Seat 4: Flix2204 folded before Flop (didn't bet)
Seat 5: Fold Your Cats (button) folded before Flop (didn't bet)
Seat 6: Kallifas22 (small blind) folded before Flop



PokerStars Hand #254746462951:  Hold'em No Limit ($0.50/$1.00 USD) - 2025/02/07 6:50:14 WET [2025/02/07 1:50:14 ET]
Table 'Pala' 6-max Seat #6 is the button
Seat 1: AlexEliseev7 ($132.24 in chips) 
Seat 2: Nicedaymybro ($103 in chips) 
Seat 3: fish my nuts ($128.03 in chips) 
Seat 4: Flix2204 ($100 in chips) 
Seat 5: Fold Your Cats ($106.45 in chips) 
Seat 6: Kallifas22 ($35.71 in chips) 
AlexEliseev7: posts small blind $0.50
Nicedaymybro: posts big blind $1
*** HOLE CARDS ***
fish my nuts: folds 
Flix2204: folds 
Fold Your Cats: folds 
Kallifas22: calls $1
AlexEliseev7: raises $4 to $5
Nicedaymybro: folds 
Kallifas22: folds 
Uncalled bet ($4) returned to AlexEliseev7
AlexEliseev7 collected $3 from pot
AlexEliseev7: doesn't show hand 
*** SUMMARY ***
Total pot $3 | Rake $0 
Seat 1: AlexEliseev7 (small blind) collected ($3)
Seat 2: Nicedaymybro (big blind) folded before Flop
Seat 3: fish my nuts folded before Flop (didn't bet)
Seat 4: Flix2204 folded before Flop (didn't bet)
Seat 5: Fold Your Cats folded before Flop (didn't bet)
Seat 6: Kallifas22 (button) folded before Flop



PokerStars Hand #254746465492:  Hold'em No Limit ($0.50/$1.00 USD) - 2025/02/07 6:50:47 WET [2025/02/07 1:50:47 ET]
Table 'Pala' 6-max Seat #1 is the button
Seat 1: AlexEliseev7 ($134.24 in chips) 
Seat 2: Nicedaymybro ($102 in chips) 
Seat 3: fish my nuts ($128.03 in chips) 
Seat 4: Flix2204 ($100 in chips) 
Seat 5: Fold Your Cats ($106.45 in chips) 
Seat 6: Kallifas22 ($34.71 in chips) 
Nicedaymybro: posts small blind $0.50
fish my nuts: posts big blind $1
*** HOLE CARDS ***
Flix2204: raises $1 to $2
Fold Your Cats: folds 
Kallifas22: folds 
AlexEliseev7: folds 
Nicedaymybro: folds 
fish my nuts: folds 
Uncalled bet ($1) returned to Flix2204
Flix2204 collected $2.50 from pot
Flix2204: doesn't show hand 
*** SUMMARY ***
Total pot $2.50 | Rake $0 
Seat 1: AlexEliseev7 (button) folded before Flop (didn't bet)
Seat 2: Nicedaymybro (small blind) folded before Flop
Seat 3: fish my nuts (big blind) folded before Flop
Seat 4: Flix2204 collected ($2.50)
Seat 5: Fold Your Cats folded before Flop (didn't bet)
Seat 6: Kallifas22 folded before Flop (didn't bet)



PokerStars Hand #254746466931:  Hold'em No Limit ($0.50/$1.00 USD) - 2025/02/07 6:51:06 WET [2025/02/07 1:51:06 ET]
Table 'Pala' 6-max Seat #2 is the button
Seat 1: AlexEliseev7 ($134.24 in chips) 
Seat 2: Nicedaymybro ($101.50 in chips) 
Seat 3: fish my nuts ($127.03 in chips) 
Seat 4: Flix2204 ($101.50 in chips) 
Seat 5: Fold Your Cats ($106.45 in chips) 
Seat 6: Kallifas22 ($34.71 in chips) 
fish my nuts: posts small blind $0.50
Flix2204: posts big blind $1
*** HOLE CARDS ***
Fold Your Cats: folds 
Kallifas22: calls $1
AlexEliseev7: folds 
Nicedaymybro: raises $3 to $4
fish my nuts: folds 
Flix2204: calls $3
Kallifas22: folds 
*** FLOP *** [2s Jc 9c]
Flix2204: checks 
Nicedaymybro: bets $2.98
Flix2204: folds 
Uncalled bet ($2.98) returned to Nicedaymybro
Nicedaymybro collected $9.02 from pot
Nicedaymybro: doesn't show hand 
*** SUMMARY ***
Total pot $9.50 | Rake $0.48 
Board [2s Jc 9c]
Seat 1: AlexEliseev7 folded before Flop (didn't bet)
Seat 2: Nicedaymybro (button) collected ($9.02)
Seat 3: fish my nuts (small blind) folded before Flop
Seat 4: Flix2204 (big blind) folded on the Flop
Seat 5: Fold Your Cats folded before Flop (didn't bet)
Seat 6: Kallifas22 folded before Flop



PokerStars Hand #254746469610:  Hold'em No Limit ($0.50/$1.00 USD) - 2025/02/07 6:51:42 WET [2025/02/07 1:51:42 ET]
Table 'Pala' 6-max Seat #3 is the button
Seat 1: AlexEliseev7 ($134.24 in chips) 
Seat 2: Nicedaymybro ($106.52 in chips) 
Seat 3: fish my nuts ($126.53 in chips) 
Seat 4: Flix2204 ($100 in chips) 
Seat 5: Fold Your Cats ($106.45 in chips) 
Seat 6: Kallifas22 ($33.71 in chips) 
Flix2204: posts small blind $0.50
Fold Your Cats: posts big blind $1
*** HOLE CARDS ***
Kallifas22: folds 
AlexEliseev7: folds 
Nicedaymybro: raises $1.50 to $2.50
fish my nuts: folds 
Flix2204: folds 
Fold Your Cats: folds 
Uncalled bet ($1.50) returned to Nicedaymybro
Nicedaymybro collected $2.50 from pot
Nicedaymybro: doesn't show hand 
*** SUMMARY ***
Total pot $2.50 | Rake $0 
Seat 1: AlexEliseev7 folded before Flop (didn't bet)
Seat 2: Nicedaymybro collected ($2.50)
Seat 3: fish my nuts (button) folded before Flop (didn't bet)
Seat 4: Flix2204 (small blind) folded before Flop
Seat 5: Fold Your Cats (big blind) folded before Flop
Seat 6: Kallifas22 folded before Flop (didn't bet)



PokerStars Hand #254746471005:  Hold'em No Limit ($0.50/$1.00 USD) - 2025/02/07 6:52:01 WET [2025/02/07 1:52:01 ET]
Table 'Pala' 6-max Seat #4 is the button
Seat 1: AlexEliseev7 ($134.24 in chips) 
Seat 2: Nicedaymybro ($108.02 in chips) 
Seat 3: fish my nuts ($126.53 in chips) 
Seat 4: Flix2204 ($100 in chips) 
Seat 5: Fold Your Cats ($105.45 in chips) 
Seat 6: Kallifas22 ($33.71 in chips) 
Fold Your Cats: posts small blind $0.50
Kallifas22: posts big blind $1
*** HOLE CARDS ***
AlexEliseev7: folds 
Nicedaymybro: folds 
fish my nuts: folds 
Flix2204: folds 
Fold Your Cats: folds 
Uncalled bet ($0.50) returned to Kallifas22
Kallifas22 collected $1 from pot
*** SUMMARY ***
Total pot $1 | Rake $0 
Seat 1: AlexEliseev7 folded before Flop (didn't bet)
Seat 2: Nicedaymybro folded before Flop (didn't bet)
Seat 3: fish my nuts folded before Flop (didn't bet)
Seat 4: Flix2204 (button) folded before Flop (didn't bet)
Seat 5: Fold Your Cats (small blind) folded before Flop
Seat 6: Kallifas22 (big blind) collected ($1)



PokerStars Hand #254746472131:  Hold'em No Limit ($0.50/$1.00 USD) - 2025/02/07 6:52:16 WET [2025/02/07 1:52:16 ET]
Table 'Pala' 6-max Seat #5 is the button
Seat 1: AlexEliseev7 ($134.24 in chips) 
Seat 2: Nicedaymybro ($108.02 in chips) 
Seat 3: fish my nuts ($126.53 in chips) 
Seat 4: Flix2204 ($100 in chips) 
Seat 5: Fold Your Cats ($104.95 in chips) 
Seat 6: Kallifas22 ($34.21 in chips) 
Kallifas22: posts small blind $0.50
AlexEliseev7: posts big blind $1
*** HOLE CARDS ***
Nicedaymybro: folds 
fish my nuts: folds 
Flix2204: folds 
Fold Your Cats: folds 
Kallifas22: calls $0.50
AlexEliseev7: raises $2.50 to $3.50
Kallifas22: calls $2.50
*** FLOP *** [Jc 8h 2h]
Kallifas22: checks 
AlexEliseev7: bets $5.19
Kallifas22: folds 
Uncalled bet ($5.19) returned to AlexEliseev7
AlexEliseev7 collected $6.65 from pot
AlexEliseev7: doesn't show hand 
*** SUMMARY ***
Total pot $7 | Rake $0.35 
Board [Jc 8h 2h]
Seat 1: AlexEliseev7 (big blind) collected ($6.65)
Seat 2: Nicedaymybro folded before Flop (didn't bet)
Seat 3: fish my nuts folded before Flop (didn't bet)
Seat 4: Flix2204 folded before Flop (didn't bet)
Seat 5: Fold Your Cats (button) folded before Flop (didn't bet)
Seat 6: Kallifas22 (small blind) folded on the Flop



PokerStars Hand #254746475752:  Hold'em No Limit ($0.50/$1.00 USD) - 2025/02/07 6:53:05 WET [2025/02/07 1:53:05 ET]
Table 'Pala' 6-max Seat #6 is the button
Seat 1: AlexEliseev7 ($137.39 in chips) 
Seat 2: Nicedaymybro ($108.02 in chips) 
Seat 3: fish my nuts ($126.53 in chips) 
Seat 4: Flix2204 ($100 in chips) 
Seat 5: Fold Your Cats ($104.95 in chips) 
Seat 6: Kallifas22 ($30.71 in chips) 
AlexEliseev7: posts small blind $0.50
Nicedaymybro: posts big blind $1
*** HOLE CARDS ***
fish my nuts: folds 
Flix2204: folds 
Fold Your Cats: folds 
Kallifas22: folds 
AlexEliseev7: raises $2 to $3
Nicedaymybro: calls $2
*** FLOP *** [8h Ac 6c]
AlexEliseev7: bets $1.43
Nicedaymybro: raises $5.65 to $7.08
AlexEliseev7: raises $15.49 to $22.57
Nicedaymybro: folds 
Uncalled bet ($15.49) returned to AlexEliseev7
AlexEliseev7 collected $19.15 from pot
AlexEliseev7: doesn't show hand 
*** SUMMARY ***
Total pot $20.16 | Rake $1.01 
Board [8h Ac 6c]
Seat 1: AlexEliseev7 (small blind) collected ($19.15)
Seat 2: Nicedaymybro (big blind) folded on the Flop
Seat 3: fish my nuts folded before Flop (didn't bet)
Seat 4: Flix2204 folded before Flop (didn't bet)
Seat 5: Fold Your Cats folded before Flop (didn't bet)
Seat 6: Kallifas22 (button) folded before Flop (didn't bet)



PokerStars Hand #254746479389:  Hold'em No Limit ($0.50/$1.00 USD) - 2025/02/07 6:53:53 WET [2025/02/07 1:53:53 ET]
Table 'Pala' 6-max Seat #1 is the button
Seat 1: AlexEliseev7 ($146.46 in chips) 
Seat 2: Nicedaymybro ($100 in chips) 
Seat 3: fish my nuts ($126.53 in chips) 
Seat 4: Flix2204 ($100 in chips) 
Seat 5: Fold Your Cats ($104.95 in chips) 
Seat 6: Kallifas22 ($30.71 in chips) 
Nicedaymybro: posts small blind $0.50
fish my nuts: posts big blind $1
*** HOLE CARDS ***
Flix2204: raises $1 to $2
Fold Your Cats: folds 
Kallifas22: folds 
AlexEliseev7: raises $5.50 to $7.50
Nicedaymybro: folds 
fish my nuts: folds 
Flix2204: folds 
Uncalled bet ($5.50) returned to AlexEliseev7
Nicedaymybro leaves the table
AlexEliseev7 collected $5.50 from pot
AlexEliseev7: doesn't show hand 
*** SUMMARY ***
Total pot $5.50 | Rake $0 
Seat 1: AlexEliseev7 (button) collected ($5.50)
Seat 2: Nicedaymybro (small blind) folded before Flop
Seat 3: fish my nuts (big blind) folded before Flop
Seat 4: Flix2204 folded before Flop
Seat 5: Fold Your Cats folded before Flop (didn't bet)
Seat 6: Kallifas22 folded before Flop (didn't bet)



PokerStars Hand #254746481517:  Hold'em No Limit ($0.50/$1.00 USD) - 2025/02/07 6:54:21 WET [2025/02/07 1:54:21 ET]
Table 'Pala' 6-max Seat #3 is the button
Seat 1: AlexEliseev7 ($149.96 in chips) 
Seat 3: fish my nuts ($125.53 in chips) 
Seat 4: Flix2204 ($100 in chips) 
Seat 5: Fold Your Cats ($104.95 in chips) 
Seat 6: Kallifas22 ($30.71 in chips) 
Flix2204: posts small blind $0.50
Fold Your Cats: posts big blind $1
*** HOLE CARDS ***
Kallifas22: calls $1
AlexEliseev7: folds 
fish my nuts: folds 
Flix2204: raises $3 to $4
Fold Your Cats: folds 
Kallifas22: calls $3
*** FLOP *** [9s Ad 7h]
Flix2204: bets $2.82
Kallifas22: calls $2.82
*** TURN *** [9s Ad 7h] [4h]
Flix2204: checks 
Kallifas22: checks 
*** RIVER *** [9s Ad 7h 4h] [6h]
Flix2204: checks 
Kallifas22: checks 
*** SHOW DOWN ***
Flix2204: shows [Kc 8c] (high card Ace)
Kallifas22: shows [As 5h] (a pair of Aces)
Kallifas22 collected $13.91 from pot
*** SUMMARY ***
Total pot $14.64 | Rake $0.73 
Board [9s Ad 7h 4h 6h]
Seat 1: AlexEliseev7 folded before Flop (didn't bet)
Seat 3: fish my nuts (button) folded before Flop (didn't bet)
Seat 4: Flix2204 (small blind) showed [Kc 8c] and lost with high card Ace
Seat 5: Fold Your Cats (big blind) folded before Flop
Seat 6: Kallifas22 showed [As 5h] and won ($13.91) with a pair of Aces



PokerStars Hand #254746485913:  Hold'em No Limit ($0.50/$1.00 USD) - 2025/02/07 6:55:22 WET [2025/02/07 1:55:22 ET]
Table 'Pala' 6-max Seat #4 is the button
Seat 1: AlexEliseev7 ($149.96 in chips) 
Seat 3: fish my nuts ($125.53 in chips) 
Seat 4: Flix2204 ($100 in chips) 
Seat 5: Fold Your Cats ($103.95 in chips) 
Seat 6: Kallifas22 ($37.80 in chips) 
Fold Your Cats: posts small blind $0.50
Kallifas22: posts big blind $1
*** HOLE CARDS ***
AlexEliseev7: folds 
fish my nuts: folds 
Flix2204: folds 
Fold Your Cats: folds 
Uncalled bet ($0.50) returned to Kallifas22
Kallifas22 collected $1 from pot
*** SUMMARY ***
Total pot $1 | Rake $0 
Seat 1: AlexEliseev7 folded before Flop (didn't bet)
Seat 3: fish my nuts folded before Flop (didn't bet)
Seat 4: Flix2204 (button) folded before Flop (didn't bet)
Seat 5: Fold Your Cats (small blind) folded before Flop
Seat 6: Kallifas22 (big blind) collected ($1)



PokerStars Hand #254746487218:  Hold'em No Limit ($0.50/$1.00 USD) - 2025/02/07 6:55:42 WET [2025/02/07 1:55:42 ET]
Table 'Pala' 6-max Seat #5 is the button
Seat 1: AlexEliseev7 ($149.96 in chips) 
Seat 3: fish my nuts ($125.53 in chips) 
Seat 4: Flix2204 ($100 in chips) 
Seat 5: Fold Your Cats ($103.45 in chips) 
Seat 6: Kallifas22 ($38.30 in chips) 
Kallifas22: posts small blind $0.50
AlexEliseev7: posts big blind $1
*** HOLE CARDS ***
fish my nuts: folds 
Flix2204: folds 
Fold Your Cats: folds 
Kallifas22: calls $0.50
AlexEliseev7: checks 
*** FLOP *** [4h Qc Qd]
Kallifas22: checks 
AlexEliseev7: checks 
*** TURN *** [4h Qc Qd] [5d]
Kallifas22: bets $1
AlexEliseev7: folds 
Uncalled bet ($1) returned to Kallifas22
Kallifas22 collected $1.90 from pot
*** SUMMARY ***
Total pot $2 | Rake $0.10 
Board [4h Qc Qd 5d]
Seat 1: AlexEliseev7 (big blind) folded on the Turn
Seat 3: fish my nuts folded before Flop (didn't bet)
Seat 4: Flix2204 folded before Flop (didn't bet)
Seat 5: Fold Your Cats (button) folded before Flop (didn't bet)
Seat 6: Kallifas22 (small blind) collected ($1.90)



PokerStars Hand #254746489680:  Hold'em No Limit ($0.50/$1.00 USD) - 2025/02/07 6:56:19 WET [2025/02/07 1:56:19 ET]
Table 'Pala' 6-max Seat #6 is the button
Seat 4: Flix2204 ($100 in chips) is sitting out
Seat 1: AlexEliseev7 ($148.96 in chips) 
Seat 3: fish my nuts ($125.53 in chips) 
Seat 5: Fold Your Cats ($103.45 in chips) 
Seat 6: Kallifas22 ($39.20 in chips) 
AlexEliseev7: posts small blind $0.50
fish my nuts: posts big blind $1
*** HOLE CARDS ***
Fold Your Cats: folds 
Kallifas22: calls $1
Emily_GetMan joins the table at seat #2 
AlexEliseev7: raises $4 to $5
fish my nuts: folds 
Kallifas22: folds 
Uncalled bet ($4) returned to AlexEliseev7
AlexEliseev7 collected $3 from pot
AlexEliseev7: doesn't show hand 
*** SUMMARY ***
Total pot $3 | Rake $0 
Seat 4: Flix2204
Seat 1: AlexEliseev7 (small blind) collected ($3)
Seat 3: fish my nuts (big blind) folded before Flop
Seat 5: Fold Your Cats folded before Flop (didn't bet)
Seat 6: Kallifas22 (button) folded before Flop



PokerStars Hand #254746490776:  Hold'em No Limit ($0.50/$1.00 USD) - 2025/02/07 6:56:35 WET [2025/02/07 1:56:35 ET]
Table 'Pala' 6-max Seat #1 is the button
Seat 2: Emily_GetMan ($100 in chips) is sitting out
Seat 4: Flix2204 ($100 in chips) is sitting out
Seat 1: AlexEliseev7 ($150.96 in chips) 
Seat 3: fish my nuts ($124.53 in chips) 
Seat 5: Fold Your Cats ($103.45 in chips) 
Seat 6: Kallifas22 ($38.20 in chips) 
fish my nuts: posts small blind $0.50
Fold Your Cats: posts big blind $1
*** HOLE CARDS ***
Kallifas22: calls $1
AlexEliseev7: folds 
fish my nuts: folds 
Fold Your Cats: checks 
*** FLOP *** [5c As 8c]
Fold Your Cats: checks 
Kallifas22: bets $1
Fold Your Cats: calls $1
*** TURN *** [5c As 8c] [8d]
Fold Your Cats: bets $3
Kallifas22: folds 
Uncalled bet ($3) returned to Fold Your Cats
Fold Your Cats collected $4.28 from pot
Fold Your Cats: doesn't show hand 
*** SUMMARY ***
Total pot $4.50 | Rake $0.22 
Board [5c As 8c 8d]
Seat 2: Emily_GetMan
Seat 4: Flix2204
Seat 1: AlexEliseev7 (button) folded before Flop (didn't bet)
Seat 3: fish my nuts (small blind) folded before Flop
Seat 5: Fold Your Cats (big blind) collected ($4.28)
Seat 6: Kallifas22 folded on the Turn



PokerStars Hand #254746492862:  Hold'em No Limit ($0.50/$1.00 USD) - 2025/02/07 6:57:06 WET [2025/02/07 1:57:06 ET]
Table 'Pala' 6-max Seat #3 is the button
Seat 2: Emily_GetMan ($100 in chips) is sitting out
Seat 4: Flix2204 ($100 in chips) is sitting out
Seat 1: AlexEliseev7 ($150.96 in chips) 
Seat 3: fish my nuts ($124.03 in chips) 
Seat 5: Fold Your Cats ($105.73 in chips) 
Seat 6: Kallifas22 ($36.20 in chips) 
Fold Your Cats: posts small blind $0.50
Kallifas22: posts big blind $1
Emily_GetMan: sits out 
*** HOLE CARDS ***
AlexEliseev7: raises $1.50 to $2.50
fish my nuts: folds 
Fold Your Cats: raises $7.50 to $10
Kallifas22: folds 
AlexEliseev7: folds 
Uncalled bet ($7.50) returned to Fold Your Cats
Fold Your Cats collected $6 from pot
Fold Your Cats: doesn't show hand 
*** SUMMARY ***
Total pot $6 | Rake $0 
Seat 2: Emily_GetMan
Seat 4: Flix2204
Seat 1: AlexEliseev7 folded before Flop
Seat 3: fish my nuts (button) folded before Flop (didn't bet)
Seat 5: Fold Your Cats (small blind) collected ($6)
Seat 6: Kallifas22 (big blind) folded before Flop



PokerStars Hand #254746494397:  Hold'em No Limit ($0.50/$1.00 USD) - 2025/02/07 6:57:29 WET [2025/02/07 1:57:29 ET]
Table 'Pala' 6-max Seat #5 is the button
Seat 2: Emily_GetMan ($100 in chips) is sitting out
Seat 4: Flix2204 ($100 in chips) is sitting out
Seat 1: AlexEliseev7 ($148.46 in chips) 
Seat 3: fish my nuts ($124.03 in chips) 
Seat 5: Fold Your Cats ($109.23 in chips) 
Seat 6: Kallifas22 ($35.20 in chips) 
Kallifas22: posts small blind $0.50
AlexEliseev7: posts big blind $1
Emily_GetMan: sits out 
*** HOLE CARDS ***
fish my nuts: folds 
Fold Your Cats: raises $1.50 to $2.50
Kallifas22: folds 
AlexEliseev7: raises $10.50 to $13
Fold Your Cats: folds 
Uncalled bet ($10.50) returned to AlexEliseev7
AlexEliseev7 collected $5.50 from pot
AlexEliseev7: doesn't show hand 
*** SUMMARY ***
Total pot $5.50 | Rake $0 
Seat 2: Emily_GetMan
Seat 4: Flix2204
Seat 1: AlexEliseev7 (big blind) collected ($5.50)
Seat 3: fish my nuts folded before Flop (didn't bet)
Seat 5: Fold Your Cats (button) folded before Flop
Seat 6: Kallifas22 (small blind) folded before Flop



PokerStars Hand #254746496109:  Hold'em No Limit ($0.50/$1.00 USD) - 2025/02/07 6:57:54 WET [2025/02/07 1:57:54 ET]
Table 'Pala' 6-max Seat #6 is the button
Seat 4: Flix2204 ($100 in chips) is sitting out
Seat 1: AlexEliseev7 ($151.46 in chips) 
Seat 2: Emily_GetMan ($100 in chips) 
Seat 3: fish my nuts ($124.03 in chips) 
Seat 5: Fold Your Cats ($106.73 in chips) 
Seat 6: Kallifas22 ($34.70 in chips) 
AlexEliseev7: posts small blind $0.50
Emily_GetMan: posts big blind $1
Flix2204: sits out 
*** HOLE CARDS ***
fish my nuts: folds 
Fold Your Cats: raises $1.50 to $2.50
Kallifas22: folds 
AlexEliseev7: folds 
Emily_GetMan: calls $1.50
*** FLOP *** [Jh 2c Qd]
Emily_GetMan: checks 
Fold Your Cats: bets $3.39
Emily_GetMan: calls $3.39
*** TURN *** [Jh 2c Qd] [3d]
Emily_GetMan: checks 
Fold Your Cats: bets $8.75
Emily_GetMan: folds 
Uncalled bet ($8.75) returned to Fold Your Cats
Fold Your Cats collected $11.67 from pot
Fold Your Cats: doesn't show hand 
*** SUMMARY ***
Total pot $12.28 | Rake $0.61 
Board [Jh 2c Qd 3d]
Seat 4: Flix2204
Seat 1: AlexEliseev7 (small blind) folded before Flop
Seat 2: Emily_GetMan (big blind) folded on the Turn
Seat 3: fish my nuts folded before Flop (didn't bet)
Seat 5: Fold Your Cats collected ($11.67)
Seat 6: Kallifas22 (button) folded before Flop (didn't bet)



PokerStars Hand #254746499546:  Hold'em No Limit ($0.50/$1.00 USD) - 2025/02/07 6:58:46 WET [2025/02/07 1:58:46 ET]
Table 'Pala' 6-max Seat #1 is the button
Seat 3: fish my nuts ($124.03 in chips) is sitting out
Seat 1: AlexEliseev7 ($150.96 in chips) 
Seat 2: Emily_GetMan ($100 in chips) 
Seat 4: Flix2204 ($100 in chips) 
Seat 5: Fold Your Cats ($112.51 in chips) 
Seat 6: Kallifas22 ($34.70 in chips) 
Emily_GetMan: posts small blind $0.50
Flix2204: posts big blind $1
*** HOLE CARDS ***
Fold Your Cats: raises $1.50 to $2.50
Kallifas22: folds 
AlexEliseev7: folds 
Emily_GetMan: folds 
Flix2204: folds 
Uncalled bet ($1.50) returned to Fold Your Cats
Fold Your Cats collected $2.50 from pot
Fold Your Cats: doesn't show hand 
*** SUMMARY ***
Total pot $2.50 | Rake $0 
Seat 3: fish my nuts
Seat 1: AlexEliseev7 (button) folded before Flop (didn't bet)
Seat 2: Emily_GetMan (small blind) folded before Flop
Seat 4: Flix2204 (big blind) folded before Flop
Seat 5: Fold Your Cats collected ($2.50)
Seat 6: Kallifas22 folded before Flop (didn't bet)



PokerStars Hand #254746500434:  Hold'em No Limit ($0.50/$1.00 USD) - 2025/02/07 6:58:59 WET [2025/02/07 1:58:59 ET]
Table 'Pala' 6-max Seat #2 is the button
Seat 3: fish my nuts ($124.03 in chips) is sitting out
Seat 1: AlexEliseev7 ($150.96 in chips) 
Seat 2: Emily_GetMan ($100 in chips) 
Seat 4: Flix2204 ($100 in chips) 
Seat 5: Fold Your Cats ($114.01 in chips) 
Seat 6: Kallifas22 ($34.70 in chips) 
Flix2204: posts small blind $0.50
Fold Your Cats: posts big blind $1
*** HOLE CARDS ***
Kallifas22: calls $1
AlexEliseev7: folds 
Emily_GetMan: folds 
Flix2204: folds 
Fold Your Cats: checks 
*** FLOP *** [9c Ks 2s]
Fold Your Cats: checks 
Kallifas22: bets $1
Fold Your Cats: folds 
Uncalled bet ($1) returned to Kallifas22
Kallifas22 collected $2.38 from pot
*** SUMMARY ***
Total pot $2.50 | Rake $0.12 
Board [9c Ks 2s]
Seat 3: fish my nuts
Seat 1: AlexEliseev7 folded before Flop (didn't bet)
Seat 2: Emily_GetMan (button) folded before Flop (didn't bet)
Seat 4: Flix2204 (small blind) folded before Flop
Seat 5: Fold Your Cats (big blind) folded on the Flop
Seat 6: Kallifas22 collected ($2.38)



PokerStars Hand #254746328795:  Hold'em No Limit ($0.50/$1.00 USD) - 2025/02/07 6:20:50 WET [2025/02/07 1:20:50 ET]
Table 'Pala' 6-max Seat #3 is the button
Seat 4: Zager.v ($100 in chips) is sitting out
Seat 5: Fold Your Cats ($100 in chips) is sitting out
Seat 1: AlexEliseev7 ($116.11 in chips) 
Seat 2: Nicedaymybro ($100 in chips) 
Seat 3: reeqar ($100 in chips) 
Seat 6: Kallifas22 ($41.74 in chips) 
Kallifas22: posts small blind $0.50
AlexEliseev7: posts big blind $1
*** HOLE CARDS ***
Nicedaymybro: folds 
reeqar: folds 
Kallifas22: calls $0.50
AlexEliseev7: checks 
*** FLOP *** [7c 6h 4d]
Kallifas22: checks 
AlexEliseev7: bets $1.48
Kallifas22: folds 
Uncalled bet ($1.48) returned to AlexEliseev7
AlexEliseev7 collected $1.90 from pot
AlexEliseev7: doesn't show hand 
*** SUMMARY ***
Total pot $2 | Rake $0.10 
Board [7c 6h 4d]
Seat 4: Zager.v
Seat 5: Fold Your Cats
Seat 1: AlexEliseev7 (big blind) collected ($1.90)
Seat 2: Nicedaymybro folded before Flop (didn't bet)
Seat 3: reeqar (button) folded before Flop (didn't bet)
Seat 6: Kallifas22 (small blind) folded on the Flop



PokerStars Hand #254746331332:  Hold'em No Limit ($0.50/$1.00 USD) - 2025/02/07 6:21:23 WET [2025/02/07 1:21:23 ET]
Table 'Pala' 6-max Seat #6 is the button
Seat 4: Zager.v ($100 in chips) is sitting out
Seat 5: Fold Your Cats ($100 in chips) is sitting out
Seat 1: AlexEliseev7 ($117.01 in chips) 
Seat 2: Nicedaymybro ($100 in chips) 
Seat 3: reeqar ($100 in chips) 
Seat 6: Kallifas22 ($40.74 in chips) 
AlexEliseev7: posts small blind $0.50
Nicedaymybro: posts big blind $1
Zager.v: sits out 
Fold Your Cats: sits out 
*** HOLE CARDS ***
reeqar: folds 
Kallifas22: folds 
AlexEliseev7: folds 
Uncalled bet ($0.50) returned to Nicedaymybro
Nicedaymybro collected $1 from pot
Nicedaymybro: doesn't show hand 
*** SUMMARY ***
Total pot $1 | Rake $0 
Seat 4: Zager.v
Seat 5: Fold Your Cats
Seat 1: AlexEliseev7 (small blind) folded before Flop
Seat 2: Nicedaymybro (big blind) collected ($1)
Seat 3: reeqar folded before Flop (didn't bet)
Seat 6: Kallifas22 (button) folded before Flop (didn't bet)



PokerStars Hand #254746332548:  Hold'em No Limit ($0.50/$1.00 USD) - 2025/02/07 6:21:39 WET [2025/02/07 1:21:39 ET]
Table 'Pala' 6-max Seat #1 is the button
Seat 4: Zager.v ($100 in chips) is sitting out
Seat 5: Fold Your Cats ($100 in chips) is sitting out
Seat 1: AlexEliseev7 ($116.51 in chips) 
Seat 2: Nicedaymybro ($100.50 in chips) 
Seat 3: reeqar ($100 in chips) 
Seat 6: Kallifas22 ($40.74 in chips) 
Nicedaymybro: posts small blind $0.50
reeqar: posts big blind $1
Zager.v: sits out 
Fold Your Cats: sits out 
*** HOLE CARDS ***
Kallifas22: raises $1 to $2
AlexEliseev7: folds 
Nicedaymybro: folds 
reeqar: folds 
Uncalled bet ($1) returned to Kallifas22
Kallifas22 collected $2.50 from pot
*** SUMMARY ***
Total pot $2.50 | Rake $0 
Seat 4: Zager.v
Seat 5: Fold Your Cats
Seat 1: AlexEliseev7 (button) folded before Flop (didn't bet)
Seat 2: Nicedaymybro (small blind) folded before Flop
Seat 3: reeqar (big blind) folded before Flop
Seat 6: Kallifas22 collected ($2.50)



PokerStars Hand #254746334175:  Hold'em No Limit ($0.50/$1.00 USD) - 2025/02/07 6:21:59 WET [2025/02/07 1:21:59 ET]
Table 'Pala' 6-max Seat #2 is the button
Seat 5: Fold Your Cats ($100 in chips) is sitting out
Seat 1: AlexEliseev7 ($116.51 in chips) 
Seat 2: Nicedaymybro ($100 in chips) 
Seat 3: reeqar ($100 in chips) 
Seat 4: Zager.v ($100 in chips) 
Seat 6: Kallifas22 ($42.24 in chips) 
reeqar: posts small blind $0.50
Zager.v: posts big blind $1
Fold Your Cats: sits out 
*** HOLE CARDS ***
Kallifas22: folds 
AlexEliseev7: raises $1.50 to $2.50
Nicedaymybro: raises $5 to $7.50
reeqar: folds 
Zager.v: folds 
AlexEliseev7: calls $5
*** FLOP *** [5c 3d 4h]
AlexEliseev7: checks 
Nicedaymybro: checks 
*** TURN *** [5c 3d 4h] [2d]
AlexEliseev7: bets $3.92
Nicedaymybro: folds 
Uncalled bet ($3.92) returned to AlexEliseev7
AlexEliseev7 collected $15.68 from pot
AlexEliseev7: doesn't show hand 
*** SUMMARY ***
Total pot $16.50 | Rake $0.82 
Board [5c 3d 4h 2d]
Seat 5: Fold Your Cats
Seat 1: AlexEliseev7 collected ($15.68)
Seat 2: Nicedaymybro (button) folded on the Turn
Seat 3: reeqar (small blind) folded before Flop
Seat 4: Zager.v (big blind) folded before Flop
Seat 6: Kallifas22 folded before Flop (didn't bet)



PokerStars Hand #254746338943:  Hold'em No Limit ($0.50/$1.00 USD) - 2025/02/07 6:23:01 WET [2025/02/07 1:23:01 ET]
Table 'Pala' 6-max Seat #3 is the button
Seat 1: AlexEliseev7 ($124.69 in chips) 
Seat 2: Nicedaymybro ($100 in chips) 
Seat 3: reeqar ($100 in chips) 
Seat 4: Zager.v ($100 in chips) 
Seat 5: Fold Your Cats ($100 in chips) 
Seat 6: Kallifas22 ($42.24 in chips) 
Zager.v: posts small blind $0.50
Fold Your Cats: posts big blind $1
*** HOLE CARDS ***
Kallifas22: folds 
AlexEliseev7: folds 
Nicedaymybro: raises $1.50 to $2.50
reeqar: folds 
Zager.v: folds 
Fold Your Cats: folds 
Uncalled bet ($1.50) returned to Nicedaymybro
Nicedaymybro collected $2.50 from pot
Nicedaymybro: doesn't show hand 
*** SUMMARY ***
Total pot $2.50 | Rake $0 
Seat 1: AlexEliseev7 folded before Flop (didn't bet)
Seat 2: Nicedaymybro collected ($2.50)
Seat 3: reeqar (button) folded before Flop (didn't bet)
Seat 4: Zager.v (small blind) folded before Flop
Seat 5: Fold Your Cats (big blind) folded before Flop
Seat 6: Kallifas22 folded before Flop (didn't bet)



PokerStars Hand #254746341285:  Hold'em No Limit ($0.50/$1.00 USD) - 2025/02/07 6:23:32 WET [2025/02/07 1:23:32 ET]
Table 'Pala' 6-max Seat #4 is the button
Seat 1: AlexEliseev7 ($124.69 in chips) 
Seat 2: Nicedaymybro ($101.50 in chips) 
Seat 3: reeqar ($100 in chips) 
Seat 4: Zager.v ($100 in chips) 
Seat 5: Fold Your Cats ($100 in chips) 
Seat 6: Kallifas22 ($42.24 in chips) 
Fold Your Cats: posts small blind $0.50
Kallifas22: posts big blind $1
*** HOLE CARDS ***
AlexEliseev7: folds 
Nicedaymybro: folds 
reeqar: folds 
Zager.v: folds 
Fold Your Cats: raises $2 to $3
Kallifas22: calls $2
*** FLOP *** [5c 9c 2d]
Fold Your Cats: bets $1.90
Kallifas22: calls $1.90
*** TURN *** [5c 9c 2d] [Jc]
Fold Your Cats: checks 
Kallifas22: checks 
*** RIVER *** [5c 9c 2d Jc] [Qh]
Fold Your Cats: bets $8
Kallifas22: calls $8
*** SHOW DOWN ***
Fold Your Cats: shows [6c 6s] (a pair of Sixes)
Kallifas22: shows [Kh Jd] (a pair of Jacks)
Kallifas22 collected $24.51 from pot
*** SUMMARY ***
Total pot $25.80 | Rake $1.29 
Board [5c 9c 2d Jc Qh]
Seat 1: AlexEliseev7 folded before Flop (didn't bet)
Seat 2: Nicedaymybro folded before Flop (didn't bet)
Seat 3: reeqar folded before Flop (didn't bet)
Seat 4: Zager.v (button) folded before Flop (didn't bet)
Seat 5: Fold Your Cats (small blind) showed [6c 6s] and lost with a pair of Sixes
Seat 6: Kallifas22 (big blind) showed [Kh Jd] and won ($24.51) with a pair of Jacks



PokerStars Hand #254746344893:  Hold'em No Limit ($0.50/$1.00 USD) - 2025/02/07 6:24:19 WET [2025/02/07 1:24:19 ET]
Table 'Pala' 6-max Seat #5 is the button
Seat 1: AlexEliseev7 ($124.69 in chips) 
Seat 2: Nicedaymybro ($101.50 in chips) 
Seat 3: reeqar ($100 in chips) 
Seat 4: Zager.v ($100 in chips) 
Seat 5: Fold Your Cats ($100 in chips) 
Seat 6: Kallifas22 ($53.85 in chips) 
Kallifas22: posts small blind $0.50
AlexEliseev7: posts big blind $1
*** HOLE CARDS ***
Nicedaymybro: folds 
reeqar: folds 
Zager.v: folds 
Fold Your Cats: raises $1.50 to $2.50
Kallifas22: folds 
AlexEliseev7: folds 
Uncalled bet ($1.50) returned to Fold Your Cats
Fold Your Cats collected $2.50 from pot
Fold Your Cats: doesn't show hand 
*** SUMMARY ***
Total pot $2.50 | Rake $0 
Seat 1: AlexEliseev7 (big blind) folded before Flop
Seat 2: Nicedaymybro folded before Flop (didn't bet)
Seat 3: reeqar folded before Flop (didn't bet)
Seat 4: Zager.v folded before Flop (didn't bet)
Seat 5: Fold Your Cats (button) collected ($2.50)
Seat 6: Kallifas22 (small blind) folded before Flop



PokerStars Hand #254746347532:  Hold'em No Limit ($0.50/$1.00 USD) - 2025/02/07 6:24:53 WET [2025/02/07 1:24:53 ET]
Table 'Pala' 6-max Seat #6 is the button
Seat 1: AlexEliseev7 ($123.69 in chips) 
Seat 2: Nicedaymybro ($101.50 in chips) 
Seat 3: reeqar ($100 in chips) 
Seat 4: Zager.v ($100 in chips) 
Seat 5: Fold Your Cats ($101.50 in chips) 
Seat 6: Kallifas22 ($53.35 in chips) 
AlexEliseev7: posts small blind $0.50
Nicedaymybro: posts big blind $1
*** HOLE CARDS ***
reeqar: folds 
Zager.v: folds 
Fold Your Cats: folds 
Kallifas22: folds 
AlexEliseev7: raises $2 to $3
Nicedaymybro: folds 
Uncalled bet ($2) returned to AlexEliseev7
AlexEliseev7 collected $2 from pot
AlexEliseev7: doesn't show hand 
*** SUMMARY ***
Total pot $2 | Rake $0 
Seat 1: AlexEliseev7 (small blind) collected ($2)
Seat 2: Nicedaymybro (big blind) folded before Flop
Seat 3: reeqar folded before Flop (didn't bet)
Seat 4: Zager.v folded before Flop (didn't bet)
Seat 5: Fold Your Cats folded before Flop (didn't bet)
Seat 6: Kallifas22 (button) folded before Flop (didn't bet)



PokerStars Hand #254746349715:  Hold'em No Limit ($0.50/$1.00 USD) - 2025/02/07 6:25:23 WET [2025/02/07 1:25:23 ET]
Table 'Pala' 6-max Seat #1 is the button
Seat 1: AlexEliseev7 ($124.69 in chips) 
Seat 2: Nicedaymybro ($100.50 in chips) 
Seat 3: reeqar ($100 in chips) 
Seat 4: Zager.v ($100 in chips) 
Seat 5: Fold Your Cats ($101.50 in chips) 
Seat 6: Kallifas22 ($53.35 in chips) 
Nicedaymybro: posts small blind $0.50
reeqar: posts big blind $1
*** HOLE CARDS ***
Zager.v: folds 
Fold Your Cats: folds 
Kallifas22: folds 
AlexEliseev7: raises $1.50 to $2.50
Nicedaymybro: raises $8.50 to $11
reeqar: folds 
AlexEliseev7: folds 
Uncalled bet ($8.50) returned to Nicedaymybro
Nicedaymybro collected $6 from pot
Nicedaymybro: doesn't show hand 
*** SUMMARY ***
Total pot $6 | Rake $0 
Seat 1: AlexEliseev7 (button) folded before Flop
Seat 2: Nicedaymybro (small blind) collected ($6)
Seat 3: reeqar (big blind) folded before Flop
Seat 4: Zager.v folded before Flop (didn't bet)
Seat 5: Fold Your Cats folded before Flop (didn't bet)
Seat 6: Kallifas22 folded before Flop (didn't bet)



PokerStars Hand #254746352298:  Hold'em No Limit ($0.50/$1.00 USD) - 2025/02/07 6:25:55 WET [2025/02/07 1:25:55 ET]
Table 'Pala' 6-max Seat #2 is the button
Seat 1: AlexEliseev7 ($122.19 in chips) 
Seat 2: Nicedaymybro ($104 in chips) 
Seat 3: reeqar ($100 in chips) 
Seat 4: Zager.v ($100 in chips) 
Seat 5: Fold Your Cats ($101.50 in chips) 
Seat 6: Kallifas22 ($53.35 in chips) 
reeqar: posts small blind $0.50
Zager.v: posts big blind $1
*** HOLE CARDS ***
Fold Your Cats: folds 
Kallifas22: folds 
AlexEliseev7: folds 
Nicedaymybro: folds 
reeqar: folds 
Uncalled bet ($0.50) returned to Zager.v
Zager.v collected $1 from pot
Zager.v: doesn't show hand 
*** SUMMARY ***
Total pot $1 | Rake $0 
Seat 1: AlexEliseev7 folded before Flop (didn't bet)
Seat 2: Nicedaymybro (button) folded before Flop (didn't bet)
Seat 3: reeqar (small blind) folded before Flop
Seat 4: Zager.v (big blind) collected ($1)
Seat 5: Fold Your Cats folded before Flop (didn't bet)
Seat 6: Kallifas22 folded before Flop (didn't bet)



PokerStars Hand #254746353071:  Hold'em No Limit ($0.50/$1.00 USD) - 2025/02/07 6:26:05 WET [2025/02/07 1:26:05 ET]
Table 'Pala' 6-max Seat #3 is the button
Seat 1: AlexEliseev7 ($122.19 in chips) 
Seat 2: Nicedaymybro ($104 in chips) 
Seat 3: reeqar ($100 in chips) 
Seat 4: Zager.v ($100.50 in chips) 
Seat 5: Fold Your Cats ($101.50 in chips) 
Seat 6: Kallifas22 ($53.35 in chips) 
Zager.v: posts small blind $0.50
Fold Your Cats: posts big blind $1
*** HOLE CARDS ***
Kallifas22: calls $1
AlexEliseev7: folds 
Nicedaymybro: raises $3 to $4
reeqar: folds 
Zager.v: folds 
Fold Your Cats: folds 
Kallifas22: folds 
Uncalled bet ($3) returned to Nicedaymybro
Nicedaymybro collected $3.50 from pot
Nicedaymybro: doesn't show hand 
*** SUMMARY ***
Total pot $3.50 | Rake $0 
Seat 1: AlexEliseev7 folded before Flop (didn't bet)
Seat 2: Nicedaymybro collected ($3.50)
Seat 3: reeqar (button) folded before Flop (didn't bet)
Seat 4: Zager.v (small blind) folded before Flop
Seat 5: Fold Your Cats (big blind) folded before Flop
Seat 6: Kallifas22 folded before Flop



PokerStars Hand #254746355216:  Hold'em No Limit ($0.50/$1.00 USD) - 2025/02/07 6:26:33 WET [2025/02/07 1:26:33 ET]
Table 'Pala' 6-max Seat #4 is the button
Seat 1: AlexEliseev7 ($122.19 in chips) 
Seat 2: Nicedaymybro ($106.50 in chips) 
Seat 3: reeqar ($100 in chips) 
Seat 4: Zager.v ($100 in chips) 
Seat 5: Fold Your Cats ($100.50 in chips) 
Seat 6: Kallifas22 ($52.35 in chips) 
Fold Your Cats: posts small blind $0.50
Kallifas22: posts big blind $1
*** HOLE CARDS ***
AlexEliseev7: folds 
Nicedaymybro: folds 
reeqar: folds 
Zager.v: raises $1.25 to $2.25
Fold Your Cats: folds 
Kallifas22: calls $1.25
*** FLOP *** [8d 4h 8s]
Kallifas22: checks 
Zager.v: bets $2.38
Kallifas22: folds 
Uncalled bet ($2.38) returned to Zager.v
Zager.v collected $4.75 from pot
Zager.v: doesn't show hand 
*** SUMMARY ***
Total pot $5 | Rake $0.25 
Board [8d 4h 8s]
Seat 1: AlexEliseev7 folded before Flop (didn't bet)
Seat 2: Nicedaymybro folded before Flop (didn't bet)
Seat 3: reeqar folded before Flop (didn't bet)
Seat 4: Zager.v (button) collected ($4.75)
Seat 5: Fold Your Cats (small blind) folded before Flop
Seat 6: Kallifas22 (big blind) folded on the Flop



PokerStars Hand #254746357201:  Hold'em No Limit ($0.50/$1.00 USD) - 2025/02/07 6:26:58 WET [2025/02/07 1:26:58 ET]
Table 'Pala' 6-max Seat #5 is the button
Seat 1: AlexEliseev7 ($122.19 in chips) 
Seat 2: Nicedaymybro ($106.50 in chips) 
Seat 3: reeqar ($100 in chips) 
Seat 4: Zager.v ($102.50 in chips) 
Seat 5: Fold Your Cats ($100 in chips) 
Seat 6: Kallifas22 ($50.10 in chips) 
Kallifas22: posts small blind $0.50
AlexEliseev7: posts big blind $1
*** HOLE CARDS ***
Nicedaymybro: folds 
reeqar: raises $1.50 to $2.50
Zager.v: folds 
Fold Your Cats: folds 
Kallifas22: raises $1.50 to $4
AlexEliseev7: folds 
reeqar: raises $19 to $23
Kallifas22: raises $27.10 to $50.10 and is all-in
reeqar: calls $27.10
*** FLOP *** [4d 2h Qs]
*** TURN *** [4d 2h Qs] [8s]
*** RIVER *** [4d 2h Qs 8s] [Td]
*** SHOW DOWN ***
Kallifas22: shows [Ad Ah] (a pair of Aces)
reeqar: shows [Qh Qc] (three of a kind, Queens)
reeqar collected $98.70 from pot
Kallifas22 cashed out the hand for $78.88 | Cash Out Fee $1.61
*** SUMMARY ***
Total pot $101.20 | Rake $2.50 
Board [4d 2h Qs 8s Td]
Seat 1: AlexEliseev7 (big blind) folded before Flop
Seat 2: Nicedaymybro folded before Flop (didn't bet)
Seat 3: reeqar showed [Qh Qc] and won ($98.70) with three of a kind, Queens
Seat 4: Zager.v folded before Flop (didn't bet)
Seat 5: Fold Your Cats (button) folded before Flop (didn't bet)
Seat 6: Kallifas22 (small blind) showed [Ad Ah] and lost with a pair of Aces (cashed out).



PokerStars Hand #254746361338:  Hold'em No Limit ($0.50/$1.00 USD) - 2025/02/07 6:27:51 WET [2025/02/07 1:27:51 ET]
Table 'Pala' 6-max Seat #6 is the button
Seat 1: AlexEliseev7 ($121.19 in chips) 
Seat 2: Nicedaymybro ($106.50 in chips) 
Seat 3: reeqar ($148.60 in chips) 
Seat 4: Zager.v ($102.50 in chips) 
Seat 5: Fold Your Cats ($100 in chips) 
Seat 6: Kallifas22 ($78.88 in chips) 
AlexEliseev7: posts small blind $0.50
Nicedaymybro: posts big blind $1
*** HOLE CARDS ***
reeqar: folds 
Zager.v: folds 
Fold Your Cats: folds 
reeqar leaves the table
Kallifas22: folds 
AlexEliseev7: raises $2 to $3
Nicedaymybro: folds 
Uncalled bet ($2) returned to AlexEliseev7
AlexEliseev7 collected $2 from pot
AlexEliseev7: doesn't show hand 
fish my nuts joins the table at seat #3 
*** SUMMARY ***
Total pot $2 | Rake $0 
Seat 1: AlexEliseev7 (small blind) collected ($2)
Seat 2: Nicedaymybro (big blind) folded before Flop
Seat 3: reeqar folded before Flop (didn't bet)
Seat 4: Zager.v folded before Flop (didn't bet)
Seat 5: Fold Your Cats folded before Flop (didn't bet)
Seat 6: Kallifas22 (button) folded before Flop (didn't bet)



PokerStars Hand #254746362907:  Hold'em No Limit ($0.50/$1.00 USD) - 2025/02/07 6:28:12 WET [2025/02/07 1:28:12 ET]
Table 'Pala' 6-max Seat #1 is the button
Seat 1: AlexEliseev7 ($122.19 in chips) 
Seat 2: Nicedaymybro ($105.50 in chips) 
Seat 3: fish my nuts ($100 in chips) 
Seat 4: Zager.v ($102.50 in chips) 
Seat 5: Fold Your Cats ($100 in chips) 
Seat 6: Kallifas22 ($78.88 in chips) 
Nicedaymybro: posts small blind $0.50
fish my nuts: posts big blind $1
*** HOLE CARDS ***
Zager.v: folds 
Fold Your Cats: folds 
Kallifas22: folds 
AlexEliseev7: raises $1.50 to $2.50
Nicedaymybro: folds 
fish my nuts: calls $1.50
*** FLOP *** [9c 4c 2h]
fish my nuts: checks 
AlexEliseev7: checks 
*** TURN *** [9c 4c 2h] [7d]
fish my nuts: bets $8.09
AlexEliseev7: folds 
Uncalled bet ($8.09) returned to fish my nuts
fish my nuts collected $5.22 from pot
fish my nuts: doesn't show hand 
*** SUMMARY ***
Total pot $5.50 | Rake $0.28 
Board [9c 4c 2h 7d]
Seat 1: AlexEliseev7 (button) folded on the Turn
Seat 2: Nicedaymybro (small blind) folded before Flop
Seat 3: fish my nuts (big blind) collected ($5.22)
Seat 4: Zager.v folded before Flop (didn't bet)
Seat 5: Fold Your Cats folded before Flop (didn't bet)
Seat 6: Kallifas22 folded before Flop (didn't bet)



PokerStars Hand #254746366929:  Hold'em No Limit ($0.50/$1.00 USD) - 2025/02/07 6:29:04 WET [2025/02/07 1:29:04 ET]
Table 'Pala' 6-max Seat #2 is the button
Seat 1: AlexEliseev7 ($119.69 in chips) 
Seat 2: Nicedaymybro ($105 in chips) 
Seat 3: fish my nuts ($102.72 in chips) 
Seat 4: Zager.v ($102.50 in chips) 
Seat 5: Fold Your Cats ($100 in chips) 
Seat 6: Kallifas22 ($78.88 in chips) 
fish my nuts: posts small blind $0.50
Zager.v: posts big blind $1
*** HOLE CARDS ***
Fold Your Cats: folds 
Kallifas22: calls $1
AlexEliseev7: folds 
Nicedaymybro: folds 
fish my nuts: folds 
Zager.v: checks 
*** FLOP *** [4c 5h Jh]
Zager.v: checks 
Kallifas22: checks 
*** TURN *** [4c 5h Jh] [6s]
Zager.v: checks 
Kallifas22: bets $1.19
Zager.v: folds 
Uncalled bet ($1.19) returned to Kallifas22
Kallifas22 collected $2.38 from pot
*** SUMMARY ***
Total pot $2.50 | Rake $0.12 
Board [4c 5h Jh 6s]
Seat 1: AlexEliseev7 folded before Flop (didn't bet)
Seat 2: Nicedaymybro (button) folded before Flop (didn't bet)
Seat 3: fish my nuts (small blind) folded before Flop
Seat 4: Zager.v (big blind) folded on the Turn
Seat 5: Fold Your Cats folded before Flop (didn't bet)
Seat 6: Kallifas22 collected ($2.38)



PokerStars Hand #254746369228:  Hold'em No Limit ($0.50/$1.00 USD) - 2025/02/07 6:29:33 WET [2025/02/07 1:29:33 ET]
Table 'Pala' 6-max Seat #3 is the button
Seat 1: AlexEliseev7 ($119.69 in chips) 
Seat 2: Nicedaymybro ($105 in chips) 
Seat 3: fish my nuts ($102.22 in chips) 
Seat 4: Zager.v ($101.50 in chips) 
Seat 5: Fold Your Cats ($100 in chips) 
Seat 6: Kallifas22 ($80.26 in chips) 
Zager.v: posts small blind $0.50
Fold Your Cats: posts big blind $1
*** HOLE CARDS ***
Kallifas22: folds 
AlexEliseev7: raises $1 to $2
Nicedaymybro: folds 
fish my nuts: folds 
Zager.v: folds 
Fold Your Cats: raises $9 to $11
AlexEliseev7: folds 
Uncalled bet ($9) returned to Fold Your Cats
Fold Your Cats collected $4.50 from pot
Fold Your Cats: doesn't show hand 
*** SUMMARY ***
Total pot $4.50 | Rake $0 
Seat 1: AlexEliseev7 folded before Flop
Seat 2: Nicedaymybro folded before Flop (didn't bet)
Seat 3: fish my nuts (button) folded before Flop (didn't bet)
Seat 4: Zager.v (small blind) folded before Flop
Seat 5: Fold Your Cats (big blind) collected ($4.50)
Seat 6: Kallifas22 folded before Flop (didn't bet)



PokerStars Hand #254746371780:  Hold'em No Limit ($0.50/$1.00 USD) - 2025/02/07 6:30:07 WET [2025/02/07 1:30:07 ET]
Table 'Pala' 6-max Seat #4 is the button
Seat 1: AlexEliseev7 ($117.69 in chips) 
Seat 2: Nicedaymybro ($105 in chips) 
Seat 3: fish my nuts ($102.22 in chips) 
Seat 4: Zager.v ($101 in chips) 
Seat 5: Fold Your Cats ($102.50 in chips) 
Seat 6: Kallifas22 ($80.26 in chips) 
Fold Your Cats: posts small blind $0.50
Kallifas22: posts big blind $1
*** HOLE CARDS ***
AlexEliseev7: folds 
Nicedaymybro: raises $1.50 to $2.50
fish my nuts: folds 
Zager.v: folds 
Fold Your Cats: folds 
Kallifas22: folds 
Uncalled bet ($1.50) returned to Nicedaymybro
Nicedaymybro collected $2.50 from pot
Nicedaymybro: doesn't show hand 
*** SUMMARY ***
Total pot $2.50 | Rake $0 
Seat 1: AlexEliseev7 folded before Flop (didn't bet)
Seat 2: Nicedaymybro collected ($2.50)
Seat 3: fish my nuts folded before Flop (didn't bet)
Seat 4: Zager.v (button) folded before Flop (didn't bet)
Seat 5: Fold Your Cats (small blind) folded before Flop
Seat 6: Kallifas22 (big blind) folded before Flop



PokerStars Hand #254746373052:  Hold'em No Limit ($0.50/$1.00 USD) - 2025/02/07 6:30:25 WET [2025/02/07 1:30:25 ET]
Table 'Pala' 6-max Seat #5 is the button
Seat 1: AlexEliseev7 ($117.69 in chips) 
Seat 2: Nicedaymybro ($106.50 in chips) 
Seat 3: fish my nuts ($102.22 in chips) 
Seat 4: Zager.v ($101 in chips) 
Seat 5: Fold Your Cats ($102 in chips) 
Seat 6: Kallifas22 ($79.26 in chips) 
Kallifas22: posts small blind $0.50
AlexEliseev7: posts big blind $1
*** HOLE CARDS ***
Nicedaymybro: raises $1.50 to $2.50
fish my nuts: folds 
Zager.v: folds 
Fold Your Cats: folds 
Kallifas22: folds 
AlexEliseev7: folds 
Uncalled bet ($1.50) returned to Nicedaymybro
Nicedaymybro collected $2.50 from pot
Nicedaymybro: doesn't show hand 
*** SUMMARY ***
Total pot $2.50 | Rake $0 
Seat 1: AlexEliseev7 (big blind) folded before Flop
Seat 2: Nicedaymybro collected ($2.50)
Seat 3: fish my nuts folded before Flop (didn't bet)
Seat 4: Zager.v folded before Flop (didn't bet)
Seat 5: Fold Your Cats (button) folded before Flop (didn't bet)
Seat 6: Kallifas22 (small blind) folded before Flop



PokerStars Hand #254746374098:  Hold'em No Limit ($0.50/$1.00 USD) - 2025/02/07 6:30:38 WET [2025/02/07 1:30:38 ET]
Table 'Pala' 6-max Seat #6 is the button
Seat 1: AlexEliseev7 ($116.69 in chips) 
Seat 2: Nicedaymybro ($108 in chips) 
Seat 3: fish my nuts ($102.22 in chips) 
Seat 4: Zager.v ($101 in chips) 
Seat 5: Fold Your Cats ($102 in chips) 
Seat 6: Kallifas22 ($78.76 in chips) 
AlexEliseev7: posts small blind $0.50
Nicedaymybro: posts big blind $1
*** HOLE CARDS ***
fish my nuts: folds 
Zager.v: folds 
Fold Your Cats: raises $1.50 to $2.50
Kallifas22: folds 
AlexEliseev7: folds 
Nicedaymybro: folds 
Uncalled bet ($1.50) returned to Fold Your Cats
Fold Your Cats collected $2.50 from pot
Fold Your Cats: doesn't show hand 
*** SUMMARY ***
Total pot $2.50 | Rake $0 
Seat 1: AlexEliseev7 (small blind) folded before Flop
Seat 2: Nicedaymybro (big blind) folded before Flop
Seat 3: fish my nuts folded before Flop (didn't bet)
Seat 4: Zager.v folded before Flop (didn't bet)
Seat 5: Fold Your Cats collected ($2.50)
Seat 6: Kallifas22 (button) folded before Flop (didn't bet)



PokerStars Hand #254746375233:  Hold'em No Limit ($0.50/$1.00 USD) - 2025/02/07 6:30:54 WET [2025/02/07 1:30:54 ET]
Table 'Pala' 6-max Seat #1 is the button
Seat 1: AlexEliseev7 ($116.19 in chips) 
Seat 2: Nicedaymybro ($107 in chips) 
Seat 3: fish my nuts ($102.22 in chips) 
Seat 4: Zager.v ($101 in chips) 
Seat 5: Fold Your Cats ($103.50 in chips) 
Seat 6: Kallifas22 ($78.76 in chips) 
Nicedaymybro: posts small blind $0.50
fish my nuts: posts big blind $1
*** HOLE CARDS ***
Zager.v: folds 
Fold Your Cats: folds 
Kallifas22: calls $1
AlexEliseev7: raises $2.50 to $3.50
Nicedaymybro: folds 
fish my nuts: folds 
Kallifas22: folds 
Uncalled bet ($2.50) returned to AlexEliseev7
AlexEliseev7 collected $3.50 from pot
AlexEliseev7: doesn't show hand 
*** SUMMARY ***
Total pot $3.50 | Rake $0 
Seat 1: AlexEliseev7 (button) collected ($3.50)
Seat 2: Nicedaymybro (small blind) folded before Flop
Seat 3: fish my nuts (big blind) folded before Flop
Seat 4: Zager.v folded before Flop (didn't bet)
Seat 5: Fold Your Cats folded before Flop (didn't bet)
Seat 6: Kallifas22 folded before Flop



PokerStars Hand #254746378185:  Hold'em No Limit ($0.50/$1.00 USD) - 2025/02/07 6:31:32 WET [2025/02/07 1:31:32 ET]
Table 'Pala' 6-max Seat #2 is the button
Seat 1: AlexEliseev7 ($118.69 in chips) 
Seat 2: Nicedaymybro ($106.50 in chips) 
Seat 3: fish my nuts ($101.22 in chips) 
Seat 4: Zager.v ($101 in chips) 
Seat 5: Fold Your Cats ($103.50 in chips) 
Seat 6: Kallifas22 ($77.76 in chips) 
fish my nuts: posts small blind $0.50
Zager.v: posts big blind $1
*** HOLE CARDS ***
Fold Your Cats: raises $1.50 to $2.50
Kallifas22: folds 
AlexEliseev7: raises $5 to $7.50
Nicedaymybro: folds 
fish my nuts: folds 
Zager.v: folds 
Fold Your Cats: folds 
Uncalled bet ($5) returned to AlexEliseev7
AlexEliseev7 collected $6.50 from pot
AlexEliseev7: doesn't show hand 
*** SUMMARY ***
Total pot $6.50 | Rake $0 
Seat 1: AlexEliseev7 collected ($6.50)
Seat 2: Nicedaymybro (button) folded before Flop (didn't bet)
Seat 3: fish my nuts (small blind) folded before Flop
Seat 4: Zager.v (big blind) folded before Flop
Seat 5: Fold Your Cats folded before Flop
Seat 6: Kallifas22 folded before Flop (didn't bet)



PokerStars Hand #254746379798:  Hold'em No Limit ($0.50/$1.00 USD) - 2025/02/07 6:31:53 WET [2025/02/07 1:31:53 ET]
Table 'Pala' 6-max Seat #3 is the button
Seat 1: AlexEliseev7 ($122.69 in chips) 
Seat 2: Nicedaymybro ($106.50 in chips) 
Seat 3: fish my nuts ($100.72 in chips) 
Seat 4: Zager.v ($100 in chips) 
Seat 5: Fold Your Cats ($101 in chips) 
Seat 6: Kallifas22 ($77.76 in chips) 
Zager.v: posts small blind $0.50
Fold Your Cats: posts big blind $1
*** HOLE CARDS ***
Kallifas22: calls $1
AlexEliseev7: raises $2.50 to $3.50
Nicedaymybro: folds 
fish my nuts: folds 
Zager.v: folds 
Fold Your Cats: folds 
Kallifas22: calls $2.50
*** FLOP *** [7c 6s Td]
Kallifas22: bets $1
AlexEliseev7: raises $7.86 to $8.86
Kallifas22: calls $7.86
*** TURN *** [7c 6s Td] [Ad]
Kallifas22: checks 
AlexEliseev7: bets $19.43
Kallifas22: folds 
Uncalled bet ($19.43) returned to AlexEliseev7
AlexEliseev7 collected $24.91 from pot
AlexEliseev7: doesn't show hand 
*** SUMMARY ***
Total pot $26.22 | Rake $1.31 
Board [7c 6s Td Ad]
Seat 1: AlexEliseev7 collected ($24.91)
Seat 2: Nicedaymybro folded before Flop (didn't bet)
Seat 3: fish my nuts (button) folded before Flop (didn't bet)
Seat 4: Zager.v (small blind) folded before Flop
Seat 5: Fold Your Cats (big blind) folded before Flop
Seat 6: Kallifas22 folded on the Turn



PokerStars Hand #254746383729:  Hold'em No Limit ($0.50/$1.00 USD) - 2025/02/07 6:32:45 WET [2025/02/07 1:32:45 ET]
Table 'Pala' 6-max Seat #4 is the button
Seat 1: AlexEliseev7 ($135.24 in chips) 
Seat 2: Nicedaymybro ($106.50 in chips) 
Seat 3: fish my nuts ($100.72 in chips) 
Seat 4: Zager.v ($100 in chips) 
Seat 5: Fold Your Cats ($100 in chips) 
Seat 6: Kallifas22 ($65.40 in chips) 
Fold Your Cats: posts small blind $0.50
Kallifas22: posts big blind $1
*** HOLE CARDS ***
AlexEliseev7: folds 
Nicedaymybro: folds 
fish my nuts: folds 
Zager.v: folds 
Fold Your Cats: raises $2 to $3
Kallifas22: folds 
Uncalled bet ($2) returned to Fold Your Cats
Fold Your Cats collected $2 from pot
Fold Your Cats: doesn't show hand 
*** SUMMARY ***
Total pot $2 | Rake $0 
Seat 1: AlexEliseev7 folded before Flop (didn't bet)
Seat 2: Nicedaymybro folded before Flop (didn't bet)
Seat 3: fish my nuts folded before Flop (didn't bet)
Seat 4: Zager.v (button) folded before Flop (didn't bet)
Seat 5: Fold Your Cats (small blind) collected ($2)
Seat 6: Kallifas22 (big blind) folded before Flop



PokerStars Hand #254746384892:  Hold'em No Limit ($0.50/$1.00 USD) - 2025/02/07 6:33:00 WET [2025/02/07 1:33:00 ET]
Table 'Pala' 6-max Seat #5 is the button
Seat 1: AlexEliseev7 ($135.24 in chips) 
Seat 2: Nicedaymybro ($106.50 in chips) 
Seat 3: fish my nuts ($100.72 in chips) 
Seat 4: Zager.v ($100 in chips) 
Seat 5: Fold Your Cats ($101 in chips) 
Seat 6: Kallifas22 ($64.40 in chips) 
Kallifas22: posts small blind $0.50
AlexEliseev7: posts big blind $1
*** HOLE CARDS ***
Nicedaymybro: raises $1.50 to $2.50
fish my nuts: folds 
Zager.v: folds 
Fold Your Cats: folds 
Kallifas22: calls $2
AlexEliseev7: calls $1.50
*** FLOP *** [6s Ad 3s]
Kallifas22: checks 
AlexEliseev7: checks 
Nicedaymybro: checks 
*** TURN *** [6s Ad 3s] [3h]
Kallifas22: checks 
AlexEliseev7: checks 
Nicedaymybro: bets $4.70
Kallifas22: calls $4.70
AlexEliseev7: folds 
*** RIVER *** [6s Ad 3s 3h] [Qd]
Kallifas22: checks 
Nicedaymybro: checks 
*** SHOW DOWN ***
Kallifas22: shows [3d 4d] (three of a kind, Threes)
Nicedaymybro: mucks hand 
Kallifas22 collected $16.06 from pot
*** SUMMARY ***
Total pot $16.90 | Rake $0.84 
Board [6s Ad 3s 3h Qd]
Seat 1: AlexEliseev7 (big blind) folded on the Turn
Seat 2: Nicedaymybro mucked
Seat 3: fish my nuts folded before Flop (didn't bet)
Seat 4: Zager.v folded before Flop (didn't bet)
Seat 5: Fold Your Cats (button) folded before Flop (didn't bet)
Seat 6: Kallifas22 (small blind) showed [3d 4d] and won ($16.06) with three of a kind, Threes



PokerStars Hand #254746388813:  Hold'em No Limit ($0.50/$1.00 USD) - 2025/02/07 6:33:51 WET [2025/02/07 1:33:51 ET]
Table 'Pala' 6-max Seat #6 is the button
Seat 1: AlexEliseev7 ($132.74 in chips) 
Seat 2: Nicedaymybro ($100 in chips) 
Seat 3: fish my nuts ($100.72 in chips) 
Seat 4: Zager.v ($100 in chips) 
Seat 5: Fold Your Cats ($101 in chips) 
Seat 6: Kallifas22 ($73.26 in chips) 
AlexEliseev7: posts small blind $0.50
Nicedaymybro: posts big blind $1
*** HOLE CARDS ***
fish my nuts: folds 
Zager.v: folds 
Fold Your Cats: folds 
Kallifas22: calls $1
AlexEliseev7: folds 
Nicedaymybro: checks 
*** FLOP *** [3h Qc Jh]
Nicedaymybro: checks 
Kallifas22: checks 
*** TURN *** [3h Qc Jh] [As]
Nicedaymybro: checks 
Kallifas22: bets $1.19
Nicedaymybro: folds 
Uncalled bet ($1.19) returned to Kallifas22
Kallifas22 collected $2.38 from pot
*** SUMMARY ***
Total pot $2.50 | Rake $0.12 
Board [3h Qc Jh As]
Seat 1: AlexEliseev7 (small blind) folded before Flop
Seat 2: Nicedaymybro (big blind) folded on the Turn
Seat 3: fish my nuts folded before Flop (didn't bet)
Seat 4: Zager.v folded before Flop (didn't bet)
Seat 5: Fold Your Cats folded before Flop (didn't bet)
Seat 6: Kallifas22 (button) collected ($2.38)



PokerStars Hand #254746391266:  Hold'em No Limit ($0.50/$1.00 USD) - 2025/02/07 6:34:24 WET [2025/02/07 1:34:24 ET]
Table 'Pala' 6-max Seat #1 is the button
Seat 1: AlexEliseev7 ($132.24 in chips) 
Seat 2: Nicedaymybro ($100 in chips) 
Seat 3: fish my nuts ($100.72 in chips) 
Seat 4: Zager.v ($100 in chips) 
Seat 5: Fold Your Cats ($101 in chips) 
Seat 6: Kallifas22 ($74.64 in chips) 
Nicedaymybro: posts small blind $0.50
fish my nuts: posts big blind $1
*** HOLE CARDS ***
Zager.v: folds 
Fold Your Cats: folds 
Kallifas22: calls $1
AlexEliseev7: raises $2.50 to $3.50
Nicedaymybro: folds 
fish my nuts: calls $2.50
Kallifas22: folds 
*** FLOP *** [Ts Ad 2d]
fish my nuts: checks 
AlexEliseev7: checks 
*** TURN *** [Ts Ad 2d] [Qc]
fish my nuts: checks 
AlexEliseev7: bets $12.20
fish my nuts: folds 
Uncalled bet ($12.20) returned to AlexEliseev7
AlexEliseev7 collected $8.08 from pot
AlexEliseev7: doesn't show hand 
*** SUMMARY ***
Total pot $8.50 | Rake $0.42 
Board [Ts Ad 2d Qc]
Seat 1: AlexEliseev7 (button) collected ($8.08)
Seat 2: Nicedaymybro (small blind) folded before Flop
Seat 3: fish my nuts (big blind) folded on the Turn
Seat 4: Zager.v folded before Flop (didn't bet)
Seat 5: Fold Your Cats folded before Flop (didn't bet)
Seat 6: Kallifas22 folded before Flop



PokerStars Hand #254746394599:  Hold'em No Limit ($0.50/$1.00 USD) - 2025/02/07 6:35:07 WET [2025/02/07 1:35:07 ET]
Table 'Pala' 6-max Seat #2 is the button
Seat 1: AlexEliseev7 ($136.82 in chips) 
Seat 2: Nicedaymybro ($100 in chips) 
Seat 3: fish my nuts ($100 in chips) 
Seat 4: Zager.v ($100 in chips) 
Seat 5: Fold Your Cats ($101 in chips) 
Seat 6: Kallifas22 ($73.64 in chips) 
fish my nuts: posts small blind $0.50
Zager.v: posts big blind $1
*** HOLE CARDS ***
Fold Your Cats: folds 
Kallifas22: folds 
AlexEliseev7: folds 
Nicedaymybro: folds 
fish my nuts: folds 
Uncalled bet ($0.50) returned to Zager.v
Zager.v collected $1 from pot
Zager.v: doesn't show hand 
*** SUMMARY ***
Total pot $1 | Rake $0 
Seat 1: AlexEliseev7 folded before Flop (didn't bet)
Seat 2: Nicedaymybro (button) folded before Flop (didn't bet)
Seat 3: fish my nuts (small blind) folded before Flop
Seat 4: Zager.v (big blind) collected ($1)
Seat 5: Fold Your Cats folded before Flop (didn't bet)
Seat 6: Kallifas22 folded before Flop (didn't bet)



PokerStars Hand #254746395715:  Hold'em No Limit ($0.50/$1.00 USD) - 2025/02/07 6:35:22 WET [2025/02/07 1:35:22 ET]
Table 'Pala' 6-max Seat #3 is the button
Seat 1: AlexEliseev7 ($136.82 in chips) 
Seat 2: Nicedaymybro ($100 in chips) 
Seat 3: fish my nuts ($100 in chips) 
Seat 4: Zager.v ($100.50 in chips) 
Seat 5: Fold Your Cats ($101 in chips) 
Seat 6: Kallifas22 ($73.64 in chips) 
Zager.v: posts small blind $0.50
Fold Your Cats: posts big blind $1
*** HOLE CARDS ***
Kallifas22: calls $1
AlexEliseev7: folds 
Nicedaymybro: folds 
fish my nuts: folds 
Zager.v: folds 
Fold Your Cats: checks 
*** FLOP *** [6c 2c 6h]
Fold Your Cats: checks 
Kallifas22: bets $2.38
Fold Your Cats: folds 
Uncalled bet ($2.38) returned to Kallifas22
Kallifas22 collected $2.38 from pot
*** SUMMARY ***
Total pot $2.50 | Rake $0.12 
Board [6c 2c 6h]
Seat 1: AlexEliseev7 folded before Flop (didn't bet)
Seat 2: Nicedaymybro folded before Flop (didn't bet)
Seat 3: fish my nuts (button) folded before Flop (didn't bet)
Seat 4: Zager.v (small blind) folded before Flop
Seat 5: Fold Your Cats (big blind) folded on the Flop
Seat 6: Kallifas22 collected ($2.38)



PokerStars Hand #254746397643:  Hold'em No Limit ($0.50/$1.00 USD) - 2025/02/07 6:35:47 WET [2025/02/07 1:35:47 ET]
Table 'Pala' 6-max Seat #4 is the button
Seat 1: AlexEliseev7 ($136.82 in chips) 
Seat 2: Nicedaymybro ($100 in chips) 
Seat 3: fish my nuts ($100 in chips) 
Seat 4: Zager.v ($100 in chips) 
Seat 5: Fold Your Cats ($100 in chips) 
Seat 6: Kallifas22 ($75.02 in chips) 
Fold Your Cats: posts small blind $0.50
Kallifas22: posts big blind $1
*** HOLE CARDS ***
AlexEliseev7: folds 
Nicedaymybro: folds 
fish my nuts: raises $1.30 to $2.30
Zager.v: raises $5.70 to $8
Fold Your Cats: folds 
Kallifas22: folds 
fish my nuts: folds 
Uncalled bet ($5.70) returned to Zager.v
Zager.v collected $6.10 from pot
Zager.v: doesn't show hand 
*** SUMMARY ***
Total pot $6.10 | Rake $0 
Seat 1: AlexEliseev7 folded before Flop (didn't bet)
Seat 2: Nicedaymybro folded before Flop (didn't bet)
Seat 3: fish my nuts folded before Flop
Seat 4: Zager.v (button) collected ($6.10)
Seat 5: Fold Your Cats (small blind) folded before Flop
Seat 6: Kallifas22 (big blind) folded before Flop



PokerStars Hand #254746399687:  Hold'em No Limit ($0.50/$1.00 USD) - 2025/02/07 6:36:14 WET [2025/02/07 1:36:14 ET]
Table 'Pala' 6-max Seat #5 is the button
Seat 1: AlexEliseev7 ($136.82 in chips) 
Seat 2: Nicedaymybro ($100 in chips) 
Seat 3: fish my nuts ($100 in chips) 
Seat 4: Zager.v ($103.80 in chips) 
Seat 5: Fold Your Cats ($100 in chips) 
Seat 6: Kallifas22 ($74.02 in chips) 
Kallifas22: posts small blind $0.50
AlexEliseev7: posts big blind $1
*** HOLE CARDS ***
Nicedaymybro: folds 
fish my nuts: folds 
Zager.v: folds 
Fold Your Cats: raises $1.50 to $2.50
Kallifas22: folds 
AlexEliseev7: folds 
Uncalled bet ($1.50) returned to Fold Your Cats
Fold Your Cats collected $2.50 from pot
Fold Your Cats: doesn't show hand 
*** SUMMARY ***
Total pot $2.50 | Rake $0 
Seat 1: AlexEliseev7 (big blind) folded before Flop
Seat 2: Nicedaymybro folded before Flop (didn't bet)
Seat 3: fish my nuts folded before Flop (didn't bet)
Seat 4: Zager.v folded before Flop (didn't bet)
Seat 5: Fold Your Cats (button) collected ($2.50)
Seat 6: Kallifas22 (small blind) folded before Flop



PokerStars Hand #254746401058:  Hold'em No Limit ($0.50/$1.00 USD) - 2025/02/07 6:36:33 WET [2025/02/07 1:36:33 ET]
Table 'Pala' 6-max Seat #6 is the button
Seat 1: AlexEliseev7 ($135.82 in chips) 
Seat 2: Nicedaymybro ($100 in chips) 
Seat 3: fish my nuts ($100 in chips) 
Seat 4: Zager.v ($103.80 in chips) 
Seat 5: Fold Your Cats ($101.50 in chips) 
Seat 6: Kallifas22 ($73.52 in chips) 
AlexEliseev7: posts small blind $0.50
Nicedaymybro: posts big blind $1
*** HOLE CARDS ***
fish my nuts: folds 
Zager.v: folds 
Fold Your Cats: folds 
Kallifas22: folds 
AlexEliseev7: folds 
Uncalled bet ($0.50) returned to Nicedaymybro
Nicedaymybro collected $1 from pot
Nicedaymybro: doesn't show hand 
*** SUMMARY ***
Total pot $1 | Rake $0 
Seat 1: AlexEliseev7 (small blind) folded before Flop
Seat 2: Nicedaymybro (big blind) collected ($1)
Seat 3: fish my nuts folded before Flop (didn't bet)
Seat 4: Zager.v folded before Flop (didn't bet)
Seat 5: Fold Your Cats folded before Flop (didn't bet)
Seat 6: Kallifas22 (button) folded before Flop (didn't bet)



PokerStars Hand #254746401996:  Hold'em No Limit ($0.50/$1.00 USD) - 2025/02/07 6:36:46 WET [2025/02/07 1:36:46 ET]
Table 'Pala' 6-max Seat #1 is the button
Seat 1: AlexEliseev7 ($135.32 in chips) 
Seat 2: Nicedaymybro ($100.50 in chips) 
Seat 3: fish my nuts ($100 in chips) 
Seat 4: Zager.v ($103.80 in chips) 
Seat 5: Fold Your Cats ($101.50 in chips) 
Seat 6: Kallifas22 ($73.52 in chips) 
Nicedaymybro: posts small blind $0.50
fish my nuts: posts big blind $1
*** HOLE CARDS ***
Zager.v: folds 
Fold Your Cats: folds 
Kallifas22: calls $1
AlexEliseev7: folds 
Nicedaymybro: folds 
fish my nuts: checks 
*** FLOP *** [Qd Th Ks]
fish my nuts: bets $1.31
Kallifas22: calls $1.31
*** TURN *** [Qd Th Ks] [Kh]
fish my nuts: bets $5.49
Kallifas22: calls $5.49
*** RIVER *** [Qd Th Ks Kh] [7d]
fish my nuts: bets $13.46
Kallifas22: calls $13.46
*** SHOW DOWN ***
fish my nuts: shows [6h Kd] (three of a kind, Kings)
Kallifas22: mucks hand 
fish my nuts collected $40.87 from pot
*** SUMMARY ***
Total pot $43.02 | Rake $2.15 
Board [Qd Th Ks Kh 7d]
Seat 1: AlexEliseev7 (button) folded before Flop (didn't bet)
Seat 2: Nicedaymybro (small blind) folded before Flop
Seat 3: fish my nuts (big blind) showed [6h Kd] and won ($40.87) with three of a kind, Kings
Seat 4: Zager.v folded before Flop (didn't bet)
Seat 5: Fold Your Cats folded before Flop (didn't bet)
Seat 6: Kallifas22 mucked



PokerStars Hand #254746405808:  Hold'em No Limit ($0.50/$1.00 USD) - 2025/02/07 6:37:37 WET [2025/02/07 1:37:37 ET]
Table 'Pala' 6-max Seat #2 is the button
Seat 1: AlexEliseev7 ($135.32 in chips) 
Seat 2: Nicedaymybro ($100 in chips) 
Seat 3: fish my nuts ($119.61 in chips) 
Seat 4: Zager.v ($103.80 in chips) 
Seat 5: Fold Your Cats ($101.50 in chips) 
Seat 6: Kallifas22 ($52.26 in chips) 
fish my nuts: posts small blind $0.50
Zager.v: posts big blind $1
*** HOLE CARDS ***
Fold Your Cats: folds 
Kallifas22: folds 
AlexEliseev7: raises $1.50 to $2.50
Nicedaymybro: folds 
fish my nuts: folds 
Zager.v: folds 
Uncalled bet ($1.50) returned to AlexEliseev7
AlexEliseev7 collected $2.50 from pot
AlexEliseev7: doesn't show hand 
*** SUMMARY ***
Total pot $2.50 | Rake $0 
Seat 1: AlexEliseev7 collected ($2.50)
Seat 2: Nicedaymybro (button) folded before Flop (didn't bet)
Seat 3: fish my nuts (small blind) folded before Flop
Seat 4: Zager.v (big blind) folded before Flop
Seat 5: Fold Your Cats folded before Flop (didn't bet)
Seat 6: Kallifas22 folded before Flop (didn't bet)



PokerStars Hand #254746623792:  Hold'em No Limit ($0.50/$1.00 USD) - 2025/02/07 7:26:50 WET [2025/02/07 2:26:50 ET]
Table 'Pala' 6-max Seat #3 is the button
Seat 1: 7bekon7 ($101.50 in chips) 
Seat 2: Emily_GetMan ($118.23 in chips) 
Seat 3: 4ikkiBamBoni ($105.43 in chips) 
Seat 5: ka100pka527 ($102.89 in chips) 
Seat 6: Kallifas22 ($4.18 in chips) 
ka100pka527: posts small blind $0.50
Kallifas22: posts big blind $1
*** HOLE CARDS ***
7bekon7: folds 
Emily_GetMan: folds 
4ikkiBamBoni: folds 
ka100pka527: folds 
Uncalled bet ($0.50) returned to Kallifas22
Kallifas22 collected $1 from pot
*** SUMMARY ***
Total pot $1 | Rake $0 
Seat 1: 7bekon7 folded before Flop (didn't bet)
Seat 2: Emily_GetMan folded before Flop (didn't bet)
Seat 3: 4ikkiBamBoni (button) folded before Flop (didn't bet)
Seat 5: ka100pka527 (small blind) folded before Flop
Seat 6: Kallifas22 (big blind) collected ($1)



PokerStars Hand #254746624741:  Hold'em No Limit ($0.50/$1.00 USD) - 2025/02/07 7:27:02 WET [2025/02/07 2:27:02 ET]
Table 'Pala' 6-max Seat #5 is the button
Seat 1: 7bekon7 ($101.50 in chips) is sitting out
Seat 2: Emily_GetMan ($118.23 in chips) 
Seat 3: 4ikkiBamBoni ($105.43 in chips) 
Seat 5: ka100pka527 ($102.39 in chips) 
Seat 6: Kallifas22 ($4.68 in chips) 
Kallifas22: posts small blind $0.50
7bekon7: is sitting out 
Emily_GetMan: posts big blind $1
*** HOLE CARDS ***
4ikkiBamBoni: raises $1.45 to $2.45
7bekon7 leaves the table
ka100pka527: folds 
Kallifas22: raises $2.23 to $4.68 and is all-in
Emily_GetMan: folds 
4ikkiBamBoni: calls $2.23
*** FLOP *** [Jh 3h 9c]
*** TURN *** [Jh 3h 9c] [9s]
*** RIVER *** [Jh 3h 9c 9s] [5h]
*** SHOW DOWN ***
Kallifas22: shows [7c 5d] (two pair, Nines and Fives)
4ikkiBamBoni: shows [Ts Jd] (two pair, Jacks and Nines)
4ikkiBamBoni collected $9.84 from pot
Kallifas22 cashed out the hand for $3.32 | Cash Out Fee $0.07
*** SUMMARY ***
Total pot $10.36 | Rake $0.52 
Board [Jh 3h 9c 9s 5h]
Seat 1: 7bekon7
Seat 2: Emily_GetMan (big blind) folded before Flop
Seat 3: 4ikkiBamBoni showed [Ts Jd] and won ($9.84) with two pair, Jacks and Nines
Seat 5: ka100pka527 (button) folded before Flop (didn't bet)
Seat 6: Kallifas22 (small blind) showed [7c 5d] and lost with two pair, Nines and Fives (cashed out).



PokerStars Hand #254746627856:  Hold'em No Limit ($0.50/$1.00 USD) - 2025/02/07 7:27:43 WET [2025/02/07 2:27:43 ET]
Table 'Pala' 6-max Seat #6 is the button
Seat 2: Emily_GetMan ($117.23 in chips) 
Seat 3: 4ikkiBamBoni ($110.59 in chips) 
Seat 5: ka100pka527 ($102.39 in chips) 
Seat 6: Kallifas22 ($3.32 in chips) 
Emily_GetMan: posts small blind $0.50
4ikkiBamBoni: posts big blind $1
*** HOLE CARDS ***
ka100pka527: raises $1.50 to $2.50
Kallifas22: raises $0.82 to $3.32 and is all-in
Emily_GetMan: folds 
4ikkiBamBoni: folds 
ka100pka527: calls $0.82
*** FLOP *** [5s 3c 7c]
*** TURN *** [5s 3c 7c] [Ts]
*** RIVER *** [5s 3c 7c Ts] [5c]
*** SHOW DOWN ***
ka100pka527: shows [4s As] (a pair of Fives)
Kallifas22: shows [Ah 3h] (two pair, Fives and Threes)
Kallifas22 cashed out the hand for $3.58 | Cash Out Fee $0.07
*** SUMMARY ***
Total pot $8.14 | Rake $0.41 
Board [5s 3c 7c Ts 5c]
Seat 2: Emily_GetMan (small blind) folded before Flop
Seat 3: 4ikkiBamBoni (big blind) folded before Flop
Seat 5: ka100pka527 showed [4s As] and lost with a pair of Fives
Seat 6: Kallifas22 (button) showed [Ah 3h] and won ($7.73) with two pair, Fives and Threes (pot not awarded as player cashed out)



PokerStars Hand #254746629498:  Hold'em No Limit ($0.50/$1.00 USD) - 2025/02/07 7:28:05 WET [2025/02/07 2:28:05 ET]
Table 'Pala' 6-max Seat #2 is the button
Seat 2: Emily_GetMan ($116.73 in chips) 
Seat 3: 4ikkiBamBoni ($109.59 in chips) 
Seat 5: ka100pka527 ($100 in chips) 
Seat 6: Kallifas22 ($3.58 in chips) 
4ikkiBamBoni: posts small blind $0.50
ka100pka527: posts big blind $1
*** HOLE CARDS ***
Kallifas22: raises $2.58 to $3.58 and is all-in
Emily_GetMan: folds 
4ikkiBamBoni: folds 
ka100pka527: calls $2.58
*** FLOP *** [Kd 7h 2d]
*** TURN *** [Kd 7h 2d] [3d]
*** RIVER *** [Kd 7h 2d 3d] [Qh]
*** SHOW DOWN ***
ka100pka527: shows [5s Kc] (a pair of Kings)
Kallifas22: shows [As 7c] (a pair of Sevens)
ka100pka527 collected $7.28 from pot
*** SUMMARY ***
Total pot $7.66 | Rake $0.38 
Board [Kd 7h 2d 3d Qh]
Seat 2: Emily_GetMan (button) folded before Flop (didn't bet)
Seat 3: 4ikkiBamBoni (small blind) folded before Flop
Seat 5: ka100pka527 (big blind) showed [5s Kc] and won ($7.28) with a pair of Kings
Seat 6: Kallifas22 showed [As 7c] and lost with a pair of Sevens



PokerStars Hand #254746631369:  Hold'em No Limit ($0.50/$1.00 USD) - 2025/02/07 7:28:29 WET [2025/02/07 2:28:29 ET]
Table 'Pala' 6-max Seat #3 is the button
Seat 6: Kallifas22 ($0 in chips) is sitting out
Seat 2: Emily_GetMan ($116.73 in chips) 
Seat 3: 4ikkiBamBoni ($109.09 in chips) 
Seat 5: ka100pka527 ($103.70 in chips) 
ka100pka527: posts small blind $0.50
Emily_GetMan: posts big blind $1
*** HOLE CARDS ***
4ikkiBamBoni: folds 
ka100pka527: raises $1.50 to $2.50
Kallifas22 leaves the table
4ikkiBamBoni leaves the table
Emily_GetMan: calls $1.50
*** FLOP *** [3h As 6h]
ka100pka527: checks 
Emily_GetMan: checks 
*** TURN *** [3h As 6h] [Jc]
ka100pka527: bets $6.65
Emily_GetMan: folds 
Uncalled bet ($6.65) returned to ka100pka527
ka100pka527 collected $4.75 from pot
ka100pka527: doesn't show hand 
*** SUMMARY ***
Total pot $5 | Rake $0.25 
Board [3h As 6h Jc]
Seat 6: Kallifas22
Seat 2: Emily_GetMan (big blind) folded on the Turn
Seat 3: 4ikkiBamBoni (button) folded before Flop (didn't bet)
Seat 5: ka100pka527 (small blind) collected ($4.75)



PokerStars Hand #254746501974:  Hold'em No Limit ($0.50/$1.00 USD) - 2025/02/07 6:59:23 WET [2025/02/07 1:59:23 ET]
Table 'Pala' 6-max Seat #4 is the button
Seat 3: fish my nuts ($124.03 in chips) is sitting out
Seat 1: AlexEliseev7 ($150.96 in chips) 
Seat 2: Emily_GetMan ($100 in chips) 
Seat 4: Flix2204 ($100 in chips) 
Seat 5: Fold Your Cats ($113.01 in chips) 
Seat 6: Kallifas22 ($36.08 in chips) 
Fold Your Cats: posts small blind $0.50
Kallifas22: posts big blind $1
*** HOLE CARDS ***
AlexEliseev7: folds 
Emily_GetMan: folds 
Flix2204: folds 
Fold Your Cats: raises $2 to $3
Kallifas22: folds 
Uncalled bet ($2) returned to Fold Your Cats
Fold Your Cats collected $2 from pot
Fold Your Cats: doesn't show hand 
*** SUMMARY ***
Total pot $2 | Rake $0 
Seat 3: fish my nuts
Seat 1: AlexEliseev7 folded before Flop (didn't bet)
Seat 2: Emily_GetMan folded before Flop (didn't bet)
Seat 4: Flix2204 (button) folded before Flop (didn't bet)
Seat 5: Fold Your Cats (small blind) collected ($2)
Seat 6: Kallifas22 (big blind) folded before Flop



PokerStars Hand #254746503588:  Hold'em No Limit ($0.50/$1.00 USD) - 2025/02/07 6:59:47 WET [2025/02/07 1:59:47 ET]
Table 'Pala' 6-max Seat #5 is the button
Seat 3: fish my nuts ($124.03 in chips) is sitting out
Seat 1: AlexEliseev7 ($150.96 in chips) 
Seat 2: Emily_GetMan ($100 in chips) 
Seat 4: Flix2204 ($100 in chips) 
Seat 5: Fold Your Cats ($114.01 in chips) 
Seat 6: Kallifas22 ($35.08 in chips) 
Kallifas22: posts small blind $0.50
AlexEliseev7: posts big blind $1
*** HOLE CARDS ***
Emily_GetMan: raises $1 to $2
Flix2204: folds 
Fold Your Cats: folds 
Kallifas22: calls $1.50
AlexEliseev7: folds 
*** FLOP *** [2h 3c As]
Kallifas22: checks 
Emily_GetMan: bets $1.57
Kallifas22: folds 
Uncalled bet ($1.57) returned to Emily_GetMan
Emily_GetMan collected $4.75 from pot
Emily_GetMan: doesn't show hand 
*** SUMMARY ***
Total pot $5 | Rake $0.25 
Board [2h 3c As]
Seat 3: fish my nuts
Seat 1: AlexEliseev7 (big blind) folded before Flop
Seat 2: Emily_GetMan collected ($4.75)
Seat 4: Flix2204 folded before Flop (didn't bet)
Seat 5: Fold Your Cats (button) folded before Flop (didn't bet)
Seat 6: Kallifas22 (small blind) folded on the Flop



PokerStars Hand #254746506158:  Hold'em No Limit ($0.50/$1.00 USD) - 2025/02/07 7:00:26 WET [2025/02/07 2:00:26 ET]
Table 'Pala' 6-max Seat #6 is the button
Seat 3: fish my nuts ($124.03 in chips) is sitting out
Seat 1: AlexEliseev7 ($149.96 in chips) 
Seat 2: Emily_GetMan ($102.75 in chips) 
Seat 4: Flix2204 ($100 in chips) 
Seat 5: Fold Your Cats ($114.01 in chips) 
Seat 6: Kallifas22 ($33.08 in chips) 
AlexEliseev7: posts small blind $0.50
Emily_GetMan: posts big blind $1
*** HOLE CARDS ***
Flix2204: folds 
Fold Your Cats: folds 
Kallifas22: calls $1
AlexEliseev7: folds 
Emily_GetMan: checks 
*** FLOP *** [8d 7d 7h]
Emily_GetMan: checks 
Kallifas22: bets $1.19
Emily_GetMan: folds 
Uncalled bet ($1.19) returned to Kallifas22
Kallifas22 collected $2.38 from pot
*** SUMMARY ***
Total pot $2.50 | Rake $0.12 
Board [8d 7d 7h]
Seat 3: fish my nuts
Seat 1: AlexEliseev7 (small blind) folded before Flop
Seat 2: Emily_GetMan (big blind) folded on the Flop
Seat 4: Flix2204 folded before Flop (didn't bet)
Seat 5: Fold Your Cats folded before Flop (didn't bet)
Seat 6: Kallifas22 (button) collected ($2.38)



PokerStars Hand #254746509255:  Hold'em No Limit ($0.50/$1.00 USD) - 2025/02/07 7:01:08 WET [2025/02/07 2:01:08 ET]
Table 'Pala' 6-max Seat #1 is the button
Seat 1: AlexEliseev7 ($149.46 in chips) 
Seat 2: Emily_GetMan ($101.75 in chips) 
Seat 3: fish my nuts ($124.03 in chips) 
Seat 4: Flix2204 ($100 in chips) 
Seat 5: Fold Your Cats ($114.01 in chips) 
Seat 6: Kallifas22 ($34.46 in chips) 
Emily_GetMan: posts small blind $0.50
fish my nuts: posts big blind $1
*** HOLE CARDS ***
Flix2204: folds 
Fold Your Cats: raises $2 to $3
Kallifas22: folds 
AlexEliseev7: folds 
Emily_GetMan: folds 
fish my nuts: folds 
Uncalled bet ($2) returned to Fold Your Cats
Fold Your Cats collected $2.50 from pot
Fold Your Cats: doesn't show hand 
*** SUMMARY ***
Total pot $2.50 | Rake $0 
Seat 1: AlexEliseev7 (button) folded before Flop (didn't bet)
Seat 2: Emily_GetMan (small blind) folded before Flop
Seat 3: fish my nuts (big blind) folded before Flop
Seat 4: Flix2204 folded before Flop (didn't bet)
Seat 5: Fold Your Cats collected ($2.50)
Seat 6: Kallifas22 folded before Flop (didn't bet)



PokerStars Hand #254746510374:  Hold'em No Limit ($0.50/$1.00 USD) - 2025/02/07 7:01:23 WET [2025/02/07 2:01:23 ET]
Table 'Pala' 6-max Seat #2 is the button
Seat 1: AlexEliseev7 ($149.46 in chips) 
Seat 2: Emily_GetMan ($101.25 in chips) 
Seat 3: fish my nuts ($123.03 in chips) 
Seat 4: Flix2204 ($100 in chips) 
Seat 5: Fold Your Cats ($115.51 in chips) 
Seat 6: Kallifas22 ($34.46 in chips) 
fish my nuts: posts small blind $0.50
Flix2204: posts big blind $1
*** HOLE CARDS ***
Fold Your Cats: folds 
Kallifas22: calls $1
AlexEliseev7: folds 
Emily_GetMan: folds 
fish my nuts: raises $4 to $5
Flix2204: folds 
Kallifas22: folds 
Uncalled bet ($4) returned to fish my nuts
fish my nuts collected $3 from pot
fish my nuts: doesn't show hand 
*** SUMMARY ***
Total pot $3 | Rake $0 
Seat 1: AlexEliseev7 folded before Flop (didn't bet)
Seat 2: Emily_GetMan (button) folded before Flop (didn't bet)
Seat 3: fish my nuts (small blind) collected ($3)
Seat 4: Flix2204 (big blind) folded before Flop
Seat 5: Fold Your Cats folded before Flop (didn't bet)
Seat 6: Kallifas22 folded before Flop



PokerStars Hand #254746407300:  Hold'em No Limit ($0.50/$1.00 USD) - 2025/02/07 6:37:58 WET [2025/02/07 1:37:58 ET]
Table 'Pala' 6-max Seat #3 is the button
Seat 1: AlexEliseev7 ($136.82 in chips) 
Seat 2: Nicedaymybro ($100 in chips) 
Seat 3: fish my nuts ($119.11 in chips) 
Seat 4: Zager.v ($102.80 in chips) 
Seat 5: Fold Your Cats ($101.50 in chips) 
Seat 6: Kallifas22 ($52.26 in chips) 
Zager.v: posts small blind $0.50
Fold Your Cats: posts big blind $1
*** HOLE CARDS ***
Kallifas22: calls $1
AlexEliseev7: raises $2.50 to $3.50
Nicedaymybro: folds 
fish my nuts: folds 
Zager.v: folds 
Fold Your Cats: folds 
Kallifas22: calls $2.50
*** FLOP *** [9s 5c Kd]
Kallifas22: checks 
AlexEliseev7: bets $2.67
Kallifas22: calls $2.67
*** TURN *** [9s 5c Kd] [Ah]
Kallifas22: checks 
AlexEliseev7: checks 
*** RIVER *** [9s 5c Kd Ah] [Ad]
Kallifas22: bets $6.58
AlexEliseev7: raises $6.58 to $13.16
Kallifas22: calls $6.58
*** SHOW DOWN ***
AlexEliseev7: shows [Kc Qs] (two pair, Aces and Kings)
Kallifas22: mucks hand 
AlexEliseev7 collected $38.15 from pot
*** SUMMARY ***
Total pot $40.16 | Rake $2.01 
Board [9s 5c Kd Ah Ad]
Seat 1: AlexEliseev7 showed [Kc Qs] and won ($38.15) with two pair, Aces and Kings
Seat 2: Nicedaymybro folded before Flop (didn't bet)
Seat 3: fish my nuts (button) folded before Flop (didn't bet)
Seat 4: Zager.v (small blind) folded before Flop
Seat 5: Fold Your Cats (big blind) folded before Flop
Seat 6: Kallifas22 mucked



PokerStars Hand #254746412750:  Hold'em No Limit ($0.50/$1.00 USD) - 2025/02/07 6:39:11 WET [2025/02/07 1:39:11 ET]
Table 'Pala' 6-max Seat #4 is the button
Seat 1: AlexEliseev7 ($155.64 in chips) 
Seat 2: Nicedaymybro ($100 in chips) 
Seat 3: fish my nuts ($119.11 in chips) 
Seat 4: Zager.v ($102.30 in chips) 
Seat 5: Fold Your Cats ($100.50 in chips) 
Seat 6: Kallifas22 ($32.93 in chips) 
Fold Your Cats: posts small blind $0.50
Kallifas22: posts big blind $1
*** HOLE CARDS ***
AlexEliseev7: folds 
Nicedaymybro: folds 
fish my nuts: folds 
Zager.v: folds 
Fold Your Cats: raises $2 to $3
Kallifas22: calls $2
*** FLOP *** [2d Qs 4c]
Fold Your Cats: checks 
Kallifas22: bets $5.70
Fold Your Cats: folds 
Uncalled bet ($5.70) returned to Kallifas22
Kallifas22 collected $5.70 from pot
*** SUMMARY ***
Total pot $6 | Rake $0.30 
Board [2d Qs 4c]
Seat 1: AlexEliseev7 folded before Flop (didn't bet)
Seat 2: Nicedaymybro folded before Flop (didn't bet)
Seat 3: fish my nuts folded before Flop (didn't bet)
Seat 4: Zager.v (button) folded before Flop (didn't bet)
Seat 5: Fold Your Cats (small blind) folded on the Flop
Seat 6: Kallifas22 (big blind) collected ($5.70)



PokerStars Hand #254746415767:  Hold'em No Limit ($0.50/$1.00 USD) - 2025/02/07 6:39:51 WET [2025/02/07 1:39:51 ET]
Table 'Pala' 6-max Seat #5 is the button
Seat 1: AlexEliseev7 ($155.64 in chips) 
Seat 2: Nicedaymybro ($100 in chips) 
Seat 3: fish my nuts ($119.11 in chips) 
Seat 4: Zager.v ($102.30 in chips) 
Seat 5: Fold Your Cats ($100 in chips) 
Seat 6: Kallifas22 ($35.63 in chips) 
Kallifas22: posts small blind $0.50
AlexEliseev7: posts big blind $1
*** HOLE CARDS ***
Nicedaymybro: folds 
fish my nuts: raises $1.30 to $2.30
Zager.v: folds 
Fold Your Cats: folds 
Kallifas22: calls $1.80
AlexEliseev7: calls $1.30
*** FLOP *** [Kd Kh 2h]
Kallifas22: checks 
AlexEliseev7: checks 
fish my nuts: checks 
*** TURN *** [Kd Kh 2h] [9h]
Kallifas22: bets $3.28
AlexEliseev7: folds 
fish my nuts: calls $3.28
*** RIVER *** [Kd Kh 2h 9h] [5s]
Kallifas22: bets $3
fish my nuts: calls $3
*** SHOW DOWN ***
Kallifas22: shows [9c Qs] (two pair, Kings and Nines)
fish my nuts: shows [Ad Ac] (two pair, Aces and Kings)
fish my nuts collected $18.49 from pot
*** SUMMARY ***
Total pot $19.46 | Rake $0.97 
Board [Kd Kh 2h 9h 5s]
Seat 1: AlexEliseev7 (big blind) folded on the Turn
Seat 2: Nicedaymybro folded before Flop (didn't bet)
Seat 3: fish my nuts showed [Ad Ac] and won ($18.49) with two pair, Aces and Kings
Seat 4: Zager.v folded before Flop (didn't bet)
Seat 5: Fold Your Cats (button) folded before Flop (didn't bet)
Seat 6: Kallifas22 (small blind) showed [9c Qs] and lost with two pair, Kings and Nines



PokerStars Hand #254746591760:  Hold'em No Limit ($0.50/$1.00 USD) - 2025/02/07 7:19:41 WET [2025/02/07 2:19:41 ET]
Table 'Pala' 6-max Seat #5 is the button
Seat 1: 7bekon7 ($100 in chips) 
Seat 2: Emily_GetMan ($113.53 in chips) 
Seat 3: 4ikkiBamBoni ($100 in chips) 
Seat 4: Burlica2013 ($104.20 in chips) 
Seat 5: ka100pka527 ($100 in chips) 
Seat 6: Kallifas22 ($11.07 in chips) 
Kallifas22: posts small blind $0.50
7bekon7: posts big blind $1
*** HOLE CARDS ***
Emily_GetMan: folds 
4ikkiBamBoni: folds 
Burlica2013: raises $1.25 to $2.25
ka100pka527: raises $5.50 to $7.75
Kallifas22: folds 
7bekon7: folds 
Burlica2013: raises $12.40 to $20.15
ka100pka527: folds 
Uncalled bet ($12.40) returned to Burlica2013
Burlica2013 collected $17 from pot
Burlica2013: doesn't show hand 
*** SUMMARY ***
Total pot $17 | Rake $0 
Seat 1: 7bekon7 (big blind) folded before Flop
Seat 2: Emily_GetMan folded before Flop (didn't bet)
Seat 3: 4ikkiBamBoni folded before Flop (didn't bet)
Seat 4: Burlica2013 collected ($17)
Seat 5: ka100pka527 (button) folded before Flop
Seat 6: Kallifas22 (small blind) folded before Flop



PokerStars Hand #254746594326:  Hold'em No Limit ($0.50/$1.00 USD) - 2025/02/07 7:20:16 WET [2025/02/07 2:20:16 ET]
Table 'Pala' 6-max Seat #6 is the button
Seat 1: 7bekon7 ($100 in chips) 
Seat 2: Emily_GetMan ($113.53 in chips) 
Seat 3: 4ikkiBamBoni ($100 in chips) 
Seat 4: Burlica2013 ($113.45 in chips) 
Seat 5: ka100pka527 ($100 in chips) 
Seat 6: Kallifas22 ($10.57 in chips) 
7bekon7: posts small blind $0.50
Emily_GetMan: posts big blind $1
*** HOLE CARDS ***
4ikkiBamBoni: folds 
Burlica2013: folds 
ka100pka527: folds 
Kallifas22: folds 
7bekon7: calls $0.50
Emily_GetMan: checks 
*** FLOP *** [2c 8d Jh]
7bekon7: checks 
Emily_GetMan: bets $1
7bekon7: calls $1
*** TURN *** [2c 8d Jh] [Jc]
7bekon7: checks 
Emily_GetMan: bets $1.25
7bekon7: calls $1.25
*** RIVER *** [2c 8d Jh Jc] [As]
7bekon7: bets $1.55
Emily_GetMan: raises $8.45 to $10
7bekon7: folds 
Uncalled bet ($8.45) returned to Emily_GetMan
Emily_GetMan collected $9.12 from pot
Emily_GetMan: doesn't show hand 
*** SUMMARY ***
Total pot $9.60 | Rake $0.48 
Board [2c 8d Jh Jc As]
Seat 1: 7bekon7 (small blind) folded on the River
Seat 2: Emily_GetMan (big blind) collected ($9.12)
Seat 3: 4ikkiBamBoni folded before Flop (didn't bet)
Seat 4: Burlica2013 folded before Flop (didn't bet)
Seat 5: ka100pka527 folded before Flop (didn't bet)
Seat 6: Kallifas22 (button) folded before Flop (didn't bet)



PokerStars Hand #254746599362:  Hold'em No Limit ($0.50/$1.00 USD) - 2025/02/07 7:21:23 WET [2025/02/07 2:21:23 ET]
Table 'Pala' 6-max Seat #1 is the button
Seat 1: 7bekon7 ($100 in chips) 
Seat 2: Emily_GetMan ($117.85 in chips) 
Seat 3: 4ikkiBamBoni ($100 in chips) 
Seat 4: Burlica2013 ($113.45 in chips) 
Seat 5: ka100pka527 ($100 in chips) 
Seat 6: Kallifas22 ($10.57 in chips) 
Emily_GetMan: posts small blind $0.50
4ikkiBamBoni: posts big blind $1
*** HOLE CARDS ***
Burlica2013: raises $1.20 to $2.20
ka100pka527: folds 
Kallifas22: folds 
7bekon7: calls $2.20
Emily_GetMan: folds 
4ikkiBamBoni: folds 
*** FLOP *** [3s 6c Kc]
Burlica2013: bets $1.85
7bekon7: calls $1.85
*** TURN *** [3s 6c Kc] [8s]
Burlica2013: bets $6.84
7bekon7: folds 
Uncalled bet ($6.84) returned to Burlica2013
Burlica2013 collected $9.12 from pot
Burlica2013: doesn't show hand 
*** SUMMARY ***
Total pot $9.60 | Rake $0.48 
Board [3s 6c Kc 8s]
Seat 1: 7bekon7 (button) folded on the Turn
Seat 2: Emily_GetMan (small blind) folded before Flop
Seat 3: 4ikkiBamBoni (big blind) folded before Flop
Seat 4: Burlica2013 collected ($9.12)
Seat 5: ka100pka527 folded before Flop (didn't bet)
Seat 6: Kallifas22 folded before Flop (didn't bet)



PokerStars Hand #254746601976:  Hold'em No Limit ($0.50/$1.00 USD) - 2025/02/07 7:21:58 WET [2025/02/07 2:21:58 ET]
Table 'Pala' 6-max Seat #2 is the button
Seat 1: 7bekon7 ($100 in chips) 
Seat 2: Emily_GetMan ($117.35 in chips) 
Seat 3: 4ikkiBamBoni ($100 in chips) 
Seat 4: Burlica2013 ($118.52 in chips) 
Seat 5: ka100pka527 ($100 in chips) 
Seat 6: Kallifas22 ($10.57 in chips) 
4ikkiBamBoni: posts small blind $0.50
Burlica2013: posts big blind $1
*** HOLE CARDS ***
ka100pka527: folds 
Kallifas22: raises $9.57 to $10.57 and is all-in
7bekon7: folds 
Emily_GetMan: folds 
4ikkiBamBoni: calls $10.07
Burlica2013: folds 
*** FLOP *** [9d 3c 2h]
*** TURN *** [9d 3c 2h] [Jh]
*** RIVER *** [9d 3c 2h Jh] [Kd]
*** SHOW DOWN ***
4ikkiBamBoni: shows [9c 9s] (three of a kind, Nines)
Kallifas22: shows [6s Ah] (high card Ace)
4ikkiBamBoni collected $21.03 from pot
Kallifas22 cashed out the hand for $5.86 | Cash Out Fee $0.12
*** SUMMARY ***
Total pot $22.14 | Rake $1.11 
Board [9d 3c 2h Jh Kd]
Seat 1: 7bekon7 folded before Flop (didn't bet)
Seat 2: Emily_GetMan (button) folded before Flop (didn't bet)
Seat 3: 4ikkiBamBoni (small blind) showed [9c 9s] and won ($21.03) with three of a kind, Nines
Seat 4: Burlica2013 (big blind) folded before Flop
Seat 5: ka100pka527 folded before Flop (didn't bet)
Seat 6: Kallifas22 showed [6s Ah] and lost with high card Ace (cashed out).



PokerStars Hand #254746603702:  Hold'em No Limit ($0.50/$1.00 USD) - 2025/02/07 7:22:22 WET [2025/02/07 2:22:22 ET]
Table 'Pala' 6-max Seat #3 is the button
Seat 1: 7bekon7 ($100 in chips) 
Seat 2: Emily_GetMan ($117.35 in chips) 
Seat 3: 4ikkiBamBoni ($110.46 in chips) 
Seat 4: Burlica2013 ($117.52 in chips) 
Seat 5: ka100pka527 ($100 in chips) 
Seat 6: Kallifas22 ($5.86 in chips) 
Burlica2013: posts small blind $0.50
ka100pka527: posts big blind $1
*** HOLE CARDS ***
Kallifas22: folds 
7bekon7: folds 
Emily_GetMan: folds 
4ikkiBamBoni: folds 
Burlica2013: raises $2 to $3
ka100pka527: calls $2
*** FLOP *** [Kh 2c Ad]
Burlica2013: bets $1.88
ka100pka527: calls $1.88
*** TURN *** [Kh 2c Ad] [4s]
Burlica2013: checks 
ka100pka527: checks 
*** RIVER *** [Kh 2c Ad 4s] [Jh]
Burlica2013: checks 
ka100pka527: bets $3.06
Burlica2013: folds 
Uncalled bet ($3.06) returned to ka100pka527
ka100pka527 collected $9.27 from pot
ka100pka527: doesn't show hand 
*** SUMMARY ***
Total pot $9.76 | Rake $0.49 
Board [Kh 2c Ad 4s Jh]
Seat 1: 7bekon7 folded before Flop (didn't bet)
Seat 2: Emily_GetMan folded before Flop (didn't bet)
Seat 3: 4ikkiBamBoni (button) folded before Flop (didn't bet)
Seat 4: Burlica2013 (small blind) folded on the River
Seat 5: ka100pka527 (big blind) collected ($9.27)
Seat 6: Kallifas22 folded before Flop (didn't bet)



PokerStars Hand #254746610844:  Hold'em No Limit ($0.50/$1.00 USD) - 2025/02/07 7:23:58 WET [2025/02/07 2:23:58 ET]
Table 'Pala' 6-max Seat #4 is the button
Seat 1: 7bekon7 ($100 in chips) 
Seat 2: Emily_GetMan ($117.35 in chips) 
Seat 3: 4ikkiBamBoni ($110.46 in chips) 
Seat 4: Burlica2013 ($112.64 in chips) 
Seat 5: ka100pka527 ($104.39 in chips) 
Seat 6: Kallifas22 ($5.86 in chips) 
ka100pka527: posts small blind $0.50
Kallifas22: posts big blind $1
*** HOLE CARDS ***
7bekon7: folds 
Emily_GetMan: raises $1 to $2
4ikkiBamBoni: folds 
Burlica2013: folds 
ka100pka527: folds 
Kallifas22: raises $3.86 to $5.86 and is all-in
Emily_GetMan: calls $3.86
*** FLOP *** [5d 6c 7s]
*** TURN *** [5d 6c 7s] [9h]
*** RIVER *** [5d 6c 7s 9h] [Kc]
*** SHOW DOWN ***
Kallifas22: shows [2c Ad] (high card Ace)
Emily_GetMan: shows [Qd Js] (high card King)
Kallifas22 cashed out the hand for $6.43 | Cash Out Fee $0.13
*** SUMMARY ***
Total pot $12.22 | Rake $0.61 
Board [5d 6c 7s 9h Kc]
Seat 1: 7bekon7 folded before Flop (didn't bet)
Seat 2: Emily_GetMan showed [Qd Js] and lost with high card King
Seat 3: 4ikkiBamBoni folded before Flop (didn't bet)
Seat 4: Burlica2013 (button) folded before Flop (didn't bet)
Seat 5: ka100pka527 (small blind) folded before Flop
Seat 6: Kallifas22 (big blind) showed [2c Ad] and won ($11.61) with high card Ace (pot not awarded as player cashed out)



PokerStars Hand #254746614027:  Hold'em No Limit ($0.50/$1.00 USD) - 2025/02/07 7:24:40 WET [2025/02/07 2:24:40 ET]
Table 'Pala' 6-max Seat #5 is the button
Seat 1: 7bekon7 ($100 in chips) 
Seat 2: Emily_GetMan ($111.49 in chips) 
Seat 3: 4ikkiBamBoni ($110.46 in chips) 
Seat 4: Burlica2013 ($112.64 in chips) 
Seat 5: ka100pka527 ($103.89 in chips) 
Seat 6: Kallifas22 ($6.43 in chips) 
Kallifas22: posts small blind $0.50
7bekon7: posts big blind $1
*** HOLE CARDS ***
Emily_GetMan: raises $1 to $2
4ikkiBamBoni: folds 
Burlica2013: folds 
ka100pka527: folds 
Kallifas22: raises $4.43 to $6.43 and is all-in
7bekon7: folds 
Emily_GetMan: calls $4.43
*** FLOP *** [Kc 5h Td]
*** TURN *** [Kc 5h Td] [8s]
*** RIVER *** [Kc 5h Td 8s] [9h]
*** SHOW DOWN ***
Kallifas22: shows [8h Kh] (two pair, Kings and Eights)
Emily_GetMan: shows [Kd Ts] (two pair, Kings and Tens)
Emily_GetMan collected $13.17 from pot
Kallifas22 cashed out the hand for $4.18 | Cash Out Fee $0.09
*** SUMMARY ***
Total pot $13.86 | Rake $0.69 
Board [Kc 5h Td 8s 9h]
Seat 1: 7bekon7 (big blind) folded before Flop
Seat 2: Emily_GetMan showed [Kd Ts] and won ($13.17) with two pair, Kings and Tens
Seat 3: 4ikkiBamBoni folded before Flop (didn't bet)
Seat 4: Burlica2013 folded before Flop (didn't bet)
Seat 5: ka100pka527 (button) folded before Flop (didn't bet)
Seat 6: Kallifas22 (small blind) showed [8h Kh] and lost with two pair, Kings and Eights (cashed out).



PokerStars Hand #254746618259:  Hold'em No Limit ($0.50/$1.00 USD) - 2025/02/07 7:25:37 WET [2025/02/07 2:25:37 ET]
Table 'Pala' 6-max Seat #6 is the button
Seat 1: 7bekon7 ($100 in chips) 
Seat 2: Emily_GetMan ($118.23 in chips) 
Seat 3: 4ikkiBamBoni ($110.46 in chips) 
Seat 4: Burlica2013 ($112.64 in chips) 
Seat 5: ka100pka527 ($103.89 in chips) 
Seat 6: Kallifas22 ($4.18 in chips) 
7bekon7: posts small blind $0.50
Emily_GetMan: posts big blind $1
*** HOLE CARDS ***
4ikkiBamBoni: folds 
Burlica2013: folds 
ka100pka527: folds 
Kallifas22: folds 
7bekon7: folds 
Uncalled bet ($0.50) returned to Emily_GetMan
Emily_GetMan collected $1 from pot
Emily_GetMan: doesn't show hand 
*** SUMMARY ***
Total pot $1 | Rake $0 
Seat 1: 7bekon7 (small blind) folded before Flop
Seat 2: Emily_GetMan (big blind) collected ($1)
Seat 3: 4ikkiBamBoni folded before Flop (didn't bet)
Seat 4: Burlica2013 folded before Flop (didn't bet)
Seat 5: ka100pka527 folded before Flop (didn't bet)
Seat 6: Kallifas22 (button) folded before Flop (didn't bet)



PokerStars Hand #254746619203:  Hold'em No Limit ($0.50/$1.00 USD) - 2025/02/07 7:25:50 WET [2025/02/07 2:25:50 ET]
Table 'Pala' 6-max Seat #1 is the button
Seat 1: 7bekon7 ($100 in chips) 
Seat 2: Emily_GetMan ($118.73 in chips) 
Seat 3: 4ikkiBamBoni ($110.46 in chips) 
Seat 4: Burlica2013 ($112.64 in chips) 
Seat 5: ka100pka527 ($103.89 in chips) 
Seat 6: Kallifas22 ($4.18 in chips) 
Emily_GetMan: posts small blind $0.50
4ikkiBamBoni: posts big blind $1
*** HOLE CARDS ***
Burlica2013: raises $1.20 to $2.20
ka100pka527: folds 
Kallifas22: folds 
7bekon7: folds 
Emily_GetMan: folds 
4ikkiBamBoni: calls $1.20
*** FLOP *** [6d 4c Ad]
4ikkiBamBoni: checks 
Burlica2013: checks 
*** TURN *** [6d 4c Ad] [2s]
4ikkiBamBoni: checks 
Burlica2013: checks 
*** RIVER *** [6d 4c Ad 2s] [Js]
4ikkiBamBoni: checks 
Burlica2013: bets $2.33
4ikkiBamBoni: calls $2.33
*** SHOW DOWN ***
Burlica2013: shows [Ac 5c] (a pair of Aces)
4ikkiBamBoni: mucks hand 
Burlica2013 collected $9.08 from pot
*** SUMMARY ***
Total pot $9.56 | Rake $0.48 
Board [6d 4c Ad 2s Js]
Seat 1: 7bekon7 (button) folded before Flop (didn't bet)
Seat 2: Emily_GetMan (small blind) folded before Flop
Seat 3: 4ikkiBamBoni (big blind) mucked
Seat 4: Burlica2013 showed [Ac 5c] and won ($9.08) with a pair of Aces
Seat 5: ka100pka527 folded before Flop (didn't bet)
Seat 6: Kallifas22 folded before Flop (didn't bet)



PokerStars Hand #254746622480:  Hold'em No Limit ($0.50/$1.00 USD) - 2025/02/07 7:26:33 WET [2025/02/07 2:26:33 ET]
Table 'Pala' 6-max Seat #2 is the button
Seat 4: Burlica2013 ($117.19 in chips) is sitting out
Seat 1: 7bekon7 ($100 in chips) 
Seat 2: Emily_GetMan ($118.23 in chips) 
Seat 3: 4ikkiBamBoni ($105.93 in chips) 
Seat 5: ka100pka527 ($103.89 in chips) 
Seat 6: Kallifas22 ($4.18 in chips) 
4ikkiBamBoni: posts small blind $0.50
ka100pka527: posts big blind $1
*** HOLE CARDS ***
Burlica2013 leaves the table
Kallifas22: folds 
7bekon7: raises $1.50 to $2.50
Emily_GetMan: folds 
4ikkiBamBoni: folds 
ka100pka527: folds 
Uncalled bet ($1.50) returned to 7bekon7
7bekon7 collected $2.50 from pot
7bekon7: doesn't show hand 
*** SUMMARY ***
Total pot $2.50 | Rake $0 
Seat 4: Burlica2013
Seat 1: 7bekon7 collected ($2.50)
Seat 2: Emily_GetMan (button) folded before Flop (didn't bet)
Seat 3: 4ikkiBamBoni (small blind) folded before Flop
Seat 5: ka100pka527 (big blind) folded before Flop
Seat 6: Kallifas22 folded before Flop (didn't bet)



