PokerStars Hand #254750610083:  Hold'em No Limit ($0.50/$1.00 USD) - 2025/02/07 15:51:06 WET [2025/02/07 10:51:06 ET]
Table 'Stroobantia II' 6-max Seat #5 is the button
Seat 1: Alinyr ($101 in chips) 
Seat 5: ReVeu710 ($100.50 in chips) 
ReVeu710: posts small blind $0.50
Alinyr: posts big blind $1
*** HOLE CARDS ***
ReVeu710: raises $2 to $3
Alinyr: raises $11 to $14
ReVeu710: folds 
Uncalled bet ($11) returned to Alinyr
Alinyr collected $6 from pot
Alinyr: doesn't show hand 
*** SUMMARY ***
Total pot $6 | Rake $0 
Seat 1: Alinyr (big blind) collected ($6)
Seat 5: ReVeu710 (button) (small blind) folded before Flop



PokerStars Hand #254750853995:  Hold'em No Limit ($0.50/$1.00 USD) - 2025/02/07 16:11:09 WET [2025/02/07 11:11:09 ET]
Table 'Stroobantia II' 6-max Seat #6 is the button
Seat 1: MauriFierro27 ($100 in chips) 
Seat 2: LewisNeilson97 ($21.83 in chips) 
Seat 3: Alinyr ($104 in chips) 
Seat 4: easy_sarcasm ($100 in chips) 
Seat 5: PayTaxOrDie ($82 in chips) 
Seat 6: Rysiff ($100 in chips) 
MauriFierro27: posts small blind $0.50
LewisNeilson97: posts big blind $1
*** HOLE CARDS ***
Alinyr: raises $1.05 to $2.05
easy_sarcasm: folds 
PayTaxOrDie: folds 
Rysiff: folds 
MauriFierro27: folds 
LewisNeilson97: calls $1.05
*** FLOP *** [8d Kh Kc]
LewisNeilson97: checks 
Alinyr: bets $1.44
LewisNeilson97: calls $1.44
*** TURN *** [8d Kh Kc] [Jh]
LewisNeilson97: checks 
Alinyr: bets $3.63
LewisNeilson97: calls $3.63
*** RIVER *** [8d Kh Kc Jh] [Jc]
LewisNeilson97: checks 
Alinyr: checks 
*** SHOW DOWN ***
LewisNeilson97: shows [7d 9c] (two pair, Kings and Jacks)
Alinyr: shows [Jd Ac] (a full house, Jacks full of Kings)
Alinyr collected $14 from pot
*** SUMMARY ***
Total pot $14.74 | Rake $0.74 
Board [8d Kh Kc Jh Jc]
Seat 1: MauriFierro27 (small blind) folded before Flop
Seat 2: LewisNeilson97 (big blind) showed [7d 9c] and lost with two pair, Kings and Jacks
Seat 3: Alinyr showed [Jd Ac] and won ($14) with a full house, Jacks full of Kings
Seat 4: easy_sarcasm folded before Flop (didn't bet)
Seat 5: PayTaxOrDie folded before Flop (didn't bet)
Seat 6: Rysiff (button) folded before Flop (didn't bet)



PokerStars Hand #254750868191:  Hold'em No Limit ($0.50/$1.00 USD) - 2025/02/07 16:12:13 WET [2025/02/07 11:12:13 ET]
Table 'Stroobantia II' 6-max Seat #1 is the button
Seat 1: MauriFierro27 ($100 in chips) 
Seat 2: LewisNeilson97 ($14.71 in chips) 
Seat 3: Alinyr ($110.88 in chips) 
Seat 4: easy_sarcasm ($100 in chips) 
Seat 5: PayTaxOrDie ($100 in chips) 
Seat 6: Rysiff ($100 in chips) 
LewisNeilson97: posts small blind $0.50
Alinyr: posts big blind $1
*** HOLE CARDS ***
easy_sarcasm: folds 
PayTaxOrDie: folds 
Rysiff has timed out
Rysiff: folds 
MauriFierro27: raises $1.20 to $2.20
LewisNeilson97: calls $1.70
Alinyr: folds 
*** FLOP *** [Ts Jc 3s]
LewisNeilson97: bets $1
MauriFierro27: raises $13 to $14
LewisNeilson97: calls $11.51 and is all-in
Uncalled bet ($1.49) returned to MauriFierro27
*** TURN *** [Ts Jc 3s] [4h]
*** RIVER *** [Ts Jc 3s 4h] [Ks]
*** SHOW DOWN ***
LewisNeilson97: shows [Jd 2s] (a pair of Jacks)
MauriFierro27: shows [9d As] (high card Ace)
LewisNeilson97 collected $28.90 from pot
*** SUMMARY ***
Total pot $30.42 | Rake $1.52 
Board [Ts Jc 3s 4h Ks]
Seat 1: MauriFierro27 (button) showed [9d As] and lost with high card Ace
Seat 2: LewisNeilson97 (small blind) showed [Jd 2s] and won ($28.90) with a pair of Jacks
Seat 3: Alinyr (big blind) folded before Flop
Seat 4: easy_sarcasm folded before Flop (didn't bet)
Seat 5: PayTaxOrDie folded before Flop (didn't bet)
Seat 6: Rysiff folded before Flop (didn't bet)



PokerStars Hand #254750877247:  Hold'em No Limit ($0.50/$1.00 USD) - 2025/02/07 16:12:53 WET [2025/02/07 11:12:53 ET]
Table 'Stroobantia II' 6-max Seat #2 is the button
Seat 1: MauriFierro27 ($100 in chips) 
Seat 2: LewisNeilson97 ($28.90 in chips) 
Seat 3: Alinyr ($109.88 in chips) 
Seat 4: easy_sarcasm ($100 in chips) 
Seat 5: PayTaxOrDie ($100 in chips) 
Seat 6: Rysiff ($100 in chips) 
Alinyr: posts small blind $0.50
easy_sarcasm: posts big blind $1
*** HOLE CARDS ***
PayTaxOrDie: folds 
Rysiff: folds 
MauriFierro27: folds 
LewisNeilson97: folds 
Alinyr: raises $2 to $3
easy_sarcasm: calls $2
*** FLOP *** [6s Ts 6h]
Alinyr: checks 
LewisNeilson97 is disconnected 
easy_sarcasm: bets $2.91
Alinyr: calls $2.91
*** TURN *** [6s Ts 6h] [9h]
Alinyr: checks 
easy_sarcasm: bets $6.50
Alinyr: calls $6.50
*** RIVER *** [6s Ts 6h 9h] [2c]
Alinyr: checks 
easy_sarcasm: bets $21.50
Alinyr: folds 
Uncalled bet ($21.50) returned to easy_sarcasm
easy_sarcasm collected $23.58 from pot
*** SUMMARY ***
Total pot $24.82 | Rake $1.24 
Board [6s Ts 6h 9h 2c]
Seat 1: MauriFierro27 folded before Flop (didn't bet)
Seat 2: LewisNeilson97 (button) folded before Flop (didn't bet)
Seat 3: Alinyr (small blind) folded on the River
Seat 4: easy_sarcasm (big blind) collected ($23.58)
Seat 5: PayTaxOrDie folded before Flop (didn't bet)
Seat 6: Rysiff folded before Flop (didn't bet)



PokerStars Hand #254750900253:  Hold'em No Limit ($0.50/$1.00 USD) - 2025/02/07 16:14:38 WET [2025/02/07 11:14:38 ET]
Table 'Stroobantia II' 6-max Seat #3 is the button
Seat 1: MauriFierro27 ($100 in chips) 
Seat 2: LewisNeilson97 ($28.90 in chips) 
Seat 3: Alinyr ($100 in chips) 
Seat 4: easy_sarcasm ($111.17 in chips) 
Seat 5: PayTaxOrDie ($100 in chips) 
Seat 6: Rysiff ($100 in chips) 
easy_sarcasm: posts small blind $0.50
PayTaxOrDie: posts big blind $1
*** HOLE CARDS ***
Rysiff: folds 
MauriFierro27: raises $1.20 to $2.20
LewisNeilson97: calls $2.20
Alinyr: folds 
easy_sarcasm: folds 
PayTaxOrDie: folds 
*** FLOP *** [8s Td 3d]
MauriFierro27: bets $3.75
LewisNeilson97: calls $3.75
*** TURN *** [8s Td 3d] [9h]
MauriFierro27: bets $24
LewisNeilson97: folds 
Uncalled bet ($24) returned to MauriFierro27
MauriFierro27 collected $12.73 from pot
MauriFierro27: doesn't show hand 
*** SUMMARY ***
Total pot $13.40 | Rake $0.67 
Board [8s Td 3d 9h]
Seat 1: MauriFierro27 collected ($12.73)
Seat 2: LewisNeilson97 folded on the Turn
Seat 3: Alinyr (button) folded before Flop (didn't bet)
Seat 4: easy_sarcasm (small blind) folded before Flop
Seat 5: PayTaxOrDie (big blind) folded before Flop
Seat 6: Rysiff folded before Flop (didn't bet)



PokerStars Hand #254750905031:  Hold'em No Limit ($0.50/$1.00 USD) - 2025/02/07 16:14:59 WET [2025/02/07 11:14:59 ET]
Table 'Stroobantia II' 6-max Seat #4 is the button
Seat 1: MauriFierro27 ($106.78 in chips) 
Seat 2: LewisNeilson97 ($22.95 in chips) 
Seat 3: Alinyr ($100 in chips) 
Seat 4: easy_sarcasm ($110.67 in chips) 
Seat 5: PayTaxOrDie ($100 in chips) 
Seat 6: Rysiff ($100 in chips) 
PayTaxOrDie: posts small blind $0.50
Rysiff: posts big blind $1
*** HOLE CARDS ***
MauriFierro27: folds 
LewisNeilson97: calls $1
Alinyr: folds 
easy_sarcasm: raises $2.50 to $3.50
PayTaxOrDie: folds 
Rysiff: raises $10.50 to $14
LewisNeilson97: folds 
easy_sarcasm: folds 
Uncalled bet ($10.50) returned to Rysiff
Rysiff collected $8.50 from pot
Rysiff: doesn't show hand 
*** SUMMARY ***
Total pot $8.50 | Rake $0 
Seat 1: MauriFierro27 folded before Flop (didn't bet)
Seat 2: LewisNeilson97 folded before Flop
Seat 3: Alinyr folded before Flop (didn't bet)
Seat 4: easy_sarcasm (button) folded before Flop
Seat 5: PayTaxOrDie (small blind) folded before Flop
Seat 6: Rysiff (big blind) collected ($8.50)



PokerStars Hand #254750911147:  Hold'em No Limit ($0.50/$1.00 USD) - 2025/02/07 16:15:26 WET [2025/02/07 11:15:26 ET]
Table 'Stroobantia II' 6-max Seat #5 is the button
Seat 1: MauriFierro27 ($106.78 in chips) 
Seat 2: LewisNeilson97 ($21.95 in chips) 
Seat 3: Alinyr ($100 in chips) 
Seat 4: easy_sarcasm ($107.17 in chips) 
Seat 5: PayTaxOrDie ($100 in chips) 
Seat 6: Rysiff ($105 in chips) 
Rysiff: posts small blind $0.50
MauriFierro27: posts big blind $1
*** HOLE CARDS ***
LewisNeilson97: raises $1 to $2
Alinyr: folds 
easy_sarcasm: folds 
PayTaxOrDie: folds 
Rysiff: folds 
MauriFierro27: calls $1
*** FLOP *** [6d Js 7d]
MauriFierro27: checks 
LewisNeilson97: bets $2.14
MauriFierro27: folds 
Uncalled bet ($2.14) returned to LewisNeilson97
LewisNeilson97 collected $4.28 from pot
*** SUMMARY ***
Total pot $4.50 | Rake $0.22 
Board [6d Js 7d]
Seat 1: MauriFierro27 (big blind) folded on the Flop
Seat 2: LewisNeilson97 collected ($4.28)
Seat 3: Alinyr folded before Flop (didn't bet)
Seat 4: easy_sarcasm folded before Flop (didn't bet)
Seat 5: PayTaxOrDie (button) folded before Flop (didn't bet)
Seat 6: Rysiff (small blind) folded before Flop



PokerStars Hand #254750915718:  Hold'em No Limit ($0.50/$1.00 USD) - 2025/02/07 16:15:47 WET [2025/02/07 11:15:47 ET]
Table 'Stroobantia II' 6-max Seat #6 is the button
Seat 1: MauriFierro27 ($104.78 in chips) 
Seat 2: LewisNeilson97 ($24.23 in chips) 
Seat 3: Alinyr ($100 in chips) 
Seat 4: easy_sarcasm ($107.17 in chips) 
Seat 5: PayTaxOrDie ($100 in chips) 
Seat 6: Rysiff ($104.50 in chips) 
MauriFierro27: posts small blind $0.50
LewisNeilson97: posts big blind $1
*** HOLE CARDS ***
Alinyr: folds 
easy_sarcasm: raises $2 to $3
PayTaxOrDie: raises $6 to $9
Rysiff: folds 
MauriFierro27: folds 
LewisNeilson97: calls $8
easy_sarcasm: calls $6
*** FLOP *** [6c 9h 3c]
LewisNeilson97: checks 
easy_sarcasm: checks 
PayTaxOrDie: checks 
*** TURN *** [6c 9h 3c] [8h]
LewisNeilson97: checks 
easy_sarcasm: checks 
PayTaxOrDie: checks 
*** RIVER *** [6c 9h 3c 8h] [4d]
LewisNeilson97: checks 
easy_sarcasm: checks 
PayTaxOrDie: checks 
*** SHOW DOWN ***
LewisNeilson97: shows [7s 7c] (a pair of Sevens)
easy_sarcasm: mucks hand 
PayTaxOrDie: mucks hand 
LewisNeilson97 collected $26.12 from pot
*** SUMMARY ***
Total pot $27.50 | Rake $1.38 
Board [6c 9h 3c 8h 4d]
Seat 1: MauriFierro27 (small blind) folded before Flop
Seat 2: LewisNeilson97 (big blind) showed [7s 7c] and won ($26.12) with a pair of Sevens
Seat 3: Alinyr folded before Flop (didn't bet)
Seat 4: easy_sarcasm mucked
Seat 5: PayTaxOrDie mucked
Seat 6: Rysiff (button) folded before Flop (didn't bet)



PokerStars Hand #254750932874:  Hold'em No Limit ($0.50/$1.00 USD) - 2025/02/07 16:17:03 WET [2025/02/07 11:17:03 ET]
Table 'Stroobantia II' 6-max Seat #1 is the button
Seat 1: MauriFierro27 ($104.28 in chips) 
Seat 2: LewisNeilson97 ($41.35 in chips) 
Seat 3: Alinyr ($100 in chips) 
Seat 4: easy_sarcasm ($100 in chips) 
Seat 5: PayTaxOrDie ($100 in chips) 
Seat 6: Rysiff ($104.50 in chips) 
LewisNeilson97: posts small blind $0.50
Alinyr: posts big blind $1
*** HOLE CARDS ***
easy_sarcasm: raises $2 to $3
PayTaxOrDie: folds 
Rysiff: raises $6 to $9
MauriFierro27: folds 
LewisNeilson97: folds 
Alinyr: folds 
easy_sarcasm: folds 
Uncalled bet ($6) returned to Rysiff
Rysiff collected $7.50 from pot
Rysiff: doesn't show hand 
*** SUMMARY ***
Total pot $7.50 | Rake $0 
Seat 1: MauriFierro27 (button) folded before Flop (didn't bet)
Seat 2: LewisNeilson97 (small blind) folded before Flop
Seat 3: Alinyr (big blind) folded before Flop
Seat 4: easy_sarcasm folded before Flop
Seat 5: PayTaxOrDie folded before Flop (didn't bet)
Seat 6: Rysiff collected ($7.50)



PokerStars Hand #254750939557:  Hold'em No Limit ($0.50/$1.00 USD) - 2025/02/07 16:17:33 WET [2025/02/07 11:17:33 ET]
Table 'Stroobantia II' 6-max Seat #2 is the button
Seat 1: MauriFierro27 ($104.28 in chips) 
Seat 2: LewisNeilson97 ($40.85 in chips) 
Seat 3: Alinyr ($100 in chips) 
Seat 4: easy_sarcasm ($100 in chips) 
Seat 5: PayTaxOrDie ($100 in chips) 
Seat 6: Rysiff ($109 in chips) 
Alinyr: posts small blind $0.50
easy_sarcasm: posts big blind $1
*** HOLE CARDS ***
PayTaxOrDie: folds 
Rysiff: folds 
MauriFierro27: raises $1.20 to $2.20
LewisNeilson97: calls $2.20
Alinyr: folds 
easy_sarcasm: calls $1.20
*** FLOP *** [3s Kc Ah]
easy_sarcasm: checks 
MauriFierro27: bets $2.22
LewisNeilson97: calls $2.22
easy_sarcasm: folds 
*** TURN *** [3s Kc Ah] [9s]
MauriFierro27: checks 
LewisNeilson97: bets $5
MauriFierro27: folds 
Uncalled bet ($5) returned to LewisNeilson97
LewisNeilson97 collected $10.96 from pot
*** SUMMARY ***
Total pot $11.54 | Rake $0.58 
Board [3s Kc Ah 9s]
Seat 1: MauriFierro27 folded on the Turn
Seat 2: LewisNeilson97 (button) collected ($10.96)
Seat 3: Alinyr (small blind) folded before Flop
Seat 4: easy_sarcasm (big blind) folded on the Flop
Seat 5: PayTaxOrDie folded before Flop (didn't bet)
Seat 6: Rysiff folded before Flop (didn't bet)



PokerStars Hand #254750951725:  Hold'em No Limit ($0.50/$1.00 USD) - 2025/02/07 16:18:27 WET [2025/02/07 11:18:27 ET]
Table 'Stroobantia II' 6-max Seat #3 is the button
Seat 1: MauriFierro27 ($100 in chips) 
Seat 2: LewisNeilson97 ($47.39 in chips) 
Seat 3: Alinyr ($100 in chips) 
Seat 4: easy_sarcasm ($100 in chips) 
Seat 5: PayTaxOrDie ($100 in chips) 
Seat 6: Rysiff ($109 in chips) 
easy_sarcasm: posts small blind $0.50
PayTaxOrDie: posts big blind $1
*** HOLE CARDS ***
Rysiff: raises $1.50 to $2.50
MauriFierro27: folds 
LewisNeilson97: calls $2.50
Alinyr: folds 
easy_sarcasm: folds 
PayTaxOrDie: folds 
*** FLOP *** [Ks 6h 7h]
Rysiff: checks 
LewisNeilson97: checks 
*** TURN *** [Ks 6h 7h] [8h]
Rysiff: checks 
LewisNeilson97: bets $4
Rysiff: folds 
Uncalled bet ($4) returned to LewisNeilson97
LewisNeilson97 collected $6.18 from pot
*** SUMMARY ***
Total pot $6.50 | Rake $0.32 
Board [Ks 6h 7h 8h]
Seat 1: MauriFierro27 folded before Flop (didn't bet)
Seat 2: LewisNeilson97 collected ($6.18)
Seat 3: Alinyr (button) folded before Flop (didn't bet)
Seat 4: easy_sarcasm (small blind) folded before Flop
Seat 5: PayTaxOrDie (big blind) folded before Flop
Seat 6: Rysiff folded on the Turn



PokerStars Hand #254750960290:  Hold'em No Limit ($0.50/$1.00 USD) - 2025/02/07 16:19:05 WET [2025/02/07 11:19:05 ET]
Table 'Stroobantia II' 6-max Seat #4 is the button
Seat 1: MauriFierro27 ($100 in chips) 
Seat 2: LewisNeilson97 ($51.07 in chips) 
Seat 3: Alinyr ($100 in chips) 
Seat 4: easy_sarcasm ($100 in chips) 
Seat 5: PayTaxOrDie ($100 in chips) 
Seat 6: Rysiff ($106.50 in chips) 
PayTaxOrDie: posts small blind $0.50
Rysiff: posts big blind $1
*** HOLE CARDS ***
MauriFierro27: raises $1.20 to $2.20
LewisNeilson97: folds 
Alinyr: folds 
easy_sarcasm: folds 
PayTaxOrDie: folds 
Rysiff: folds 
Uncalled bet ($1.20) returned to MauriFierro27
MauriFierro27 collected $2.50 from pot
MauriFierro27: doesn't show hand 
*** SUMMARY ***
Total pot $2.50 | Rake $0 
Seat 1: MauriFierro27 collected ($2.50)
Seat 2: LewisNeilson97 folded before Flop (didn't bet)
Seat 3: Alinyr folded before Flop (didn't bet)
Seat 4: easy_sarcasm (button) folded before Flop (didn't bet)
Seat 5: PayTaxOrDie (small blind) folded before Flop
Seat 6: Rysiff (big blind) folded before Flop



PokerStars Hand #254750962657:  Hold'em No Limit ($0.50/$1.00 USD) - 2025/02/07 16:19:16 WET [2025/02/07 11:19:16 ET]
Table 'Stroobantia II' 6-max Seat #5 is the button
Seat 1: MauriFierro27 ($101.50 in chips) 
Seat 2: LewisNeilson97 ($51.07 in chips) 
Seat 3: Alinyr ($100 in chips) 
Seat 4: easy_sarcasm ($100 in chips) 
Seat 5: PayTaxOrDie ($100 in chips) 
Seat 6: Rysiff ($105.50 in chips) 
Rysiff: posts small blind $0.50
MauriFierro27: posts big blind $1
*** HOLE CARDS ***
LewisNeilson97: folds 
Alinyr: folds 
easy_sarcasm: folds 
PayTaxOrDie: raises $1.50 to $2.50
Rysiff: folds 
MauriFierro27: calls $1.50
*** FLOP *** [2d 8s 2c]
MauriFierro27: checks 
PayTaxOrDie: bets $1.30
MauriFierro27: raises $4.87 to $6.17
PayTaxOrDie: folds 
Uncalled bet ($4.87) returned to MauriFierro27
MauriFierro27 collected $7.70 from pot
MauriFierro27: doesn't show hand 
*** SUMMARY ***
Total pot $8.10 | Rake $0.40 
Board [2d 8s 2c]
Seat 1: MauriFierro27 (big blind) collected ($7.70)
Seat 2: LewisNeilson97 folded before Flop (didn't bet)
Seat 3: Alinyr folded before Flop (didn't bet)
Seat 4: easy_sarcasm folded before Flop (didn't bet)
Seat 5: PayTaxOrDie (button) folded on the Flop
Seat 6: Rysiff (small blind) folded before Flop



PokerStars Hand #254750972556:  Hold'em No Limit ($0.50/$1.00 USD) - 2025/02/07 16:20:00 WET [2025/02/07 11:20:00 ET]
Table 'Stroobantia II' 6-max Seat #6 is the button
Seat 1: MauriFierro27 ($105.40 in chips) 
Seat 2: LewisNeilson97 ($51.07 in chips) 
Seat 3: Alinyr ($100 in chips) 
Seat 4: easy_sarcasm ($100 in chips) 
Seat 5: PayTaxOrDie ($100 in chips) 
Seat 6: Rysiff ($105 in chips) 
MauriFierro27: posts small blind $0.50
LewisNeilson97: posts big blind $1
*** HOLE CARDS ***
Alinyr: folds 
easy_sarcasm: folds 
PayTaxOrDie: folds 
Rysiff: folds 
MauriFierro27: raises $1.50 to $2.50
LewisNeilson97: calls $1.50
*** FLOP *** [Qs Qd Ad]
MauriFierro27: bets $1.57
LewisNeilson97: calls $1.57
*** TURN *** [Qs Qd Ad] [8s]
MauriFierro27: bets $5.80
LewisNeilson97: calls $5.80
*** RIVER *** [Qs Qd Ad 8s] [Td]
MauriFierro27: bets $41.50
LewisNeilson97: folds 
Uncalled bet ($41.50) returned to MauriFierro27
MauriFierro27 collected $18.75 from pot
MauriFierro27: doesn't show hand 
*** SUMMARY ***
Total pot $19.74 | Rake $0.99 
Board [Qs Qd Ad 8s Td]
Seat 1: MauriFierro27 (small blind) collected ($18.75)
Seat 2: LewisNeilson97 (big blind) folded on the River
Seat 3: Alinyr folded before Flop (didn't bet)
Seat 4: easy_sarcasm folded before Flop (didn't bet)
Seat 5: PayTaxOrDie folded before Flop (didn't bet)
Seat 6: Rysiff (button) folded before Flop (didn't bet)



PokerStars Hand #254750979021:  Hold'em No Limit ($0.50/$1.00 USD) - 2025/02/07 16:20:29 WET [2025/02/07 11:20:29 ET]
Table 'Stroobantia II' 6-max Seat #1 is the button
Seat 1: MauriFierro27 ($114.28 in chips) 
Seat 2: LewisNeilson97 ($41.20 in chips) 
Seat 3: Alinyr ($100 in chips) 
Seat 4: easy_sarcasm ($100 in chips) 
Seat 5: PayTaxOrDie ($100 in chips) 
Seat 6: Rysiff ($105 in chips) 
LewisNeilson97: posts small blind $0.50
Alinyr: posts big blind $1
*** HOLE CARDS ***
easy_sarcasm: folds 
PayTaxOrDie: folds 
Rysiff: folds 
MauriFierro27: folds 
LewisNeilson97: folds 
Uncalled bet ($0.50) returned to Alinyr
Alinyr collected $1 from pot
Alinyr: doesn't show hand 
*** SUMMARY ***
Total pot $1 | Rake $0 
Seat 1: MauriFierro27 (button) folded before Flop (didn't bet)
Seat 2: LewisNeilson97 (small blind) folded before Flop
Seat 3: Alinyr (big blind) collected ($1)
Seat 4: easy_sarcasm folded before Flop (didn't bet)
Seat 5: PayTaxOrDie folded before Flop (didn't bet)
Seat 6: Rysiff folded before Flop (didn't bet)



PokerStars Hand #254750980581:  Hold'em No Limit ($0.50/$1.00 USD) - 2025/02/07 16:20:36 WET [2025/02/07 11:20:36 ET]
Table 'Stroobantia II' 6-max Seat #2 is the button
Seat 1: MauriFierro27 ($114.28 in chips) 
Seat 2: LewisNeilson97 ($40.70 in chips) 
Seat 3: Alinyr ($100.50 in chips) 
Seat 4: easy_sarcasm ($100 in chips) 
Seat 5: PayTaxOrDie ($100 in chips) 
Seat 6: Rysiff ($105 in chips) 
Alinyr: posts small blind $0.50
easy_sarcasm: posts big blind $1
*** HOLE CARDS ***
PayTaxOrDie: folds 
Rysiff: folds 
MauriFierro27: raises $1.20 to $2.20
LewisNeilson97: calls $2.20
Alinyr: folds 
easy_sarcasm: folds 
*** FLOP *** [4s Kc 9c]
MauriFierro27: bets $2.80
LewisNeilson97: calls $2.80
*** TURN *** [4s Kc 9c] [2h]
MauriFierro27: bets $8.18
LewisNeilson97: calls $8.18
*** RIVER *** [4s Kc 9c 2h] [8d]
MauriFierro27: bets $28
LewisNeilson97: calls $27.52 and is all-in
Uncalled bet ($0.48) returned to MauriFierro27
*** SHOW DOWN ***
MauriFierro27: shows [Td Ks] (a pair of Kings)
LewisNeilson97: shows [Tc 9h] (a pair of Nines)
MauriFierro27 collected $80.40 from pot
*** SUMMARY ***
Total pot $82.90 | Rake $2.50 
Board [4s Kc 9c 2h 8d]
Seat 1: MauriFierro27 showed [Td Ks] and won ($80.40) with a pair of Kings
Seat 2: LewisNeilson97 (button) showed [Tc 9h] and lost with a pair of Nines
Seat 3: Alinyr (small blind) folded before Flop
Seat 4: easy_sarcasm (big blind) folded before Flop
Seat 5: PayTaxOrDie folded before Flop (didn't bet)
Seat 6: Rysiff folded before Flop (didn't bet)



PokerStars Hand #254750986814:  Hold'em No Limit ($0.50/$1.00 USD) - 2025/02/07 16:21:03 WET [2025/02/07 11:21:03 ET]
Table 'Stroobantia II' 6-max Seat #3 is the button
Seat 2: LewisNeilson97 ($0 in chips) is sitting out
Seat 1: MauriFierro27 ($153.98 in chips) 
Seat 3: Alinyr ($100 in chips) 
Seat 4: easy_sarcasm ($100 in chips) 
Seat 5: PayTaxOrDie ($100 in chips) 
Seat 6: Rysiff ($105 in chips) 
easy_sarcasm: posts small blind $0.50
PayTaxOrDie: posts big blind $1
*** HOLE CARDS ***
Rysiff: raises $1.50 to $2.50
MauriFierro27: raises $5 to $7.50
Alinyr: folds 
easy_sarcasm: folds 
PayTaxOrDie: folds 
Rysiff: raises $13.50 to $21
MauriFierro27: folds 
Uncalled bet ($13.50) returned to Rysiff
Rysiff collected $16.50 from pot
Rysiff: doesn't show hand 
*** SUMMARY ***
Total pot $16.50 | Rake $0 
Seat 2: LewisNeilson97
Seat 1: MauriFierro27 folded before Flop
Seat 3: Alinyr (button) folded before Flop (didn't bet)
Seat 4: easy_sarcasm (small blind) folded before Flop
Seat 5: PayTaxOrDie (big blind) folded before Flop
Seat 6: Rysiff collected ($16.50)



PokerStars Hand #254750995276:  Hold'em No Limit ($0.50/$1.00 USD) - 2025/02/07 16:21:41 WET [2025/02/07 11:21:41 ET]
Table 'Stroobantia II' 6-max Seat #4 is the button
Seat 1: MauriFierro27 ($146.48 in chips) 
Seat 2: LewisNeilson97 ($20.25 in chips) 
Seat 3: Alinyr ($100 in chips) 
Seat 4: easy_sarcasm ($100 in chips) 
Seat 5: PayTaxOrDie ($100 in chips) 
Seat 6: Rysiff ($114 in chips) 
PayTaxOrDie: posts small blind $0.50
Rysiff: posts big blind $1
*** HOLE CARDS ***
MauriFierro27: folds 
LewisNeilson97: calls $1
Alinyr: folds 
easy_sarcasm: folds 
PayTaxOrDie: folds 
Rysiff: raises $3 to $4
LewisNeilson97: calls $3
*** FLOP *** [Tc Qh Ad]
Rysiff: checks 
LewisNeilson97: checks 
*** TURN *** [Tc Qh Ad] [Kh]
Rysiff: checks 
LewisNeilson97: bets $7
Rysiff: calls $7
*** RIVER *** [Tc Qh Ad Kh] [7h]
Rysiff: bets $10.69
LewisNeilson97: calls $9.25 and is all-in
Uncalled bet ($1.44) returned to Rysiff
*** SHOW DOWN ***
Rysiff: shows [Ah 4h] (a flush, Ace high)
LewisNeilson97: shows [3d Jd] (a straight, Ten to Ace)
Rysiff collected $38.95 from pot
*** SUMMARY ***
Total pot $41 | Rake $2.05 
Board [Tc Qh Ad Kh 7h]
Seat 1: MauriFierro27 folded before Flop (didn't bet)
Seat 2: LewisNeilson97 showed [3d Jd] and lost with a straight, Ten to Ace
Seat 3: Alinyr folded before Flop (didn't bet)
Seat 4: easy_sarcasm (button) folded before Flop (didn't bet)
Seat 5: PayTaxOrDie (small blind) folded before Flop
Seat 6: Rysiff (big blind) showed [Ah 4h] and won ($38.95) with a flush, Ace high



PokerStars Hand #254751009287:  Hold'em No Limit ($0.50/$1.00 USD) - 2025/02/07 16:22:43 WET [2025/02/07 11:22:43 ET]
Table 'Stroobantia II' 6-max Seat #5 is the button
Seat 2: LewisNeilson97 ($0 in chips) is sitting out
Seat 1: MauriFierro27 ($146.48 in chips) 
Seat 3: Alinyr ($100 in chips) 
Seat 4: easy_sarcasm ($100 in chips) 
Seat 5: PayTaxOrDie ($100 in chips) 
Seat 6: Rysiff ($132.70 in chips) 
Rysiff: posts small blind $0.50
MauriFierro27: posts big blind $1
*** HOLE CARDS ***
Alinyr: folds 
easy_sarcasm: folds 
PayTaxOrDie: raises $1.50 to $2.50
Rysiff: folds 
MauriFierro27: folds 
Uncalled bet ($1.50) returned to PayTaxOrDie
PayTaxOrDie collected $2.50 from pot
PayTaxOrDie: doesn't show hand 
*** SUMMARY ***
Total pot $2.50 | Rake $0 
Seat 2: LewisNeilson97
Seat 1: MauriFierro27 (big blind) folded before Flop
Seat 3: Alinyr folded before Flop (didn't bet)
Seat 4: easy_sarcasm folded before Flop (didn't bet)
Seat 5: PayTaxOrDie (button) collected ($2.50)
Seat 6: Rysiff (small blind) folded before Flop



PokerStars Hand #254751015618:  Hold'em No Limit ($0.50/$1.00 USD) - 2025/02/07 16:23:11 WET [2025/02/07 11:23:11 ET]
Table 'Stroobantia II' 6-max Seat #6 is the button
Seat 1: MauriFierro27 ($145.48 in chips) 
Seat 2: LewisNeilson97 ($39.99 in chips) 
Seat 3: Alinyr ($100 in chips) 
Seat 4: easy_sarcasm ($100 in chips) 
Seat 5: PayTaxOrDie ($101.50 in chips) 
Seat 6: Rysiff ($132.20 in chips) 
MauriFierro27: posts small blind $0.50
LewisNeilson97: posts big blind $1
*** HOLE CARDS ***
Alinyr: folds 
easy_sarcasm: folds 
PayTaxOrDie: raises $1.30 to $2.30
Rysiff: folds 
MauriFierro27: folds 
LewisNeilson97: folds 
Uncalled bet ($1.30) returned to PayTaxOrDie
PayTaxOrDie collected $2.50 from pot
PayTaxOrDie: doesn't show hand 
*** SUMMARY ***
Total pot $2.50 | Rake $0 
Seat 1: MauriFierro27 (small blind) folded before Flop
Seat 2: LewisNeilson97 (big blind) folded before Flop
Seat 3: Alinyr folded before Flop (didn't bet)
Seat 4: easy_sarcasm folded before Flop (didn't bet)
Seat 5: PayTaxOrDie collected ($2.50)
Seat 6: Rysiff (button) folded before Flop (didn't bet)



PokerStars Hand #254751070366:  Hold'em No Limit ($0.50/$1.00 USD) - 2025/02/07 16:27:13 WET [2025/02/07 11:27:13 ET]
Table 'Stroobantia II' 6-max Seat #3 is the button
Seat 1: MauriFierro27 ($141.28 in chips) 
Seat 2: LewisNeilson97 ($46.11 in chips) 
Seat 3: Alinyr ($101.50 in chips) 
Seat 4: easy_sarcasm ($127.50 in chips) 
Seat 5: PayTaxOrDie ($100 in chips) 
Seat 6: Rysiff ($133.42 in chips) 
easy_sarcasm: posts small blind $0.50
PayTaxOrDie: posts big blind $1
*** HOLE CARDS ***
Rysiff: folds 
MauriFierro27: folds 
LewisNeilson97: folds 
Alinyr: raises $1.50 to $2.50
easy_sarcasm: folds 
PayTaxOrDie: folds 
Uncalled bet ($1.50) returned to Alinyr
Alinyr collected $2.50 from pot
Alinyr: doesn't show hand 
*** SUMMARY ***
Total pot $2.50 | Rake $0 
Seat 1: MauriFierro27 folded before Flop (didn't bet)
Seat 2: LewisNeilson97 folded before Flop (didn't bet)
Seat 3: Alinyr (button) collected ($2.50)
Seat 4: easy_sarcasm (small blind) folded before Flop
Seat 5: PayTaxOrDie (big blind) folded before Flop
Seat 6: Rysiff folded before Flop (didn't bet)



PokerStars Hand #254751073202:  Hold'em No Limit ($0.50/$1.00 USD) - 2025/02/07 16:27:26 WET [2025/02/07 11:27:26 ET]
Table 'Stroobantia II' 6-max Seat #4 is the button
Seat 1: MauriFierro27 ($141.28 in chips) 
Seat 2: LewisNeilson97 ($46.11 in chips) 
Seat 3: Alinyr ($103 in chips) 
Seat 4: easy_sarcasm ($127 in chips) 
Seat 5: PayTaxOrDie ($100 in chips) 
Seat 6: Rysiff ($133.42 in chips) 
PayTaxOrDie: posts small blind $0.50
Rysiff: posts big blind $1
*** HOLE CARDS ***
MauriFierro27: folds 
LewisNeilson97: raises $1 to $2
Alinyr: calls $2
easy_sarcasm: calls $2
PayTaxOrDie: folds 
Rysiff: folds 
*** FLOP *** [4s 9c 6d]
LewisNeilson97: bets $2
Alinyr: folds 
easy_sarcasm: calls $2
*** TURN *** [4s 9c 6d] [Ad]
LewisNeilson97: checks 
easy_sarcasm: bets $6.50
LewisNeilson97: calls $6.50
*** RIVER *** [4s 9c 6d Ad] [5s]
LewisNeilson97: checks 
easy_sarcasm: checks 
*** SHOW DOWN ***
LewisNeilson97: shows [Qh 9d] (a pair of Nines)
easy_sarcasm: mucks hand 
LewisNeilson97 collected $23.28 from pot
*** SUMMARY ***
Total pot $24.50 | Rake $1.22 
Board [4s 9c 6d Ad 5s]
Seat 1: MauriFierro27 folded before Flop (didn't bet)
Seat 2: LewisNeilson97 showed [Qh 9d] and won ($23.28) with a pair of Nines
Seat 3: Alinyr folded on the Flop
Seat 4: easy_sarcasm (button) mucked
Seat 5: PayTaxOrDie (small blind) folded before Flop
Seat 6: Rysiff (big blind) folded before Flop



PokerStars Hand #254751085065:  Hold'em No Limit ($0.50/$1.00 USD) - 2025/02/07 16:28:18 WET [2025/02/07 11:28:18 ET]
Table 'Stroobantia II' 6-max Seat #5 is the button
Seat 1: MauriFierro27 ($141.28 in chips) 
Seat 2: LewisNeilson97 ($58.89 in chips) 
Seat 3: Alinyr ($101 in chips) 
Seat 4: easy_sarcasm ($116.50 in chips) 
Seat 5: PayTaxOrDie ($100 in chips) 
Seat 6: Rysiff ($132.42 in chips) 
Rysiff: posts small blind $0.50
MauriFierro27: posts big blind $1
*** HOLE CARDS ***
LewisNeilson97: folds 
Alinyr: folds 
easy_sarcasm: raises $2 to $3
PayTaxOrDie: raises $6 to $9
Rysiff: folds 
MauriFierro27: folds 
easy_sarcasm: folds 
Uncalled bet ($6) returned to PayTaxOrDie
PayTaxOrDie collected $7.50 from pot
PayTaxOrDie: doesn't show hand 
*** SUMMARY ***
Total pot $7.50 | Rake $0 
Seat 1: MauriFierro27 (big blind) folded before Flop
Seat 2: LewisNeilson97 folded before Flop (didn't bet)
Seat 3: Alinyr folded before Flop (didn't bet)
Seat 4: easy_sarcasm folded before Flop
Seat 5: PayTaxOrDie (button) collected ($7.50)
Seat 6: Rysiff (small blind) folded before Flop



PokerStars Hand #254751089598:  Hold'em No Limit ($0.50/$1.00 USD) - 2025/02/07 16:28:38 WET [2025/02/07 11:28:38 ET]
Table 'Stroobantia II' 6-max Seat #6 is the button
Seat 1: MauriFierro27 ($140.28 in chips) 
Seat 2: LewisNeilson97 ($58.89 in chips) 
Seat 3: Alinyr ($101 in chips) 
Seat 4: easy_sarcasm ($113.50 in chips) 
Seat 5: PayTaxOrDie ($104.50 in chips) 
Seat 6: Rysiff ($131.92 in chips) 
MauriFierro27: posts small blind $0.50
LewisNeilson97: posts big blind $1
*** HOLE CARDS ***
Alinyr: folds 
easy_sarcasm: folds 
PayTaxOrDie: raises $1.30 to $2.30
Rysiff: folds 
MauriFierro27: folds 
LewisNeilson97: raises $1.30 to $3.60
PayTaxOrDie: calls $1.30
*** FLOP *** [Qh 6c 8c]
LewisNeilson97: checks 
PayTaxOrDie: bets $1.83
LewisNeilson97: calls $1.83
*** TURN *** [Qh 6c 8c] [Th]
LewisNeilson97: checks 
PayTaxOrDie: checks 
*** RIVER *** [Qh 6c 8c Th] [7d]
LewisNeilson97: checks 
PayTaxOrDie: bets $8.09
LewisNeilson97: calls $8.09
*** SHOW DOWN ***
PayTaxOrDie: shows [5c Kc] (high card King)
LewisNeilson97: shows [5d 5s] (a pair of Fives)
LewisNeilson97 collected $26.16 from pot
*** SUMMARY ***
Total pot $27.54 | Rake $1.38 
Board [Qh 6c 8c Th 7d]
Seat 1: MauriFierro27 (small blind) folded before Flop
Seat 2: LewisNeilson97 (big blind) showed [5d 5s] and won ($26.16) with a pair of Fives
Seat 3: Alinyr folded before Flop (didn't bet)
Seat 4: easy_sarcasm folded before Flop (didn't bet)
Seat 5: PayTaxOrDie showed [5c Kc] and lost with high card King
Seat 6: Rysiff (button) folded before Flop (didn't bet)



PokerStars Hand #254751103792:  Hold'em No Limit ($0.50/$1.00 USD) - 2025/02/07 16:29:41 WET [2025/02/07 11:29:41 ET]
Table 'Stroobantia II' 6-max Seat #1 is the button
Seat 1: MauriFierro27 ($139.78 in chips) 
Seat 2: LewisNeilson97 ($71.53 in chips) 
Seat 3: Alinyr ($101 in chips) 
Seat 4: easy_sarcasm ($113.50 in chips) 
Seat 5: PayTaxOrDie ($100 in chips) 
Seat 6: Rysiff ($131.92 in chips) 
LewisNeilson97: posts small blind $0.50
Alinyr: posts big blind $1
*** HOLE CARDS ***
easy_sarcasm: raises $2 to $3
PayTaxOrDie: folds 
Rysiff: folds 
MauriFierro27: folds 
LewisNeilson97: calls $2.50
Alinyr: calls $2
*** FLOP *** [7d Th 5h]
LewisNeilson97: bets $3
Alinyr: raises $6.80 to $9.80
easy_sarcasm: folds 
LewisNeilson97: calls $6.80
*** TURN *** [7d Th 5h] [2h]
LewisNeilson97: checks 
Alinyr: bets $16.57
LewisNeilson97: calls $16.57
*** RIVER *** [7d Th 5h 2h] [Jd]
LewisNeilson97: checks 
Alinyr: bets $71.63 and is all-in
LewisNeilson97: folds 
Uncalled bet ($71.63) returned to Alinyr
Alinyr collected $59.24 from pot
Alinyr: doesn't show hand 
*** SUMMARY ***
Total pot $61.74 | Rake $2.50 
Board [7d Th 5h 2h Jd]
Seat 1: MauriFierro27 (button) folded before Flop (didn't bet)
Seat 2: LewisNeilson97 (small blind) folded on the River
Seat 3: Alinyr (big blind) collected ($59.24)
Seat 4: easy_sarcasm folded on the Flop
Seat 5: PayTaxOrDie folded before Flop (didn't bet)
Seat 6: Rysiff folded before Flop (didn't bet)



PokerStars Hand #254751120470:  Hold'em No Limit ($0.50/$1.00 USD) - 2025/02/07 16:30:54 WET [2025/02/07 11:30:54 ET]
Table 'Stroobantia II' 6-max Seat #2 is the button
Seat 1: MauriFierro27 ($139.78 in chips) 
Seat 2: LewisNeilson97 ($42.16 in chips) 
Seat 3: Alinyr ($130.87 in chips) 
Seat 4: easy_sarcasm ($110.50 in chips) 
Seat 5: PayTaxOrDie ($100 in chips) 
Seat 6: Rysiff ($131.92 in chips) 
Alinyr: posts small blind $0.50
easy_sarcasm: posts big blind $1
*** HOLE CARDS ***
PayTaxOrDie: folds 
Rysiff: folds 
MauriFierro27: raises $1.20 to $2.20
LewisNeilson97: calls $2.20
Alinyr: raises $10.80 to $13
easy_sarcasm: folds 
MauriFierro27: calls $10.80
LewisNeilson97: calls $10.80
*** FLOP *** [3d 2s 2d]
Alinyr: checks 
MauriFierro27: checks 
LewisNeilson97: checks 
*** TURN *** [3d 2s 2d] [7d]
Alinyr: checks 
MauriFierro27: checks 
LewisNeilson97: checks 
*** RIVER *** [3d 2s 2d 7d] [6d]
Alinyr: checks 
MauriFierro27: checks 
LewisNeilson97: checks 
*** SHOW DOWN ***
Alinyr: shows [Kh Jh] (a pair of Deuces)
MauriFierro27: shows [Js As] (a pair of Deuces - Ace kicker)
LewisNeilson97: mucks hand 
MauriFierro27 collected $38 from pot
*** SUMMARY ***
Total pot $40 | Rake $2 
Board [3d 2s 2d 7d 6d]
Seat 1: MauriFierro27 showed [Js As] and won ($38) with a pair of Deuces
Seat 2: LewisNeilson97 (button) mucked
Seat 3: Alinyr (small blind) showed [Kh Jh] and lost with a pair of Deuces
Seat 4: easy_sarcasm (big blind) folded before Flop
Seat 5: PayTaxOrDie folded before Flop (didn't bet)
Seat 6: Rysiff folded before Flop (didn't bet)



PokerStars Hand #254751141913:  Hold'em No Limit ($0.50/$1.00 USD) - 2025/02/07 16:32:28 WET [2025/02/07 11:32:28 ET]
Table 'Stroobantia II' 6-max Seat #3 is the button
Seat 1: MauriFierro27 ($164.78 in chips) 
Seat 2: LewisNeilson97 ($29.16 in chips) 
Seat 3: Alinyr ($117.87 in chips) 
Seat 4: easy_sarcasm ($109.50 in chips) 
Seat 5: PayTaxOrDie ($100 in chips) 
Seat 6: Rysiff ($131.92 in chips) 
easy_sarcasm: posts small blind $0.50
PayTaxOrDie: posts big blind $1
*** HOLE CARDS ***
Rysiff: raises $1.50 to $2.50
MauriFierro27: folds 
LewisNeilson97: folds 
Alinyr: folds 
easy_sarcasm: folds 
PayTaxOrDie: calls $1.50
*** FLOP *** [4c 9h 8s]
PayTaxOrDie: checks 
LewisNeilson97 leaves the table
Rysiff: checks 
*** TURN *** [4c 9h 8s] [Ah]
coeeeelho joins the table at seat #2 
PayTaxOrDie: checks 
Rysiff: checks 
*** RIVER *** [4c 9h 8s Ah] [7h]
PayTaxOrDie: checks 
Rysiff: bets $4.18
PayTaxOrDie: folds 
Uncalled bet ($4.18) returned to Rysiff
Rysiff collected $5.22 from pot
Rysiff: doesn't show hand 
*** SUMMARY ***
Total pot $5.50 | Rake $0.28 
Board [4c 9h 8s Ah 7h]
Seat 1: MauriFierro27 folded before Flop (didn't bet)
Seat 2: LewisNeilson97 folded before Flop (didn't bet)
Seat 3: Alinyr (button) folded before Flop (didn't bet)
Seat 4: easy_sarcasm (small blind) folded before Flop
Seat 5: PayTaxOrDie (big blind) folded on the River
Seat 6: Rysiff collected ($5.22)



PokerStars Hand #254751155795:  Hold'em No Limit ($0.50/$1.00 USD) - 2025/02/07 16:33:28 WET [2025/02/07 11:33:28 ET]
Table 'Stroobantia II' 6-max Seat #4 is the button
Seat 2: coeeeelho ($100 in chips) is sitting out
Seat 1: MauriFierro27 ($164.78 in chips) 
Seat 3: Alinyr ($117.87 in chips) 
Seat 4: easy_sarcasm ($109 in chips) 
Seat 5: PayTaxOrDie ($100 in chips) 
Seat 6: Rysiff ($134.64 in chips) 
PayTaxOrDie: posts small blind $0.50
Rysiff: posts big blind $1
coeeeelho: sits out 
*** HOLE CARDS ***
MauriFierro27: folds 
Alinyr: folds 
easy_sarcasm: raises $1.20 to $2.20
PayTaxOrDie: folds 
Rysiff: folds 
Uncalled bet ($1.20) returned to easy_sarcasm
easy_sarcasm collected $2.50 from pot
*** SUMMARY ***
Total pot $2.50 | Rake $0 
Seat 2: coeeeelho
Seat 1: MauriFierro27 folded before Flop (didn't bet)
Seat 3: Alinyr folded before Flop (didn't bet)
Seat 4: easy_sarcasm (button) collected ($2.50)
Seat 5: PayTaxOrDie (small blind) folded before Flop
Seat 6: Rysiff (big blind) folded before Flop



PokerStars Hand #254751158784:  Hold'em No Limit ($0.50/$1.00 USD) - 2025/02/07 16:33:41 WET [2025/02/07 11:33:41 ET]
Table 'Stroobantia II' 6-max Seat #5 is the button
Seat 1: MauriFierro27 ($164.78 in chips) is sitting out
Seat 2: coeeeelho ($100 in chips) 
Seat 3: Alinyr ($117.87 in chips) 
Seat 4: easy_sarcasm ($110.50 in chips) 
Seat 5: PayTaxOrDie ($100 in chips) 
Seat 6: Rysiff ($133.64 in chips) 
Rysiff: posts small blind $0.50
MauriFierro27: is sitting out 
coeeeelho: posts big blind $1
*** HOLE CARDS ***
MauriFierro27 leaves the table
Alinyr: folds 
easy_sarcasm: folds 
PayTaxOrDie: folds 
Rysiff: raises $2 to $3
coeeeelho: folds 
Uncalled bet ($2) returned to Rysiff
Rysiff collected $2 from pot
Rysiff: doesn't show hand 
*** SUMMARY ***
Total pot $2 | Rake $0 
Seat 1: MauriFierro27
Seat 2: coeeeelho (big blind) folded before Flop
Seat 3: Alinyr folded before Flop (didn't bet)
Seat 4: easy_sarcasm folded before Flop (didn't bet)
Seat 5: PayTaxOrDie (button) folded before Flop (didn't bet)
Seat 6: Rysiff (small blind) collected ($2)



PokerStars Hand #254751162874:  Hold'em No Limit ($0.50/$1.00 USD) - 2025/02/07 16:33:59 WET [2025/02/07 11:33:59 ET]
Table 'Stroobantia II' 6-max Seat #6 is the button
Seat 3: Alinyr ($117.87 in chips) is sitting out
Seat 4: easy_sarcasm ($110.50 in chips) is sitting out
Seat 2: coeeeelho ($100 in chips) 
Seat 5: PayTaxOrDie ($100 in chips) 
Seat 6: Rysiff ($134.64 in chips) 
coeeeelho: posts small blind $0.50
Alinyr: is sitting out 
easy_sarcasm: is sitting out 
PayTaxOrDie: posts big blind $1
*** HOLE CARDS ***
Rysiff: raises $1.50 to $2.50
easy_sarcasm leaves the table
coeeeelho: folds 
PayTaxOrDie: folds 
Uncalled bet ($1.50) returned to Rysiff
Alinyr leaves the table
Rysiff collected $2.50 from pot
Rysiff: doesn't show hand 
*** SUMMARY ***
Total pot $2.50 | Rake $0 
Seat 3: Alinyr
Seat 4: easy_sarcasm
Seat 2: coeeeelho (small blind) folded before Flop
Seat 5: PayTaxOrDie (big blind) folded before Flop
Seat 6: Rysiff (button) collected ($2.50)



PokerStars Hand #254751165229:  Hold'em No Limit ($0.50/$1.00 USD) - 2025/02/07 16:34:09 WET [2025/02/07 11:34:09 ET]
Table 'Stroobantia II' 6-max Seat #2 is the button
Seat 2: coeeeelho ($100 in chips) 
Seat 5: PayTaxOrDie ($100 in chips) 
Seat 6: Rysiff ($136.14 in chips) 
PayTaxOrDie: posts small blind $0.50
Rysiff: posts big blind $1
*** HOLE CARDS ***
coeeeelho: raises $1.50 to $2.50
PayTaxOrDie: folds 
Rysiff: calls $1.50
*** FLOP *** [9s Jh Qc]
Rysiff: checks 
coeeeelho: bets $2.61
Rysiff: folds 
Uncalled bet ($2.61) returned to coeeeelho
coeeeelho collected $5.22 from pot
*** SUMMARY ***
Total pot $5.50 | Rake $0.28 
Board [9s Jh Qc]
Seat 2: coeeeelho (button) collected ($5.22)
Seat 5: PayTaxOrDie (small blind) folded before Flop
Seat 6: Rysiff (big blind) folded on the Flop



PokerStars Hand #254751175730:  Hold'em No Limit ($0.50/$1.00 USD) - 2025/02/07 16:34:55 WET [2025/02/07 11:34:55 ET]
Table 'Stroobantia II' 6-max Seat #3 is the button
Seat 1: LewisNeilson97 ($29.16 in chips) 
Seat 2: coeeeelho ($102.72 in chips) 
Seat 3: 7bekon7 ($100 in chips) 
Seat 4: CichiChanMarian ($100 in chips) 
Seat 5: sta$igk ($100 in chips) 
Seat 6: Rysiff ($133.64 in chips) 
CichiChanMarian: posts small blind $0.50
sta$igk: posts big blind $1
*** HOLE CARDS ***
Rysiff: folds 
LewisNeilson97: folds 
coeeeelho: folds 
7bekon7: folds 
CichiChanMarian: folds 
Uncalled bet ($0.50) returned to sta$igk
sta$igk collected $1 from pot
sta$igk: doesn't show hand 
*** SUMMARY ***
Total pot $1 | Rake $0 
Seat 1: LewisNeilson97 folded before Flop (didn't bet)
Seat 2: coeeeelho folded before Flop (didn't bet)
Seat 3: 7bekon7 (button) folded before Flop (didn't bet)
Seat 4: CichiChanMarian (small blind) folded before Flop
Seat 5: sta$igk (big blind) collected ($1)
Seat 6: Rysiff folded before Flop (didn't bet)



PokerStars Hand #254751178529:  Hold'em No Limit ($0.50/$1.00 USD) - 2025/02/07 16:35:07 WET [2025/02/07 11:35:07 ET]
Table 'Stroobantia II' 6-max Seat #4 is the button
Seat 1: LewisNeilson97 ($29.16 in chips) 
Seat 2: coeeeelho ($102.72 in chips) 
Seat 3: 7bekon7 ($100 in chips) 
Seat 4: CichiChanMarian ($100 in chips) 
Seat 5: sta$igk ($100.50 in chips) 
Seat 6: Rysiff ($133.64 in chips) 
sta$igk: posts small blind $0.50
Rysiff: posts big blind $1
*** HOLE CARDS ***
LewisNeilson97: folds 
coeeeelho: folds 
7bekon7: folds 
CichiChanMarian: raises $1.50 to $2.50
sta$igk: folds 
Rysiff: calls $1.50
*** FLOP *** [Jh 7d 3c]
Rysiff: checks 
CichiChanMarian: bets $1.72
Rysiff: raises $4.33 to $6.05
CichiChanMarian: calls $4.33
*** TURN *** [Jh 7d 3c] [8h]
Rysiff: bets $13.38
CichiChanMarian: folds 
Uncalled bet ($13.38) returned to Rysiff
Rysiff collected $16.72 from pot
Rysiff: doesn't show hand 
*** SUMMARY ***
Total pot $17.60 | Rake $0.88 
Board [Jh 7d 3c 8h]
Seat 1: LewisNeilson97 folded before Flop (didn't bet)
Seat 2: coeeeelho folded before Flop (didn't bet)
Seat 3: 7bekon7 folded before Flop (didn't bet)
Seat 4: CichiChanMarian (button) folded on the Turn
Seat 5: sta$igk (small blind) folded before Flop
Seat 6: Rysiff (big blind) collected ($16.72)



PokerStars Hand #254751195247:  Hold'em No Limit ($0.50/$1.00 USD) - 2025/02/07 16:36:19 WET [2025/02/07 11:36:19 ET]
Table 'Stroobantia II' 6-max Seat #5 is the button
Seat 1: LewisNeilson97 ($29.16 in chips) 
Seat 2: coeeeelho ($102.72 in chips) 
Seat 3: 7bekon7 ($100 in chips) 
Seat 4: CichiChanMarian ($100 in chips) 
Seat 5: sta$igk ($100 in chips) 
Seat 6: Rysiff ($141.81 in chips) 
Rysiff: posts small blind $0.50
LewisNeilson97: posts big blind $1
*** HOLE CARDS ***
coeeeelho: folds 
7bekon7: folds 
CichiChanMarian: folds 
sta$igk: folds 
Rysiff: raises $2 to $3
LewisNeilson97: folds 
Uncalled bet ($2) returned to Rysiff
Rysiff collected $2 from pot
Rysiff: doesn't show hand 
*** SUMMARY ***
Total pot $2 | Rake $0 
Seat 1: LewisNeilson97 (big blind) folded before Flop
Seat 2: coeeeelho folded before Flop (didn't bet)
Seat 3: 7bekon7 folded before Flop (didn't bet)
Seat 4: CichiChanMarian folded before Flop (didn't bet)
Seat 5: sta$igk (button) folded before Flop (didn't bet)
Seat 6: Rysiff (small blind) collected ($2)



PokerStars Hand #254751201660:  Hold'em No Limit ($0.50/$1.00 USD) - 2025/02/07 16:36:46 WET [2025/02/07 11:36:46 ET]
Table 'Stroobantia II' 6-max Seat #6 is the button
Seat 1: LewisNeilson97 ($28.16 in chips) 
Seat 2: coeeeelho ($102.72 in chips) 
Seat 3: 7bekon7 ($100 in chips) 
Seat 4: CichiChanMarian ($100 in chips) 
Seat 5: sta$igk ($100 in chips) 
Seat 6: Rysiff ($142.81 in chips) 
LewisNeilson97: posts small blind $0.50
coeeeelho: posts big blind $1
*** HOLE CARDS ***
7bekon7: folds 
CichiChanMarian: raises $1.50 to $2.50
sta$igk: folds 
Rysiff: folds 
LewisNeilson97: folds 
coeeeelho: folds 
Uncalled bet ($1.50) returned to CichiChanMarian
CichiChanMarian collected $2.50 from pot
CichiChanMarian: doesn't show hand 
*** SUMMARY ***
Total pot $2.50 | Rake $0 
Seat 1: LewisNeilson97 (small blind) folded before Flop
Seat 2: coeeeelho (big blind) folded before Flop
Seat 3: 7bekon7 folded before Flop (didn't bet)
Seat 4: CichiChanMarian collected ($2.50)
Seat 5: sta$igk folded before Flop (didn't bet)
Seat 6: Rysiff (button) folded before Flop (didn't bet)



PokerStars Hand #254751205383:  Hold'em No Limit ($0.50/$1.00 USD) - 2025/02/07 16:37:02 WET [2025/02/07 11:37:02 ET]
Table 'Stroobantia II' 6-max Seat #1 is the button
Seat 1: LewisNeilson97 ($27.66 in chips) 
Seat 2: coeeeelho ($101.72 in chips) 
Seat 3: 7bekon7 ($100 in chips) 
Seat 4: CichiChanMarian ($101.50 in chips) 
Seat 5: sta$igk ($100 in chips) 
Seat 6: Rysiff ($142.81 in chips) 
coeeeelho: posts small blind $0.50
7bekon7: posts big blind $1
*** HOLE CARDS ***
CichiChanMarian: folds 
sta$igk: folds 
Rysiff: folds 
LewisNeilson97: calls $1
coeeeelho: folds 
7bekon7: raises $3 to $4
LewisNeilson97: calls $3
*** FLOP *** [Ad 5d 2s]
7bekon7: bets $2.02
LewisNeilson97: calls $2.02
*** TURN *** [Ad 5d 2s] [9s]
7bekon7: bets $5.96
LewisNeilson97: calls $5.96
*** RIVER *** [Ad 5d 2s 9s] [Ks]
7bekon7: bets $18
LewisNeilson97: folds 
Uncalled bet ($18) returned to 7bekon7
7bekon7 collected $23.24 from pot
7bekon7: doesn't show hand 
*** SUMMARY ***
Total pot $24.46 | Rake $1.22 
Board [Ad 5d 2s 9s Ks]
Seat 1: LewisNeilson97 (button) folded on the River
Seat 2: coeeeelho (small blind) folded before Flop
Seat 3: 7bekon7 (big blind) collected ($23.24)
Seat 4: CichiChanMarian folded before Flop (didn't bet)
Seat 5: sta$igk folded before Flop (didn't bet)
Seat 6: Rysiff folded before Flop (didn't bet)



PokerStars Hand #254751269974:  Hold'em No Limit ($0.50/$1.00 USD) - 2025/02/07 16:41:41 WET [2025/02/07 11:41:41 ET]
Table 'Stroobantia II' 6-max Seat #5 is the button
Seat 1: LewisNeilson97 ($46.01 in chips) 
Seat 2: coeeeelho ($101.22 in chips) 
Seat 3: 7bekon7 ($104.50 in chips) 
Seat 4: CichiChanMarian ($100 in chips) 
Seat 5: sta$igk ($100 in chips) 
Seat 6: Rysiff ($139.31 in chips) 
Rysiff: posts small blind $0.50
LewisNeilson97: posts big blind $1
*** HOLE CARDS ***
coeeeelho: folds 
7bekon7: raises $1.50 to $2.50
CichiChanMarian: folds 
sta$igk: folds 
Rysiff: folds 
LewisNeilson97: calls $1.50
*** FLOP *** [2d Jc Kc]
LewisNeilson97: bets $3
7bekon7: calls $3
*** TURN *** [2d Jc Kc] [3h]
LewisNeilson97: checks 
7bekon7: bets $10.42
LewisNeilson97: calls $10.42
*** RIVER *** [2d Jc Kc 3h] [Ts]
LewisNeilson97: checks 
7bekon7: bets $30.22
LewisNeilson97: calls $30.09 and is all-in
Uncalled bet ($0.13) returned to 7bekon7
*** SHOW DOWN ***
7bekon7: shows [3c 3d] (three of a kind, Threes)
LewisNeilson97: shows [Ks 6s] (a pair of Kings)
7bekon7 collected $90.02 from pot
*** SUMMARY ***
Total pot $92.52 | Rake $2.50 
Board [2d Jc Kc 3h Ts]
Seat 1: LewisNeilson97 (big blind) showed [Ks 6s] and lost with a pair of Kings
Seat 2: coeeeelho folded before Flop (didn't bet)
Seat 3: 7bekon7 showed [3c 3d] and won ($90.02) with three of a kind, Threes
Seat 4: CichiChanMarian folded before Flop (didn't bet)
Seat 5: sta$igk (button) folded before Flop (didn't bet)
Seat 6: Rysiff (small blind) folded before Flop



PokerStars Hand #254751288746:  Hold'em No Limit ($0.50/$1.00 USD) - 2025/02/07 16:43:01 WET [2025/02/07 11:43:01 ET]
Table 'Stroobantia II' 6-max Seat #6 is the button
Seat 1: LewisNeilson97 ($0 in chips) is sitting out
Seat 2: coeeeelho ($101.22 in chips) 
Seat 3: 7bekon7 ($148.51 in chips) 
Seat 4: CichiChanMarian ($100 in chips) 
Seat 5: sta$igk ($100 in chips) 
Seat 6: Rysiff ($138.81 in chips) 
coeeeelho: posts small blind $0.50
7bekon7: posts big blind $1
*** HOLE CARDS ***
LewisNeilson97 is disconnected 
CichiChanMarian: folds 
sta$igk: folds 
Rysiff: folds 
coeeeelho: raises $2 to $3
Rysiff leaves the table
7bekon7: folds 
Uncalled bet ($2) returned to coeeeelho
coeeeelho collected $2 from pot
*** SUMMARY ***
Total pot $2 | Rake $0 
Seat 1: LewisNeilson97
Seat 2: coeeeelho (small blind) collected ($2)
Seat 3: 7bekon7 (big blind) folded before Flop
Seat 4: CichiChanMarian folded before Flop (didn't bet)
Seat 5: sta$igk folded before Flop (didn't bet)
Seat 6: Rysiff (button) folded before Flop (didn't bet)



PokerStars Hand #254751295169:  Hold'em No Limit ($0.50/$1.00 USD) - 2025/02/07 16:43:29 WET [2025/02/07 11:43:29 ET]
Table 'Stroobantia II' 6-max Seat #2 is the button
Seat 1: LewisNeilson97 ($0 in chips) is sitting out
Seat 2: coeeeelho ($102.22 in chips) 
Seat 3: 7bekon7 ($147.51 in chips) 
Seat 4: CichiChanMarian ($100 in chips) 
Seat 5: sta$igk ($100 in chips) 
7bekon7: posts small blind $0.50
CichiChanMarian: posts big blind $1
*** HOLE CARDS ***
sta$igk: folds 
coeeeelho: raises $1.20 to $2.20
7bekon7: folds 
CichiChanMarian: folds 
Uncalled bet ($1.20) returned to coeeeelho
coeeeelho collected $2.50 from pot
*** SUMMARY ***
Total pot $2.50 | Rake $0 
Seat 1: LewisNeilson97
Seat 2: coeeeelho (button) collected ($2.50)
Seat 3: 7bekon7 (small blind) folded before Flop
Seat 4: CichiChanMarian (big blind) folded before Flop
Seat 5: sta$igk folded before Flop (didn't bet)



PokerStars Hand #254751300266:  Hold'em No Limit ($0.50/$1.00 USD) - 2025/02/07 16:43:50 WET [2025/02/07 11:43:50 ET]
Table 'Stroobantia II' 6-max Seat #3 is the button
Seat 1: LewisNeilson97 ($0 in chips) is sitting out
Seat 5: sta$igk ($100 in chips) is sitting out
Seat 2: coeeeelho ($103.72 in chips) 
Seat 3: 7bekon7 ($147.01 in chips) 
Seat 4: CichiChanMarian ($100 in chips) 
CichiChanMarian: posts small blind $0.50
sta$igk: is sitting out 
coeeeelho: posts big blind $1
*** HOLE CARDS ***
sta$igk leaves the table
7bekon7: folds 
CichiChanMarian: raises $2 to $3
coeeeelho: folds 
Uncalled bet ($2) returned to CichiChanMarian
CichiChanMarian collected $2 from pot
CichiChanMarian: doesn't show hand 
*** SUMMARY ***
Total pot $2 | Rake $0 
Seat 1: LewisNeilson97
Seat 5: sta$igk
Seat 2: coeeeelho (big blind) folded before Flop
Seat 3: 7bekon7 (button) folded before Flop (didn't bet)
Seat 4: CichiChanMarian (small blind) collected ($2)



PokerStars Hand #254751306235:  Hold'em No Limit ($0.50/$1.00 USD) - 2025/02/07 16:44:16 WET [2025/02/07 11:44:16 ET]
Table 'Stroobantia II' 6-max Seat #4 is the button
Seat 1: LewisNeilson97 ($0 in chips) is sitting out
Seat 2: coeeeelho ($102.72 in chips) 
Seat 3: 7bekon7 ($147.01 in chips) 
Seat 4: CichiChanMarian ($101 in chips) 
coeeeelho: posts small blind $0.50
7bekon7: posts big blind $1
*** HOLE CARDS ***
CichiChanMarian: folds 
coeeeelho: raises $2 to $3
7bekon7: raises $6 to $9
coeeeelho: calls $6
*** FLOP *** [Tc 2s 6s]
coeeeelho: checks 
7bekon7: bets $8.55
coeeeelho: raises $16.45 to $25
7bekon7: folds 
Uncalled bet ($16.45) returned to coeeeelho
coeeeelho collected $34.10 from pot
*** SUMMARY ***
Total pot $35.10 | Rake $1 
Board [Tc 2s 6s]
Seat 1: LewisNeilson97
Seat 2: coeeeelho (small blind) collected ($34.10)
Seat 3: 7bekon7 (big blind) folded on the Flop
Seat 4: CichiChanMarian (button) folded before Flop (didn't bet)



PokerStars Hand #254751327446:  Hold'em No Limit ($0.50/$1.00 USD) - 2025/02/07 16:45:45 WET [2025/02/07 11:45:45 ET]
Table 'Stroobantia II' 6-max Seat #6 is the button
Seat 1: LewisNeilson97 ($0 in chips) is sitting out
Seat 2: coeeeelho ($119.27 in chips) is sitting out
Seat 3: 7bekon7 ($129.46 in chips) is sitting out
Seat 5: Steve18212627 ($100 in chips) 
Seat 6: Ysiven ($100 in chips) 
Ysiven: posts small blind $0.50
7bekon7: is sitting out 
Steve18212627: posts big blind $1
*** HOLE CARDS ***
Ysiven: folds 
Uncalled bet ($0.50) returned to Steve18212627
Steve18212627 collected $1 from pot
7bekon7 leaves the table
*** SUMMARY ***
Total pot $1 | Rake $0 
Seat 1: LewisNeilson97
Seat 2: coeeeelho
Seat 3: 7bekon7
Seat 5: Steve18212627 (big blind) collected ($1)
Seat 6: Ysiven (button) (small blind) folded before Flop



PokerStars Hand #254751328966:  Hold'em No Limit ($0.50/$1.00 USD) - 2025/02/07 16:45:52 WET [2025/02/07 11:45:52 ET]
Table 'Stroobantia II' 6-max Seat #5 is the button
Seat 1: LewisNeilson97 ($0 in chips) is sitting out
Seat 2: coeeeelho ($119.27 in chips) is sitting out
Seat 5: Steve18212627 ($100.50 in chips) 
Seat 6: Ysiven ($100 in chips) 
Steve18212627: posts small blind $0.50
Ysiven: posts big blind $1
*** HOLE CARDS ***
Steve18212627: folds 
Uncalled bet ($0.50) returned to Ysiven
Steve18212627 leaves the table
Ysiven collected $1 from pot
Ysiven: doesn't show hand 
*** SUMMARY ***
Total pot $1 | Rake $0 
Seat 1: LewisNeilson97
Seat 2: coeeeelho
Seat 5: Steve18212627 (button) (small blind) folded before Flop
Seat 6: Ysiven (big blind) collected ($1)



