PokerStars Hand #254748425030:  Hold'em No Limit ($0.50/$1.00 USD) - 2025/02/07 12:20:23 WET [2025/02/07 7:20:23 ET]
Table 'Ginevra II' 6-max Seat #2 is the button
Seat 5: Ydys20 ($100 in chips) is sitting out
Seat 6: Koszi90 ($100 in chips) is sitting out
Seat 1: raiseinthedarkk ($100 in chips) 
Seat 2: shaunj89124 ($80 in chips) 
Seat 3: Melenya ($105.83 in chips) 
Seat 4: Rdalonso ($100 in chips) 
Melenya: posts small blind $0.50
Rdalonso: posts big blind $1
Ydys20: sits out 
Koszi90: sits out 
*** HOLE CARDS ***
raiseinthedarkk: folds 
shaunj89124: folds 
Melenya: raises $2 to $3
Rdalonso: calls $2
*** FLOP *** [2h 7h 2s]
Melenya: bets $1.90
Rdalonso: calls $1.90
*** TURN *** [2h 7h 2s] [6h]
Melenya: bets $6.98
Rdalonso: folds 
Uncalled bet ($6.98) returned to Melenya
Melenya collected $9.31 from pot
Melenya: doesn't show hand 
*** SUMMARY ***
Total pot $9.80 | Rake $0.49 
Board [2h 7h 2s 6h]
Seat 5: Ydys20
Seat 6: Koszi90
Seat 1: raiseinthedarkk folded before Flop (didn't bet)
Seat 2: shaunj89124 (button) folded before Flop (didn't bet)
Seat 3: Melenya (small blind) collected ($9.31)
Seat 4: Rdalonso (big blind) folded on the Turn



PokerStars Hand #254748433394:  Hold'em No Limit ($0.50/$1.00 USD) - 2025/02/07 12:21:24 WET [2025/02/07 7:21:24 ET]
Table 'Ginevra II' 6-max Seat #3 is the button
Seat 6: Koszi90 ($100 in chips) is sitting out
Seat 1: raiseinthedarkk ($100 in chips) 
Seat 2: shaunj89124 ($80 in chips) 
Seat 3: Melenya ($110.24 in chips) 
Seat 4: Rdalonso ($100 in chips) 
Seat 5: Ydys20 ($100 in chips) 
Rdalonso: posts small blind $0.50
Ydys20: posts big blind $1
Koszi90: sits out 
*** HOLE CARDS ***
raiseinthedarkk: folds 
shaunj89124: raises $1 to $2
Melenya: folds 
Rdalonso: folds 
Ydys20: folds 
Uncalled bet ($1) returned to shaunj89124
shaunj89124 collected $2.50 from pot
*** SUMMARY ***
Total pot $2.50 | Rake $0 
Seat 6: Koszi90
Seat 1: raiseinthedarkk folded before Flop (didn't bet)
Seat 2: shaunj89124 collected ($2.50)
Seat 3: Melenya (button) folded before Flop (didn't bet)
Seat 4: Rdalonso (small blind) folded before Flop
Seat 5: Ydys20 (big blind) folded before Flop



PokerStars Hand #254748436181:  Hold'em No Limit ($0.50/$1.00 USD) - 2025/02/07 12:21:44 WET [2025/02/07 7:21:44 ET]
Table 'Ginevra II' 6-max Seat #4 is the button
Seat 1: raiseinthedarkk ($100 in chips) 
Seat 2: shaunj89124 ($81.50 in chips) 
Seat 3: Melenya ($110.24 in chips) 
Seat 4: Rdalonso ($100 in chips) 
Seat 5: Ydys20 ($100 in chips) 
Seat 6: Koszi90 ($100 in chips) 
Ydys20: posts small blind $0.50
Koszi90: posts big blind $1
*** HOLE CARDS ***
raiseinthedarkk: folds 
shaunj89124: raises $1 to $2
Melenya: folds 
Rdalonso: folds 
Ydys20: folds 
Koszi90: calls $1
*** FLOP *** [3h Jc Jd]
Koszi90: checks 
shaunj89124: checks 
*** TURN *** [3h Jc Jd] [9c]
Koszi90: checks 
shaunj89124: bets $2.14
Koszi90: raises $10.36 to $12.50
shaunj89124: folds 
Uncalled bet ($10.36) returned to Koszi90
Koszi90 collected $8.34 from pot
Koszi90: doesn't show hand 
*** SUMMARY ***
Total pot $8.78 | Rake $0.44 
Board [3h Jc Jd 9c]
Seat 1: raiseinthedarkk folded before Flop (didn't bet)
Seat 2: shaunj89124 folded on the Turn
Seat 3: Melenya folded before Flop (didn't bet)
Seat 4: Rdalonso (button) folded before Flop (didn't bet)
Seat 5: Ydys20 (small blind) folded before Flop
Seat 6: Koszi90 (big blind) collected ($8.34)



PokerStars Hand #254748443435:  Hold'em No Limit ($0.50/$1.00 USD) - 2025/02/07 12:22:38 WET [2025/02/07 7:22:38 ET]
Table 'Ginevra II' 6-max Seat #5 is the button
Seat 1: raiseinthedarkk ($100 in chips) is sitting out
Seat 2: shaunj89124 ($77.36 in chips) 
Seat 3: Melenya ($110.24 in chips) 
Seat 4: Rdalonso ($100 in chips) 
Seat 5: Ydys20 ($100 in chips) 
Seat 6: Koszi90 ($104.20 in chips) 
Koszi90: posts small blind $0.50
raiseinthedarkk: is sitting out 
shaunj89124: posts big blind $1
*** HOLE CARDS ***
Melenya: folds 
Rdalonso: folds 
Ydys20: raises $1.50 to $2.50
Koszi90: folds 
shaunj89124: calls $1.50
*** FLOP *** [Td 6s 5c]
shaunj89124: checks 
Ydys20: checks 
*** TURN *** [Td 6s 5c] [7h]
shaunj89124: checks 
Ydys20: bets $7.83
shaunj89124: calls $7.83
*** RIVER *** [Td 6s 5c 7h] [4c]
shaunj89124: checks 
Ydys20: checks 
*** SHOW DOWN ***
shaunj89124: shows [Ad 7d] (a pair of Sevens)
Ydys20: shows [8c 9c] (a straight, Six to Ten)
Ydys20 collected $20.10 from pot
*** SUMMARY ***
Total pot $21.16 | Rake $1.06 
Board [Td 6s 5c 7h 4c]
Seat 1: raiseinthedarkk
Seat 2: shaunj89124 (big blind) showed [Ad 7d] and lost with a pair of Sevens
Seat 3: Melenya folded before Flop (didn't bet)
Seat 4: Rdalonso folded before Flop (didn't bet)
Seat 5: Ydys20 (button) showed [8c 9c] and won ($20.10) with a straight, Six to Ten
Seat 6: Koszi90 (small blind) folded before Flop



PokerStars Hand #254748453675:  Hold'em No Limit ($0.50/$1.00 USD) - 2025/02/07 12:23:52 WET [2025/02/07 7:23:52 ET]
Table 'Ginevra II' 6-max Seat #6 is the button
Seat 1: raiseinthedarkk ($100 in chips) is sitting out
Seat 2: shaunj89124 ($67.03 in chips) 
Seat 3: Melenya ($110.24 in chips) 
Seat 4: Rdalonso ($100 in chips) 
Seat 5: Ydys20 ($109.77 in chips) 
Seat 6: Koszi90 ($103.70 in chips) 
shaunj89124: posts small blind $0.50
Melenya: posts big blind $1
*** HOLE CARDS ***
Rdalonso: folds 
Ydys20: folds 
Koszi90: raises $1.50 to $2.50
shaunj89124: calls $2
Melenya: folds 
*** FLOP *** [Ac Th 6h]
shaunj89124: checks 
Koszi90: bets $1.88
shaunj89124: folds 
Uncalled bet ($1.88) returned to Koszi90
Koszi90 collected $5.70 from pot
Koszi90: doesn't show hand 
*** SUMMARY ***
Total pot $6 | Rake $0.30 
Board [Ac Th 6h]
Seat 1: raiseinthedarkk
Seat 2: shaunj89124 (small blind) folded on the Flop
Seat 3: Melenya (big blind) folded before Flop
Seat 4: Rdalonso folded before Flop (didn't bet)
Seat 5: Ydys20 folded before Flop (didn't bet)
Seat 6: Koszi90 (button) collected ($5.70)



PokerStars Hand #254748457069:  Hold'em No Limit ($0.50/$1.00 USD) - 2025/02/07 12:24:17 WET [2025/02/07 7:24:17 ET]
Table 'Ginevra II' 6-max Seat #2 is the button
Seat 1: raiseinthedarkk ($100 in chips) is sitting out
Seat 2: shaunj89124 ($64.53 in chips) 
Seat 3: Melenya ($109.24 in chips) 
Seat 4: Rdalonso ($100 in chips) 
Seat 5: Ydys20 ($109.77 in chips) 
Seat 6: Koszi90 ($106.90 in chips) 
Melenya: posts small blind $0.50
Rdalonso: posts big blind $1
raiseinthedarkk: sits out 
*** HOLE CARDS ***
Ydys20: raises $1.20 to $2.20
Koszi90: folds 
shaunj89124: folds 
Melenya: folds 
Rdalonso: folds 
Uncalled bet ($1.20) returned to Ydys20
Ydys20 collected $2.50 from pot
Ydys20: doesn't show hand 
*** SUMMARY ***
Total pot $2.50 | Rake $0 
Seat 1: raiseinthedarkk
Seat 2: shaunj89124 (button) folded before Flop (didn't bet)
Seat 3: Melenya (small blind) folded before Flop
Seat 4: Rdalonso (big blind) folded before Flop
Seat 5: Ydys20 collected ($2.50)
Seat 6: Koszi90 folded before Flop (didn't bet)



PokerStars Hand #254748459290:  Hold'em No Limit ($0.50/$1.00 USD) - 2025/02/07 12:24:33 WET [2025/02/07 7:24:33 ET]
Table 'Ginevra II' 6-max Seat #3 is the button
Seat 1: raiseinthedarkk ($100 in chips) is sitting out
Seat 2: shaunj89124 ($64.53 in chips) 
Seat 3: Melenya ($108.74 in chips) 
Seat 4: Rdalonso ($100 in chips) 
Seat 5: Ydys20 ($111.27 in chips) 
Seat 6: Koszi90 ($106.90 in chips) 
Rdalonso: posts small blind $0.50
Ydys20: posts big blind $1
raiseinthedarkk: sits out 
*** HOLE CARDS ***
Koszi90: folds 
shaunj89124: folds 
Melenya: folds 
Rdalonso: raises $2 to $3
Ydys20: folds 
Uncalled bet ($2) returned to Rdalonso
Rdalonso collected $2 from pot
Rdalonso: doesn't show hand 
*** SUMMARY ***
Total pot $2 | Rake $0 
Seat 1: raiseinthedarkk
Seat 2: shaunj89124 folded before Flop (didn't bet)
Seat 3: Melenya (button) folded before Flop (didn't bet)
Seat 4: Rdalonso (small blind) collected ($2)
Seat 5: Ydys20 (big blind) folded before Flop
Seat 6: Koszi90 folded before Flop (didn't bet)



PokerStars Hand #254748461237:  Hold'em No Limit ($0.50/$1.00 USD) - 2025/02/07 12:24:47 WET [2025/02/07 7:24:47 ET]
Table 'Ginevra II' 6-max Seat #4 is the button
Seat 1: raiseinthedarkk ($100 in chips) is sitting out
Seat 2: shaunj89124 ($64.53 in chips) 
Seat 3: Melenya ($108.74 in chips) 
Seat 4: Rdalonso ($101 in chips) 
Seat 5: Ydys20 ($110.27 in chips) 
Seat 6: Koszi90 ($106.90 in chips) 
Ydys20: posts small blind $0.50
Koszi90: posts big blind $1
raiseinthedarkk: sits out 
*** HOLE CARDS ***
shaunj89124: folds 
Melenya: raises $1.30 to $2.30
Rdalonso: folds 
Ydys20: folds 
Koszi90: folds 
Uncalled bet ($1.30) returned to Melenya
Melenya collected $2.50 from pot
Melenya: doesn't show hand 
*** SUMMARY ***
Total pot $2.50 | Rake $0 
Seat 1: raiseinthedarkk
Seat 2: shaunj89124 folded before Flop (didn't bet)
Seat 3: Melenya collected ($2.50)
Seat 4: Rdalonso (button) folded before Flop (didn't bet)
Seat 5: Ydys20 (small blind) folded before Flop
Seat 6: Koszi90 (big blind) folded before Flop



PokerStars Hand #254748463059:  Hold'em No Limit ($0.50/$1.00 USD) - 2025/02/07 12:25:00 WET [2025/02/07 7:25:00 ET]
Table 'Ginevra II' 6-max Seat #5 is the button
Seat 1: raiseinthedarkk ($100 in chips) 
Seat 2: shaunj89124 ($64.53 in chips) 
Seat 3: Melenya ($110.24 in chips) 
Seat 4: Rdalonso ($101 in chips) 
Seat 5: Ydys20 ($109.77 in chips) 
Seat 6: Koszi90 ($105.90 in chips) 
Koszi90: posts small blind $0.50
raiseinthedarkk: posts big blind $1
*** HOLE CARDS ***
shaunj89124: folds 
Melenya: raises $1 to $2
Rdalonso: folds 
Ydys20: folds 
Koszi90: raises $10 to $12
raiseinthedarkk: folds 
Melenya: folds 
Uncalled bet ($10) returned to Koszi90
Koszi90 collected $5 from pot
Koszi90: doesn't show hand 
*** SUMMARY ***
Total pot $5 | Rake $0 
Seat 1: raiseinthedarkk (big blind) folded before Flop
Seat 2: shaunj89124 folded before Flop (didn't bet)
Seat 3: Melenya folded before Flop
Seat 4: Rdalonso folded before Flop (didn't bet)
Seat 5: Ydys20 (button) folded before Flop (didn't bet)
Seat 6: Koszi90 (small blind) collected ($5)



PokerStars Hand #254748467937:  Hold'em No Limit ($0.50/$1.00 USD) - 2025/02/07 12:25:35 WET [2025/02/07 7:25:35 ET]
Table 'Ginevra II' 6-max Seat #6 is the button
Seat 1: raiseinthedarkk ($100 in chips) 
Seat 2: shaunj89124 ($64.53 in chips) 
Seat 3: Melenya ($108.24 in chips) 
Seat 4: Rdalonso ($101 in chips) 
Seat 5: Ydys20 ($109.77 in chips) 
Seat 6: Koszi90 ($108.90 in chips) 
raiseinthedarkk: posts small blind $0.50
shaunj89124: posts big blind $1
*** HOLE CARDS ***
Melenya: folds 
Rdalonso: folds 
Ydys20: folds 
Koszi90: raises $1.50 to $2.50
raiseinthedarkk: folds 
shaunj89124: folds 
Uncalled bet ($1.50) returned to Koszi90
Koszi90 collected $2.50 from pot
Koszi90: doesn't show hand 
*** SUMMARY ***
Total pot $2.50 | Rake $0 
Seat 1: raiseinthedarkk (small blind) folded before Flop
Seat 2: shaunj89124 (big blind) folded before Flop
Seat 3: Melenya folded before Flop (didn't bet)
Seat 4: Rdalonso folded before Flop (didn't bet)
Seat 5: Ydys20 folded before Flop (didn't bet)
Seat 6: Koszi90 (button) collected ($2.50)



PokerStars Hand #254748472515:  Hold'em No Limit ($0.50/$1.00 USD) - 2025/02/07 12:26:08 WET [2025/02/07 7:26:08 ET]
Table 'Ginevra II' 6-max Seat #1 is the button
Seat 1: raiseinthedarkk ($100 in chips) 
Seat 2: shaunj89124 ($63.53 in chips) 
Seat 3: Melenya ($108.24 in chips) 
Seat 4: Rdalonso ($101 in chips) 
Seat 5: Ydys20 ($109.77 in chips) 
Seat 6: Koszi90 ($110.40 in chips) 
shaunj89124: posts small blind $0.50
Melenya: posts big blind $1
*** HOLE CARDS ***
Rdalonso: folds 
Ydys20: folds 
Koszi90: raises $1.20 to $2.20
raiseinthedarkk: folds 
shaunj89124: calls $1.70
Melenya: folds 
*** FLOP *** [4d 6s 6h]
shaunj89124: checks 
Koszi90: bets $2.82
shaunj89124: calls $2.82
*** TURN *** [4d 6s 6h] [Jh]
shaunj89124: checks 
Koszi90: bets $6.50
shaunj89124: folds 
Uncalled bet ($6.50) returned to Koszi90
Koszi90 collected $10.49 from pot
Koszi90: doesn't show hand 
*** SUMMARY ***
Total pot $11.04 | Rake $0.55 
Board [4d 6s 6h Jh]
Seat 1: raiseinthedarkk (button) folded before Flop (didn't bet)
Seat 2: shaunj89124 (small blind) folded on the Turn
Seat 3: Melenya (big blind) folded before Flop
Seat 4: Rdalonso folded before Flop (didn't bet)
Seat 5: Ydys20 folded before Flop (didn't bet)
Seat 6: Koszi90 collected ($10.49)



PokerStars Hand #254748477926:  Hold'em No Limit ($0.50/$1.00 USD) - 2025/02/07 12:26:48 WET [2025/02/07 7:26:48 ET]
Table 'Ginevra II' 6-max Seat #2 is the button
Seat 1: raiseinthedarkk ($100 in chips) 
Seat 2: shaunj89124 ($58.51 in chips) 
Seat 3: Melenya ($107.24 in chips) 
Seat 4: Rdalonso ($101 in chips) 
Seat 5: Ydys20 ($109.77 in chips) 
Seat 6: Koszi90 ($115.87 in chips) 
Melenya: posts small blind $0.50
Rdalonso: posts big blind $1
*** HOLE CARDS ***
Ydys20: raises $1.20 to $2.20
Koszi90: folds 
raiseinthedarkk: folds 
shaunj89124: folds 
Melenya: raises $9.80 to $12
Rdalonso: folds 
Ydys20: folds 
Uncalled bet ($9.80) returned to Melenya
Melenya collected $5.40 from pot
Melenya: doesn't show hand 
*** SUMMARY ***
Total pot $5.40 | Rake $0 
Seat 1: raiseinthedarkk folded before Flop (didn't bet)
Seat 2: shaunj89124 (button) folded before Flop (didn't bet)
Seat 3: Melenya (small blind) collected ($5.40)
Seat 4: Rdalonso (big blind) folded before Flop
Seat 5: Ydys20 folded before Flop
Seat 6: Koszi90 folded before Flop (didn't bet)



PokerStars Hand #254748485458:  Hold'em No Limit ($0.50/$1.00 USD) - 2025/02/07 12:27:43 WET [2025/02/07 7:27:43 ET]
Table 'Ginevra II' 6-max Seat #3 is the button
Seat 1: raiseinthedarkk ($100 in chips) 
Seat 2: shaunj89124 ($58.51 in chips) 
Seat 3: Melenya ($110.44 in chips) 
Seat 4: Rdalonso ($100 in chips) 
Seat 5: Ydys20 ($107.57 in chips) 
Seat 6: Koszi90 ($115.87 in chips) 
Rdalonso: posts small blind $0.50
Ydys20: posts big blind $1
*** HOLE CARDS ***
Koszi90: raises $1.20 to $2.20
raiseinthedarkk: folds 
shaunj89124: folds 
Melenya: folds 
Rdalonso: folds 
Ydys20: folds 
Uncalled bet ($1.20) returned to Koszi90
Koszi90 collected $2.50 from pot
Koszi90: doesn't show hand 
*** SUMMARY ***
Total pot $2.50 | Rake $0 
Seat 1: raiseinthedarkk folded before Flop (didn't bet)
Seat 2: shaunj89124 folded before Flop (didn't bet)
Seat 3: Melenya (button) folded before Flop (didn't bet)
Seat 4: Rdalonso (small blind) folded before Flop
Seat 5: Ydys20 (big blind) folded before Flop
Seat 6: Koszi90 collected ($2.50)



PokerStars Hand #254748489298:  Hold'em No Limit ($0.50/$1.00 USD) - 2025/02/07 12:28:10 WET [2025/02/07 7:28:10 ET]
Table 'Ginevra II' 6-max Seat #4 is the button
Seat 1: raiseinthedarkk ($100 in chips) 
Seat 2: shaunj89124 ($58.51 in chips) 
Seat 3: Melenya ($110.44 in chips) 
Seat 4: Rdalonso ($100 in chips) 
Seat 5: Ydys20 ($106.57 in chips) 
Seat 6: Koszi90 ($117.37 in chips) 
Ydys20: posts small blind $0.50
Koszi90: posts big blind $1
*** HOLE CARDS ***
raiseinthedarkk: folds 
shaunj89124: raises $1 to $2
Melenya: folds 
raiseinthedarkk leaves the table
Rdalonso: folds 
Ydys20: folds 
Koszi90: folds 
Uncalled bet ($1) returned to shaunj89124
shaunj89124 collected $2.50 from pot
*** SUMMARY ***
Total pot $2.50 | Rake $0 
Seat 1: raiseinthedarkk folded before Flop (didn't bet)
Seat 2: shaunj89124 collected ($2.50)
Seat 3: Melenya folded before Flop (didn't bet)
Seat 4: Rdalonso (button) folded before Flop (didn't bet)
Seat 5: Ydys20 (small blind) folded before Flop
Seat 6: Koszi90 (big blind) folded before Flop



PokerStars Hand #254748491254:  Hold'em No Limit ($0.50/$1.00 USD) - 2025/02/07 12:28:24 WET [2025/02/07 7:28:24 ET]
Table 'Ginevra II' 6-max Seat #5 is the button
Seat 2: shaunj89124 ($60.01 in chips) 
Seat 3: Melenya ($110.44 in chips) 
Seat 4: Rdalonso ($100 in chips) 
Seat 5: Ydys20 ($106.07 in chips) 
Seat 6: Koszi90 ($116.37 in chips) 
Koszi90: posts small blind $0.50
shaunj89124: posts big blind $1
*** HOLE CARDS ***
Melenya: folds 
Rdalonso: folds 
BoyLoc0 joins the table at seat #1 
Ydys20: folds 
Koszi90: folds 
Uncalled bet ($0.50) returned to shaunj89124
shaunj89124 collected $1 from pot
*** SUMMARY ***
Total pot $1 | Rake $0 
Seat 2: shaunj89124 (big blind) collected ($1)
Seat 3: Melenya folded before Flop (didn't bet)
Seat 4: Rdalonso folded before Flop (didn't bet)
Seat 5: Ydys20 (button) folded before Flop (didn't bet)
Seat 6: Koszi90 (small blind) folded before Flop



PokerStars Hand #254748492355:  Hold'em No Limit ($0.50/$1.00 USD) - 2025/02/07 12:28:32 WET [2025/02/07 7:28:32 ET]
Table 'Ginevra II' 6-max Seat #6 is the button
Seat 1: BoyLoc0 ($100 in chips) is sitting out
Seat 2: shaunj89124 ($60.51 in chips) 
Seat 3: Melenya ($110.44 in chips) 
Seat 4: Rdalonso ($100 in chips) 
Seat 5: Ydys20 ($106.07 in chips) 
Seat 6: Koszi90 ($115.87 in chips) 
shaunj89124: posts small blind $0.50
Melenya: posts big blind $1
*** HOLE CARDS ***
Rdalonso: folds 
Ydys20: raises $1.50 to $2.50
Koszi90: folds 
shaunj89124: calls $2
Melenya: folds 
*** FLOP *** [Qd Th Ad]
shaunj89124: checks 
Ydys20: bets $1.88
shaunj89124: folds 
Uncalled bet ($1.88) returned to Ydys20
Ydys20 collected $5.70 from pot
Ydys20: doesn't show hand 
*** SUMMARY ***
Total pot $6 | Rake $0.30 
Board [Qd Th Ad]
Seat 1: BoyLoc0
Seat 2: shaunj89124 (small blind) folded on the Flop
Seat 3: Melenya (big blind) folded before Flop
Seat 4: Rdalonso folded before Flop (didn't bet)
Seat 5: Ydys20 collected ($5.70)
Seat 6: Koszi90 (button) folded before Flop (didn't bet)



PokerStars Hand #254748495646:  Hold'em No Limit ($0.50/$1.00 USD) - 2025/02/07 12:28:56 WET [2025/02/07 7:28:56 ET]
Table 'Ginevra II' 6-max Seat #2 is the button
Seat 1: BoyLoc0 ($100 in chips) is sitting out
Seat 2: shaunj89124 ($58.01 in chips) 
Seat 3: Melenya ($109.44 in chips) 
Seat 4: Rdalonso ($100 in chips) 
Seat 5: Ydys20 ($109.27 in chips) 
Seat 6: Koszi90 ($115.87 in chips) 
Melenya: posts small blind $0.50
Rdalonso: posts big blind $1
BoyLoc0: sits out 
*** HOLE CARDS ***
Ydys20: folds 
Koszi90: folds 
shaunj89124: raises $1 to $2
Melenya: raises $8 to $10
Rdalonso: folds 
shaunj89124: folds 
Uncalled bet ($8) returned to Melenya
Melenya collected $5 from pot
Melenya: doesn't show hand 
*** SUMMARY ***
Total pot $5 | Rake $0 
Seat 1: BoyLoc0
Seat 2: shaunj89124 (button) folded before Flop
Seat 3: Melenya (small blind) collected ($5)
Seat 4: Rdalonso (big blind) folded before Flop
Seat 5: Ydys20 folded before Flop (didn't bet)
Seat 6: Koszi90 folded before Flop (didn't bet)



PokerStars Hand #254748498083:  Hold'em No Limit ($0.50/$1.00 USD) - 2025/02/07 12:29:13 WET [2025/02/07 7:29:13 ET]
Table 'Ginevra II' 6-max Seat #3 is the button
Seat 1: BoyLoc0 ($100 in chips) is sitting out
Seat 2: shaunj89124 ($56.01 in chips) 
Seat 3: Melenya ($112.44 in chips) 
Seat 4: Rdalonso ($100 in chips) 
Seat 5: Ydys20 ($109.27 in chips) 
Seat 6: Koszi90 ($115.87 in chips) 
Rdalonso: posts small blind $0.50
Ydys20: posts big blind $1
BoyLoc0: sits out 
*** HOLE CARDS ***
Koszi90: folds 
shaunj89124: raises $1 to $2
Melenya: folds 
Rdalonso: folds 
Ydys20: folds 
Uncalled bet ($1) returned to shaunj89124
shaunj89124 collected $2.50 from pot
*** SUMMARY ***
Total pot $2.50 | Rake $0 
Seat 1: BoyLoc0
Seat 2: shaunj89124 collected ($2.50)
Seat 3: Melenya (button) folded before Flop (didn't bet)
Seat 4: Rdalonso (small blind) folded before Flop
Seat 5: Ydys20 (big blind) folded before Flop
Seat 6: Koszi90 folded before Flop (didn't bet)



PokerStars Hand #254748500365:  Hold'em No Limit ($0.50/$1.00 USD) - 2025/02/07 12:29:29 WET [2025/02/07 7:29:29 ET]
Table 'Ginevra II' 6-max Seat #4 is the button
Seat 1: BoyLoc0 ($100 in chips) is sitting out
Seat 2: shaunj89124 ($57.51 in chips) 
Seat 3: Melenya ($112.44 in chips) 
Seat 4: Rdalonso ($100 in chips) 
Seat 5: Ydys20 ($108.27 in chips) 
Seat 6: Koszi90 ($115.87 in chips) 
Ydys20: posts small blind $0.50
Koszi90: posts big blind $1
BoyLoc0: sits out 
*** HOLE CARDS ***
shaunj89124: folds 
Melenya: folds 
Rdalonso: folds 
Ydys20: raises $2 to $3
Koszi90: calls $2
*** FLOP *** [Ah 3h 9c]
Ydys20: checks 
Koszi90: checks 
*** TURN *** [Ah 3h 9c] [As]
Ydys20: checks 
Koszi90: checks 
*** RIVER *** [Ah 3h 9c As] [Qh]
Ydys20: checks 
Koszi90: checks 
*** SHOW DOWN ***
Ydys20: shows [Qc 9s] (two pair, Aces and Queens)
Koszi90: mucks hand 
Ydys20 collected $5.70 from pot
*** SUMMARY ***
Total pot $6 | Rake $0.30 
Board [Ah 3h 9c As Qh]
Seat 1: BoyLoc0
Seat 2: shaunj89124 folded before Flop (didn't bet)
Seat 3: Melenya folded before Flop (didn't bet)
Seat 4: Rdalonso (button) folded before Flop (didn't bet)
Seat 5: Ydys20 (small blind) showed [Qc 9s] and won ($5.70) with two pair, Aces and Queens
Seat 6: Koszi90 (big blind) mucked



PokerStars Hand #254748509037:  Hold'em No Limit ($0.50/$1.00 USD) - 2025/02/07 12:30:31 WET [2025/02/07 7:30:31 ET]
Table 'Ginevra II' 6-max Seat #5 is the button
Seat 1: BoyLoc0 ($100 in chips) 
Seat 2: shaunj89124 ($57.51 in chips) 
Seat 3: Melenya ($112.44 in chips) 
Seat 4: Rdalonso ($100 in chips) 
Seat 5: Ydys20 ($110.97 in chips) 
Seat 6: Koszi90 ($112.87 in chips) 
Koszi90: posts small blind $0.50
BoyLoc0: posts big blind $1
*** HOLE CARDS ***
shaunj89124: raises $1 to $2
Melenya: folds 
Rdalonso: folds 
Ydys20: folds 
Koszi90: raises $10 to $12
BoyLoc0: folds 
shaunj89124: folds 
Uncalled bet ($10) returned to Koszi90
Koszi90 collected $5 from pot
Koszi90: doesn't show hand 
*** SUMMARY ***
Total pot $5 | Rake $0 
Seat 1: BoyLoc0 (big blind) folded before Flop
Seat 2: shaunj89124 folded before Flop
Seat 3: Melenya folded before Flop (didn't bet)
Seat 4: Rdalonso folded before Flop (didn't bet)
Seat 5: Ydys20 (button) folded before Flop (didn't bet)
Seat 6: Koszi90 (small blind) collected ($5)



PokerStars Hand #254748514778:  Hold'em No Limit ($0.50/$1.00 USD) - 2025/02/07 12:31:11 WET [2025/02/07 7:31:11 ET]
Table 'Ginevra II' 6-max Seat #6 is the button
Seat 1: BoyLoc0 ($100 in chips) 
Seat 2: shaunj89124 ($55.51 in chips) 
Seat 3: Melenya ($112.44 in chips) 
Seat 4: Rdalonso ($100 in chips) 
Seat 5: Ydys20 ($110.97 in chips) 
Seat 6: Koszi90 ($115.87 in chips) 
BoyLoc0: posts small blind $0.50
shaunj89124: posts big blind $1
*** HOLE CARDS ***
Melenya: folds 
Rdalonso: folds 
Ydys20: folds 
Koszi90: folds 
BoyLoc0: raises $2 to $3
shaunj89124: folds 
Uncalled bet ($2) returned to BoyLoc0
BoyLoc0 collected $2 from pot
BoyLoc0: doesn't show hand 
*** SUMMARY ***
Total pot $2 | Rake $0 
Seat 1: BoyLoc0 (small blind) collected ($2)
Seat 2: shaunj89124 (big blind) folded before Flop
Seat 3: Melenya folded before Flop (didn't bet)
Seat 4: Rdalonso folded before Flop (didn't bet)
Seat 5: Ydys20 folded before Flop (didn't bet)
Seat 6: Koszi90 (button) folded before Flop (didn't bet)



PokerStars Hand #254748517263:  Hold'em No Limit ($0.50/$1.00 USD) - 2025/02/07 12:31:28 WET [2025/02/07 7:31:28 ET]
Table 'Ginevra II' 6-max Seat #1 is the button
Seat 1: BoyLoc0 ($101 in chips) 
Seat 2: shaunj89124 ($54.51 in chips) 
Seat 3: Melenya ($112.44 in chips) 
Seat 4: Rdalonso ($100 in chips) 
Seat 5: Ydys20 ($110.97 in chips) 
Seat 6: Koszi90 ($115.87 in chips) 
shaunj89124: posts small blind $0.50
Melenya: posts big blind $1
*** HOLE CARDS ***
Rdalonso: folds 
Ydys20: folds 
Koszi90: raises $1.20 to $2.20
BoyLoc0: folds 
shaunj89124: calls $1.70
Melenya: calls $1.20
*** FLOP *** [Ac 4h 2h]
shaunj89124: checks 
Melenya: checks 
Koszi90: checks 
*** TURN *** [Ac 4h 2h] [7h]
shaunj89124: checks 
Melenya: checks 
Koszi90: bets $2.50
shaunj89124: folds 
Melenya: folds 
Uncalled bet ($2.50) returned to Koszi90
Koszi90 collected $6.27 from pot
Koszi90: doesn't show hand 
*** SUMMARY ***
Total pot $6.60 | Rake $0.33 
Board [Ac 4h 2h 7h]
Seat 1: BoyLoc0 (button) folded before Flop (didn't bet)
Seat 2: shaunj89124 (small blind) folded on the Turn
Seat 3: Melenya (big blind) folded on the Turn
Seat 4: Rdalonso folded before Flop (didn't bet)
Seat 5: Ydys20 folded before Flop (didn't bet)
Seat 6: Koszi90 collected ($6.27)



PokerStars Hand #254748526680:  Hold'em No Limit ($0.50/$1.00 USD) - 2025/02/07 12:32:34 WET [2025/02/07 7:32:34 ET]
Table 'Ginevra II' 6-max Seat #2 is the button
Seat 1: BoyLoc0 ($101 in chips) 
Seat 2: shaunj89124 ($52.31 in chips) 
Seat 3: Melenya ($110.24 in chips) 
Seat 4: Rdalonso ($100 in chips) 
Seat 5: Ydys20 ($110.97 in chips) 
Seat 6: Koszi90 ($119.94 in chips) 
Melenya: posts small blind $0.50
Rdalonso: posts big blind $1
*** HOLE CARDS ***
Ydys20: folds 
Koszi90: folds 
BoyLoc0: folds 
shaunj89124: folds 
Melenya: raises $2 to $3
Rdalonso: calls $2
*** FLOP *** [Kc 3c 6h]
Melenya: checks 
Rdalonso: bets $2.85
Melenya: folds 
Uncalled bet ($2.85) returned to Rdalonso
Rdalonso collected $5.70 from pot
Rdalonso: doesn't show hand 
*** SUMMARY ***
Total pot $6 | Rake $0.30 
Board [Kc 3c 6h]
Seat 1: BoyLoc0 folded before Flop (didn't bet)
Seat 2: shaunj89124 (button) folded before Flop (didn't bet)
Seat 3: Melenya (small blind) folded on the Flop
Seat 4: Rdalonso (big blind) collected ($5.70)
Seat 5: Ydys20 folded before Flop (didn't bet)
Seat 6: Koszi90 folded before Flop (didn't bet)



PokerStars Hand #254748534052:  Hold'em No Limit ($0.50/$1.00 USD) - 2025/02/07 12:33:26 WET [2025/02/07 7:33:26 ET]
Table 'Ginevra II' 6-max Seat #3 is the button
Seat 1: BoyLoc0 ($101 in chips) 
Seat 2: shaunj89124 ($52.31 in chips) 
Seat 3: Melenya ($107.24 in chips) 
Seat 4: Rdalonso ($102.70 in chips) 
Seat 5: Ydys20 ($110.97 in chips) 
Seat 6: Koszi90 ($119.94 in chips) 
Rdalonso: posts small blind $0.50
Ydys20: posts big blind $1
*** HOLE CARDS ***
Koszi90: folds 
BoyLoc0: folds 
shaunj89124: raises $2.50 to $3.50
Melenya: folds 
Rdalonso: folds 
Ydys20: folds 
Uncalled bet ($2.50) returned to shaunj89124
shaunj89124 collected $2.50 from pot
*** SUMMARY ***
Total pot $2.50 | Rake $0 
Seat 1: BoyLoc0 folded before Flop (didn't bet)
Seat 2: shaunj89124 collected ($2.50)
Seat 3: Melenya (button) folded before Flop (didn't bet)
Seat 4: Rdalonso (small blind) folded before Flop
Seat 5: Ydys20 (big blind) folded before Flop
Seat 6: Koszi90 folded before Flop (didn't bet)



PokerStars Hand #254748537512:  Hold'em No Limit ($0.50/$1.00 USD) - 2025/02/07 12:33:51 WET [2025/02/07 7:33:51 ET]
Table 'Ginevra II' 6-max Seat #4 is the button
Seat 1: BoyLoc0 ($101 in chips) 
Seat 2: shaunj89124 ($53.81 in chips) 
Seat 3: Melenya ($107.24 in chips) 
Seat 4: Rdalonso ($102.20 in chips) 
Seat 5: Ydys20 ($109.97 in chips) 
Seat 6: Koszi90 ($119.94 in chips) 
Ydys20: posts small blind $0.50
Koszi90: posts big blind $1
*** HOLE CARDS ***
BoyLoc0: folds 
shaunj89124: folds 
Melenya: folds 
Rdalonso: folds 
Ydys20: folds 
Uncalled bet ($0.50) returned to Koszi90
Koszi90 collected $1 from pot
Koszi90: doesn't show hand 
*** SUMMARY ***
Total pot $1 | Rake $0 
Seat 1: BoyLoc0 folded before Flop (didn't bet)
Seat 2: shaunj89124 folded before Flop (didn't bet)
Seat 3: Melenya folded before Flop (didn't bet)
Seat 4: Rdalonso (button) folded before Flop (didn't bet)
Seat 5: Ydys20 (small blind) folded before Flop
Seat 6: Koszi90 (big blind) collected ($1)



PokerStars Hand #254748540308:  Hold'em No Limit ($0.50/$1.00 USD) - 2025/02/07 12:34:10 WET [2025/02/07 7:34:10 ET]
Table 'Ginevra II' 6-max Seat #5 is the button
Seat 1: BoyLoc0 ($101 in chips) 
Seat 2: shaunj89124 ($53.81 in chips) 
Seat 3: Melenya ($107.24 in chips) 
Seat 4: Rdalonso ($102.20 in chips) 
Seat 5: Ydys20 ($109.47 in chips) 
Seat 6: Koszi90 ($120.44 in chips) 
Koszi90: posts small blind $0.50
BoyLoc0: posts big blind $1
*** HOLE CARDS ***
shaunj89124: folds 
Melenya: folds 
Rdalonso: raises $1.50 to $2.50
Ydys20: folds 
Koszi90: folds 
BoyLoc0: calls $1.50
*** FLOP *** [Th Tc 5h]
BoyLoc0: checks 
Rdalonso: bets $1.72
BoyLoc0: folds 
Uncalled bet ($1.72) returned to Rdalonso
Rdalonso collected $5.22 from pot
Rdalonso: doesn't show hand 
*** SUMMARY ***
Total pot $5.50 | Rake $0.28 
Board [Th Tc 5h]
Seat 1: BoyLoc0 (big blind) folded on the Flop
Seat 2: shaunj89124 folded before Flop (didn't bet)
Seat 3: Melenya folded before Flop (didn't bet)
Seat 4: Rdalonso collected ($5.22)
Seat 5: Ydys20 (button) folded before Flop (didn't bet)
Seat 6: Koszi90 (small blind) folded before Flop



PokerStars Hand #254748546152:  Hold'em No Limit ($0.50/$1.00 USD) - 2025/02/07 12:34:50 WET [2025/02/07 7:34:50 ET]
Table 'Ginevra II' 6-max Seat #6 is the button
Seat 1: BoyLoc0 ($100 in chips) 
Seat 2: shaunj89124 ($53.81 in chips) 
Seat 3: Melenya ($107.24 in chips) 
Seat 4: Rdalonso ($104.92 in chips) 
Seat 5: Ydys20 ($109.47 in chips) 
Seat 6: Koszi90 ($119.94 in chips) 
BoyLoc0: posts small blind $0.50
shaunj89124: posts big blind $1
*** HOLE CARDS ***
Melenya: folds 
Rdalonso: raises $1.50 to $2.50
Ydys20: folds 
Koszi90: folds 
BoyLoc0: folds 
shaunj89124: folds 
Uncalled bet ($1.50) returned to Rdalonso
Rdalonso collected $2.50 from pot
Rdalonso: doesn't show hand 
*** SUMMARY ***
Total pot $2.50 | Rake $0 
Seat 1: BoyLoc0 (small blind) folded before Flop
Seat 2: shaunj89124 (big blind) folded before Flop
Seat 3: Melenya folded before Flop (didn't bet)
Seat 4: Rdalonso collected ($2.50)
Seat 5: Ydys20 folded before Flop (didn't bet)
Seat 6: Koszi90 (button) folded before Flop (didn't bet)



PokerStars Hand #254748549320:  Hold'em No Limit ($0.50/$1.00 USD) - 2025/02/07 12:35:13 WET [2025/02/07 7:35:13 ET]
Table 'Ginevra II' 6-max Seat #1 is the button
Seat 1: BoyLoc0 ($100 in chips) 
Seat 2: shaunj89124 ($52.81 in chips) 
Seat 3: Melenya ($107.24 in chips) 
Seat 4: Rdalonso ($106.42 in chips) 
Seat 5: Ydys20 ($109.47 in chips) 
Seat 6: Koszi90 ($119.94 in chips) 
shaunj89124: posts small blind $0.50
Melenya: posts big blind $1
*** HOLE CARDS ***
Rdalonso: folds 
Ydys20: raises $1.20 to $2.20
Koszi90: folds 
BoyLoc0: folds 
shaunj89124: calls $1.70
Melenya: folds 
*** FLOP *** [8c 8s Th]
shaunj89124: checks 
Ydys20: checks 
*** TURN *** [8c 8s Th] [5d]
shaunj89124: checks 
Ydys20: checks 
*** RIVER *** [8c 8s Th 5d] [3c]
shaunj89124: checks 
Ydys20: checks 
*** SHOW DOWN ***
shaunj89124: shows [Kd Jd] (a pair of Eights)
Ydys20: shows [Jh Ah] (a pair of Eights - Ace kicker)
Ydys20 collected $5.13 from pot
*** SUMMARY ***
Total pot $5.40 | Rake $0.27 
Board [8c 8s Th 5d 3c]
Seat 1: BoyLoc0 (button) folded before Flop (didn't bet)
Seat 2: shaunj89124 (small blind) showed [Kd Jd] and lost with a pair of Eights
Seat 3: Melenya (big blind) folded before Flop
Seat 4: Rdalonso folded before Flop (didn't bet)
Seat 5: Ydys20 showed [Jh Ah] and won ($5.13) with a pair of Eights
Seat 6: Koszi90 folded before Flop (didn't bet)



PokerStars Hand #254748556270:  Hold'em No Limit ($0.50/$1.00 USD) - 2025/02/07 12:36:02 WET [2025/02/07 7:36:02 ET]
Table 'Ginevra II' 6-max Seat #2 is the button
Seat 1: BoyLoc0 ($100 in chips) 
Seat 2: shaunj89124 ($50.61 in chips) 
Seat 3: Melenya ($106.24 in chips) 
Seat 4: Rdalonso ($106.42 in chips) 
Seat 5: Ydys20 ($112.40 in chips) 
Seat 6: Koszi90 ($119.94 in chips) 
Melenya: posts small blind $0.50
Rdalonso: posts big blind $1
*** HOLE CARDS ***
Ydys20: folds 
Koszi90: folds 
BoyLoc0: raises $1.50 to $2.50
shaunj89124: folds 
Melenya: folds 
Rdalonso: folds 
Uncalled bet ($1.50) returned to BoyLoc0
BoyLoc0 collected $2.50 from pot
BoyLoc0: doesn't show hand 
*** SUMMARY ***
Total pot $2.50 | Rake $0 
Seat 1: BoyLoc0 collected ($2.50)
Seat 2: shaunj89124 (button) folded before Flop (didn't bet)
Seat 3: Melenya (small blind) folded before Flop
Seat 4: Rdalonso (big blind) folded before Flop
Seat 5: Ydys20 folded before Flop (didn't bet)
Seat 6: Koszi90 folded before Flop (didn't bet)



PokerStars Hand #254748558200:  Hold'em No Limit ($0.50/$1.00 USD) - 2025/02/07 12:36:15 WET [2025/02/07 7:36:15 ET]
Table 'Ginevra II' 6-max Seat #3 is the button
Seat 1: BoyLoc0 ($101.50 in chips) 
Seat 2: shaunj89124 ($50.61 in chips) 
Seat 3: Melenya ($105.74 in chips) 
Seat 4: Rdalonso ($105.42 in chips) 
Seat 5: Ydys20 ($112.40 in chips) 
Seat 6: Koszi90 ($119.94 in chips) 
Rdalonso: posts small blind $0.50
Ydys20: posts big blind $1
*** HOLE CARDS ***
Koszi90: folds 
BoyLoc0: folds 
shaunj89124: folds 
Melenya: folds 
Rdalonso: folds 
Uncalled bet ($0.50) returned to Ydys20
Ydys20 collected $1 from pot
Ydys20: doesn't show hand 
*** SUMMARY ***
Total pot $1 | Rake $0 
Seat 1: BoyLoc0 folded before Flop (didn't bet)
Seat 2: shaunj89124 folded before Flop (didn't bet)
Seat 3: Melenya (button) folded before Flop (didn't bet)
Seat 4: Rdalonso (small blind) folded before Flop
Seat 5: Ydys20 (big blind) collected ($1)
Seat 6: Koszi90 folded before Flop (didn't bet)



PokerStars Hand #254748560134:  Hold'em No Limit ($0.50/$1.00 USD) - 2025/02/07 12:36:29 WET [2025/02/07 7:36:29 ET]
Table 'Ginevra II' 6-max Seat #4 is the button
Seat 1: BoyLoc0 ($101.50 in chips) 
Seat 2: shaunj89124 ($50.61 in chips) 
Seat 3: Melenya ($105.74 in chips) 
Seat 4: Rdalonso ($104.92 in chips) 
Seat 5: Ydys20 ($112.90 in chips) 
Seat 6: Koszi90 ($119.94 in chips) 
Ydys20: posts small blind $0.50
Koszi90: posts big blind $1
*** HOLE CARDS ***
BoyLoc0: folds 
shaunj89124: folds 
Melenya: folds 
Rdalonso: raises $1.50 to $2.50
Ydys20: folds 
Koszi90: folds 
Uncalled bet ($1.50) returned to Rdalonso
Rdalonso collected $2.50 from pot
Rdalonso: doesn't show hand 
*** SUMMARY ***
Total pot $2.50 | Rake $0 
Seat 1: BoyLoc0 folded before Flop (didn't bet)
Seat 2: shaunj89124 folded before Flop (didn't bet)
Seat 3: Melenya folded before Flop (didn't bet)
Seat 4: Rdalonso (button) collected ($2.50)
Seat 5: Ydys20 (small blind) folded before Flop
Seat 6: Koszi90 (big blind) folded before Flop



PokerStars Hand #254748563698:  Hold'em No Limit ($0.50/$1.00 USD) - 2025/02/07 12:36:54 WET [2025/02/07 7:36:54 ET]
Table 'Ginevra II' 6-max Seat #5 is the button
Seat 1: BoyLoc0 ($101.50 in chips) 
Seat 2: shaunj89124 ($50.61 in chips) 
Seat 3: Melenya ($105.74 in chips) 
Seat 4: Rdalonso ($106.42 in chips) 
Seat 5: Ydys20 ($112.40 in chips) 
Seat 6: Koszi90 ($118.94 in chips) 
Koszi90: posts small blind $0.50
BoyLoc0: posts big blind $1
*** HOLE CARDS ***
shaunj89124: folds 
Melenya: folds 
Rdalonso: folds 
Ydys20: folds 
Koszi90: raises $2.02 to $3.02
BoyLoc0: folds 
Uncalled bet ($2.02) returned to Koszi90
Koszi90 collected $2 from pot
Koszi90: doesn't show hand 
*** SUMMARY ***
Total pot $2 | Rake $0 
Seat 1: BoyLoc0 (big blind) folded before Flop
Seat 2: shaunj89124 folded before Flop (didn't bet)
Seat 3: Melenya folded before Flop (didn't bet)
Seat 4: Rdalonso folded before Flop (didn't bet)
Seat 5: Ydys20 (button) folded before Flop (didn't bet)
Seat 6: Koszi90 (small blind) collected ($2)



PokerStars Hand #254748565928:  Hold'em No Limit ($0.50/$1.00 USD) - 2025/02/07 12:37:09 WET [2025/02/07 7:37:09 ET]
Table 'Ginevra II' 6-max Seat #6 is the button
Seat 1: BoyLoc0 ($100.50 in chips) 
Seat 2: shaunj89124 ($50.61 in chips) 
Seat 3: Melenya ($105.74 in chips) 
Seat 4: Rdalonso ($106.42 in chips) 
Seat 5: Ydys20 ($112.40 in chips) 
Seat 6: Koszi90 ($119.94 in chips) 
BoyLoc0: posts small blind $0.50
shaunj89124: posts big blind $1
*** HOLE CARDS ***
Melenya: raises $1 to $2
Rdalonso: folds 
Ydys20: folds 
Koszi90: raises $5 to $7
BoyLoc0: folds 
shaunj89124: calls $6
Melenya: folds 
*** FLOP *** [As Ac Td]
shaunj89124: checks 
Koszi90: bets $3.50
shaunj89124: calls $3.50
*** TURN *** [As Ac Td] [5d]
shaunj89124: checks 
Koszi90: checks 
*** RIVER *** [As Ac Td 5d] [6d]
shaunj89124: bets $11.16
Koszi90: raises $98.28 to $109.44 and is all-in
shaunj89124: calls $28.95 and is all-in
Uncalled bet ($69.33) returned to Koszi90
*** SHOW DOWN ***
Koszi90: shows [Th Tc] (a full house, Tens full of Aces)
shaunj89124: shows [Ts Kh] (two pair, Aces and Tens)
Koszi90 collected $101.22 from pot
*** SUMMARY ***
Total pot $103.72 | Rake $2.50 
Board [As Ac Td 5d 6d]
Seat 1: BoyLoc0 (small blind) folded before Flop
Seat 2: shaunj89124 (big blind) showed [Ts Kh] and lost with two pair, Aces and Tens
Seat 3: Melenya folded before Flop
Seat 4: Rdalonso folded before Flop (didn't bet)
Seat 5: Ydys20 folded before Flop (didn't bet)
Seat 6: Koszi90 (button) showed [Th Tc] and won ($101.22) with a full house, Tens full of Aces



PokerStars Hand #254748574986:  Hold'em No Limit ($0.50/$1.00 USD) - 2025/02/07 12:38:12 WET [2025/02/07 7:38:12 ET]
Table 'Ginevra II' 6-max Seat #1 is the button
Seat 2: shaunj89124 ($0 in chips) is sitting out
Seat 1: BoyLoc0 ($100 in chips) 
Seat 3: Melenya ($103.74 in chips) 
Seat 4: Rdalonso ($106.42 in chips) 
Seat 5: Ydys20 ($112.40 in chips) 
Seat 6: Koszi90 ($170.55 in chips) 
Melenya: posts small blind $0.50
Rdalonso: posts big blind $1
*** HOLE CARDS ***
Ydys20: folds 
Koszi90: raises $1.20 to $2.20
BoyLoc0: folds 
Melenya: folds 
Rdalonso: calls $1.20
*** FLOP *** [2s 7d As]
Rdalonso: checks 
Koszi90: bets $1.54
Rdalonso: folds 
Uncalled bet ($1.54) returned to Koszi90
Koszi90 collected $4.66 from pot
Koszi90: doesn't show hand 
*** SUMMARY ***
Total pot $4.90 | Rake $0.24 
Board [2s 7d As]
Seat 2: shaunj89124
Seat 1: BoyLoc0 (button) folded before Flop (didn't bet)
Seat 3: Melenya (small blind) folded before Flop
Seat 4: Rdalonso (big blind) folded on the Flop
Seat 5: Ydys20 folded before Flop (didn't bet)
Seat 6: Koszi90 collected ($4.66)



PokerStars Hand #254748580506:  Hold'em No Limit ($0.50/$1.00 USD) - 2025/02/07 12:38:51 WET [2025/02/07 7:38:51 ET]
Table 'Ginevra II' 6-max Seat #3 is the button
Seat 1: BoyLoc0 ($100 in chips) 
Seat 2: shaunj89124 ($100 in chips) 
Seat 3: Melenya ($103.24 in chips) 
Seat 4: Rdalonso ($104.22 in chips) 
Seat 5: Ydys20 ($112.40 in chips) 
Seat 6: Koszi90 ($173.01 in chips) 
Rdalonso: posts small blind $0.50
Ydys20: posts big blind $1
shaunj89124: posts small blind $0.50
*** HOLE CARDS ***
Koszi90: folds 
BoyLoc0: raises $1.50 to $2.50
shaunj89124: calls $2.50
Melenya: folds 
Rdalonso: raises $11.50 to $14
Ydys20: folds 
BoyLoc0: calls $11.50
shaunj89124: folds 
*** FLOP *** [6s 2c Td]
Rdalonso: checks 
BoyLoc0: checks 
*** TURN *** [6s 2c Td] [Qs]
Rdalonso: bets $10.03
BoyLoc0: calls $10.03
*** RIVER *** [6s 2c Td Qs] [8h]
Rdalonso: checks 
BoyLoc0: bets $75.97 and is all-in
Rdalonso: calls $75.97
*** SHOW DOWN ***
BoyLoc0: shows [Jc Ac] (high card Ace)
Rdalonso: shows [Ad Th] (a pair of Tens)
Rdalonso collected $201.50 from pot
*** SUMMARY ***
Total pot $204 | Rake $2.50 
Board [6s 2c Td Qs 8h]
Seat 1: BoyLoc0 showed [Jc Ac] and lost with high card Ace
Seat 2: shaunj89124 folded before Flop
Seat 3: Melenya (button) folded before Flop (didn't bet)
Seat 4: Rdalonso (small blind) showed [Ad Th] and won ($201.50) with a pair of Tens
Seat 5: Ydys20 (big blind) folded before Flop
Seat 6: Koszi90 folded before Flop (didn't bet)



PokerStars Hand #254748594922:  Hold'em No Limit ($0.50/$1.00 USD) - 2025/02/07 12:40:31 WET [2025/02/07 7:40:31 ET]
Table 'Ginevra II' 6-max Seat #4 is the button
Seat 6: Koszi90 ($173.01 in chips) is sitting out
Seat 1: BoyLoc0 ($100 in chips) 
Seat 2: shaunj89124 ($97 in chips) 
Seat 3: Melenya ($103.24 in chips) 
Seat 4: Rdalonso ($205.72 in chips) 
Seat 5: Ydys20 ($111.40 in chips) 
Ydys20: posts small blind $0.50
BoyLoc0: posts big blind $1
*** HOLE CARDS ***
shaunj89124: raises $1 to $2
Melenya: folds 
Rdalonso: folds 
Ydys20: folds 
BoyLoc0: raises $8 to $10
shaunj89124: calls $8
*** FLOP *** [Th Ac 6d]
BoyLoc0: bets $14.61
shaunj89124: folds 
Uncalled bet ($14.61) returned to BoyLoc0
BoyLoc0 collected $19.48 from pot
BoyLoc0: doesn't show hand 
*** SUMMARY ***
Total pot $20.50 | Rake $1.02 
Board [Th Ac 6d]
Seat 6: Koszi90
Seat 1: BoyLoc0 (big blind) collected ($19.48)
Seat 2: shaunj89124 folded on the Flop
Seat 3: Melenya folded before Flop (didn't bet)
Seat 4: Rdalonso (button) folded before Flop (didn't bet)
Seat 5: Ydys20 (small blind) folded before Flop



PokerStars Hand #254748599299:  Hold'em No Limit ($0.50/$1.00 USD) - 2025/02/07 12:41:01 WET [2025/02/07 7:41:01 ET]
Table 'Ginevra II' 6-max Seat #5 is the button
Seat 6: Koszi90 ($173.01 in chips) is sitting out
Seat 1: BoyLoc0 ($109.48 in chips) 
Seat 2: shaunj89124 ($87 in chips) 
Seat 3: Melenya ($103.24 in chips) 
Seat 4: Rdalonso ($205.72 in chips) 
Seat 5: Ydys20 ($110.90 in chips) 
BoyLoc0: posts small blind $0.50
shaunj89124: posts big blind $1
*** HOLE CARDS ***
Melenya: folds 
Rdalonso: folds 
Ydys20: raises $1.50 to $2.50
BoyLoc0: folds 
shaunj89124: calls $1.50
*** FLOP *** [2h 4s 7s]
shaunj89124: checks 
Ydys20: checks 
*** TURN *** [2h 4s 7s] [2d]
shaunj89124: checks 
Ydys20: bets $1.72
shaunj89124: folds 
Uncalled bet ($1.72) returned to Ydys20
Ydys20 collected $5.22 from pot
Ydys20: doesn't show hand 
*** SUMMARY ***
Total pot $5.50 | Rake $0.28 
Board [2h 4s 7s 2d]
Seat 6: Koszi90
Seat 1: BoyLoc0 (small blind) folded before Flop
Seat 2: shaunj89124 (big blind) folded on the Turn
Seat 3: Melenya folded before Flop (didn't bet)
Seat 4: Rdalonso folded before Flop (didn't bet)
Seat 5: Ydys20 (button) collected ($5.22)



PokerStars Hand #254748605361:  Hold'em No Limit ($0.50/$1.00 USD) - 2025/02/07 12:41:41 WET [2025/02/07 7:41:41 ET]
Table 'Ginevra II' 6-max Seat #1 is the button
Seat 6: Koszi90 ($173.01 in chips) is sitting out
Seat 1: BoyLoc0 ($108.98 in chips) 
Seat 2: shaunj89124 ($84.50 in chips) 
Seat 3: Melenya ($103.24 in chips) 
Seat 4: Rdalonso ($205.72 in chips) 
Seat 5: Ydys20 ($113.62 in chips) 
shaunj89124: posts small blind $0.50
Melenya: posts big blind $1
Koszi90: sits out 
*** HOLE CARDS ***
Rdalonso: raises $1.50 to $2.50
Ydys20: folds 
BoyLoc0: folds 
shaunj89124: folds 
Melenya: folds 
Uncalled bet ($1.50) returned to Rdalonso
Rdalonso collected $2.50 from pot
Rdalonso: doesn't show hand 
*** SUMMARY ***
Total pot $2.50 | Rake $0 
Seat 6: Koszi90
Seat 1: BoyLoc0 (button) folded before Flop (didn't bet)
Seat 2: shaunj89124 (small blind) folded before Flop
Seat 3: Melenya (big blind) folded before Flop
Seat 4: Rdalonso collected ($2.50)
Seat 5: Ydys20 folded before Flop (didn't bet)



PokerStars Hand #254748607341:  Hold'em No Limit ($0.50/$1.00 USD) - 2025/02/07 12:41:55 WET [2025/02/07 7:41:55 ET]
Table 'Ginevra II' 6-max Seat #2 is the button
Seat 6: Koszi90 ($173.01 in chips) is sitting out
Seat 1: BoyLoc0 ($108.98 in chips) 
Seat 2: shaunj89124 ($84 in chips) 
Seat 3: Melenya ($102.24 in chips) 
Seat 4: Rdalonso ($207.22 in chips) 
Seat 5: Ydys20 ($113.62 in chips) 
Melenya: posts small blind $0.50
Rdalonso: posts big blind $1
Koszi90: sits out 
*** HOLE CARDS ***
Ydys20: folds 
BoyLoc0: folds 
shaunj89124: raises $2 to $3
Melenya: folds 
Rdalonso: calls $2
*** FLOP *** [4h Qd 9c]
Rdalonso: checks 
shaunj89124: bets $2
Rdalonso: folds 
Uncalled bet ($2) returned to shaunj89124
shaunj89124 collected $6.18 from pot
*** SUMMARY ***
Total pot $6.50 | Rake $0.32 
Board [4h Qd 9c]
Seat 6: Koszi90
Seat 1: BoyLoc0 folded before Flop (didn't bet)
Seat 2: shaunj89124 (button) collected ($6.18)
Seat 3: Melenya (small blind) folded before Flop
Seat 4: Rdalonso (big blind) folded on the Flop
Seat 5: Ydys20 folded before Flop (didn't bet)



PokerStars Hand #254748615053:  Hold'em No Limit ($0.50/$1.00 USD) - 2025/02/07 12:42:46 WET [2025/02/07 7:42:46 ET]
Table 'Ginevra II' 6-max Seat #3 is the button
Seat 6: Koszi90 ($173.01 in chips) is sitting out
Seat 1: BoyLoc0 ($108.98 in chips) 
Seat 2: shaunj89124 ($87.18 in chips) 
Seat 3: Melenya ($101.74 in chips) 
Seat 4: Rdalonso ($204.22 in chips) 
Seat 5: Ydys20 ($113.62 in chips) 
Rdalonso: posts small blind $0.50
Ydys20: posts big blind $1
Koszi90: sits out 
*** HOLE CARDS ***
BoyLoc0: folds 
shaunj89124: folds 
Melenya: folds 
Rdalonso: folds 
Uncalled bet ($0.50) returned to Ydys20
Ydys20 collected $1 from pot
Ydys20: doesn't show hand 
*** SUMMARY ***
Total pot $1 | Rake $0 
Seat 6: Koszi90
Seat 1: BoyLoc0 folded before Flop (didn't bet)
Seat 2: shaunj89124 folded before Flop (didn't bet)
Seat 3: Melenya (button) folded before Flop (didn't bet)
Seat 4: Rdalonso (small blind) folded before Flop
Seat 5: Ydys20 (big blind) collected ($1)



PokerStars Hand #254748617678:  Hold'em No Limit ($0.50/$1.00 USD) - 2025/02/07 12:43:04 WET [2025/02/07 7:43:04 ET]
Table 'Ginevra II' 6-max Seat #4 is the button
Seat 1: BoyLoc0 ($108.98 in chips) 
Seat 2: shaunj89124 ($87.18 in chips) 
Seat 3: Melenya ($101.74 in chips) 
Seat 4: Rdalonso ($203.72 in chips) 
Seat 5: Ydys20 ($114.12 in chips) 
Seat 6: Koszi90 ($173.01 in chips) 
Ydys20: posts small blind $0.50
Koszi90: posts big blind $1
*** HOLE CARDS ***
BoyLoc0: folds 
shaunj89124: folds 
Melenya: folds 
Rdalonso: folds 
Ydys20: folds 
Uncalled bet ($0.50) returned to Koszi90
Koszi90 collected $1 from pot
Koszi90: doesn't show hand 
*** SUMMARY ***
Total pot $1 | Rake $0 
Seat 1: BoyLoc0 folded before Flop (didn't bet)
Seat 2: shaunj89124 folded before Flop (didn't bet)
Seat 3: Melenya folded before Flop (didn't bet)
Seat 4: Rdalonso (button) folded before Flop (didn't bet)
Seat 5: Ydys20 (small blind) folded before Flop
Seat 6: Koszi90 (big blind) collected ($1)



PokerStars Hand #254748623016:  Hold'em No Limit ($0.50/$1.00 USD) - 2025/02/07 12:43:39 WET [2025/02/07 7:43:39 ET]
Table 'Ginevra II' 6-max Seat #5 is the button
Seat 1: BoyLoc0 ($108.98 in chips) 
Seat 2: shaunj89124 ($87.18 in chips) 
Seat 3: Melenya ($101.74 in chips) 
Seat 4: Rdalonso ($203.72 in chips) 
Seat 5: Ydys20 ($113.62 in chips) 
Seat 6: Koszi90 ($173.51 in chips) 
Koszi90: posts small blind $0.50
BoyLoc0: posts big blind $1
*** HOLE CARDS ***
shaunj89124: raises $2 to $3
Melenya: folds 
Rdalonso: folds 
Ydys20: folds 
Koszi90: folds 
BoyLoc0: folds 
Uncalled bet ($2) returned to shaunj89124
shaunj89124 collected $2.50 from pot
*** SUMMARY ***
Total pot $2.50 | Rake $0 
Seat 1: BoyLoc0 (big blind) folded before Flop
Seat 2: shaunj89124 collected ($2.50)
Seat 3: Melenya folded before Flop (didn't bet)
Seat 4: Rdalonso folded before Flop (didn't bet)
Seat 5: Ydys20 (button) folded before Flop (didn't bet)
Seat 6: Koszi90 (small blind) folded before Flop



PokerStars Hand #254748625178:  Hold'em No Limit ($0.50/$1.00 USD) - 2025/02/07 12:43:53 WET [2025/02/07 7:43:53 ET]
Table 'Ginevra II' 6-max Seat #6 is the button
Seat 1: BoyLoc0 ($107.98 in chips) 
Seat 2: shaunj89124 ($88.68 in chips) 
Seat 3: Melenya ($101.74 in chips) 
Seat 4: Rdalonso ($203.72 in chips) 
Seat 5: Ydys20 ($113.62 in chips) 
Seat 6: Koszi90 ($173.01 in chips) 
BoyLoc0: posts small blind $0.50
shaunj89124: posts big blind $1
*** HOLE CARDS ***
Melenya: raises $1 to $2
Rdalonso: raises $5.50 to $7.50
Ydys20: folds 
Koszi90: folds 
BoyLoc0: folds 
shaunj89124: calls $6.50
Melenya: calls $5.50
*** FLOP *** [5c Tc Qd]
shaunj89124: checks 
Melenya: checks 
Rdalonso: bets $7.21
shaunj89124: calls $7.21
Melenya: folds 
*** TURN *** [5c Tc Qd] [4d]
shaunj89124: bets $17.78
Rdalonso: raises $130.22 to $148
shaunj89124: calls $56.19 and is all-in
Uncalled bet ($74.03) returned to Rdalonso
*** RIVER *** [5c Tc Qd 4d] [Qc]
*** SHOW DOWN ***
shaunj89124: shows [Ks Td] (two pair, Queens and Tens)
Rdalonso: shows [Qs As] (three of a kind, Queens)
Rdalonso collected $182.86 from pot
*** SUMMARY ***
Total pot $185.36 | Rake $2.50 
Board [5c Tc Qd 4d Qc]
Seat 1: BoyLoc0 (small blind) folded before Flop
Seat 2: shaunj89124 (big blind) showed [Ks Td] and lost with two pair, Queens and Tens
Seat 3: Melenya folded on the Flop
Seat 4: Rdalonso showed [Qs As] and won ($182.86) with three of a kind, Queens
Seat 5: Ydys20 folded before Flop (didn't bet)
Seat 6: Koszi90 (button) folded before Flop (didn't bet)



PokerStars Hand #254748637121:  Hold'em No Limit ($0.50/$1.00 USD) - 2025/02/07 12:45:12 WET [2025/02/07 7:45:12 ET]
Table 'Ginevra II' 6-max Seat #1 is the button
Seat 2: shaunj89124 ($0 in chips) is sitting out
Seat 1: BoyLoc0 ($107.48 in chips) 
Seat 3: Melenya ($100 in chips) 
Seat 4: Rdalonso ($297.90 in chips) 
Seat 5: Ydys20 ($113.62 in chips) 
Seat 6: Koszi90 ($173.01 in chips) 
Melenya: posts small blind $0.50
Rdalonso: posts big blind $1
*** HOLE CARDS ***
Ydys20: raises $1.20 to $2.20
Koszi90: folds 
BoyLoc0: folds 
Melenya: raises $9.80 to $12
Rdalonso: folds 
Ydys20: folds 
Uncalled bet ($9.80) returned to Melenya
Melenya collected $5.40 from pot
Melenya: doesn't show hand 
*** SUMMARY ***
Total pot $5.40 | Rake $0 
Seat 2: shaunj89124
Seat 1: BoyLoc0 (button) folded before Flop (didn't bet)
Seat 3: Melenya (small blind) collected ($5.40)
Seat 4: Rdalonso (big blind) folded before Flop
Seat 5: Ydys20 folded before Flop
Seat 6: Koszi90 folded before Flop (didn't bet)



PokerStars Hand #254748641251:  Hold'em No Limit ($0.50/$1.00 USD) - 2025/02/07 12:45:39 WET [2025/02/07 7:45:39 ET]
Table 'Ginevra II' 6-max Seat #3 is the button
Seat 1: BoyLoc0 ($107.48 in chips) 
Seat 2: shaunj89124 ($83.04 in chips) 
Seat 3: Melenya ($103.20 in chips) 
Seat 4: Rdalonso ($296.90 in chips) 
Seat 5: Ydys20 ($111.42 in chips) 
Seat 6: Koszi90 ($173.01 in chips) 
Rdalonso: posts small blind $0.50
Ydys20: posts big blind $1
shaunj89124: posts small blind $0.50
*** HOLE CARDS ***
Koszi90: folds 
BoyLoc0: folds 
shaunj89124: raises $3 to $4
Melenya: raises $6 to $10
Rdalonso: folds 
Ydys20: folds 
shaunj89124: calls $6
*** FLOP *** [3c 4d 3s]
shaunj89124: checks 
Melenya: bets $10.45
shaunj89124: calls $10.45
*** TURN *** [3c 4d 3s] [5d]
shaunj89124: checks 
Melenya: bets $20.38
shaunj89124: folds 
Uncalled bet ($20.38) returned to Melenya
Melenya collected $40.76 from pot
Melenya: doesn't show hand 
*** SUMMARY ***
Total pot $42.90 | Rake $2.14 
Board [3c 4d 3s 5d]
Seat 1: BoyLoc0 folded before Flop (didn't bet)
Seat 2: shaunj89124 folded on the Turn
Seat 3: Melenya (button) collected ($40.76)
Seat 4: Rdalonso (small blind) folded before Flop
Seat 5: Ydys20 (big blind) folded before Flop
Seat 6: Koszi90 folded before Flop (didn't bet)



PokerStars Hand #254748651750:  Hold'em No Limit ($0.50/$1.00 USD) - 2025/02/07 12:46:47 WET [2025/02/07 7:46:47 ET]
Table 'Ginevra II' 6-max Seat #4 is the button
Seat 1: BoyLoc0 ($107.48 in chips) 
Seat 2: shaunj89124 ($62.09 in chips) 
Seat 3: Melenya ($123.51 in chips) 
Seat 4: Rdalonso ($296.40 in chips) 
Seat 5: Ydys20 ($110.42 in chips) 
Seat 6: Koszi90 ($173.01 in chips) 
Ydys20: posts small blind $0.50
Koszi90: posts big blind $1
*** HOLE CARDS ***
BoyLoc0: folds 
shaunj89124: raises $3.50 to $4.50
Melenya: folds 
Rdalonso: folds 
Ydys20: folds 
Koszi90: folds 
Uncalled bet ($3.50) returned to shaunj89124
shaunj89124 collected $2.50 from pot
*** SUMMARY ***
Total pot $2.50 | Rake $0 
Seat 1: BoyLoc0 folded before Flop (didn't bet)
Seat 2: shaunj89124 collected ($2.50)
Seat 3: Melenya folded before Flop (didn't bet)
Seat 4: Rdalonso (button) folded before Flop (didn't bet)
Seat 5: Ydys20 (small blind) folded before Flop
Seat 6: Koszi90 (big blind) folded before Flop



PokerStars Hand #254748654135:  Hold'em No Limit ($0.50/$1.00 USD) - 2025/02/07 12:47:02 WET [2025/02/07 7:47:02 ET]
Table 'Ginevra II' 6-max Seat #5 is the button
Seat 1: BoyLoc0 ($107.48 in chips) 
Seat 2: shaunj89124 ($63.59 in chips) 
Seat 3: Melenya ($123.51 in chips) 
Seat 4: Rdalonso ($296.40 in chips) 
Seat 5: Ydys20 ($109.92 in chips) 
Seat 6: Koszi90 ($172.01 in chips) 
Koszi90: posts small blind $0.50
BoyLoc0: posts big blind $1
*** HOLE CARDS ***
shaunj89124: raises $2.50 to $3.50
Melenya: folds 
Rdalonso: folds 
Ydys20: folds 
Koszi90: folds 
BoyLoc0: folds 
Uncalled bet ($2.50) returned to shaunj89124
shaunj89124 collected $2.50 from pot
*** SUMMARY ***
Total pot $2.50 | Rake $0 
Seat 1: BoyLoc0 (big blind) folded before Flop
Seat 2: shaunj89124 collected ($2.50)
Seat 3: Melenya folded before Flop (didn't bet)
Seat 4: Rdalonso folded before Flop (didn't bet)
Seat 5: Ydys20 (button) folded before Flop (didn't bet)
Seat 6: Koszi90 (small blind) folded before Flop



PokerStars Hand #254748656216:  Hold'em No Limit ($0.50/$1.00 USD) - 2025/02/07 12:47:16 WET [2025/02/07 7:47:16 ET]
Table 'Ginevra II' 6-max Seat #6 is the button
Seat 1: BoyLoc0 ($106.48 in chips) 
Seat 2: shaunj89124 ($65.09 in chips) 
Seat 3: Melenya ($123.51 in chips) 
Seat 4: Rdalonso ($296.40 in chips) 
Seat 5: Ydys20 ($109.92 in chips) 
Seat 6: Koszi90 ($171.51 in chips) 
BoyLoc0: posts small blind $0.50
shaunj89124: posts big blind $1
*** HOLE CARDS ***
Melenya: folds 
Rdalonso: folds 
Ydys20: folds 
Koszi90: raises $1.50 to $2.50
BoyLoc0: folds 
shaunj89124: folds 
Uncalled bet ($1.50) returned to Koszi90
Koszi90 collected $2.50 from pot
Koszi90: doesn't show hand 
*** SUMMARY ***
Total pot $2.50 | Rake $0 
Seat 1: BoyLoc0 (small blind) folded before Flop
Seat 2: shaunj89124 (big blind) folded before Flop
Seat 3: Melenya folded before Flop (didn't bet)
Seat 4: Rdalonso folded before Flop (didn't bet)
Seat 5: Ydys20 folded before Flop (didn't bet)
Seat 6: Koszi90 (button) collected ($2.50)



PokerStars Hand #254748659185:  Hold'em No Limit ($0.50/$1.00 USD) - 2025/02/07 12:47:35 WET [2025/02/07 7:47:35 ET]
Table 'Ginevra II' 6-max Seat #1 is the button
Seat 1: BoyLoc0 ($105.98 in chips) 
Seat 2: shaunj89124 ($64.09 in chips) 
Seat 3: Melenya ($123.51 in chips) 
Seat 4: Rdalonso ($296.40 in chips) 
Seat 5: Ydys20 ($109.92 in chips) 
Seat 6: Koszi90 ($173.01 in chips) 
shaunj89124: posts small blind $0.50
Melenya: posts big blind $1
*** HOLE CARDS ***
Rdalonso: folds 
Ydys20: folds 
Koszi90: folds 
BoyLoc0: folds 
shaunj89124: folds 
Uncalled bet ($0.50) returned to Melenya
Melenya collected $1 from pot
Melenya: doesn't show hand 
*** SUMMARY ***
Total pot $1 | Rake $0 
Seat 1: BoyLoc0 (button) folded before Flop (didn't bet)
Seat 2: shaunj89124 (small blind) folded before Flop
Seat 3: Melenya (big blind) collected ($1)
Seat 4: Rdalonso folded before Flop (didn't bet)
Seat 5: Ydys20 folded before Flop (didn't bet)
Seat 6: Koszi90 folded before Flop (didn't bet)



PokerStars Hand #254748661234:  Hold'em No Limit ($0.50/$1.00 USD) - 2025/02/07 12:47:48 WET [2025/02/07 7:47:48 ET]
Table 'Ginevra II' 6-max Seat #2 is the button
Seat 1: BoyLoc0 ($105.98 in chips) 
Seat 2: shaunj89124 ($63.59 in chips) 
Seat 3: Melenya ($124.01 in chips) 
Seat 4: Rdalonso ($296.40 in chips) 
Seat 5: Ydys20 ($109.92 in chips) 
Seat 6: Koszi90 ($173.01 in chips) 
Melenya: posts small blind $0.50
Rdalonso: posts big blind $1
*** HOLE CARDS ***
Ydys20: folds 
Koszi90: folds 
BoyLoc0: folds 
shaunj89124: folds 
Melenya: folds 
Uncalled bet ($0.50) returned to Rdalonso
Rdalonso collected $1 from pot
Rdalonso: doesn't show hand 
*** SUMMARY ***
Total pot $1 | Rake $0 
Seat 1: BoyLoc0 folded before Flop (didn't bet)
Seat 2: shaunj89124 (button) folded before Flop (didn't bet)
Seat 3: Melenya (small blind) folded before Flop
Seat 4: Rdalonso (big blind) collected ($1)
Seat 5: Ydys20 folded before Flop (didn't bet)
Seat 6: Koszi90 folded before Flop (didn't bet)



PokerStars Hand #254748663202:  Hold'em No Limit ($0.50/$1.00 USD) - 2025/02/07 12:48:01 WET [2025/02/07 7:48:01 ET]
Table 'Ginevra II' 6-max Seat #3 is the button
Seat 1: BoyLoc0 ($105.98 in chips) 
Seat 2: shaunj89124 ($63.59 in chips) 
Seat 3: Melenya ($123.51 in chips) 
Seat 4: Rdalonso ($296.90 in chips) 
Seat 5: Ydys20 ($109.92 in chips) 
Seat 6: Koszi90 ($173.01 in chips) 
Rdalonso: posts small blind $0.50
Ydys20: posts big blind $1
*** HOLE CARDS ***
Koszi90: folds 
BoyLoc0: raises $1.50 to $2.50
shaunj89124: calls $2.50
Melenya: folds 
Rdalonso: folds 
Ydys20: folds 
*** FLOP *** [2h 3c 4s]
BoyLoc0: checks 
shaunj89124: bets $3.09
BoyLoc0: calls $3.09
*** TURN *** [2h 3c 4s] [Ah]
BoyLoc0: checks 
shaunj89124: checks 
*** RIVER *** [2h 3c 4s Ah] [8h]
BoyLoc0: checks 
shaunj89124: checks 
*** SHOW DOWN ***
BoyLoc0: shows [Ad Kh] (a pair of Aces)
shaunj89124: mucks hand 
BoyLoc0 collected $12.05 from pot
*** SUMMARY ***
Total pot $12.68 | Rake $0.63 
Board [2h 3c 4s Ah 8h]
Seat 1: BoyLoc0 showed [Ad Kh] and won ($12.05) with a pair of Aces
Seat 2: shaunj89124 mucked
Seat 3: Melenya (button) folded before Flop (didn't bet)
Seat 4: Rdalonso (small blind) folded before Flop
Seat 5: Ydys20 (big blind) folded before Flop
Seat 6: Koszi90 folded before Flop (didn't bet)



PokerStars Hand #254748670607:  Hold'em No Limit ($0.50/$1.00 USD) - 2025/02/07 12:48:49 WET [2025/02/07 7:48:49 ET]
Table 'Ginevra II' 6-max Seat #4 is the button
Seat 1: BoyLoc0 ($112.44 in chips) 
Seat 2: shaunj89124 ($58 in chips) 
Seat 3: Melenya ($123.51 in chips) 
Seat 4: Rdalonso ($296.40 in chips) 
Seat 5: Ydys20 ($108.92 in chips) 
Seat 6: Koszi90 ($173.01 in chips) 
Ydys20: posts small blind $0.50
Koszi90: posts big blind $1
*** HOLE CARDS ***
BoyLoc0: folds 
shaunj89124: raises $2 to $3
Melenya: folds 
Rdalonso: folds 
Ydys20: folds 
Koszi90: folds 
Uncalled bet ($2) returned to shaunj89124
shaunj89124 collected $2.50 from pot
*** SUMMARY ***
Total pot $2.50 | Rake $0 
Seat 1: BoyLoc0 folded before Flop (didn't bet)
Seat 2: shaunj89124 collected ($2.50)
Seat 3: Melenya folded before Flop (didn't bet)
Seat 4: Rdalonso (button) folded before Flop (didn't bet)
Seat 5: Ydys20 (small blind) folded before Flop
Seat 6: Koszi90 (big blind) folded before Flop



PokerStars Hand #254748676549:  Hold'em No Limit ($0.50/$1.00 USD) - 2025/02/07 12:49:27 WET [2025/02/07 7:49:27 ET]
Table 'Ginevra II' 6-max Seat #5 is the button
Seat 1: BoyLoc0 ($112.44 in chips) 
Seat 2: shaunj89124 ($59.50 in chips) 
Seat 3: Melenya ($123.51 in chips) 
Seat 4: Rdalonso ($296.40 in chips) 
Seat 5: Ydys20 ($108.42 in chips) 
Seat 6: Koszi90 ($172.01 in chips) 
Koszi90: posts small blind $0.50
BoyLoc0: posts big blind $1
*** HOLE CARDS ***
shaunj89124: calls $1
Melenya: raises $2.50 to $3.50
Rdalonso: raises $5.50 to $9
Ydys20: folds 
Koszi90: folds 
BoyLoc0: folds 
shaunj89124: folds 
Melenya: folds 
Uncalled bet ($5.50) returned to Rdalonso
Rdalonso collected $9.50 from pot
Rdalonso: doesn't show hand 
*** SUMMARY ***
Total pot $9.50 | Rake $0 
Seat 1: BoyLoc0 (big blind) folded before Flop
Seat 2: shaunj89124 folded before Flop
Seat 3: Melenya folded before Flop
Seat 4: Rdalonso collected ($9.50)
Seat 5: Ydys20 (button) folded before Flop (didn't bet)
Seat 6: Koszi90 (small blind) folded before Flop



PokerStars Hand #254748685266:  Hold'em No Limit ($0.50/$1.00 USD) - 2025/02/07 12:50:24 WET [2025/02/07 7:50:24 ET]
Table 'Ginevra II' 6-max Seat #6 is the button
Seat 1: BoyLoc0 ($111.44 in chips) 
Seat 2: shaunj89124 ($58.50 in chips) 
Seat 3: Melenya ($120.01 in chips) 
Seat 4: Rdalonso ($302.40 in chips) 
Seat 5: Ydys20 ($108.42 in chips) 
Seat 6: Koszi90 ($171.51 in chips) 
BoyLoc0: posts small blind $0.50
shaunj89124: posts big blind $1
*** HOLE CARDS ***
Melenya: raises $1 to $2
Rdalonso: folds 
Ydys20: folds 
Koszi90: folds 
BoyLoc0: folds 
shaunj89124: calls $1
*** FLOP *** [6d Tc 5c]
shaunj89124: checks 
Melenya: bets $1.07
shaunj89124: calls $1.07
*** TURN *** [6d Tc 5c] [2c]
shaunj89124: checks 
Melenya: checks 
*** RIVER *** [6d Tc 5c 2c] [As]
shaunj89124: checks 
Melenya: checks 
*** SHOW DOWN ***
shaunj89124: shows [4c 5s] (a pair of Fives)
Melenya: mucks hand 
shaunj89124 collected $6.31 from pot
*** SUMMARY ***
Total pot $6.64 | Rake $0.33 
Board [6d Tc 5c 2c As]
Seat 1: BoyLoc0 (small blind) folded before Flop
Seat 2: shaunj89124 (big blind) showed [4c 5s] and won ($6.31) with a pair of Fives
Seat 3: Melenya mucked
Seat 4: Rdalonso folded before Flop (didn't bet)
Seat 5: Ydys20 folded before Flop (didn't bet)
Seat 6: Koszi90 (button) folded before Flop (didn't bet)



PokerStars Hand #254748692531:  Hold'em No Limit ($0.50/$1.00 USD) - 2025/02/07 12:51:11 WET [2025/02/07 7:51:11 ET]
Table 'Ginevra II' 6-max Seat #1 is the button
Seat 1: BoyLoc0 ($110.94 in chips) 
Seat 2: shaunj89124 ($61.74 in chips) 
Seat 3: Melenya ($116.94 in chips) 
Seat 4: Rdalonso ($302.40 in chips) 
Seat 5: Ydys20 ($108.42 in chips) 
Seat 6: Koszi90 ($171.51 in chips) 
shaunj89124: posts small blind $0.50
Melenya: posts big blind $1
*** HOLE CARDS ***
Rdalonso: folds 
Ydys20: folds 
Koszi90: raises $1.20 to $2.20
BoyLoc0: folds 
shaunj89124: folds 
Melenya: folds 
Uncalled bet ($1.20) returned to Koszi90
Koszi90 collected $2.50 from pot
Koszi90: doesn't show hand 
*** SUMMARY ***
Total pot $2.50 | Rake $0 
Seat 1: BoyLoc0 (button) folded before Flop (didn't bet)
Seat 2: shaunj89124 (small blind) folded before Flop
Seat 3: Melenya (big blind) folded before Flop
Seat 4: Rdalonso folded before Flop (didn't bet)
Seat 5: Ydys20 folded before Flop (didn't bet)
Seat 6: Koszi90 collected ($2.50)



PokerStars Hand #254748695368:  Hold'em No Limit ($0.50/$1.00 USD) - 2025/02/07 12:51:29 WET [2025/02/07 7:51:29 ET]
Table 'Ginevra II' 6-max Seat #2 is the button
Seat 1: BoyLoc0 ($110.94 in chips) 
Seat 2: shaunj89124 ($61.24 in chips) 
Seat 3: Melenya ($115.94 in chips) 
Seat 4: Rdalonso ($302.40 in chips) 
Seat 5: Ydys20 ($108.42 in chips) 
Seat 6: Koszi90 ($173.01 in chips) 
Melenya: posts small blind $0.50
Rdalonso: posts big blind $1
*** HOLE CARDS ***
Ydys20: raises $1.20 to $2.20
Koszi90: folds 
BoyLoc0: folds 
shaunj89124: raises $5.90 to $8.10
Melenya: folds 
Rdalonso: folds 
Ydys20: calls $5.90
*** FLOP *** [9h 6h 6d]
Ydys20: checks 
shaunj89124: bets $8.41
Ydys20: calls $8.41
*** TURN *** [9h 6h 6d] [Jd]
Ydys20: checks 
shaunj89124: bets $16.40
Ydys20: folds 
Uncalled bet ($16.40) returned to shaunj89124
shaunj89124 collected $32.79 from pot
*** SUMMARY ***
Total pot $34.52 | Rake $1.73 
Board [9h 6h 6d Jd]
Seat 1: BoyLoc0 folded before Flop (didn't bet)
Seat 2: shaunj89124 (button) collected ($32.79)
Seat 3: Melenya (small blind) folded before Flop
Seat 4: Rdalonso (big blind) folded before Flop
Seat 5: Ydys20 folded on the Turn
Seat 6: Koszi90 folded before Flop (didn't bet)



PokerStars Hand #254748739329:  Hold'em No Limit ($0.50/$1.00 USD) - 2025/02/07 12:56:33 WET [2025/02/07 7:56:33 ET]
Table 'Ginevra II' 6-max Seat #1 is the button
Seat 1: BoyLoc0 ($109.14 in chips) 
Seat 2: shaunj89124 ($87.62 in chips) 
Seat 3: poker_soul11 ($100 in chips) 
Seat 4: Rdalonso ($298.40 in chips) 
Seat 5: Ydys20 ($105.50 in chips) 
Seat 6: Koszi90 ($171.51 in chips) 
shaunj89124: posts small blind $0.50
poker_soul11: posts big blind $1
*** HOLE CARDS ***
Rdalonso: folds 
Ydys20: folds 
Koszi90: folds 
BoyLoc0: raises $1.50 to $2.50
shaunj89124: calls $2
poker_soul11: raises $11 to $13.50
BoyLoc0: folds 
shaunj89124: calls $11
*** FLOP *** [4s 4c Js]
shaunj89124: checks 
poker_soul11: bets $7.01
shaunj89124: raises $7.01 to $14.02
poker_soul11: calls $7.01
*** TURN *** [4s 4c Js] [Qh]
shaunj89124: bets $23.52
poker_soul11: raises $48.96 to $72.48 and is all-in
shaunj89124: folds 
Uncalled bet ($48.96) returned to poker_soul11
poker_soul11 collected $102.08 from pot
poker_soul11: doesn't show hand 
*** SUMMARY ***
Total pot $104.58 | Rake $2.50 
Board [4s 4c Js Qh]
Seat 1: BoyLoc0 (button) folded before Flop
Seat 2: shaunj89124 (small blind) folded on the Turn
Seat 3: poker_soul11 (big blind) collected ($102.08)
Seat 4: Rdalonso folded before Flop (didn't bet)
Seat 5: Ydys20 folded before Flop (didn't bet)
Seat 6: Koszi90 folded before Flop (didn't bet)



PokerStars Hand #254748748677:  Hold'em No Limit ($0.50/$1.00 USD) - 2025/02/07 12:57:49 WET [2025/02/07 7:57:49 ET]
Table 'Ginevra II' 6-max Seat #2 is the button
Seat 1: BoyLoc0 ($106.64 in chips) 
Seat 2: shaunj89124 ($36.58 in chips) 
Seat 3: poker_soul11 ($151.04 in chips) 
Seat 4: Rdalonso ($298.40 in chips) 
Seat 5: Ydys20 ($105.50 in chips) 
Seat 6: Koszi90 ($171.51 in chips) 
poker_soul11: posts small blind $0.50
Rdalonso: posts big blind $1
*** HOLE CARDS ***
Ydys20: folds 
Koszi90: raises $1.20 to $2.20
BoyLoc0: folds 
shaunj89124: folds 
poker_soul11: folds 
Rdalonso: folds 
Uncalled bet ($1.20) returned to Koszi90
Koszi90 collected $2.50 from pot
Koszi90: doesn't show hand 
*** SUMMARY ***
Total pot $2.50 | Rake $0 
Seat 1: BoyLoc0 folded before Flop (didn't bet)
Seat 2: shaunj89124 (button) folded before Flop (didn't bet)
Seat 3: poker_soul11 (small blind) folded before Flop
Seat 4: Rdalonso (big blind) folded before Flop
Seat 5: Ydys20 folded before Flop (didn't bet)
Seat 6: Koszi90 collected ($2.50)



PokerStars Hand #254748750996:  Hold'em No Limit ($0.50/$1.00 USD) - 2025/02/07 12:58:06 WET [2025/02/07 7:58:06 ET]
Table 'Ginevra II' 6-max Seat #3 is the button
Seat 1: BoyLoc0 ($106.64 in chips) 
Seat 2: shaunj89124 ($36.58 in chips) 
Seat 3: poker_soul11 ($150.54 in chips) 
Seat 4: Rdalonso ($297.40 in chips) 
Seat 5: Ydys20 ($105.50 in chips) 
Seat 6: Koszi90 ($173.01 in chips) 
Rdalonso: posts small blind $0.50
Ydys20: posts big blind $1
*** HOLE CARDS ***
Koszi90: folds 
BoyLoc0: raises $1.50 to $2.50
shaunj89124: raises $34.08 to $36.58 and is all-in
poker_soul11: folds 
Rdalonso: folds 
Ydys20: folds 
BoyLoc0: folds 
Uncalled bet ($34.08) returned to shaunj89124
shaunj89124 collected $6.50 from pot
*** SUMMARY ***
Total pot $6.50 | Rake $0 
Seat 1: BoyLoc0 folded before Flop
Seat 2: shaunj89124 collected ($6.50)
Seat 3: poker_soul11 (button) folded before Flop (didn't bet)
Seat 4: Rdalonso (small blind) folded before Flop
Seat 5: Ydys20 (big blind) folded before Flop
Seat 6: Koszi90 folded before Flop (didn't bet)



PokerStars Hand #254748753932:  Hold'em No Limit ($0.50/$1.00 USD) - 2025/02/07 12:58:31 WET [2025/02/07 7:58:31 ET]
Table 'Ginevra II' 6-max Seat #4 is the button
Seat 1: BoyLoc0 ($104.14 in chips) 
Seat 2: shaunj89124 ($40.58 in chips) 
Seat 3: poker_soul11 ($150.54 in chips) 
Seat 4: Rdalonso ($296.90 in chips) 
Seat 5: Ydys20 ($104.50 in chips) 
Seat 6: Koszi90 ($173.01 in chips) 
Ydys20: posts small blind $0.50
Koszi90: posts big blind $1
*** HOLE CARDS ***
BoyLoc0: folds 
shaunj89124: folds 
poker_soul11: folds 
Rdalonso: folds 
Ydys20: folds 
Uncalled bet ($0.50) returned to Koszi90
Koszi90 collected $1 from pot
Koszi90: doesn't show hand 
*** SUMMARY ***
Total pot $1 | Rake $0 
Seat 1: BoyLoc0 folded before Flop (didn't bet)
Seat 2: shaunj89124 folded before Flop (didn't bet)
Seat 3: poker_soul11 folded before Flop (didn't bet)
Seat 4: Rdalonso (button) folded before Flop (didn't bet)
Seat 5: Ydys20 (small blind) folded before Flop
Seat 6: Koszi90 (big blind) collected ($1)



PokerStars Hand #254748755468:  Hold'em No Limit ($0.50/$1.00 USD) - 2025/02/07 12:58:42 WET [2025/02/07 7:58:42 ET]
Table 'Ginevra II' 6-max Seat #5 is the button
Seat 1: BoyLoc0 ($104.14 in chips) 
Seat 2: shaunj89124 ($40.58 in chips) 
Seat 3: poker_soul11 ($150.54 in chips) 
Seat 4: Rdalonso ($296.90 in chips) 
Seat 5: Ydys20 ($104 in chips) 
Seat 6: Koszi90 ($173.51 in chips) 
Koszi90: posts small blind $0.50
BoyLoc0: posts big blind $1
*** HOLE CARDS ***
shaunj89124: raises $2 to $3
poker_soul11: folds 
Rdalonso: calls $3
Ydys20: folds 
Koszi90: folds 
BoyLoc0: folds 
*** FLOP *** [Jd 7h 8s]
shaunj89124: checks 
Rdalonso: bets $2.35
shaunj89124: calls $2.35
*** TURN *** [Jd 7h 8s] [As]
shaunj89124: checks 
Rdalonso: checks 
*** RIVER *** [Jd 7h 8s As] [Js]
shaunj89124: checks 
Rdalonso: bets $14.73
shaunj89124: folds 
Uncalled bet ($14.73) returned to Rdalonso
Rdalonso collected $11.59 from pot
Rdalonso: doesn't show hand 
*** SUMMARY ***
Total pot $12.20 | Rake $0.61 
Board [Jd 7h 8s As Js]
Seat 1: BoyLoc0 (big blind) folded before Flop
Seat 2: shaunj89124 folded on the River
Seat 3: poker_soul11 folded before Flop (didn't bet)
Seat 4: Rdalonso collected ($11.59)
Seat 5: Ydys20 (button) folded before Flop (didn't bet)
Seat 6: Koszi90 (small blind) folded before Flop



PokerStars Hand #254748762671:  Hold'em No Limit ($0.50/$1.00 USD) - 2025/02/07 12:59:40 WET [2025/02/07 7:59:40 ET]
Table 'Ginevra II' 6-max Seat #6 is the button
Seat 2: shaunj89124 ($35.23 in chips) is sitting out
Seat 1: BoyLoc0 ($103.14 in chips) 
Seat 3: poker_soul11 ($150.54 in chips) 
Seat 4: Rdalonso ($303.14 in chips) 
Seat 5: Ydys20 ($104 in chips) 
Seat 6: Koszi90 ($173.01 in chips) 
BoyLoc0: posts small blind $0.50
shaunj89124: is sitting out 
shaunj89124 leaves the table
poker_soul11: posts big blind $1
*** HOLE CARDS ***
Rdalonso: raises $1.50 to $2.50
Ydys20: folds 
Koszi90: folds 
BoyLoc0: folds 
Ydys20 leaves the table
poker_soul11: calls $1.50
*** FLOP *** [5h 4c Qs]
poker_soul11: checks 
Rdalonso: bets $1.72
poker_soul11: raises $4.33 to $6.05
Rdalonso: calls $4.33
*** TURN *** [5h 4c Qs] [Qd]
poker_soul11: checks 
Rdalonso: bets $5.52
poker_soul11: folds 
Uncalled bet ($5.52) returned to Rdalonso
Rdalonso collected $16.72 from pot
Rdalonso: doesn't show hand 
*** SUMMARY ***
Total pot $17.60 | Rake $0.88 
Board [5h 4c Qs Qd]
Seat 2: shaunj89124
Seat 1: BoyLoc0 (small blind) folded before Flop
Seat 3: poker_soul11 (big blind) folded on the Turn
Seat 4: Rdalonso collected ($16.72)
Seat 5: Ydys20 folded before Flop (didn't bet)
Seat 6: Koszi90 (button) folded before Flop (didn't bet)



