PokerStars Hand #254753621337:  Hold'em No Limit ($0.50/$1.00 USD) - 2025/02/07 19:14:21 WET [2025/02/07 14:14:21 ET]
Table 'Wendeline II' 6-max Seat #3 is the button
Seat 2: BumHuntKing ($100 in chips) is sitting out
Seat 4: Nicedaymybro ($100 in chips) is sitting out
Seat 1: henri789 ($103.80 in chips) 
Seat 3: sta$igk ($100 in chips) 
Seat 5: michasia ($104.39 in chips) 
michasia: posts small blind $0.50
henri789: posts big blind $1
BumHuntKing: sits out 
*** HOLE CARDS ***
sta$igk: raises $1.50 to $2.50
michasia: folds 
henri789: calls $1.50
*** FLOP *** [4d 8h 8c]
henri789: checks 
VanessaClarck joins the table at seat #6 
VanessaClarck is disconnected 
sta$igk: bets $1.72
henri789: folds 
Uncalled bet ($1.72) returned to sta$igk
sta$igk collected $5.22 from pot
sta$igk: doesn't show hand 
*** SUMMARY ***
Total pot $5.50 | Rake $0.28 
Board [4d 8h 8c]
Seat 2: BumHuntKing
Seat 4: Nicedaymybro
Seat 1: henri789 (big blind) folded on the Flop
Seat 3: sta$igk (button) collected ($5.22)
Seat 5: michasia (small blind) folded before Flop



PokerStars Hand #254753634462:  Hold'em No Limit ($0.50/$1.00 USD) - 2025/02/07 19:15:07 WET [2025/02/07 14:15:07 ET]
Table 'Wendeline II' 6-max Seat #5 is the button
Seat 4: Nicedaymybro ($100 in chips) is sitting out
Seat 6: VanessaClarck ($100 in chips) is sitting out
Seat 1: henri789 ($101.30 in chips) 
Seat 2: BumHuntKing ($100 in chips) 
Seat 3: sta$igk ($102.72 in chips) 
Seat 5: michasia ($103.89 in chips) 
henri789: posts small blind $0.50
BumHuntKing: posts big blind $1
Nicedaymybro: sits out 
*** HOLE CARDS ***
sta$igk: folds 
michasia: folds 
henri789: folds 
Uncalled bet ($0.50) returned to BumHuntKing
BumHuntKing collected $1 from pot
BumHuntKing: doesn't show hand 
*** SUMMARY ***
Total pot $1 | Rake $0 
Seat 4: Nicedaymybro
Seat 6: VanessaClarck
Seat 1: henri789 (small blind) folded before Flop
Seat 2: BumHuntKing (big blind) collected ($1)
Seat 3: sta$igk folded before Flop (didn't bet)
Seat 5: michasia (button) folded before Flop (didn't bet)



PokerStars Hand #254753636784:  Hold'em No Limit ($0.50/$1.00 USD) - 2025/02/07 19:15:15 WET [2025/02/07 14:15:15 ET]
Table 'Wendeline II' 6-max Seat #1 is the button
Seat 4: Nicedaymybro ($100 in chips) is sitting out
Seat 1: henri789 ($100.80 in chips) 
Seat 2: BumHuntKing ($100.50 in chips) 
Seat 3: sta$igk ($102.72 in chips) 
Seat 5: michasia ($103.89 in chips) 
Seat 6: VanessaClarck ($100 in chips) 
BumHuntKing: posts small blind $0.50
sta$igk: posts big blind $1
Nicedaymybro: sits out 
VanessaClarck: posts big blind $1
*** HOLE CARDS ***
michasia: folds 
VanessaClarck: checks 
henri789: raises $3 to $4
BumHuntKing: folds 
sta$igk: folds 
VanessaClarck: folds 
Uncalled bet ($3) returned to henri789
henri789 collected $3.50 from pot
henri789: doesn't show hand 
*** SUMMARY ***
Total pot $3.50 | Rake $0 
Seat 4: Nicedaymybro
Seat 1: henri789 (button) collected ($3.50)
Seat 2: BumHuntKing (small blind) folded before Flop
Seat 3: sta$igk (big blind) folded before Flop
Seat 5: michasia folded before Flop (didn't bet)
Seat 6: VanessaClarck folded before Flop (didn't bet)



PokerStars Hand #254753642913:  Hold'em No Limit ($0.50/$1.00 USD) - 2025/02/07 19:15:36 WET [2025/02/07 14:15:36 ET]
Table 'Wendeline II' 6-max Seat #2 is the button
Seat 1: henri789 ($103.30 in chips) 
Seat 2: BumHuntKing ($100 in chips) 
Seat 3: sta$igk ($101.72 in chips) 
Seat 4: Nicedaymybro ($100 in chips) 
Seat 5: michasia ($103.89 in chips) 
Seat 6: VanessaClarck ($99 in chips) 
sta$igk: posts small blind $0.50
Nicedaymybro: posts big blind $1
*** HOLE CARDS ***
michasia: folds 
VanessaClarck: calls $1
henri789: folds 
BumHuntKing: folds 
sta$igk: folds 
Nicedaymybro: checks 
*** FLOP *** [5c 7h Jc]
Nicedaymybro: bets $1
VanessaClarck: calls $1
*** TURN *** [5c 7h Jc] [Kc]
Nicedaymybro: checks 
VanessaClarck: bets $1
Nicedaymybro: folds 
Uncalled bet ($1) returned to VanessaClarck
VanessaClarck collected $4.28 from pot
*** SUMMARY ***
Total pot $4.50 | Rake $0.22 
Board [5c 7h Jc Kc]
Seat 1: henri789 folded before Flop (didn't bet)
Seat 2: BumHuntKing (button) folded before Flop (didn't bet)
Seat 3: sta$igk (small blind) folded before Flop
Seat 4: Nicedaymybro (big blind) folded on the Turn
Seat 5: michasia folded before Flop (didn't bet)
Seat 6: VanessaClarck collected ($4.28)



PokerStars Hand #254753656109:  Hold'em No Limit ($0.50/$1.00 USD) - 2025/02/07 19:16:23 WET [2025/02/07 14:16:23 ET]
Table 'Wendeline II' 6-max Seat #3 is the button
Seat 1: henri789 ($103.30 in chips) 
Seat 2: BumHuntKing ($100 in chips) 
Seat 3: sta$igk ($101.22 in chips) 
Seat 4: Nicedaymybro ($100 in chips) 
Seat 5: michasia ($103.89 in chips) 
Seat 6: VanessaClarck ($101.28 in chips) 
Nicedaymybro: posts small blind $0.50
michasia: posts big blind $1
*** HOLE CARDS ***
VanessaClarck: folds 
henri789: folds 
BumHuntKing: raises $1.20 to $2.20
sta$igk: folds 
Nicedaymybro: folds 
michasia: calls $1.20
*** FLOP *** [Kh Jc Tc]
michasia: checks 
BumHuntKing: checks 
*** TURN *** [Kh Jc Tc] [5c]
michasia: bets $3.11
BumHuntKing: calls $3.11
*** RIVER *** [Kh Jc Tc 5c] [2h]
michasia: bets $13.20
BumHuntKing: calls $13.20
*** SHOW DOWN ***
michasia: shows [6d Ad] (high card Ace)
BumHuntKing: shows [9d Ks] (a pair of Kings)
BumHuntKing collected $35.64 from pot
*** SUMMARY ***
Total pot $37.52 | Rake $1.88 
Board [Kh Jc Tc 5c 2h]
Seat 1: henri789 folded before Flop (didn't bet)
Seat 2: BumHuntKing showed [9d Ks] and won ($35.64) with a pair of Kings
Seat 3: sta$igk (button) folded before Flop (didn't bet)
Seat 4: Nicedaymybro (small blind) folded before Flop
Seat 5: michasia (big blind) showed [6d Ad] and lost with high card Ace
Seat 6: VanessaClarck folded before Flop (didn't bet)



PokerStars Hand #254753669250:  Hold'em No Limit ($0.50/$1.00 USD) - 2025/02/07 19:17:08 WET [2025/02/07 14:17:08 ET]
Table 'Wendeline II' 6-max Seat #4 is the button
Seat 1: henri789 ($103.30 in chips) 
Seat 2: BumHuntKing ($117.13 in chips) 
Seat 3: sta$igk ($101.22 in chips) 
Seat 4: Nicedaymybro ($100 in chips) 
Seat 5: michasia ($100 in chips) 
Seat 6: VanessaClarck ($101.28 in chips) 
michasia: posts small blind $0.50
VanessaClarck: posts big blind $1
*** HOLE CARDS ***
henri789: raises $1.50 to $2.50
BumHuntKing: folds 
sta$igk: folds 
Nicedaymybro: raises $5 to $7.50
michasia: folds 
VanessaClarck: calls $6.50
henri789: folds 
*** FLOP *** [6h Ks Ts]
VanessaClarck: checks 
Nicedaymybro: bets $5.64
VanessaClarck: calls $5.64
*** TURN *** [6h Ks Ts] [3c]
VanessaClarck: checks 
Nicedaymybro: checks 
*** RIVER *** [6h Ks Ts 3c] [Qh]
VanessaClarck: bets $10
Nicedaymybro: folds 
Uncalled bet ($10) returned to VanessaClarck
VanessaClarck collected $27.82 from pot
*** SUMMARY ***
Total pot $29.28 | Rake $1.46 
Board [6h Ks Ts 3c Qh]
Seat 1: henri789 folded before Flop
Seat 2: BumHuntKing folded before Flop (didn't bet)
Seat 3: sta$igk folded before Flop (didn't bet)
Seat 4: Nicedaymybro (button) folded on the River
Seat 5: michasia (small blind) folded before Flop
Seat 6: VanessaClarck (big blind) collected ($27.82)



PokerStars Hand #254753687493:  Hold'em No Limit ($0.50/$1.00 USD) - 2025/02/07 19:18:12 WET [2025/02/07 14:18:12 ET]
Table 'Wendeline II' 6-max Seat #5 is the button
Seat 1: henri789 ($100.80 in chips) 
Seat 2: BumHuntKing ($117.13 in chips) 
Seat 3: sta$igk ($101.22 in chips) 
Seat 4: Nicedaymybro ($100 in chips) 
Seat 5: michasia ($100 in chips) 
Seat 6: VanessaClarck ($115.96 in chips) 
VanessaClarck: posts small blind $0.50
henri789: posts big blind $1
*** HOLE CARDS ***
BumHuntKing: folds 
sta$igk: folds 
Nicedaymybro: raises $1.50 to $2.50
michasia: folds 
VanessaClarck: calls $2
henri789: raises $11.50 to $14
Nicedaymybro: folds 
VanessaClarck: folds 
Uncalled bet ($11.50) returned to henri789
henri789 collected $7.50 from pot
henri789: doesn't show hand 
*** SUMMARY ***
Total pot $7.50 | Rake $0 
Seat 1: henri789 (big blind) collected ($7.50)
Seat 2: BumHuntKing folded before Flop (didn't bet)
Seat 3: sta$igk folded before Flop (didn't bet)
Seat 4: Nicedaymybro folded before Flop
Seat 5: michasia (button) folded before Flop (didn't bet)
Seat 6: VanessaClarck (small blind) folded before Flop



PokerStars Hand #254753694638:  Hold'em No Limit ($0.50/$1.00 USD) - 2025/02/07 19:18:37 WET [2025/02/07 14:18:37 ET]
Table 'Wendeline II' 6-max Seat #6 is the button
Seat 1: henri789 ($105.80 in chips) 
Seat 2: BumHuntKing ($117.13 in chips) 
Seat 3: sta$igk ($101.22 in chips) 
Seat 4: Nicedaymybro ($100 in chips) 
Seat 5: michasia ($100 in chips) 
Seat 6: VanessaClarck ($113.46 in chips) 
henri789: posts small blind $0.50
BumHuntKing: posts big blind $1
*** HOLE CARDS ***
sta$igk: folds 
Nicedaymybro: raises $1.50 to $2.50
michasia: raises $5 to $7.50
VanessaClarck: folds 
henri789: folds 
BumHuntKing: folds 
Nicedaymybro: folds 
Uncalled bet ($5) returned to michasia
michasia collected $6.50 from pot
michasia: doesn't show hand 
*** SUMMARY ***
Total pot $6.50 | Rake $0 
Seat 1: henri789 (small blind) folded before Flop
Seat 2: BumHuntKing (big blind) folded before Flop
Seat 3: sta$igk folded before Flop (didn't bet)
Seat 4: Nicedaymybro folded before Flop
Seat 5: michasia collected ($6.50)
Seat 6: VanessaClarck (button) folded before Flop (didn't bet)



PokerStars Hand #254753698641:  Hold'em No Limit ($0.50/$1.00 USD) - 2025/02/07 19:18:51 WET [2025/02/07 14:18:51 ET]
Table 'Wendeline II' 6-max Seat #1 is the button
Seat 1: henri789 ($105.30 in chips) 
Seat 2: BumHuntKing ($116.13 in chips) 
Seat 3: sta$igk ($101.22 in chips) 
Seat 4: Nicedaymybro ($100 in chips) 
Seat 5: michasia ($104 in chips) 
Seat 6: VanessaClarck ($113.46 in chips) 
BumHuntKing: posts small blind $0.50
sta$igk: posts big blind $1
*** HOLE CARDS ***
Nicedaymybro: folds 
michasia: folds 
VanessaClarck: calls $1
henri789: folds 
BumHuntKing: raises $4 to $5
sta$igk: raises $10 to $15
VanessaClarck: folds 
BumHuntKing: folds 
Uncalled bet ($10) returned to sta$igk
sta$igk collected $11 from pot
sta$igk: doesn't show hand 
*** SUMMARY ***
Total pot $11 | Rake $0 
Seat 1: henri789 (button) folded before Flop (didn't bet)
Seat 2: BumHuntKing (small blind) folded before Flop
Seat 3: sta$igk (big blind) collected ($11)
Seat 4: Nicedaymybro folded before Flop (didn't bet)
Seat 5: michasia folded before Flop (didn't bet)
Seat 6: VanessaClarck folded before Flop



PokerStars Hand #254753709346:  Hold'em No Limit ($0.50/$1.00 USD) - 2025/02/07 19:19:28 WET [2025/02/07 14:19:28 ET]
Table 'Wendeline II' 6-max Seat #2 is the button
Seat 1: henri789 ($105.30 in chips) 
Seat 2: BumHuntKing ($111.13 in chips) 
Seat 3: sta$igk ($107.22 in chips) 
Seat 4: Nicedaymybro ($100 in chips) 
Seat 5: michasia ($104 in chips) 
Seat 6: VanessaClarck ($112.46 in chips) 
sta$igk: posts small blind $0.50
Nicedaymybro: posts big blind $1
*** HOLE CARDS ***
michasia: folds 
VanessaClarck: calls $1
henri789: folds 
BumHuntKing: raises $2.50 to $3.50
sta$igk: folds 
Nicedaymybro: folds 
VanessaClarck: calls $2.50
*** FLOP *** [3c 2c 5s]
VanessaClarck: checks 
BumHuntKing: bets $2.02
VanessaClarck: calls $2.02
*** TURN *** [3c 2c 5s] [2h]
VanessaClarck: checks 
BumHuntKing: bets $8.93
VanessaClarck: folds 
Uncalled bet ($8.93) returned to BumHuntKing
BumHuntKing collected $11.91 from pot
BumHuntKing: doesn't show hand 
*** SUMMARY ***
Total pot $12.54 | Rake $0.63 
Board [3c 2c 5s 2h]
Seat 1: henri789 folded before Flop (didn't bet)
Seat 2: BumHuntKing (button) collected ($11.91)
Seat 3: sta$igk (small blind) folded before Flop
Seat 4: Nicedaymybro (big blind) folded before Flop
Seat 5: michasia folded before Flop (didn't bet)
Seat 6: VanessaClarck folded on the Turn



PokerStars Hand #254753721200:  Hold'em No Limit ($0.50/$1.00 USD) - 2025/02/07 19:20:10 WET [2025/02/07 14:20:10 ET]
Table 'Wendeline II' 6-max Seat #3 is the button
Seat 1: henri789 ($105.30 in chips) 
Seat 2: BumHuntKing ($117.52 in chips) 
Seat 3: sta$igk ($106.72 in chips) 
Seat 4: Nicedaymybro ($100 in chips) 
Seat 5: michasia ($104 in chips) 
Seat 6: VanessaClarck ($106.94 in chips) 
Nicedaymybro: posts small blind $0.50
michasia: posts big blind $1
*** HOLE CARDS ***
VanessaClarck: calls $1
henri789: folds 
BumHuntKing: folds 
sta$igk: folds 
Nicedaymybro: folds 
michasia: checks 
*** FLOP *** [Ks Kd 5c]
michasia: checks 
VanessaClarck: checks 
*** TURN *** [Ks Kd 5c] [6d]
michasia: checks 
VanessaClarck: checks 
*** RIVER *** [Ks Kd 5c 6d] [Jc]
michasia: checks 
VanessaClarck: bets $2
michasia: folds 
Uncalled bet ($2) returned to VanessaClarck
VanessaClarck collected $2.38 from pot
*** SUMMARY ***
Total pot $2.50 | Rake $0.12 
Board [Ks Kd 5c 6d Jc]
Seat 1: henri789 folded before Flop (didn't bet)
Seat 2: BumHuntKing folded before Flop (didn't bet)
Seat 3: sta$igk (button) folded before Flop (didn't bet)
Seat 4: Nicedaymybro (small blind) folded before Flop
Seat 5: michasia (big blind) folded on the River
Seat 6: VanessaClarck collected ($2.38)



PokerStars Hand #254753729741:  Hold'em No Limit ($0.50/$1.00 USD) - 2025/02/07 19:20:39 WET [2025/02/07 14:20:39 ET]
Table 'Wendeline II' 6-max Seat #4 is the button
Seat 1: henri789 ($105.30 in chips) 
Seat 2: BumHuntKing ($117.52 in chips) 
Seat 3: sta$igk ($106.72 in chips) 
Seat 4: Nicedaymybro ($100 in chips) 
Seat 5: michasia ($103 in chips) 
Seat 6: VanessaClarck ($108.32 in chips) 
michasia: posts small blind $0.50
VanessaClarck: posts big blind $1
*** HOLE CARDS ***
henri789: raises $1.50 to $2.50
BumHuntKing: folds 
sta$igk: raises $5.50 to $8
Nicedaymybro: folds 
michasia: folds 
VanessaClarck: folds 
henri789: folds 
Uncalled bet ($5.50) returned to sta$igk
sta$igk collected $6.50 from pot
sta$igk: doesn't show hand 
*** SUMMARY ***
Total pot $6.50 | Rake $0 
Seat 1: henri789 folded before Flop
Seat 2: BumHuntKing folded before Flop (didn't bet)
Seat 3: sta$igk collected ($6.50)
Seat 4: Nicedaymybro (button) folded before Flop (didn't bet)
Seat 5: michasia (small blind) folded before Flop
Seat 6: VanessaClarck (big blind) folded before Flop



PokerStars Hand #254753738295:  Hold'em No Limit ($0.50/$1.00 USD) - 2025/02/07 19:21:10 WET [2025/02/07 14:21:10 ET]
Table 'Wendeline II' 6-max Seat #5 is the button
Seat 1: henri789 ($102.80 in chips) 
Seat 2: BumHuntKing ($117.52 in chips) 
Seat 3: sta$igk ($110.72 in chips) 
Seat 4: Nicedaymybro ($100 in chips) 
Seat 5: michasia ($102.50 in chips) 
Seat 6: VanessaClarck ($107.32 in chips) 
VanessaClarck: posts small blind $0.50
henri789: posts big blind $1
*** HOLE CARDS ***
BumHuntKing: folds 
sta$igk: folds 
Nicedaymybro: folds 
michasia: raises $1.80 to $2.80
VanessaClarck: folds 
henri789: folds 
Uncalled bet ($1.80) returned to michasia
michasia collected $2.50 from pot
michasia: doesn't show hand 
*** SUMMARY ***
Total pot $2.50 | Rake $0 
Seat 1: henri789 (big blind) folded before Flop
Seat 2: BumHuntKing folded before Flop (didn't bet)
Seat 3: sta$igk folded before Flop (didn't bet)
Seat 4: Nicedaymybro folded before Flop (didn't bet)
Seat 5: michasia (button) collected ($2.50)
Seat 6: VanessaClarck (small blind) folded before Flop



PokerStars Hand #254753743587:  Hold'em No Limit ($0.50/$1.00 USD) - 2025/02/07 19:21:28 WET [2025/02/07 14:21:28 ET]
Table 'Wendeline II' 6-max Seat #6 is the button
Seat 1: henri789 ($101.80 in chips) 
Seat 2: BumHuntKing ($117.52 in chips) 
Seat 3: sta$igk ($110.72 in chips) 
Seat 4: Nicedaymybro ($100 in chips) 
Seat 5: michasia ($104 in chips) 
Seat 6: VanessaClarck ($106.82 in chips) 
henri789: posts small blind $0.50
BumHuntKing: posts big blind $1
*** HOLE CARDS ***
sta$igk: folds 
Nicedaymybro: folds 
michasia: folds 
VanessaClarck: folds 
henri789: folds 
Uncalled bet ($0.50) returned to BumHuntKing
BumHuntKing collected $1 from pot
BumHuntKing: doesn't show hand 
*** SUMMARY ***
Total pot $1 | Rake $0 
Seat 1: henri789 (small blind) folded before Flop
Seat 2: BumHuntKing (big blind) collected ($1)
Seat 3: sta$igk folded before Flop (didn't bet)
Seat 4: Nicedaymybro folded before Flop (didn't bet)
Seat 5: michasia folded before Flop (didn't bet)
Seat 6: VanessaClarck (button) folded before Flop (didn't bet)



PokerStars Hand #254753746597:  Hold'em No Limit ($0.50/$1.00 USD) - 2025/02/07 19:21:38 WET [2025/02/07 14:21:38 ET]
Table 'Wendeline II' 6-max Seat #1 is the button
Seat 1: henri789 ($101.30 in chips) 
Seat 2: BumHuntKing ($118.02 in chips) 
Seat 3: sta$igk ($110.72 in chips) 
Seat 4: Nicedaymybro ($100 in chips) 
Seat 5: michasia ($104 in chips) 
Seat 6: VanessaClarck ($106.82 in chips) 
BumHuntKing: posts small blind $0.50
sta$igk: posts big blind $1
*** HOLE CARDS ***
Nicedaymybro: raises $1.50 to $2.50
michasia: folds 
VanessaClarck: folds 
henri789: folds 
BumHuntKing: folds 
sta$igk: calls $1.50
*** FLOP *** [4h 6d 9h]
sta$igk: checks 
Nicedaymybro: checks 
*** TURN *** [4h 6d 9h] [9d]
sta$igk: bets $2.09
Nicedaymybro: calls $2.09
*** RIVER *** [4h 6d 9h 9d] [Ts]
sta$igk: bets $3.68
Nicedaymybro: calls $3.68
*** SHOW DOWN ***
sta$igk: shows [Qs 8s] (a pair of Nines)
Nicedaymybro: shows [5s 5d] (two pair, Nines and Fives)
Nicedaymybro collected $16.19 from pot
*** SUMMARY ***
Total pot $17.04 | Rake $0.85 
Board [4h 6d 9h 9d Ts]
Seat 1: henri789 (button) folded before Flop (didn't bet)
Seat 2: BumHuntKing (small blind) folded before Flop
Seat 3: sta$igk (big blind) showed [Qs 8s] and lost with a pair of Nines
Seat 4: Nicedaymybro showed [5s 5d] and won ($16.19) with two pair, Nines and Fives
Seat 5: michasia folded before Flop (didn't bet)
Seat 6: VanessaClarck folded before Flop (didn't bet)



PokerStars Hand #254753761027:  Hold'em No Limit ($0.50/$1.00 USD) - 2025/02/07 19:22:29 WET [2025/02/07 14:22:29 ET]
Table 'Wendeline II' 6-max Seat #2 is the button
Seat 4: Nicedaymybro ($107.92 in chips) is sitting out
Seat 1: henri789 ($101.30 in chips) 
Seat 2: BumHuntKing ($117.52 in chips) 
Seat 3: sta$igk ($102.45 in chips) 
Seat 5: michasia ($104 in chips) 
Seat 6: VanessaClarck ($106.82 in chips) 
sta$igk: posts small blind $0.50
michasia: posts big blind $1
*** HOLE CARDS ***
VanessaClarck: calls $1
henri789: folds 
BumHuntKing: folds 
sta$igk: folds 
michasia: checks 
*** FLOP *** [Jc 7s Js]
michasia: checks 
VanessaClarck: bets $1
michasia: folds 
Uncalled bet ($1) returned to VanessaClarck
VanessaClarck collected $2.38 from pot
*** SUMMARY ***
Total pot $2.50 | Rake $0.12 
Board [Jc 7s Js]
Seat 4: Nicedaymybro
Seat 1: henri789 folded before Flop (didn't bet)
Seat 2: BumHuntKing (button) folded before Flop (didn't bet)
Seat 3: sta$igk (small blind) folded before Flop
Seat 5: michasia (big blind) folded on the Flop
Seat 6: VanessaClarck collected ($2.38)



PokerStars Hand #254753769004:  Hold'em No Limit ($0.50/$1.00 USD) - 2025/02/07 19:22:57 WET [2025/02/07 14:22:57 ET]
Table 'Wendeline II' 6-max Seat #3 is the button
Seat 4: Nicedaymybro ($107.92 in chips) is sitting out
Seat 6: VanessaClarck ($108.20 in chips) is sitting out
Seat 1: henri789 ($101.30 in chips) 
Seat 2: BumHuntKing ($117.52 in chips) 
Seat 3: sta$igk ($101.95 in chips) 
Seat 5: michasia ($103 in chips) 
michasia: posts small blind $0.50
VanessaClarck has timed out
VanessaClarck: is sitting out 
henri789: posts big blind $1
*** HOLE CARDS ***
BumHuntKing: raises $1.20 to $2.20
sta$igk: folds 
michasia: raises $8.80 to $11
henri789: folds 
BumHuntKing: folds 
Uncalled bet ($8.80) returned to michasia
michasia collected $5.40 from pot
michasia: doesn't show hand 
*** SUMMARY ***
Total pot $5.40 | Rake $0 
Seat 4: Nicedaymybro
Seat 6: VanessaClarck
Seat 1: henri789 (big blind) folded before Flop
Seat 2: BumHuntKing folded before Flop
Seat 3: sta$igk (button) folded before Flop (didn't bet)
Seat 5: michasia (small blind) collected ($5.40)



PokerStars Hand #254753776873:  Hold'em No Limit ($0.50/$1.00 USD) - 2025/02/07 19:23:24 WET [2025/02/07 14:23:24 ET]
Table 'Wendeline II' 6-max Seat #5 is the button
Seat 4: Nicedaymybro ($107.92 in chips) is sitting out
Seat 6: VanessaClarck ($108.20 in chips) is sitting out
Seat 1: henri789 ($100.30 in chips) 
Seat 2: BumHuntKing ($115.32 in chips) 
Seat 3: sta$igk ($101.95 in chips) 
Seat 5: michasia ($106.20 in chips) 
henri789: posts small blind $0.50
BumHuntKing: posts big blind $1
*** HOLE CARDS ***
sta$igk: folds 
michasia: folds 
henri789: raises $2 to $3
BumHuntKing: folds 
Uncalled bet ($2) returned to henri789
henri789 collected $2 from pot
henri789: doesn't show hand 
*** SUMMARY ***
Total pot $2 | Rake $0 
Seat 4: Nicedaymybro
Seat 6: VanessaClarck
Seat 1: henri789 (small blind) collected ($2)
Seat 2: BumHuntKing (big blind) folded before Flop
Seat 3: sta$igk folded before Flop (didn't bet)
Seat 5: michasia (button) folded before Flop (didn't bet)



PokerStars Hand #254753781211:  Hold'em No Limit ($0.50/$1.00 USD) - 2025/02/07 19:23:40 WET [2025/02/07 14:23:40 ET]
Table 'Wendeline II' 6-max Seat #1 is the button
Seat 4: Nicedaymybro ($107.92 in chips) is sitting out
Seat 1: henri789 ($101.30 in chips) 
Seat 2: BumHuntKing ($114.32 in chips) 
Seat 3: sta$igk ($101.95 in chips) 
Seat 5: michasia ($106.20 in chips) 
Seat 6: VanessaClarck ($108.20 in chips) 
BumHuntKing: posts small blind $0.50
sta$igk: posts big blind $1
VanessaClarck: posts small & big blinds $1.50
*** HOLE CARDS ***
michasia: folds 
VanessaClarck: checks 
henri789: raises $2.50 to $3.50
BumHuntKing: folds 
sta$igk: folds 
VanessaClarck: folds 
Uncalled bet ($2.50) returned to henri789
henri789 collected $4 from pot
henri789: doesn't show hand 
*** SUMMARY ***
Total pot $4 | Rake $0 
Seat 4: Nicedaymybro
Seat 1: henri789 (button) collected ($4)
Seat 2: BumHuntKing (small blind) folded before Flop
Seat 3: sta$igk (big blind) folded before Flop
Seat 5: michasia folded before Flop (didn't bet)
Seat 6: VanessaClarck folded before Flop (didn't bet)



PokerStars Hand #254753788029:  Hold'em No Limit ($0.50/$1.00 USD) - 2025/02/07 19:24:04 WET [2025/02/07 14:24:04 ET]
Table 'Wendeline II' 6-max Seat #2 is the button
Seat 4: Nicedaymybro ($107.92 in chips) is sitting out
Seat 1: henri789 ($104.30 in chips) 
Seat 2: BumHuntKing ($113.82 in chips) 
Seat 3: sta$igk ($100.95 in chips) 
Seat 5: michasia ($106.20 in chips) 
Seat 6: VanessaClarck ($106.70 in chips) 
sta$igk: posts small blind $0.50
michasia: posts big blind $1
*** HOLE CARDS ***
VanessaClarck: calls $1
henri789: folds 
BumHuntKing: folds 
sta$igk: folds 
michasia: checks 
*** FLOP *** [Kh Jc Jd]
michasia: checks 
VanessaClarck: checks 
*** TURN *** [Kh Jc Jd] [7d]
michasia: checks 
VanessaClarck: checks 
*** RIVER *** [Kh Jc Jd 7d] [9h]
michasia: checks 
VanessaClarck: bets $1
michasia: folds 
Uncalled bet ($1) returned to VanessaClarck
VanessaClarck collected $2.38 from pot
*** SUMMARY ***
Total pot $2.50 | Rake $0.12 
Board [Kh Jc Jd 7d 9h]
Seat 4: Nicedaymybro
Seat 1: henri789 folded before Flop (didn't bet)
Seat 2: BumHuntKing (button) folded before Flop (didn't bet)
Seat 3: sta$igk (small blind) folded before Flop
Seat 5: michasia (big blind) folded on the River
Seat 6: VanessaClarck collected ($2.38)



PokerStars Hand #254753795435:  Hold'em No Limit ($0.50/$1.00 USD) - 2025/02/07 19:24:30 WET [2025/02/07 14:24:30 ET]
Table 'Wendeline II' 6-max Seat #3 is the button
Seat 4: Nicedaymybro ($107.92 in chips) is sitting out
Seat 1: henri789 ($104.30 in chips) 
Seat 2: BumHuntKing ($113.82 in chips) 
Seat 3: sta$igk ($100.45 in chips) 
Seat 5: michasia ($105.20 in chips) 
Seat 6: VanessaClarck ($108.08 in chips) 
michasia: posts small blind $0.50
VanessaClarck: posts big blind $1
*** HOLE CARDS ***
henri789: folds 
BumHuntKing: raises $1.20 to $2.20
sta$igk: folds 
michasia: folds 
VanessaClarck: calls $1.20
*** FLOP *** [5c 6h 8s]
VanessaClarck: checks 
BumHuntKing: bets $1.54
VanessaClarck: calls $1.54
*** TURN *** [5c 6h 8s] [As]
VanessaClarck: checks 
BumHuntKing: bets $5.69
VanessaClarck: calls $5.69
*** RIVER *** [5c 6h 8s As] [Th]
VanessaClarck: checks 
BumHuntKing: checks 
*** SHOW DOWN ***
VanessaClarck: shows [Ac 5d] (two pair, Aces and Fives)
BumHuntKing: mucks hand 
VanessaClarck collected $18.39 from pot
*** SUMMARY ***
Total pot $19.36 | Rake $0.97 
Board [5c 6h 8s As Th]
Seat 4: Nicedaymybro
Seat 1: henri789 folded before Flop (didn't bet)
Seat 2: BumHuntKing mucked
Seat 3: sta$igk (button) folded before Flop (didn't bet)
Seat 5: michasia (small blind) folded before Flop
Seat 6: VanessaClarck (big blind) showed [Ac 5d] and won ($18.39) with two pair, Aces and Fives



PokerStars Hand #254753808463:  Hold'em No Limit ($0.50/$1.00 USD) - 2025/02/07 19:25:16 WET [2025/02/07 14:25:16 ET]
Table 'Wendeline II' 6-max Seat #5 is the button
Seat 4: Nicedaymybro ($107.92 in chips) is sitting out
Seat 1: henri789 ($104.30 in chips) 
Seat 2: BumHuntKing ($104.39 in chips) 
Seat 3: sta$igk ($100.45 in chips) 
Seat 5: michasia ($104.70 in chips) 
Seat 6: VanessaClarck ($117.04 in chips) 
VanessaClarck: posts small blind $0.50
henri789: posts big blind $1
*** HOLE CARDS ***
BumHuntKing: folds 
sta$igk: raises $1.50 to $2.50
michasia: folds 
VanessaClarck: calls $2
henri789: folds 
*** FLOP *** [6h 9s Qs]
VanessaClarck: bets $2
sta$igk: raises $5 to $7
VanessaClarck: folds 
Uncalled bet ($5) returned to sta$igk
sta$igk collected $9.50 from pot
sta$igk: doesn't show hand 
*** SUMMARY ***
Total pot $10 | Rake $0.50 
Board [6h 9s Qs]
Seat 4: Nicedaymybro
Seat 1: henri789 (big blind) folded before Flop
Seat 2: BumHuntKing folded before Flop (didn't bet)
Seat 3: sta$igk collected ($9.50)
Seat 5: michasia (button) folded before Flop (didn't bet)
Seat 6: VanessaClarck (small blind) folded on the Flop



PokerStars Hand #254753816954:  Hold'em No Limit ($0.50/$1.00 USD) - 2025/02/07 19:25:47 WET [2025/02/07 14:25:47 ET]
Table 'Wendeline II' 6-max Seat #6 is the button
Seat 4: Nicedaymybro ($107.92 in chips) is sitting out
Seat 1: henri789 ($103.30 in chips) 
Seat 2: BumHuntKing ($104.39 in chips) 
Seat 3: sta$igk ($105.45 in chips) 
Seat 5: michasia ($104.70 in chips) 
Seat 6: VanessaClarck ($112.54 in chips) 
henri789: posts small blind $0.50
BumHuntKing: posts big blind $1
Nicedaymybro: sits out 
*** HOLE CARDS ***
sta$igk: folds 
michasia: raises $1.80 to $2.80
VanessaClarck: folds 
henri789: raises $9.20 to $12
BumHuntKing: folds 
michasia: calls $9.20
*** FLOP *** [2h 6s 5c]
henri789: bets $11.88
michasia: calls $11.88
*** TURN *** [2h 6s 5c] [Kh]
henri789: bets $15.29
michasia: calls $15.29
*** RIVER *** [2h 6s 5c Kh] [Qh]
henri789: bets $64.13 and is all-in
michasia: folds 
Uncalled bet ($64.13) returned to henri789
henri789 collected $76.84 from pot
henri789: doesn't show hand 
*** SUMMARY ***
Total pot $79.34 | Rake $2.50 
Board [2h 6s 5c Kh Qh]
Seat 4: Nicedaymybro
Seat 1: henri789 (small blind) collected ($76.84)
Seat 2: BumHuntKing (big blind) folded before Flop
Seat 3: sta$igk folded before Flop (didn't bet)
Seat 5: michasia folded on the River
Seat 6: VanessaClarck (button) folded before Flop (didn't bet)



PokerStars Hand #254753842814:  Hold'em No Limit ($0.50/$1.00 USD) - 2025/02/07 19:27:19 WET [2025/02/07 14:27:19 ET]
Table 'Wendeline II' 6-max Seat #1 is the button
Seat 4: Nicedaymybro ($107.92 in chips) is sitting out
Seat 1: henri789 ($140.97 in chips) 
Seat 2: BumHuntKing ($103.39 in chips) 
Seat 3: sta$igk ($105.45 in chips) 
Seat 5: michasia ($100 in chips) 
Seat 6: VanessaClarck ($112.54 in chips) 
BumHuntKing: posts small blind $0.50
sta$igk: posts big blind $1
Nicedaymybro: sits out 
*** HOLE CARDS ***
michasia: folds 
VanessaClarck: calls $1
henri789: raises $2.50 to $3.50
BumHuntKing: folds 
sta$igk: folds 
VanessaClarck: calls $2.50
*** FLOP *** [8h 2d Js]
VanessaClarck: checks 
henri789: bets $2.67
VanessaClarck: folds 
Uncalled bet ($2.67) returned to henri789
henri789 collected $8.08 from pot
henri789: doesn't show hand 
*** SUMMARY ***
Total pot $8.50 | Rake $0.42 
Board [8h 2d Js]
Seat 4: Nicedaymybro
Seat 1: henri789 (button) collected ($8.08)
Seat 2: BumHuntKing (small blind) folded before Flop
Seat 3: sta$igk (big blind) folded before Flop
Seat 5: michasia folded before Flop (didn't bet)
Seat 6: VanessaClarck folded on the Flop



PokerStars Hand #254753851984:  Hold'em No Limit ($0.50/$1.00 USD) - 2025/02/07 19:27:52 WET [2025/02/07 14:27:52 ET]
Table 'Wendeline II' 6-max Seat #2 is the button
Seat 1: henri789 ($145.55 in chips) 
Seat 2: BumHuntKing ($102.89 in chips) 
Seat 3: sta$igk ($104.45 in chips) 
Seat 4: Nicedaymybro ($107.92 in chips) 
Seat 5: michasia ($100 in chips) 
Seat 6: VanessaClarck ($109.04 in chips) 
sta$igk: posts small blind $0.50
Nicedaymybro: posts big blind $1
*** HOLE CARDS ***
michasia: folds 
VanessaClarck: folds 
VanessaClarck leaves the table
henri789: raises $1.50 to $2.50
BumHuntKing: folds 
sta$igk: folds 
Nicedaymybro: raises $8.50 to $11
xxxZeka joins the table at seat #6 
xxxZeka leaves the table
henri789: folds 
Uncalled bet ($8.50) returned to Nicedaymybro
Nicedaymybro collected $5.50 from pot
Nicedaymybro: doesn't show hand 
*** SUMMARY ***
Total pot $5.50 | Rake $0 
Seat 1: henri789 folded before Flop
Seat 2: BumHuntKing (button) folded before Flop (didn't bet)
Seat 3: sta$igk (small blind) folded before Flop
Seat 4: Nicedaymybro (big blind) collected ($5.50)
Seat 5: michasia folded before Flop (didn't bet)
Seat 6: VanessaClarck folded before Flop (didn't bet)



PokerStars Hand #254753863036:  Hold'em No Limit ($0.50/$1.00 USD) - 2025/02/07 19:28:32 WET [2025/02/07 14:28:32 ET]
Table 'Wendeline II' 6-max Seat #3 is the button
Seat 5: michasia ($100 in chips) is sitting out
Seat 1: henri789 ($143.05 in chips) 
Seat 2: BumHuntKing ($102.89 in chips) 
Seat 3: sta$igk ($103.95 in chips) 
Seat 4: Nicedaymybro ($110.92 in chips) 
Nicedaymybro: posts small blind $0.50
michasia: is sitting out 
henri789: posts big blind $1
*** HOLE CARDS ***
AndreaBsAs joins the table at seat #6 
BumHuntKing: folds 
michasia leaves the table
sta$igk: raises $1.50 to $2.50
Nicedaymybro: folds 
AndreaBsAs leaves the table
henri789: folds 
Uncalled bet ($1.50) returned to sta$igk
sta$igk collected $2.50 from pot
sta$igk: doesn't show hand 
*** SUMMARY ***
Total pot $2.50 | Rake $0 
Seat 5: michasia
Seat 1: henri789 (big blind) folded before Flop
Seat 2: BumHuntKing folded before Flop (didn't bet)
Seat 3: sta$igk (button) collected ($2.50)
Seat 4: Nicedaymybro (small blind) folded before Flop



PokerStars Hand #254753867613:  Hold'em No Limit ($0.50/$1.00 USD) - 2025/02/07 19:28:48 WET [2025/02/07 14:28:48 ET]
Table 'Wendeline II' 6-max Seat #4 is the button
Seat 1: henri789 ($142.05 in chips) 
Seat 2: BumHuntKing ($102.89 in chips) 
Seat 3: sta$igk ($105.45 in chips) 
Seat 4: Nicedaymybro ($110.42 in chips) 
henri789: posts small blind $0.50
BumHuntKing: posts big blind $1
*** HOLE CARDS ***
sta$igk: folds 
Nicedaymybro: raises $1.50 to $2.50
henri789: folds 
BumHuntKing: folds 
Uncalled bet ($1.50) returned to Nicedaymybro
Nicedaymybro collected $2.50 from pot
Nicedaymybro: doesn't show hand 
*** SUMMARY ***
Total pot $2.50 | Rake $0 
Seat 1: henri789 (small blind) folded before Flop
Seat 2: BumHuntKing (big blind) folded before Flop
Seat 3: sta$igk folded before Flop (didn't bet)
Seat 4: Nicedaymybro (button) collected ($2.50)



PokerStars Hand #254753870892:  Hold'em No Limit ($0.50/$1.00 USD) - 2025/02/07 19:29:00 WET [2025/02/07 14:29:00 ET]
Table 'Wendeline II' 6-max Seat #2 is the button
Seat 3: sta$igk ($105.45 in chips) is sitting out
Seat 4: Nicedaymybro ($111.92 in chips) is sitting out
Seat 1: henri789 ($141.55 in chips) 
Seat 2: BumHuntKing ($101.89 in chips) 
BumHuntKing: posts small blind $0.50
sta$igk: is sitting out 
Nicedaymybro: is sitting out 
henri789: posts big blind $1
*** HOLE CARDS ***
Nicedaymybro leaves the table
BumHuntKing: folds 
Uncalled bet ($0.50) returned to henri789
henri789 collected $1 from pot
henri789: doesn't show hand 
*** SUMMARY ***
Total pot $1 | Rake $0 
Seat 3: sta$igk
Seat 4: Nicedaymybro
Seat 1: henri789 (big blind) collected ($1)
Seat 2: BumHuntKing (button) (small blind) folded before Flop



PokerStars Hand #254753873289:  Hold'em No Limit ($0.50/$1.00 USD) - 2025/02/07 19:29:08 WET [2025/02/07 14:29:08 ET]
Table 'Wendeline II' 6-max Seat #1 is the button
Seat 3: sta$igk ($105.45 in chips) is sitting out
Seat 1: henri789 ($142.05 in chips) 
Seat 2: BumHuntKing ($101.39 in chips) 
henri789: posts small blind $0.50
BumHuntKing: posts big blind $1
*** HOLE CARDS ***
sta$igk leaves the table
henri789: raises $1.50 to $2.50
BumHuntKing: raises $10 to $12.50
henri789: folds 
Uncalled bet ($10) returned to BumHuntKing
BumHuntKing collected $5 from pot
BumHuntKing: doesn't show hand 
*** SUMMARY ***
Total pot $5 | Rake $0 
Seat 3: sta$igk
Seat 1: henri789 (button) (small blind) folded before Flop
Seat 2: BumHuntKing (big blind) collected ($5)



