PokerStars Hand #254746157010:  Hold'em No Limit ($0.50/$1.00 USD) - 2025/02/07 5:44:23 WET [2025/02/07 0:44:23 ET]
Table 'Astronomia' 6-max Seat #5 is the button
Seat 1: Supermegopro ($100 in chips) 
Seat 2: DL1B ($101.50 in chips) 
Seat 3: nastja336 ($100 in chips) 
Seat 4: ken7811 ($58.33 in chips) 
Seat 5: 7bekon7 ($100 in chips) 
Seat 6: Flix2204 ($100 in chips) 
Flix2204: posts small blind $0.50
Supermegopro: posts big blind $1
*** HOLE CARDS ***
DL1B: folds 
nastja336: raises $1.50 to $2.50
ken7811: calls $2.50
7bekon7: folds 
Flix2204: folds 
Supermegopro: calls $1.50
*** FLOP *** [Qs 9h Jd]
Supermegopro: checks 
nastja336: checks 
ken7811: checks 
*** TURN *** [Qs 9h Jd] [5s]
Supermegopro: checks 
nastja336: checks 
ken7811: bets $3.80
Supermegopro: folds 
nastja336: folds 
Uncalled bet ($3.80) returned to ken7811
ken7811 collected $7.60 from pot
ken7811: doesn't show hand 
*** SUMMARY ***
Total pot $8 | Rake $0.40 
Board [Qs 9h Jd 5s]
Seat 1: Supermegopro (big blind) folded on the Turn
Seat 2: DL1B folded before Flop (didn't bet)
Seat 3: nastja336 folded on the Turn
Seat 4: ken7811 collected ($7.60)
Seat 5: 7bekon7 (button) folded before Flop (didn't bet)
Seat 6: Flix2204 (small blind) folded before Flop



PokerStars Hand #254746161594:  Hold'em No Limit ($0.50/$1.00 USD) - 2025/02/07 5:45:19 WET [2025/02/07 0:45:19 ET]
Table 'Astronomia' 6-max Seat #6 is the button
Seat 1: Supermegopro ($100 in chips) 
Seat 2: DL1B ($101.50 in chips) 
Seat 3: nastja336 ($100 in chips) 
Seat 4: ken7811 ($63.43 in chips) 
Seat 5: 7bekon7 ($100 in chips) 
Seat 6: Flix2204 ($100 in chips) 
Supermegopro: posts small blind $0.50
DL1B: posts big blind $1
*** HOLE CARDS ***
nastja336: folds 
ken7811: raises $2.50 to $3.50
7bekon7: folds 
Flix2204: folds 
Supermegopro: folds 
DL1B: folds 
Uncalled bet ($2.50) returned to ken7811
ken7811 collected $2.50 from pot
ken7811: doesn't show hand 
*** SUMMARY ***
Total pot $2.50 | Rake $0 
Seat 1: Supermegopro (small blind) folded before Flop
Seat 2: DL1B (big blind) folded before Flop
Seat 3: nastja336 folded before Flop (didn't bet)
Seat 4: ken7811 collected ($2.50)
Seat 5: 7bekon7 folded before Flop (didn't bet)
Seat 6: Flix2204 (button) folded before Flop (didn't bet)



PokerStars Hand #254746162981:  Hold'em No Limit ($0.50/$1.00 USD) - 2025/02/07 5:45:36 WET [2025/02/07 0:45:36 ET]
Table 'Astronomia' 6-max Seat #1 is the button
Seat 1: Supermegopro ($100 in chips) 
Seat 2: DL1B ($100.50 in chips) 
Seat 3: nastja336 ($100 in chips) 
Seat 4: ken7811 ($64.93 in chips) 
Seat 5: 7bekon7 ($100 in chips) 
Seat 6: Flix2204 ($100 in chips) 
DL1B: posts small blind $0.50
nastja336: posts big blind $1
*** HOLE CARDS ***
ken7811: calls $1
7bekon7: folds 
Flix2204: folds 
Supermegopro: folds 
DL1B: raises $3.50 to $4.50
nastja336: folds 
ken7811: calls $3.50
*** FLOP *** [Tc Kd 9s]
DL1B: bets $3.14
ken7811: calls $3.14
*** TURN *** [Tc Kd 9s] [5h]
DL1B: bets $11.76
ken7811: calls $11.76
*** RIVER *** [Tc Kd 9s 5h] [8h]
DL1B: checks 
ken7811: checks 
*** SHOW DOWN ***
DL1B: shows [As Ah] (a pair of Aces)
ken7811: mucks hand 
DL1B collected $37.81 from pot
*** SUMMARY ***
Total pot $39.80 | Rake $1.99 
Board [Tc Kd 9s 5h 8h]
Seat 1: Supermegopro (button) folded before Flop (didn't bet)
Seat 2: DL1B (small blind) showed [As Ah] and won ($37.81) with a pair of Aces
Seat 3: nastja336 (big blind) folded before Flop
Seat 4: ken7811 mucked
Seat 5: 7bekon7 folded before Flop (didn't bet)
Seat 6: Flix2204 folded before Flop (didn't bet)



PokerStars Hand #254746168091:  Hold'em No Limit ($0.50/$1.00 USD) - 2025/02/07 5:46:37 WET [2025/02/07 0:46:37 ET]
Table 'Astronomia' 6-max Seat #2 is the button
Seat 1: Supermegopro ($100 in chips) 
Seat 2: DL1B ($118.91 in chips) 
Seat 3: nastja336 ($100 in chips) 
Seat 4: ken7811 ($45.53 in chips) 
Seat 5: 7bekon7 ($100 in chips) 
Seat 6: Flix2204 ($100 in chips) 
nastja336: posts small blind $0.50
ken7811: posts big blind $1
*** HOLE CARDS ***
7bekon7: folds 
Flix2204: raises $1.50 to $2.50
Supermegopro: folds 
DL1B: folds 
nastja336: raises $9.50 to $12
ken7811: raises $33.53 to $45.53 and is all-in
Flix2204: folds 
nastja336: calls $33.53
*** FLOP *** [8c 4s 2h]
*** TURN *** [8c 4s 2h] [Ad]
*** RIVER *** [8c 4s 2h Ad] [7s]
*** SHOW DOWN ***
nastja336: shows [Ts Th] (a pair of Tens)
ken7811: shows [4d 6c] (a pair of Fours)
nastja336 collected $91.06 from pot
*** SUMMARY ***
Total pot $93.56 | Rake $2.50 
Board [8c 4s 2h Ad 7s]
Seat 1: Supermegopro folded before Flop (didn't bet)
Seat 2: DL1B (button) folded before Flop (didn't bet)
Seat 3: nastja336 (small blind) showed [Ts Th] and won ($91.06) with a pair of Tens
Seat 4: ken7811 (big blind) showed [4d 6c] and lost with a pair of Fours
Seat 5: 7bekon7 folded before Flop (didn't bet)
Seat 6: Flix2204 folded before Flop



PokerStars Hand #254746170337:  Hold'em No Limit ($0.50/$1.00 USD) - 2025/02/07 5:47:03 WET [2025/02/07 0:47:03 ET]
Table 'Astronomia' 6-max Seat #3 is the button
Seat 4: ken7811 ($0 in chips) is sitting out
Seat 1: Supermegopro ($100 in chips) 
Seat 2: DL1B ($118.91 in chips) 
Seat 3: nastja336 ($145.53 in chips) 
Seat 5: 7bekon7 ($100 in chips) 
Seat 6: Flix2204 ($100 in chips) 
7bekon7: posts small blind $0.50
Flix2204: posts big blind $1
*** HOLE CARDS ***
ken7811 leaves the table
Supermegopro: raises $1.50 to $2.50
DL1B: folds 
nastja336: folds 
7bekon7: folds 
nastja336 leaves the table
Flix2204: folds 
Uncalled bet ($1.50) returned to Supermegopro
Supermegopro collected $2.50 from pot
Supermegopro: doesn't show hand 
*** SUMMARY ***
Total pot $2.50 | Rake $0 
Seat 4: ken7811
Seat 1: Supermegopro collected ($2.50)
Seat 2: DL1B folded before Flop (didn't bet)
Seat 3: nastja336 (button) folded before Flop (didn't bet)
Seat 5: 7bekon7 (small blind) folded before Flop
Seat 6: Flix2204 (big blind) folded before Flop



PokerStars Hand #254746155387:  Hold'em No Limit ($0.50/$1.00 USD) - 2025/02/07 5:44:04 WET [2025/02/07 0:44:04 ET]
Table 'Astronomia' 6-max Seat #4 is the button
Seat 1: Supermegopro ($100 in chips) 
Seat 2: DL1B ($100 in chips) 
Seat 3: nastja336 ($100 in chips) 
Seat 4: ken7811 ($58.33 in chips) 
Seat 5: 7bekon7 ($100 in chips) 
Seat 6: Flix2204 ($100 in chips) 
7bekon7: posts small blind $0.50
Flix2204: posts big blind $1
*** HOLE CARDS ***
Supermegopro: folds 
DL1B: raises $1 to $2
nastja336: folds 
ken7811: folds 
7bekon7: folds 
Flix2204: folds 
Uncalled bet ($1) returned to DL1B
DL1B collected $2.50 from pot
DL1B: doesn't show hand 
*** SUMMARY ***
Total pot $2.50 | Rake $0 
Seat 1: Supermegopro folded before Flop (didn't bet)
Seat 2: DL1B collected ($2.50)
Seat 3: nastja336 folded before Flop (didn't bet)
Seat 4: ken7811 (button) folded before Flop (didn't bet)
Seat 5: 7bekon7 (small blind) folded before Flop
Seat 6: Flix2204 (big blind) folded before Flop



