PokerStars Hand #254751740826:  Hold'em No Limit ($0.50/$1.00 USD) - 2025/02/07 17:15:36 WET [2025/02/07 12:15:36 ET]
Table 'Eridanus II' 6-max Seat #5 is the button
Seat 1: sta$igk ($100.50 in chips) 
Seat 4: BoyLoc0 ($100 in chips) 
Seat 5: paramourx ($100 in chips) 
sta$igk: posts small blind $0.50
BoyLoc0: posts big blind $1
*** HOLE CARDS ***
paramourx: folds 
sta$igk: raises $2 to $3
BoyLoc0: folds 
Uncalled bet ($2) returned to sta$igk
sta$igk collected $2 from pot
sta$igk: doesn't show hand 
*** SUMMARY ***
Total pot $2 | Rake $0 
Seat 1: sta$igk (small blind) collected ($2)
Seat 4: BoyLoc0 (big blind) folded before Flop
Seat 5: paramourx (button) folded before Flop (didn't bet)



PokerStars Hand #254751742882:  Hold'em No Limit ($0.50/$1.00 USD) - 2025/02/07 17:15:44 WET [2025/02/07 12:15:44 ET]
Table 'Eridanus II' 6-max Seat #1 is the button
Seat 1: sta$igk ($101.50 in chips) 
Seat 4: BoyLoc0 ($100 in chips) 
Seat 5: paramourx ($100 in chips) 
BoyLoc0: posts small blind $0.50
paramourx: posts big blind $1
*** HOLE CARDS ***
sta$igk: raises $1.50 to $2.50
BoyLoc0: folds 
paramourx: raises $9.50 to $12
sta$igk: folds 
Uncalled bet ($9.50) returned to paramourx
paramourx collected $5.50 from pot
paramourx: doesn't show hand 
*** SUMMARY ***
Total pot $5.50 | Rake $0 
Seat 1: sta$igk (button) folded before Flop
Seat 4: BoyLoc0 (small blind) folded before Flop
Seat 5: paramourx (big blind) collected ($5.50)



PokerStars Hand #254751747409:  Hold'em No Limit ($0.50/$1.00 USD) - 2025/02/07 17:16:02 WET [2025/02/07 12:16:02 ET]
Table 'Eridanus II' 6-max Seat #4 is the button
Seat 1: sta$igk ($100 in chips) 
Seat 4: BoyLoc0 ($100 in chips) 
Seat 5: paramourx ($103 in chips) 
paramourx: posts small blind $0.50
sta$igk: posts big blind $1
*** HOLE CARDS ***
BoyLoc0: raises $1.50 to $2.50
paramourx: raises $9 to $11.50
sta$igk: folds 
BoyLoc0: calls $9
*** FLOP *** [6d 5s Jd]
paramourx: checks 
BoyLoc0: checks 
*** TURN *** [6d 5s Jd] [Ah]
paramourx: bets $7.13
BoyLoc0: folds 
Uncalled bet ($7.13) returned to paramourx
paramourx collected $23 from pot
paramourx: doesn't show hand 
*** SUMMARY ***
Total pot $24 | Rake $1 
Board [6d 5s Jd Ah]
Seat 1: sta$igk (big blind) folded before Flop
Seat 4: BoyLoc0 (button) folded on the Turn
Seat 5: paramourx (small blind) collected ($23)



PokerStars Hand #254751761245:  Hold'em No Limit ($0.50/$1.00 USD) - 2025/02/07 17:16:56 WET [2025/02/07 12:16:56 ET]
Table 'Eridanus II' 6-max Seat #5 is the button
Seat 1: sta$igk ($100 in chips) 
Seat 4: BoyLoc0 ($100 in chips) 
Seat 5: paramourx ($114.50 in chips) 
sta$igk: posts small blind $0.50
BoyLoc0: posts big blind $1
*** HOLE CARDS ***
paramourx: raises $2 to $3
sta$igk: folds 
BoyLoc0: calls $2
*** FLOP *** [2d Qs 9s]
BoyLoc0: checks 
paramourx: checks 
*** TURN *** [2d Qs 9s] [Ad]
BoyLoc0: checks 
paramourx: bets $1.92
sta$igk leaves the table
BoyLoc0: raises $7.52 to $9.44
paramourx: calls $7.52
*** RIVER *** [2d Qs 9s Ad] [Kh]
BoyLoc0: checks 
paramourx: bets $19.02
BoyLoc0: folds 
Uncalled bet ($19.02) returned to paramourx
paramourx collected $24.38 from pot
paramourx: doesn't show hand 
*** SUMMARY ***
Total pot $25.38 | Rake $1 
Board [2d Qs 9s Ad Kh]
Seat 1: sta$igk (small blind) folded before Flop
Seat 4: BoyLoc0 (big blind) folded on the River
Seat 5: paramourx (button) collected ($24.38)



PokerStars Hand #254751840808:  Hold'em No Limit ($0.50/$1.00 USD) - 2025/02/07 17:22:07 WET [2025/02/07 12:22:07 ET]
Table 'Eridanus II' 6-max Seat #6 is the button
Seat 1: Gv4ssx01 ($70.91 in chips) 
Seat 2: paramourx ($126.44 in chips) 
Seat 3: ReVeu710 ($100 in chips) 
Seat 4: Rysiff ($100 in chips) 
Seat 6: sta$igk ($100 in chips) 
Gv4ssx01: posts small blind $0.50
paramourx: posts big blind $1
*** HOLE CARDS ***
ReVeu710: folds 
AndreaBsAs joins the table at seat #5 
Rysiff: folds 
sta$igk: folds 
Gv4ssx01: calls $0.50
paramourx: checks 
*** FLOP *** [2h 6h Qs]
Gv4ssx01: checks 
paramourx: checks 
*** TURN *** [2h 6h Qs] [Qh]
Gv4ssx01: checks 
paramourx: checks 
*** RIVER *** [2h 6h Qs Qh] [9d]
Gv4ssx01: checks 
paramourx: checks 
*** SHOW DOWN ***
Gv4ssx01: shows [As 3s] (a pair of Queens)
paramourx: shows [2c 8h] (two pair, Queens and Deuces)
paramourx collected $1.90 from pot
*** SUMMARY ***
Total pot $2 | Rake $0.10 
Board [2h 6h Qs Qh 9d]
Seat 1: Gv4ssx01 (small blind) showed [As 3s] and lost with a pair of Queens
Seat 2: paramourx (big blind) showed [2c 8h] and won ($1.90) with two pair, Queens and Deuces
Seat 3: ReVeu710 folded before Flop (didn't bet)
Seat 4: Rysiff folded before Flop (didn't bet)
Seat 6: sta$igk (button) folded before Flop (didn't bet)



PokerStars Hand #254751850031:  Hold'em No Limit ($0.50/$1.00 USD) - 2025/02/07 17:22:43 WET [2025/02/07 12:22:43 ET]
Table 'Eridanus II' 6-max Seat #1 is the button
Seat 5: AndreaBsAs ($100 in chips) is sitting out
Seat 1: Gv4ssx01 ($69.91 in chips) 
Seat 2: paramourx ($127.34 in chips) 
Seat 3: ReVeu710 ($100 in chips) 
Seat 4: Rysiff ($100 in chips) 
Seat 6: sta$igk ($100 in chips) 
paramourx: posts small blind $0.50
ReVeu710: posts big blind $1
AndreaBsAs: sits out 
*** HOLE CARDS ***
Rysiff: folds 
sta$igk: folds 
Gv4ssx01: folds 
paramourx: folds 
Uncalled bet ($0.50) returned to ReVeu710
ReVeu710 collected $1 from pot
ReVeu710: doesn't show hand 
*** SUMMARY ***
Total pot $1 | Rake $0 
Seat 5: AndreaBsAs
Seat 1: Gv4ssx01 (button) folded before Flop (didn't bet)
Seat 2: paramourx (small blind) folded before Flop
Seat 3: ReVeu710 (big blind) collected ($1)
Seat 4: Rysiff folded before Flop (didn't bet)
Seat 6: sta$igk folded before Flop (didn't bet)



PokerStars Hand #254751853808:  Hold'em No Limit ($0.50/$1.00 USD) - 2025/02/07 17:22:58 WET [2025/02/07 12:22:58 ET]
Table 'Eridanus II' 6-max Seat #2 is the button
Seat 5: AndreaBsAs ($100 in chips) is sitting out
Seat 1: Gv4ssx01 ($69.91 in chips) 
Seat 2: paramourx ($126.84 in chips) 
Seat 3: ReVeu710 ($100.50 in chips) 
Seat 4: Rysiff ($100 in chips) 
Seat 6: sta$igk ($100 in chips) 
ReVeu710: posts small blind $0.50
Rysiff: posts big blind $1
AndreaBsAs: sits out 
*** HOLE CARDS ***
sta$igk: folds 
Gv4ssx01: folds 
paramourx: folds 
ReVeu710: raises $2 to $3
Rysiff: folds 
Uncalled bet ($2) returned to ReVeu710
ReVeu710 collected $2 from pot
ReVeu710: doesn't show hand 
*** SUMMARY ***
Total pot $2 | Rake $0 
Seat 5: AndreaBsAs
Seat 1: Gv4ssx01 folded before Flop (didn't bet)
Seat 2: paramourx (button) folded before Flop (didn't bet)
Seat 3: ReVeu710 (small blind) collected ($2)
Seat 4: Rysiff (big blind) folded before Flop
Seat 6: sta$igk folded before Flop (didn't bet)



PokerStars Hand #254751860494:  Hold'em No Limit ($0.50/$1.00 USD) - 2025/02/07 17:23:24 WET [2025/02/07 12:23:24 ET]
Table 'Eridanus II' 6-max Seat #3 is the button
Seat 1: Gv4ssx01 ($69.91 in chips) 
Seat 2: paramourx ($126.84 in chips) 
Seat 3: ReVeu710 ($101.50 in chips) 
Seat 4: Rysiff ($100 in chips) 
Seat 5: AndreaBsAs ($100 in chips) 
Seat 6: sta$igk ($100 in chips) 
Rysiff: posts small blind $0.50
AndreaBsAs: posts big blind $1
*** HOLE CARDS ***
sta$igk: folds 
Gv4ssx01: folds 
paramourx: folds 
ReVeu710: raises $1.50 to $2.50
Rysiff: raises $9.50 to $12
AndreaBsAs: folds 
ReVeu710: folds 
Uncalled bet ($9.50) returned to Rysiff
Rysiff collected $6 from pot
Rysiff: doesn't show hand 
*** SUMMARY ***
Total pot $6 | Rake $0 
Seat 1: Gv4ssx01 folded before Flop (didn't bet)
Seat 2: paramourx folded before Flop (didn't bet)
Seat 3: ReVeu710 (button) folded before Flop
Seat 4: Rysiff (small blind) collected ($6)
Seat 5: AndreaBsAs (big blind) folded before Flop
Seat 6: sta$igk folded before Flop (didn't bet)



PokerStars Hand #254751874216:  Hold'em No Limit ($0.50/$1.00 USD) - 2025/02/07 17:24:17 WET [2025/02/07 12:24:17 ET]
Table 'Eridanus II' 6-max Seat #4 is the button
Seat 1: Gv4ssx01 ($69.91 in chips) 
Seat 2: paramourx ($126.84 in chips) 
Seat 3: ReVeu710 ($100 in chips) 
Seat 4: Rysiff ($103.50 in chips) 
Seat 5: AndreaBsAs ($100 in chips) 
Seat 6: sta$igk ($100 in chips) 
AndreaBsAs: posts small blind $0.50
sta$igk: posts big blind $1
*** HOLE CARDS ***
Gv4ssx01: folds 
paramourx: folds 
ReVeu710: raises $1.30 to $2.30
Rysiff: folds 
AndreaBsAs: folds 
sta$igk: calls $1.30
*** FLOP *** [Ks Ac 5h]
sta$igk: checks 
ReVeu710: bets $6.63
sta$igk: folds 
Uncalled bet ($6.63) returned to ReVeu710
ReVeu710 collected $4.84 from pot
ReVeu710: doesn't show hand 
*** SUMMARY ***
Total pot $5.10 | Rake $0.26 
Board [Ks Ac 5h]
Seat 1: Gv4ssx01 folded before Flop (didn't bet)
Seat 2: paramourx folded before Flop (didn't bet)
Seat 3: ReVeu710 collected ($4.84)
Seat 4: Rysiff (button) folded before Flop (didn't bet)
Seat 5: AndreaBsAs (small blind) folded before Flop
Seat 6: sta$igk (big blind) folded on the Flop



PokerStars Hand #254751881795:  Hold'em No Limit ($0.50/$1.00 USD) - 2025/02/07 17:24:46 WET [2025/02/07 12:24:46 ET]
Table 'Eridanus II' 6-max Seat #5 is the button
Seat 3: ReVeu710 ($102.54 in chips) is sitting out
Seat 1: Gv4ssx01 ($69.91 in chips) 
Seat 2: paramourx ($126.84 in chips) 
Seat 4: Rysiff ($103.50 in chips) 
Seat 5: AndreaBsAs ($100 in chips) 
Seat 6: sta$igk ($100 in chips) 
sta$igk: posts small blind $0.50
Gv4ssx01: posts big blind $1
*** HOLE CARDS ***
ReVeu710 leaves the table
Pippa83 joins the table at seat #3 
paramourx: raises $2 to $3
Rysiff: folds 
AndreaBsAs: folds 
sta$igk: folds 
Gv4ssx01: calls $2
*** FLOP *** [7d 8s 6s]
Gv4ssx01: checks 
paramourx: checks 
*** TURN *** [7d 8s 6s] [6c]
Gv4ssx01: checks 
paramourx: checks 
*** RIVER *** [7d 8s 6s 6c] [Kd]
Gv4ssx01: checks 
paramourx: bets $4.82
Gv4ssx01: folds 
Uncalled bet ($4.82) returned to paramourx
paramourx collected $6.18 from pot
paramourx: doesn't show hand 
*** SUMMARY ***
Total pot $6.50 | Rake $0.32 
Board [7d 8s 6s 6c Kd]
Seat 3: ReVeu710
Seat 1: Gv4ssx01 (big blind) folded on the River
Seat 2: paramourx collected ($6.18)
Seat 4: Rysiff folded before Flop (didn't bet)
Seat 5: AndreaBsAs (button) folded before Flop (didn't bet)
Seat 6: sta$igk (small blind) folded before Flop



PokerStars Hand #254751895688:  Hold'em No Limit ($0.50/$1.00 USD) - 2025/02/07 17:25:40 WET [2025/02/07 12:25:40 ET]
Table 'Eridanus II' 6-max Seat #6 is the button
Seat 3: Pippa83 ($100 in chips) is sitting out
Seat 1: Gv4ssx01 ($66.91 in chips) 
Seat 2: paramourx ($130.02 in chips) 
Seat 4: Rysiff ($103.50 in chips) 
Seat 5: AndreaBsAs ($100 in chips) 
Seat 6: sta$igk ($100 in chips) 
Gv4ssx01: posts small blind $0.50
paramourx: posts big blind $1
Pippa83: sits out 
*** HOLE CARDS ***
Rysiff: folds 
AndreaBsAs: raises $1.50 to $2.50
sta$igk: folds 
Gv4ssx01: calls $2
paramourx: calls $1.50
*** FLOP *** [2h Qd 2c]
Gv4ssx01: checks 
paramourx: checks 
AndreaBsAs: bets $2.35
Gv4ssx01: folds 
paramourx: folds 
Uncalled bet ($2.35) returned to AndreaBsAs
AndreaBsAs collected $7.12 from pot
*** SUMMARY ***
Total pot $7.50 | Rake $0.38 
Board [2h Qd 2c]
Seat 3: Pippa83
Seat 1: Gv4ssx01 (small blind) folded on the Flop
Seat 2: paramourx (big blind) folded on the Flop
Seat 4: Rysiff folded before Flop (didn't bet)
Seat 5: AndreaBsAs collected ($7.12)
Seat 6: sta$igk (button) folded before Flop (didn't bet)



PokerStars Hand #254751914887:  Hold'em No Limit ($0.50/$1.00 USD) - 2025/02/07 17:26:54 WET [2025/02/07 12:26:54 ET]
Table 'Eridanus II' 6-max Seat #1 is the button
Seat 1: Gv4ssx01 ($64.41 in chips) 
Seat 2: paramourx ($127.52 in chips) 
Seat 3: Pippa83 ($100 in chips) 
Seat 4: Rysiff ($103.50 in chips) 
Seat 5: AndreaBsAs ($104.62 in chips) 
Seat 6: sta$igk ($100 in chips) 
paramourx: posts small blind $0.50
Pippa83: posts big blind $1
*** HOLE CARDS ***
Rysiff: folds 
AndreaBsAs: folds 
sta$igk: raises $1.50 to $2.50
Gv4ssx01: folds 
paramourx: raises $9 to $11.50
Pippa83: folds 
sta$igk: folds 
Uncalled bet ($9) returned to paramourx
paramourx collected $6 from pot
paramourx: doesn't show hand 
*** SUMMARY ***
Total pot $6 | Rake $0 
Seat 1: Gv4ssx01 (button) folded before Flop (didn't bet)
Seat 2: paramourx (small blind) collected ($6)
Seat 3: Pippa83 (big blind) folded before Flop
Seat 4: Rysiff folded before Flop (didn't bet)
Seat 5: AndreaBsAs folded before Flop (didn't bet)
Seat 6: sta$igk folded before Flop



PokerStars Hand #254751920157:  Hold'em No Limit ($0.50/$1.00 USD) - 2025/02/07 17:27:15 WET [2025/02/07 12:27:15 ET]
Table 'Eridanus II' 6-max Seat #2 is the button
Seat 1: Gv4ssx01 ($64.41 in chips) 
Seat 2: paramourx ($131.02 in chips) 
Seat 3: Pippa83 ($100 in chips) 
Seat 4: Rysiff ($103.50 in chips) 
Seat 5: AndreaBsAs ($104.62 in chips) 
Seat 6: sta$igk ($100 in chips) 
Pippa83: posts small blind $0.50
Rysiff: posts big blind $1
*** HOLE CARDS ***
AndreaBsAs: folds 
sta$igk: folds 
Gv4ssx01: folds 
paramourx: folds 
Pippa83: raises $2 to $3
Rysiff: calls $2
*** FLOP *** [7h Ad 7d]
Pippa83: checks 
Rysiff: bets $4.56
Pippa83: calls $4.56
*** TURN *** [7h Ad 7d] [6c]
Pippa83: checks 
Rysiff: bets $18
Pippa83: folds 
Uncalled bet ($18) returned to Rysiff
Rysiff collected $14.36 from pot
Rysiff: doesn't show hand 
*** SUMMARY ***
Total pot $15.12 | Rake $0.76 
Board [7h Ad 7d 6c]
Seat 1: Gv4ssx01 folded before Flop (didn't bet)
Seat 2: paramourx (button) folded before Flop (didn't bet)
Seat 3: Pippa83 (small blind) folded on the Turn
Seat 4: Rysiff (big blind) collected ($14.36)
Seat 5: AndreaBsAs folded before Flop (didn't bet)
Seat 6: sta$igk folded before Flop (didn't bet)



PokerStars Hand #254751937699:  Hold'em No Limit ($0.50/$1.00 USD) - 2025/02/07 17:28:24 WET [2025/02/07 12:28:24 ET]
Table 'Eridanus II' 6-max Seat #3 is the button
Seat 1: Gv4ssx01 ($64.41 in chips) 
Seat 2: paramourx ($131.02 in chips) 
Seat 3: Pippa83 ($100 in chips) 
Seat 4: Rysiff ($110.30 in chips) 
Seat 5: AndreaBsAs ($104.62 in chips) 
Seat 6: sta$igk ($100 in chips) 
Rysiff: posts small blind $0.50
AndreaBsAs: posts big blind $1
*** HOLE CARDS ***
sta$igk: raises $1.50 to $2.50
Gv4ssx01: calls $2.50
paramourx: folds 
Pippa83: folds 
Rysiff: folds 
AndreaBsAs: folds 
*** FLOP *** [Qs Ts 4s]
sta$igk: checks 
Gv4ssx01: checks 
*** TURN *** [Qs Ts 4s] [Qc]
sta$igk: bets $3.09
Gv4ssx01: folds 
Uncalled bet ($3.09) returned to sta$igk
sta$igk collected $6.18 from pot
sta$igk: doesn't show hand 
*** SUMMARY ***
Total pot $6.50 | Rake $0.32 
Board [Qs Ts 4s Qc]
Seat 1: Gv4ssx01 folded on the Turn
Seat 2: paramourx folded before Flop (didn't bet)
Seat 3: Pippa83 (button) folded before Flop (didn't bet)
Seat 4: Rysiff (small blind) folded before Flop
Seat 5: AndreaBsAs (big blind) folded before Flop
Seat 6: sta$igk collected ($6.18)



PokerStars Hand #254751948149:  Hold'em No Limit ($0.50/$1.00 USD) - 2025/02/07 17:29:05 WET [2025/02/07 12:29:05 ET]
Table 'Eridanus II' 6-max Seat #4 is the button
Seat 6: sta$igk ($103.68 in chips) is sitting out
Seat 1: Gv4ssx01 ($61.91 in chips) 
Seat 2: paramourx ($131.02 in chips) 
Seat 3: Pippa83 ($100 in chips) 
Seat 4: Rysiff ($109.80 in chips) 
Seat 5: AndreaBsAs ($103.62 in chips) 
AndreaBsAs: posts small blind $0.50
sta$igk: is sitting out 
Gv4ssx01: posts big blind $1
*** HOLE CARDS ***
paramourx: folds 
sta$igk leaves the table
Pippa83: raises $1.50 to $2.50
Rysiff: calls $2.50
AndreaBsAs: folds 
Gv4ssx01: calls $1.50
*** FLOP *** [Jd Ah 6d]
coeeeelho joins the table at seat #6 
Gv4ssx01: checks 
Pippa83: checks 
Rysiff: checks 
*** TURN *** [Jd Ah 6d] [9d]
Gv4ssx01: checks 
Pippa83: checks 
Rysiff: checks 
*** RIVER *** [Jd Ah 6d 9d] [4s]
Gv4ssx01: checks 
Pippa83: bets $1.90
Rysiff: folds 
Gv4ssx01: folds 
Uncalled bet ($1.90) returned to Pippa83
Pippa83 collected $7.60 from pot
Pippa83: doesn't show hand 
*** SUMMARY ***
Total pot $8 | Rake $0.40 
Board [Jd Ah 6d 9d 4s]
Seat 6: sta$igk
Seat 1: Gv4ssx01 (big blind) folded on the River
Seat 2: paramourx folded before Flop (didn't bet)
Seat 3: Pippa83 collected ($7.60)
Seat 4: Rysiff (button) folded on the River
Seat 5: AndreaBsAs (small blind) folded before Flop



PokerStars Hand #254751966902:  Hold'em No Limit ($0.50/$1.00 USD) - 2025/02/07 17:30:17 WET [2025/02/07 12:30:17 ET]
Table 'Eridanus II' 6-max Seat #5 is the button
Seat 6: coeeeelho ($100 in chips) is sitting out
Seat 1: Gv4ssx01 ($59.41 in chips) 
Seat 2: paramourx ($131.02 in chips) 
Seat 3: Pippa83 ($105.10 in chips) 
Seat 4: Rysiff ($107.30 in chips) 
Seat 5: AndreaBsAs ($103.12 in chips) 
Gv4ssx01: posts small blind $0.50
paramourx: posts big blind $1
*** HOLE CARDS ***
Pippa83: folds 
Rysiff: folds 
AndreaBsAs: folds 
Gv4ssx01: raises $2 to $3
paramourx: calls $2
*** FLOP *** [7d 4d Jd]
Gv4ssx01: checks 
Rysiff leaves the table
raiseinthedarkk joins the table at seat #4 
paramourx: checks 
*** TURN *** [7d 4d Jd] [2c]
Gv4ssx01: bets $2.85
paramourx: folds 
Uncalled bet ($2.85) returned to Gv4ssx01
Gv4ssx01 collected $5.70 from pot
Gv4ssx01: doesn't show hand 
*** SUMMARY ***
Total pot $6 | Rake $0.30 
Board [7d 4d Jd 2c]
Seat 6: coeeeelho
Seat 1: Gv4ssx01 (small blind) collected ($5.70)
Seat 2: paramourx (big blind) folded on the Turn
Seat 3: Pippa83 folded before Flop (didn't bet)
Seat 4: Rysiff folded before Flop (didn't bet)
Seat 5: AndreaBsAs (button) folded before Flop (didn't bet)



PokerStars Hand #254751978273:  Hold'em No Limit ($0.50/$1.00 USD) - 2025/02/07 17:31:01 WET [2025/02/07 12:31:01 ET]
Table 'Eridanus II' 6-max Seat #1 is the button
Seat 4: raiseinthedarkk ($100 in chips) is sitting out
Seat 6: coeeeelho ($100 in chips) is sitting out
Seat 1: Gv4ssx01 ($62.11 in chips) 
Seat 2: paramourx ($128.02 in chips) 
Seat 3: Pippa83 ($105.10 in chips) 
Seat 5: AndreaBsAs ($103.12 in chips) 
paramourx: posts small blind $0.50
Pippa83: posts big blind $1
raiseinthedarkk: sits out 
coeeeelho: sits out 
*** HOLE CARDS ***
AndreaBsAs: raises $1.50 to $2.50
Gv4ssx01: calls $2.50
paramourx: folds 
Pippa83: calls $1.50
*** FLOP *** [8d 4d 8h]
Pippa83: checks 
AndreaBsAs: bets $2.51
Gv4ssx01: calls $2.51
Pippa83: folds 
*** TURN *** [8d 4d 8h] [5h]
AndreaBsAs: bets $9.52
Gv4ssx01: calls $9.52
*** RIVER *** [8d 4d 8h 5h] [Jd]
AndreaBsAs: checks 
Gv4ssx01: bets $15.53
AndreaBsAs: folds 
Uncalled bet ($15.53) returned to Gv4ssx01
Gv4ssx01 collected $31.06 from pot
Gv4ssx01: doesn't show hand 
*** SUMMARY ***
Total pot $32.06 | Rake $1 
Board [8d 4d 8h 5h Jd]
Seat 4: raiseinthedarkk
Seat 6: coeeeelho
Seat 1: Gv4ssx01 (button) collected ($31.06)
Seat 2: paramourx (small blind) folded before Flop
Seat 3: Pippa83 (big blind) folded on the Flop
Seat 5: AndreaBsAs folded on the River



PokerStars Hand #254752002636:  Hold'em No Limit ($0.50/$1.00 USD) - 2025/02/07 17:32:35 WET [2025/02/07 12:32:35 ET]
Table 'Eridanus II' 6-max Seat #2 is the button
Seat 6: coeeeelho ($100 in chips) is sitting out
Seat 1: Gv4ssx01 ($78.64 in chips) 
Seat 2: paramourx ($127.52 in chips) 
Seat 3: Pippa83 ($102.60 in chips) 
Seat 4: raiseinthedarkk ($100 in chips) 
Seat 5: AndreaBsAs ($100 in chips) 
Pippa83: posts small blind $0.50
raiseinthedarkk: posts big blind $1
coeeeelho: sits out 
*** HOLE CARDS ***
AndreaBsAs: folds 
Gv4ssx01: folds 
paramourx: raises $2 to $3
Pippa83: folds 
raiseinthedarkk: calls $2
*** FLOP *** [Js 5s 7c]
raiseinthedarkk: checks 
paramourx: checks 
*** TURN *** [Js 5s 7c] [2h]
raiseinthedarkk: checks 
paramourx: checks 
*** RIVER *** [Js 5s 7c 2h] [Kh]
raiseinthedarkk: checks 
paramourx: bets $3.09
raiseinthedarkk: calls $3.09
*** SHOW DOWN ***
paramourx: shows [9d Qd] (high card King)
raiseinthedarkk: shows [Jd Tc] (a pair of Jacks)
raiseinthedarkk collected $12.05 from pot
*** SUMMARY ***
Total pot $12.68 | Rake $0.63 
Board [Js 5s 7c 2h Kh]
Seat 6: coeeeelho
Seat 1: Gv4ssx01 folded before Flop (didn't bet)
Seat 2: paramourx (button) showed [9d Qd] and lost with high card King
Seat 3: Pippa83 (small blind) folded before Flop
Seat 4: raiseinthedarkk (big blind) showed [Jd Tc] and won ($12.05) with a pair of Jacks
Seat 5: AndreaBsAs folded before Flop (didn't bet)



PokerStars Hand #254752024367:  Hold'em No Limit ($0.50/$1.00 USD) - 2025/02/07 17:33:58 WET [2025/02/07 12:33:58 ET]
Table 'Eridanus II' 6-max Seat #3 is the button
Seat 6: coeeeelho ($100 in chips) is sitting out
Seat 1: Gv4ssx01 ($78.64 in chips) 
Seat 2: paramourx ($121.43 in chips) 
Seat 3: Pippa83 ($102.10 in chips) 
Seat 4: raiseinthedarkk ($105.96 in chips) 
Seat 5: AndreaBsAs ($100 in chips) 
raiseinthedarkk: posts small blind $0.50
AndreaBsAs: posts big blind $1
coeeeelho: sits out 
*** HOLE CARDS ***
Gv4ssx01: calls $1
paramourx: raises $4 to $5
Pippa83: folds 
raiseinthedarkk: folds 
AndreaBsAs: folds 
Gv4ssx01: calls $4
*** FLOP *** [Qc 4h 9d]
Gv4ssx01: checks 
paramourx: checks 
*** TURN *** [Qc 4h 9d] [8s]
Gv4ssx01: checks 
paramourx: bets $8.52
Gv4ssx01: calls $8.52
*** RIVER *** [Qc 4h 9d 8s] [2d]
Gv4ssx01: checks 
paramourx: checks 
*** SHOW DOWN ***
Gv4ssx01: shows [Th 8h] (a pair of Eights)
paramourx: mucks hand 
Gv4ssx01 collected $27.11 from pot
*** SUMMARY ***
Total pot $28.54 | Rake $1.43 
Board [Qc 4h 9d 8s 2d]
Seat 6: coeeeelho
Seat 1: Gv4ssx01 showed [Th 8h] and won ($27.11) with a pair of Eights
Seat 2: paramourx mucked
Seat 3: Pippa83 (button) folded before Flop (didn't bet)
Seat 4: raiseinthedarkk (small blind) folded before Flop
Seat 5: AndreaBsAs (big blind) folded before Flop



PokerStars Hand #254752045414:  Hold'em No Limit ($0.50/$1.00 USD) - 2025/02/07 17:35:19 WET [2025/02/07 12:35:19 ET]
Table 'Eridanus II' 6-max Seat #4 is the button
Seat 1: Gv4ssx01 ($92.23 in chips) 
Seat 2: paramourx ($107.91 in chips) 
Seat 3: Pippa83 ($102.10 in chips) 
Seat 4: raiseinthedarkk ($105.46 in chips) 
Seat 5: AndreaBsAs ($100 in chips) 
Seat 6: coeeeelho ($100 in chips) 
AndreaBsAs: posts small blind $0.50
coeeeelho: posts big blind $1
*** HOLE CARDS ***
Gv4ssx01: calls $1
paramourx: folds 
Pippa83: folds 
raiseinthedarkk: folds 
AndreaBsAs: raises $4 to $5
coeeeelho: folds 
Gv4ssx01: calls $4
*** FLOP *** [2d 2s Js]
AndreaBsAs: bets $3.45
Gv4ssx01: folds 
Uncalled bet ($3.45) returned to AndreaBsAs
AndreaBsAs collected $10.45 from pot
*** SUMMARY ***
Total pot $11 | Rake $0.55 
Board [2d 2s Js]
Seat 1: Gv4ssx01 folded on the Flop
Seat 2: paramourx folded before Flop (didn't bet)
Seat 3: Pippa83 folded before Flop (didn't bet)
Seat 4: raiseinthedarkk (button) folded before Flop (didn't bet)
Seat 5: AndreaBsAs (small blind) collected ($10.45)
Seat 6: coeeeelho (big blind) folded before Flop



PokerStars Hand #254752059210:  Hold'em No Limit ($0.50/$1.00 USD) - 2025/02/07 17:36:12 WET [2025/02/07 12:36:12 ET]
Table 'Eridanus II' 6-max Seat #5 is the button
Seat 1: Gv4ssx01 ($87.23 in chips) 
Seat 2: paramourx ($107.91 in chips) 
Seat 3: Pippa83 ($102.10 in chips) 
Seat 4: raiseinthedarkk ($105.46 in chips) 
Seat 5: AndreaBsAs ($105.45 in chips) 
Seat 6: coeeeelho ($100 in chips) 
coeeeelho: posts small blind $0.50
Gv4ssx01: posts big blind $1
*** HOLE CARDS ***
paramourx: folds 
Pippa83: folds 
raiseinthedarkk: raises $1.20 to $2.20
AndreaBsAs: calls $2.20
coeeeelho: raises $11.80 to $14
Gv4ssx01: folds 
raiseinthedarkk: calls $11.80
AndreaBsAs: folds 
*** FLOP *** [Jc 2d 7c]
coeeeelho: bets $9.78
paramourx leaves the table
raiseinthedarkk: folds 
Uncalled bet ($9.78) returned to coeeeelho
coeeeelho collected $29.64 from pot
*** SUMMARY ***
Total pot $31.20 | Rake $1.56 
Board [Jc 2d 7c]
Seat 1: Gv4ssx01 (big blind) folded before Flop
Seat 2: paramourx folded before Flop (didn't bet)
Seat 3: Pippa83 folded before Flop (didn't bet)
Seat 4: raiseinthedarkk folded on the Flop
Seat 5: AndreaBsAs (button) folded before Flop
Seat 6: coeeeelho (small blind) collected ($29.64)



PokerStars Hand #254752083065:  Hold'em No Limit ($0.50/$1.00 USD) - 2025/02/07 17:37:44 WET [2025/02/07 12:37:44 ET]
Table 'Eridanus II' 6-max Seat #6 is the button
Seat 1: Gv4ssx01 ($86.23 in chips) 
Seat 3: Pippa83 ($102.10 in chips) 
Seat 4: raiseinthedarkk ($100 in chips) 
Seat 5: AndreaBsAs ($103.25 in chips) 
Seat 6: coeeeelho ($115.64 in chips) 
Gv4ssx01: posts small blind $0.50
Pippa83: posts big blind $1
*** HOLE CARDS ***
raiseinthedarkk: folds 
AndreaBsAs: folds 
coeeeelho: folds 
Gv4ssx01: folds 
Uncalled bet ($0.50) returned to Pippa83
Pippa83 collected $1 from pot
Pippa83: doesn't show hand 
*** SUMMARY ***
Total pot $1 | Rake $0 
Seat 1: Gv4ssx01 (small blind) folded before Flop
Seat 3: Pippa83 (big blind) collected ($1)
Seat 4: raiseinthedarkk folded before Flop (didn't bet)
Seat 5: AndreaBsAs folded before Flop (didn't bet)
Seat 6: coeeeelho (button) folded before Flop (didn't bet)



PokerStars Hand #254752085786:  Hold'em No Limit ($0.50/$1.00 USD) - 2025/02/07 17:37:54 WET [2025/02/07 12:37:54 ET]
Table 'Eridanus II' 6-max Seat #1 is the button
Seat 1: Gv4ssx01 ($85.73 in chips) 
Seat 3: Pippa83 ($102.60 in chips) 
Seat 4: raiseinthedarkk ($100 in chips) 
Seat 5: AndreaBsAs ($103.25 in chips) 
Seat 6: coeeeelho ($115.64 in chips) 
Pippa83: posts small blind $0.50
raiseinthedarkk: posts big blind $1
*** HOLE CARDS ***
AndreaBsAs: folds 
coeeeelho: folds 
Gv4ssx01: folds 
Pippa83: raises $2 to $3
raiseinthedarkk: calls $2
*** FLOP *** [5c 5s 4h]
davefromfl joins the table at seat #2 
Pippa83: checks 
raiseinthedarkk: bets $2.91
Pippa83: calls $2.91
*** TURN *** [5c 5s 4h] [2h]
Pippa83: checks 
raiseinthedarkk: bets $18
Pippa83: folds 
Uncalled bet ($18) returned to raiseinthedarkk
raiseinthedarkk collected $11.23 from pot
raiseinthedarkk: doesn't show hand 
*** SUMMARY ***
Total pot $11.82 | Rake $0.59 
Board [5c 5s 4h 2h]
Seat 1: Gv4ssx01 (button) folded before Flop (didn't bet)
Seat 3: Pippa83 (small blind) folded on the Turn
Seat 4: raiseinthedarkk (big blind) collected ($11.23)
Seat 5: AndreaBsAs folded before Flop (didn't bet)
Seat 6: coeeeelho folded before Flop (didn't bet)



PokerStars Hand #254752105211:  Hold'em No Limit ($0.50/$1.00 USD) - 2025/02/07 17:39:09 WET [2025/02/07 12:39:09 ET]
Table 'Eridanus II' 6-max Seat #3 is the button
Seat 1: Gv4ssx01 ($85.73 in chips) 
Seat 2: davefromfl ($80 in chips) 
Seat 3: Pippa83 ($100 in chips) 
Seat 4: raiseinthedarkk ($105.32 in chips) 
Seat 5: AndreaBsAs ($103.25 in chips) 
Seat 6: coeeeelho ($115.64 in chips) 
raiseinthedarkk: posts small blind $0.50
AndreaBsAs: posts big blind $1
davefromfl: posts big blind $1
*** HOLE CARDS ***
coeeeelho: raises $3.20 to $4.20
Gv4ssx01: folds 
davefromfl: folds 
Pippa83: folds 
raiseinthedarkk: folds 
AndreaBsAs: folds 
Uncalled bet ($3.20) returned to coeeeelho
coeeeelho collected $3.50 from pot
*** SUMMARY ***
Total pot $3.50 | Rake $0 
Seat 1: Gv4ssx01 folded before Flop (didn't bet)
Seat 2: davefromfl folded before Flop (didn't bet)
Seat 3: Pippa83 (button) folded before Flop (didn't bet)
Seat 4: raiseinthedarkk (small blind) folded before Flop
Seat 5: AndreaBsAs (big blind) folded before Flop
Seat 6: coeeeelho collected ($3.50)



PokerStars Hand #254752113999:  Hold'em No Limit ($0.50/$1.00 USD) - 2025/02/07 17:39:43 WET [2025/02/07 12:39:43 ET]
Table 'Eridanus II' 6-max Seat #4 is the button
Seat 1: Gv4ssx01 ($85.73 in chips) 
Seat 2: davefromfl ($79 in chips) 
Seat 3: Pippa83 ($100 in chips) 
Seat 4: raiseinthedarkk ($104.82 in chips) 
Seat 5: AndreaBsAs ($102.25 in chips) 
Seat 6: coeeeelho ($118.14 in chips) 
AndreaBsAs: posts small blind $0.50
coeeeelho: posts big blind $1
*** HOLE CARDS ***
Gv4ssx01: folds 
davefromfl has timed out
davefromfl: folds 
Pippa83: folds 
raiseinthedarkk: raises $1.50 to $2.50
AndreaBsAs: folds 
coeeeelho: folds 
Uncalled bet ($1.50) returned to raiseinthedarkk
raiseinthedarkk collected $2.50 from pot
raiseinthedarkk: doesn't show hand 
*** SUMMARY ***
Total pot $2.50 | Rake $0 
Seat 1: Gv4ssx01 folded before Flop (didn't bet)
Seat 2: davefromfl folded before Flop (didn't bet)
Seat 3: Pippa83 folded before Flop (didn't bet)
Seat 4: raiseinthedarkk (button) collected ($2.50)
Seat 5: AndreaBsAs (small blind) folded before Flop
Seat 6: coeeeelho (big blind) folded before Flop



PokerStars Hand #254752123533:  Hold'em No Limit ($0.50/$1.00 USD) - 2025/02/07 17:40:20 WET [2025/02/07 12:40:20 ET]
Table 'Eridanus II' 6-max Seat #5 is the button
Seat 2: davefromfl ($79 in chips) is sitting out
Seat 1: Gv4ssx01 ($85.73 in chips) 
Seat 3: Pippa83 ($100 in chips) 
Seat 4: raiseinthedarkk ($106.32 in chips) 
Seat 5: AndreaBsAs ($101.75 in chips) 
Seat 6: coeeeelho ($117.14 in chips) 
coeeeelho: posts small blind $0.50
Gv4ssx01: posts big blind $1
*** HOLE CARDS ***
Pippa83: folds 
raiseinthedarkk: folds 
AndreaBsAs: raises $1.50 to $2.50
coeeeelho: folds 
Gv4ssx01: calls $1.50
*** FLOP *** [Th 8c Kd]
Gv4ssx01: checks 
AndreaBsAs: bets $2.61
Gv4ssx01: folds 
Uncalled bet ($2.61) returned to AndreaBsAs
AndreaBsAs collected $5.22 from pot
*** SUMMARY ***
Total pot $5.50 | Rake $0.28 
Board [Th 8c Kd]
Seat 2: davefromfl
Seat 1: Gv4ssx01 (big blind) folded on the Flop
Seat 3: Pippa83 folded before Flop (didn't bet)
Seat 4: raiseinthedarkk folded before Flop (didn't bet)
Seat 5: AndreaBsAs (button) collected ($5.22)
Seat 6: coeeeelho (small blind) folded before Flop



PokerStars Hand #254752131683:  Hold'em No Limit ($0.50/$1.00 USD) - 2025/02/07 17:40:51 WET [2025/02/07 12:40:51 ET]
Table 'Eridanus II' 6-max Seat #6 is the button
Seat 2: davefromfl ($79 in chips) is sitting out
Seat 1: Gv4ssx01 ($83.23 in chips) 
Seat 3: Pippa83 ($100 in chips) 
Seat 4: raiseinthedarkk ($106.32 in chips) 
Seat 5: AndreaBsAs ($104.47 in chips) 
Seat 6: coeeeelho ($116.64 in chips) 
Gv4ssx01: posts small blind $0.50
Pippa83: posts big blind $1
*** HOLE CARDS ***
raiseinthedarkk: folds 
AndreaBsAs: folds 
coeeeelho: folds 
Gv4ssx01: folds 
Uncalled bet ($0.50) returned to Pippa83
Pippa83 collected $1 from pot
Pippa83: doesn't show hand 
*** SUMMARY ***
Total pot $1 | Rake $0 
Seat 2: davefromfl
Seat 1: Gv4ssx01 (small blind) folded before Flop
Seat 3: Pippa83 (big blind) collected ($1)
Seat 4: raiseinthedarkk folded before Flop (didn't bet)
Seat 5: AndreaBsAs folded before Flop (didn't bet)
Seat 6: coeeeelho (button) folded before Flop (didn't bet)



PokerStars Hand #254752134910:  Hold'em No Limit ($0.50/$1.00 USD) - 2025/02/07 17:41:04 WET [2025/02/07 12:41:04 ET]
Table 'Eridanus II' 6-max Seat #1 is the button
Seat 2: davefromfl ($79 in chips) is sitting out
Seat 1: Gv4ssx01 ($82.73 in chips) 
Seat 3: Pippa83 ($100.50 in chips) 
Seat 4: raiseinthedarkk ($106.32 in chips) 
Seat 5: AndreaBsAs ($104.47 in chips) 
Seat 6: coeeeelho ($116.64 in chips) 
Pippa83: posts small blind $0.50
raiseinthedarkk: posts big blind $1
*** HOLE CARDS ***
AndreaBsAs: raises $1.20 to $2.20
coeeeelho: raises $5.30 to $7.50
Gv4ssx01: folds 
Pippa83: folds 
raiseinthedarkk: folds 
AndreaBsAs: calls $5.30
*** FLOP *** [Qs As 7h]
AndreaBsAs: checks 
coeeeelho: checks 
*** TURN *** [Qs As 7h] [8d]
AndreaBsAs: bets $12.07
coeeeelho: folds 
Uncalled bet ($12.07) returned to AndreaBsAs
AndreaBsAs collected $15.68 from pot
*** SUMMARY ***
Total pot $16.50 | Rake $0.82 
Board [Qs As 7h 8d]
Seat 2: davefromfl
Seat 1: Gv4ssx01 (button) folded before Flop (didn't bet)
Seat 3: Pippa83 (small blind) folded before Flop
Seat 4: raiseinthedarkk (big blind) folded before Flop
Seat 5: AndreaBsAs collected ($15.68)
Seat 6: coeeeelho folded on the Turn



PokerStars Hand #254752147289:  Hold'em No Limit ($0.50/$1.00 USD) - 2025/02/07 17:41:51 WET [2025/02/07 12:41:51 ET]
Table 'Eridanus II' 6-max Seat #3 is the button
Seat 1: Gv4ssx01 ($82.73 in chips) 
Seat 2: davefromfl ($79 in chips) 
Seat 3: Pippa83 ($100 in chips) 
Seat 4: raiseinthedarkk ($105.32 in chips) 
Seat 5: AndreaBsAs ($112.65 in chips) 
Seat 6: coeeeelho ($109.14 in chips) 
raiseinthedarkk: posts small blind $0.50
AndreaBsAs: posts big blind $1
davefromfl: posts small & big blinds $1.50
*** HOLE CARDS ***
coeeeelho: folds 
Gv4ssx01: folds 
davefromfl: checks 
Pippa83: folds 
raiseinthedarkk: raises $3.50 to $4.50
AndreaBsAs: raises $9.50 to $14
davefromfl: folds 
raiseinthedarkk: folds 
Uncalled bet ($9.50) returned to AndreaBsAs
AndreaBsAs collected $10.50 from pot
*** SUMMARY ***
Total pot $10.50 | Rake $0 
Seat 1: Gv4ssx01 folded before Flop (didn't bet)
Seat 2: davefromfl folded before Flop (didn't bet)
Seat 3: Pippa83 (button) folded before Flop (didn't bet)
Seat 4: raiseinthedarkk (small blind) folded before Flop
Seat 5: AndreaBsAs (big blind) collected ($10.50)
Seat 6: coeeeelho folded before Flop (didn't bet)



PokerStars Hand #254752160010:  Hold'em No Limit ($0.50/$1.00 USD) - 2025/02/07 17:42:40 WET [2025/02/07 12:42:40 ET]
Table 'Eridanus II' 6-max Seat #4 is the button
Seat 1: Gv4ssx01 ($82.73 in chips) 
Seat 2: davefromfl ($77.50 in chips) 
Seat 3: Pippa83 ($100 in chips) 
Seat 4: raiseinthedarkk ($100.82 in chips) 
Seat 5: AndreaBsAs ($118.65 in chips) 
Seat 6: coeeeelho ($109.14 in chips) 
AndreaBsAs: posts small blind $0.50
coeeeelho: posts big blind $1
*** HOLE CARDS ***
Gv4ssx01: folds 
davefromfl: calls $1
Pippa83: folds 
raiseinthedarkk: calls $1
AndreaBsAs: raises $5 to $6
coeeeelho: folds 
davefromfl: folds 
raiseinthedarkk: calls $5
*** FLOP *** [6c Ts 4d]
AndreaBsAs: checks 
raiseinthedarkk: bets $8.78
AndreaBsAs: calls $8.78
*** TURN *** [6c Ts 4d] [Qh]
AndreaBsAs: checks 
raiseinthedarkk: checks 
*** RIVER *** [6c Ts 4d Qh] [Ac]
AndreaBsAs: bets $39.87
raiseinthedarkk: folds 
Uncalled bet ($39.87) returned to AndreaBsAs
AndreaBsAs collected $29.98 from pot
*** SUMMARY ***
Total pot $31.56 | Rake $1.58 
Board [6c Ts 4d Qh Ac]
Seat 1: Gv4ssx01 folded before Flop (didn't bet)
Seat 2: davefromfl folded before Flop
Seat 3: Pippa83 folded before Flop (didn't bet)
Seat 4: raiseinthedarkk (button) folded on the River
Seat 5: AndreaBsAs (small blind) collected ($29.98)
Seat 6: coeeeelho (big blind) folded before Flop



PokerStars Hand #254752187555:  Hold'em No Limit ($0.50/$1.00 USD) - 2025/02/07 17:44:25 WET [2025/02/07 12:44:25 ET]
Table 'Eridanus II' 6-max Seat #5 is the button
Seat 1: Gv4ssx01 ($82.73 in chips) 
Seat 2: davefromfl ($76.50 in chips) 
Seat 3: Pippa83 ($100 in chips) 
Seat 4: raiseinthedarkk ($100 in chips) 
Seat 5: AndreaBsAs ($133.85 in chips) 
Seat 6: coeeeelho ($108.14 in chips) 
coeeeelho: posts small blind $0.50
Gv4ssx01: posts big blind $1
*** HOLE CARDS ***
davefromfl: calls $1
Pippa83: folds 
raiseinthedarkk: folds 
AndreaBsAs: folds 
coeeeelho: raises $3.20 to $4.20
Gv4ssx01: calls $3.20
davefromfl: folds 
*** FLOP *** [Qs 8c 2s]
coeeeelho: bets $4.46
Gv4ssx01: calls $4.46
*** TURN *** [Qs 8c 2s] [4d]
coeeeelho: bets $13.05
Gv4ssx01: folds 
Uncalled bet ($13.05) returned to coeeeelho
coeeeelho collected $17.40 from pot
*** SUMMARY ***
Total pot $18.32 | Rake $0.92 
Board [Qs 8c 2s 4d]
Seat 1: Gv4ssx01 (big blind) folded on the Turn
Seat 2: davefromfl folded before Flop
Seat 3: Pippa83 folded before Flop (didn't bet)
Seat 4: raiseinthedarkk folded before Flop (didn't bet)
Seat 5: AndreaBsAs (button) folded before Flop (didn't bet)
Seat 6: coeeeelho (small blind) collected ($17.40)



PokerStars Hand #254752203757:  Hold'em No Limit ($0.50/$1.00 USD) - 2025/02/07 17:45:26 WET [2025/02/07 12:45:26 ET]
Table 'Eridanus II' 6-max Seat #6 is the button
Seat 1: Gv4ssx01 ($74.07 in chips) 
Seat 2: davefromfl ($75.50 in chips) 
Seat 3: Pippa83 ($100 in chips) 
Seat 4: raiseinthedarkk ($100 in chips) 
Seat 5: AndreaBsAs ($133.85 in chips) 
Seat 6: coeeeelho ($116.88 in chips) 
Gv4ssx01: posts small blind $0.50
davefromfl: posts big blind $1
*** HOLE CARDS ***
Pippa83: raises $1.20 to $2.20
raiseinthedarkk: folds 
AndreaBsAs: folds 
coeeeelho: folds 
Gv4ssx01: calls $1.70
davefromfl: calls $1.20
*** FLOP *** [4s 9h Js]
Gv4ssx01: checks 
davefromfl: checks 
Pippa83: bets $2.07
Gv4ssx01: calls $2.07
davefromfl: folds 
*** TURN *** [4s 9h Js] [3s]
Gv4ssx01: checks 
Pippa83: checks 
*** RIVER *** [4s 9h Js 3s] [9s]
Gv4ssx01: bets $5.10
Pippa83: calls $5.10
*** SHOW DOWN ***
Gv4ssx01: shows [Jh 9c] (a full house, Nines full of Jacks)
Pippa83: mucks hand 
Gv4ssx01 collected $19.89 from pot
*** SUMMARY ***
Total pot $20.94 | Rake $1.05 
Board [4s 9h Js 3s 9s]
Seat 1: Gv4ssx01 (small blind) showed [Jh 9c] and won ($19.89) with a full house, Nines full of Jacks
Seat 2: davefromfl (big blind) folded on the Flop
Seat 3: Pippa83 mucked
Seat 4: raiseinthedarkk folded before Flop (didn't bet)
Seat 5: AndreaBsAs folded before Flop (didn't bet)
Seat 6: coeeeelho (button) folded before Flop (didn't bet)



PokerStars Hand #254752222911:  Hold'em No Limit ($0.50/$1.00 USD) - 2025/02/07 17:46:38 WET [2025/02/07 12:46:38 ET]
Table 'Eridanus II' 6-max Seat #1 is the button
Seat 1: Gv4ssx01 ($84.59 in chips) 
Seat 2: davefromfl ($73.30 in chips) 
Seat 3: Pippa83 ($100 in chips) 
Seat 4: raiseinthedarkk ($100 in chips) 
Seat 5: AndreaBsAs ($133.85 in chips) 
Seat 6: coeeeelho ($116.88 in chips) 
davefromfl: posts small blind $0.50
Pippa83: posts big blind $1
*** HOLE CARDS ***
raiseinthedarkk: folds 
AndreaBsAs: raises $1.20 to $2.20
coeeeelho: folds 
Gv4ssx01: folds 
Gv4ssx01 leaves the table
DJNezz joins the table at seat #1 
davefromfl: calls $1.70
Pippa83: folds 
*** FLOP *** [2d 5s 5h]
davefromfl: checks 
AndreaBsAs: bets $1.69
davefromfl: folds 
Uncalled bet ($1.69) returned to AndreaBsAs
AndreaBsAs collected $5.13 from pot
*** SUMMARY ***
Total pot $5.40 | Rake $0.27 
Board [2d 5s 5h]
Seat 1: Gv4ssx01 (button) folded before Flop (didn't bet)
Seat 2: davefromfl (small blind) folded on the Flop
Seat 3: Pippa83 (big blind) folded before Flop
Seat 4: raiseinthedarkk folded before Flop (didn't bet)
Seat 5: AndreaBsAs collected ($5.13)
Seat 6: coeeeelho folded before Flop (didn't bet)



PokerStars Hand #254752236727:  Hold'em No Limit ($0.50/$1.00 USD) - 2025/02/07 17:47:30 WET [2025/02/07 12:47:30 ET]
Table 'Eridanus II' 6-max Seat #2 is the button
Seat 1: DJNezz ($100 in chips) is sitting out
Seat 2: davefromfl ($71.10 in chips) 
Seat 3: Pippa83 ($100 in chips) 
Seat 4: raiseinthedarkk ($100 in chips) 
Seat 5: AndreaBsAs ($136.78 in chips) 
Seat 6: coeeeelho ($116.88 in chips) 
Pippa83: posts small blind $0.50
raiseinthedarkk: posts big blind $1
DJNezz: sits out 
*** HOLE CARDS ***
AndreaBsAs: folds 
coeeeelho: folds 
davefromfl: calls $1
Pippa83: raises $4 to $5
raiseinthedarkk: folds 
davefromfl: folds 
Uncalled bet ($4) returned to Pippa83
Pippa83 collected $3 from pot
Pippa83: doesn't show hand 
*** SUMMARY ***
Total pot $3 | Rake $0 
Seat 1: DJNezz
Seat 2: davefromfl (button) folded before Flop
Seat 3: Pippa83 (small blind) collected ($3)
Seat 4: raiseinthedarkk (big blind) folded before Flop
Seat 5: AndreaBsAs folded before Flop (didn't bet)
Seat 6: coeeeelho folded before Flop (didn't bet)



PokerStars Hand #254752241776:  Hold'em No Limit ($0.50/$1.00 USD) - 2025/02/07 17:47:49 WET [2025/02/07 12:47:49 ET]
Table 'Eridanus II' 6-max Seat #3 is the button
Seat 1: DJNezz ($100 in chips) is sitting out
Seat 2: davefromfl ($70.10 in chips) 
Seat 3: Pippa83 ($102 in chips) 
Seat 4: raiseinthedarkk ($100 in chips) 
Seat 5: AndreaBsAs ($136.78 in chips) 
Seat 6: coeeeelho ($116.88 in chips) 
raiseinthedarkk: posts small blind $0.50
AndreaBsAs: posts big blind $1
DJNezz: sits out 
*** HOLE CARDS ***
coeeeelho: folds 
davefromfl: calls $1
Pippa83: folds 
raiseinthedarkk: folds 
AndreaBsAs: checks 
*** FLOP *** [5s Ks Th]
AndreaBsAs: checks 
davefromfl: checks 
*** TURN *** [5s Ks Th] [Ac]
AndreaBsAs: bets $1.19
davefromfl: calls $1.19
*** RIVER *** [5s Ks Th Ac] [Js]
AndreaBsAs: checks 
davefromfl: checks 
*** SHOW DOWN ***
AndreaBsAs: shows [2h 5d] (a pair of Fives)
davefromfl: shows [Kc 7c] (a pair of Kings)
davefromfl collected $4.64 from pot
*** SUMMARY ***
Total pot $4.88 | Rake $0.24 
Board [5s Ks Th Ac Js]
Seat 1: DJNezz
Seat 2: davefromfl showed [Kc 7c] and won ($4.64) with a pair of Kings
Seat 3: Pippa83 (button) folded before Flop (didn't bet)
Seat 4: raiseinthedarkk (small blind) folded before Flop
Seat 5: AndreaBsAs (big blind) showed [2h 5d] and lost with a pair of Fives
Seat 6: coeeeelho folded before Flop (didn't bet)



PokerStars Hand #254752259442:  Hold'em No Limit ($0.50/$1.00 USD) - 2025/02/07 17:48:55 WET [2025/02/07 12:48:55 ET]
Table 'Eridanus II' 6-max Seat #4 is the button
Seat 1: DJNezz ($100 in chips) is sitting out
Seat 2: davefromfl ($72.55 in chips) 
Seat 3: Pippa83 ($102 in chips) 
Seat 4: raiseinthedarkk ($100 in chips) 
Seat 5: AndreaBsAs ($134.59 in chips) 
Seat 6: coeeeelho ($116.88 in chips) 
AndreaBsAs: posts small blind $0.50
coeeeelho: posts big blind $1
DJNezz: sits out 
*** HOLE CARDS ***
davefromfl: folds 
Pippa83: raises $1.50 to $2.50
raiseinthedarkk: folds 
AndreaBsAs: folds 
coeeeelho: folds 
Uncalled bet ($1.50) returned to Pippa83
Pippa83 collected $2.50 from pot
Pippa83: doesn't show hand 
*** SUMMARY ***
Total pot $2.50 | Rake $0 
Seat 1: DJNezz
Seat 2: davefromfl folded before Flop (didn't bet)
Seat 3: Pippa83 collected ($2.50)
Seat 4: raiseinthedarkk (button) folded before Flop (didn't bet)
Seat 5: AndreaBsAs (small blind) folded before Flop
Seat 6: coeeeelho (big blind) folded before Flop



PokerStars Hand #254752263531:  Hold'em No Limit ($0.50/$1.00 USD) - 2025/02/07 17:49:10 WET [2025/02/07 12:49:10 ET]
Table 'Eridanus II' 6-max Seat #5 is the button
Seat 1: DJNezz ($100 in chips) 
Seat 2: davefromfl ($72.55 in chips) 
Seat 3: Pippa83 ($103.50 in chips) 
Seat 4: raiseinthedarkk ($100 in chips) 
Seat 5: AndreaBsAs ($134.09 in chips) 
Seat 6: coeeeelho ($115.88 in chips) 
coeeeelho: posts small blind $0.50
DJNezz: posts big blind $1
*** HOLE CARDS ***
davefromfl: calls $1
Pippa83: folds 
raiseinthedarkk: raises $3.50 to $4.50
AndreaBsAs: folds 
coeeeelho: folds 
DJNezz: folds 
davefromfl: folds 
Uncalled bet ($3.50) returned to raiseinthedarkk
raiseinthedarkk collected $3.50 from pot
raiseinthedarkk: doesn't show hand 
*** SUMMARY ***
Total pot $3.50 | Rake $0 
Seat 1: DJNezz (big blind) folded before Flop
Seat 2: davefromfl folded before Flop
Seat 3: Pippa83 folded before Flop (didn't bet)
Seat 4: raiseinthedarkk collected ($3.50)
Seat 5: AndreaBsAs (button) folded before Flop (didn't bet)
Seat 6: coeeeelho (small blind) folded before Flop



PokerStars Hand #254752271053:  Hold'em No Limit ($0.50/$1.00 USD) - 2025/02/07 17:49:38 WET [2025/02/07 12:49:38 ET]
Table 'Eridanus II' 6-max Seat #6 is the button
Seat 1: DJNezz ($100 in chips) 
Seat 2: davefromfl ($71.55 in chips) 
Seat 3: Pippa83 ($103.50 in chips) 
Seat 4: raiseinthedarkk ($102.50 in chips) 
Seat 5: AndreaBsAs ($134.09 in chips) 
Seat 6: coeeeelho ($115.38 in chips) 
DJNezz: posts small blind $0.50
davefromfl: posts big blind $1
*** HOLE CARDS ***
Pippa83: folds 
raiseinthedarkk: folds 
AndreaBsAs: folds 
coeeeelho: folds 
DJNezz: folds 
Uncalled bet ($0.50) returned to davefromfl
davefromfl collected $1 from pot
*** SUMMARY ***
Total pot $1 | Rake $0 
Seat 1: DJNezz (small blind) folded before Flop
Seat 2: davefromfl (big blind) collected ($1)
Seat 3: Pippa83 folded before Flop (didn't bet)
Seat 4: raiseinthedarkk folded before Flop (didn't bet)
Seat 5: AndreaBsAs folded before Flop (didn't bet)
Seat 6: coeeeelho (button) folded before Flop (didn't bet)



PokerStars Hand #254752274647:  Hold'em No Limit ($0.50/$1.00 USD) - 2025/02/07 17:49:52 WET [2025/02/07 12:49:52 ET]
Table 'Eridanus II' 6-max Seat #1 is the button
Seat 2: davefromfl ($72.05 in chips) is sitting out
Seat 1: DJNezz ($100 in chips) 
Seat 3: Pippa83 ($103.50 in chips) 
Seat 4: raiseinthedarkk ($102.50 in chips) 
Seat 5: AndreaBsAs ($134.09 in chips) 
Seat 6: coeeeelho ($115.38 in chips) 
Pippa83: posts small blind $0.50
raiseinthedarkk: posts big blind $1
*** HOLE CARDS ***
AndreaBsAs: folds 
coeeeelho: folds 
davefromfl leaves the table
DJNezz: raises $1.20 to $2.20
Pippa83: folds 
raiseinthedarkk: folds 
Uncalled bet ($1.20) returned to DJNezz
DJNezz collected $2.50 from pot
*** SUMMARY ***
Total pot $2.50 | Rake $0 
Seat 2: davefromfl
Seat 1: DJNezz (button) collected ($2.50)
Seat 3: Pippa83 (small blind) folded before Flop
Seat 4: raiseinthedarkk (big blind) folded before Flop
Seat 5: AndreaBsAs folded before Flop (didn't bet)
Seat 6: coeeeelho folded before Flop (didn't bet)



PokerStars Hand #254752278192:  Hold'em No Limit ($0.50/$1.00 USD) - 2025/02/07 17:50:05 WET [2025/02/07 12:50:05 ET]
Table 'Eridanus II' 6-max Seat #3 is the button
Seat 1: DJNezz ($101.50 in chips) 
Seat 3: Pippa83 ($103 in chips) 
Seat 4: raiseinthedarkk ($101.50 in chips) 
Seat 5: AndreaBsAs ($134.09 in chips) 
Seat 6: coeeeelho ($115.38 in chips) 
raiseinthedarkk: posts small blind $0.50
AndreaBsAs: posts big blind $1
*** HOLE CARDS ***
coeeeelho: raises $1.20 to $2.20
DJNezz: folds 
Pippa83: folds 
raiseinthedarkk: folds 
AndreaBsAs: folds 
Uncalled bet ($1.20) returned to coeeeelho
coeeeelho collected $2.50 from pot
*** SUMMARY ***
Total pot $2.50 | Rake $0 
Seat 1: DJNezz folded before Flop (didn't bet)
Seat 3: Pippa83 (button) folded before Flop (didn't bet)
Seat 4: raiseinthedarkk (small blind) folded before Flop
Seat 5: AndreaBsAs (big blind) folded before Flop
Seat 6: coeeeelho collected ($2.50)



PokerStars Hand #254752282450:  Hold'em No Limit ($0.50/$1.00 USD) - 2025/02/07 17:50:21 WET [2025/02/07 12:50:21 ET]
Table 'Eridanus II' 6-max Seat #4 is the button
Seat 1: DJNezz ($101.50 in chips) 
Seat 3: Pippa83 ($103 in chips) 
Seat 4: raiseinthedarkk ($101 in chips) 
Seat 5: AndreaBsAs ($133.09 in chips) 
Seat 6: coeeeelho ($116.88 in chips) 
AndreaBsAs: posts small blind $0.50
coeeeelho: posts big blind $1
*** HOLE CARDS ***
DJNezz: raises $1.20 to $2.20
Pippa83: folds 
raiseinthedarkk: folds 
AndreaBsAs: folds 
coeeeelho: folds 
Uncalled bet ($1.20) returned to DJNezz
DJNezz collected $2.50 from pot
*** SUMMARY ***
Total pot $2.50 | Rake $0 
Seat 1: DJNezz collected ($2.50)
Seat 3: Pippa83 folded before Flop (didn't bet)
Seat 4: raiseinthedarkk (button) folded before Flop (didn't bet)
Seat 5: AndreaBsAs (small blind) folded before Flop
Seat 6: coeeeelho (big blind) folded before Flop



PokerStars Hand #254752288644:  Hold'em No Limit ($0.50/$1.00 USD) - 2025/02/07 17:50:44 WET [2025/02/07 12:50:44 ET]
Table 'Eridanus II' 6-max Seat #5 is the button
Seat 1: DJNezz ($103 in chips) 
Seat 3: Pippa83 ($103 in chips) 
Seat 4: raiseinthedarkk ($101 in chips) 
Seat 5: AndreaBsAs ($132.59 in chips) 
Seat 6: coeeeelho ($115.88 in chips) 
coeeeelho: posts small blind $0.50
DJNezz: posts big blind $1
*** HOLE CARDS ***
Pippa83: folds 
raiseinthedarkk: folds 
AndreaBsAs: folds 
coeeeelho: folds 
Uncalled bet ($0.50) returned to DJNezz
DJNezz collected $1 from pot
*** SUMMARY ***
Total pot $1 | Rake $0 
Seat 1: DJNezz (big blind) collected ($1)
Seat 3: Pippa83 folded before Flop (didn't bet)
Seat 4: raiseinthedarkk folded before Flop (didn't bet)
Seat 5: AndreaBsAs (button) folded before Flop (didn't bet)
Seat 6: coeeeelho (small blind) folded before Flop



PokerStars Hand #254752293617:  Hold'em No Limit ($0.50/$1.00 USD) - 2025/02/07 17:51:03 WET [2025/02/07 12:51:03 ET]
Table 'Eridanus II' 6-max Seat #6 is the button
Seat 3: Pippa83 ($103 in chips) is sitting out
Seat 4: raiseinthedarkk ($101 in chips) is sitting out
Seat 1: DJNezz ($103.50 in chips) 
Seat 5: AndreaBsAs ($132.59 in chips) 
Seat 6: coeeeelho ($115.38 in chips) 
DJNezz: posts small blind $0.50
Pippa83: is sitting out 
raiseinthedarkk: is sitting out 
AndreaBsAs: posts big blind $1
*** HOLE CARDS ***
raiseinthedarkk leaves the table
coeeeelho: raises $1.50 to $2.50
DJNezz: raises $9.50 to $12
Pippa83 leaves the table
AndreaBsAs: folds 
coeeeelho: folds 
Uncalled bet ($9.50) returned to DJNezz
DJNezz collected $6 from pot
*** SUMMARY ***
Total pot $6 | Rake $0 
Seat 3: Pippa83
Seat 4: raiseinthedarkk
Seat 1: DJNezz (small blind) collected ($6)
Seat 5: AndreaBsAs (big blind) folded before Flop
Seat 6: coeeeelho (button) folded before Flop



PokerStars Hand #254752302666:  Hold'em No Limit ($0.50/$1.00 USD) - 2025/02/07 17:51:37 WET [2025/02/07 12:51:37 ET]
Table 'Eridanus II' 6-max Seat #1 is the button
Seat 1: DJNezz ($107 in chips) 
Seat 5: AndreaBsAs ($131.59 in chips) 
Seat 6: coeeeelho ($112.88 in chips) 
AndreaBsAs: posts small blind $0.50
coeeeelho: posts big blind $1
*** HOLE CARDS ***
DJNezz: folds 
AndreaBsAs: folds 
Uncalled bet ($0.50) returned to coeeeelho
coeeeelho collected $1 from pot
DJNezz leaves the table
*** SUMMARY ***
Total pot $1 | Rake $0 
Seat 1: DJNezz (button) folded before Flop (didn't bet)
Seat 5: AndreaBsAs (small blind) folded before Flop
Seat 6: coeeeelho (big blind) collected ($1)



PokerStars Hand #254752442639:  Hold'em No Limit ($0.50/$1.00 USD) - 2025/02/07 18:01:58 WET [2025/02/07 13:01:58 ET]
Table 'Eridanus II' 6-max Seat #3 is the button
Seat 1: tukeiron ($100 in chips) 
Seat 3: MaikonAll ($100 in chips) 
Seat 4: michasia ($100 in chips) 
michasia: posts small blind $0.50
tukeiron: posts big blind $1
*** HOLE CARDS ***
MaikonAll: raises $1.50 to $2.50
michasia: folds 
tukeiron: folds 
Uncalled bet ($1.50) returned to MaikonAll
MaikonAll collected $2.50 from pot
MaikonAll: doesn't show hand 
*** SUMMARY ***
Total pot $2.50 | Rake $0 
Seat 1: tukeiron (big blind) folded before Flop
Seat 3: MaikonAll (button) collected ($2.50)
Seat 4: michasia (small blind) folded before Flop



PokerStars Hand #254752447647:  Hold'em No Limit ($0.50/$1.00 USD) - 2025/02/07 18:02:16 WET [2025/02/07 13:02:16 ET]
Table 'Eridanus II' 6-max Seat #4 is the button
Seat 1: tukeiron ($100 in chips) 
Seat 3: MaikonAll ($101.50 in chips) 
Seat 4: michasia ($100 in chips) 
tukeiron: posts small blind $0.50
MaikonAll: posts big blind $1
*** HOLE CARDS ***
michasia: raises $1.80 to $2.80
tukeiron: folds 
MaikonAll: raises $9.70 to $12.50
michasia: calls $9.70
*** FLOP *** [8d 6h Kh]
MaikonAll: bets $6.13
michasia: folds 
Uncalled bet ($6.13) returned to MaikonAll
MaikonAll collected $24.50 from pot
MaikonAll: doesn't show hand 
*** SUMMARY ***
Total pot $25.50 | Rake $1 
Board [8d 6h Kh]
Seat 1: tukeiron (small blind) folded before Flop
Seat 3: MaikonAll (big blind) collected ($24.50)
Seat 4: michasia (button) folded on the Flop



PokerStars Hand #254752455325:  Hold'em No Limit ($0.50/$1.00 USD) - 2025/02/07 18:02:48 WET [2025/02/07 13:02:48 ET]
Table 'Eridanus II' 6-max Seat #1 is the button
Seat 1: tukeiron ($100 in chips) 
Seat 3: MaikonAll ($113.50 in chips) 
Seat 4: michasia ($100 in chips) 
MaikonAll: posts small blind $0.50
michasia: posts big blind $1
*** HOLE CARDS ***
tukeiron: raises $1.50 to $2.50
MaikonAll: folds 
michasia: folds 
Uncalled bet ($1.50) returned to tukeiron
tukeiron collected $2.50 from pot
tukeiron: doesn't show hand 
*** SUMMARY ***
Total pot $2.50 | Rake $0 
Seat 1: tukeiron (button) collected ($2.50)
Seat 3: MaikonAll (small blind) folded before Flop
Seat 4: michasia (big blind) folded before Flop



PokerStars Hand #254752457937:  Hold'em No Limit ($0.50/$1.00 USD) - 2025/02/07 18:02:58 WET [2025/02/07 13:02:58 ET]
Table 'Eridanus II' 6-max Seat #3 is the button
Seat 1: tukeiron ($101.50 in chips) 
Seat 3: MaikonAll ($113 in chips) 
Seat 4: michasia ($100 in chips) 
michasia: posts small blind $0.50
tukeiron: posts big blind $1
*** HOLE CARDS ***
MaikonAll: folds 
michasia: folds 
Uncalled bet ($0.50) returned to tukeiron
tukeiron collected $1 from pot
*** SUMMARY ***
Total pot $1 | Rake $0 
Seat 1: tukeiron (big blind) collected ($1)
Seat 3: MaikonAll (button) folded before Flop (didn't bet)
Seat 4: michasia (small blind) folded before Flop



PokerStars Hand #254752460419:  Hold'em No Limit ($0.50/$1.00 USD) - 2025/02/07 18:03:08 WET [2025/02/07 13:03:08 ET]
Table 'Eridanus II' 6-max Seat #4 is the button
Seat 1: tukeiron ($102 in chips) 
Seat 3: MaikonAll ($113 in chips) 
Seat 4: michasia ($100 in chips) 
tukeiron: posts small blind $0.50
MaikonAll: posts big blind $1
*** HOLE CARDS ***
michasia: folds 
tukeiron: raises $2 to $3
michasia leaves the table
michasia joins the table at seat #5 
MaikonAll: calls $2
*** FLOP *** [6h 8c Tc]
tukeiron: checks 
MaikonAll: bets $2.85
tukeiron: calls $2.85
*** TURN *** [6h 8c Tc] [3h]
tukeiron: checks 
MaikonAll: bets $8.32
tukeiron: calls $8.32
*** RIVER *** [6h 8c Tc 3h] [8d]
tukeiron: checks 
MaikonAll: checks 
*** SHOW DOWN ***
tukeiron: shows [Ts Ac] (two pair, Tens and Eights)
MaikonAll: mucks hand 
tukeiron collected $27.34 from pot
*** SUMMARY ***
Total pot $28.34 | Rake $1 
Board [6h 8c Tc 3h 8d]
Seat 1: tukeiron (small blind) showed [Ts Ac] and won ($27.34) with two pair, Tens and Eights
Seat 3: MaikonAll (big blind) mucked
Seat 4: michasia (button) folded before Flop (didn't bet)



PokerStars Hand #254752485790:  Hold'em No Limit ($0.50/$1.00 USD) - 2025/02/07 18:04:43 WET [2025/02/07 13:04:43 ET]
Table 'Eridanus II' 6-max Seat #1 is the button
Seat 1: tukeiron ($115.17 in chips) 
Seat 3: MaikonAll ($100 in chips) 
Seat 5: michasia ($100 in chips) 
MaikonAll: posts small blind $0.50
michasia: posts big blind $1
*** HOLE CARDS ***
tukeiron: folds 
MaikonAll: raises $2 to $3
michasia: calls $2
*** FLOP *** [Js 8s Kc]
MaikonAll: checks 
michasia: checks 
*** TURN *** [Js 8s Kc] [5s]
MaikonAll: checks 
michasia: checks 
*** RIVER *** [Js 8s Kc 5s] [4d]
MaikonAll: checks 
michasia: checks 
*** SHOW DOWN ***
MaikonAll: shows [5h 3h] (a pair of Fives)
michasia: mucks hand 
MaikonAll collected $5.70 from pot
*** SUMMARY ***
Total pot $6 | Rake $0.30 
Board [Js 8s Kc 5s 4d]
Seat 1: tukeiron (button) folded before Flop (didn't bet)
Seat 3: MaikonAll (small blind) showed [5h 3h] and won ($5.70) with a pair of Fives
Seat 5: michasia (big blind) mucked



PokerStars Hand #254752503861:  Hold'em No Limit ($0.50/$1.00 USD) - 2025/02/07 18:05:50 WET [2025/02/07 13:05:50 ET]
Table 'Eridanus II' 6-max Seat #3 is the button
Seat 1: tukeiron ($115.17 in chips) 
Seat 3: MaikonAll ($102.70 in chips) 
Seat 5: michasia ($100 in chips) 
michasia: posts small blind $0.50
tukeiron: posts big blind $1
*** HOLE CARDS ***
MaikonAll: folds 
michasia: folds 
Uncalled bet ($0.50) returned to tukeiron
tukeiron collected $1 from pot
*** SUMMARY ***
Total pot $1 | Rake $0 
Seat 1: tukeiron (big blind) collected ($1)
Seat 3: MaikonAll (button) folded before Flop (didn't bet)
Seat 5: michasia (small blind) folded before Flop



PokerStars Hand #254752509799:  Hold'em No Limit ($0.50/$1.00 USD) - 2025/02/07 18:06:12 WET [2025/02/07 13:06:12 ET]
Table 'Eridanus II' 6-max Seat #5 is the button
Seat 1: tukeiron ($115.67 in chips) 
Seat 3: MaikonAll ($102.70 in chips) 
Seat 5: michasia ($100 in chips) 
tukeiron: posts small blind $0.50
MaikonAll: posts big blind $1
*** HOLE CARDS ***
michasia: folds 
michasia leaves the table
tukeiron: raises $2 to $3
MaikonAll: folds 
Uncalled bet ($2) returned to tukeiron
tukeiron collected $2 from pot
tukeiron: doesn't show hand 
*** SUMMARY ***
Total pot $2 | Rake $0 
Seat 1: tukeiron (small blind) collected ($2)
Seat 3: MaikonAll (big blind) folded before Flop
Seat 5: michasia (button) folded before Flop (didn't bet)



PokerStars Hand #254752513928:  Hold'em No Limit ($0.50/$1.00 USD) - 2025/02/07 18:06:27 WET [2025/02/07 13:06:27 ET]
Table 'Eridanus II' 6-max Seat #3 is the button
Seat 1: tukeiron ($116.67 in chips) 
Seat 3: MaikonAll ($101.70 in chips) 
MaikonAll: posts small blind $0.50
tukeiron: posts big blind $1
*** HOLE CARDS ***
MaikonAll: folds 
Uncalled bet ($0.50) returned to tukeiron
tukeiron collected $1 from pot
*** SUMMARY ***
Total pot $1 | Rake $0 
Seat 1: tukeiron (big blind) collected ($1)
Seat 3: MaikonAll (button) (small blind) folded before Flop



PokerStars Hand #254752517998:  Hold'em No Limit ($0.50/$1.00 USD) - 2025/02/07 18:06:42 WET [2025/02/07 13:06:42 ET]
Table 'Eridanus II' 6-max Seat #1 is the button
Seat 1: tukeiron ($117.17 in chips) 
Seat 3: MaikonAll ($101.20 in chips) 
tukeiron: posts small blind $0.50
MaikonAll: posts big blind $1
*** HOLE CARDS ***
tukeiron: raises $1.50 to $2.50
MaikonAll: folds 
Uncalled bet ($1.50) returned to tukeiron
tukeiron collected $2 from pot
tukeiron: doesn't show hand 
*** SUMMARY ***
Total pot $2 | Rake $0 
Seat 1: tukeiron (button) (small blind) collected ($2)
Seat 3: MaikonAll (big blind) folded before Flop



