PokerStars Hand #254754218742:  Hold'em No Limit ($0.50/$1.00 USD) - 2025/02/07 19:49:13 WET [2025/02/07 14:49:13 ET]
Table 'Renauxa' 6-max Seat #5 is the button
Seat 1: z00mba ($100 in chips) 
Seat 2: sta$igk ($100 in chips) 
Seat 3: SorinS28 ($100 in chips) 
Seat 4: Nazareno1999 ($105 in chips) 
Seat 5: michasia ($100 in chips) 
Seat 6: 187SEMI ($11.80 in chips) 
187SEMI is connected 
187SEMI: posts small blind $0.50
z00mba: posts big blind $1
*** HOLE CARDS ***
sta$igk: folds 
SorinS28: folds 
Nazareno1999: folds 
michasia: raises $1.80 to $2.80
187SEMI: folds 
z00mba: calls $1.80
*** FLOP *** [3c 7s 6s]
z00mba: checks 
michasia: bets $1.91
z00mba: folds 
Uncalled bet ($1.91) returned to michasia
michasia collected $5.80 from pot
michasia: doesn't show hand 
*** SUMMARY ***
Total pot $6.10 | Rake $0.30 
Board [3c 7s 6s]
Seat 1: z00mba (big blind) folded on the Flop
Seat 2: sta$igk folded before Flop (didn't bet)
Seat 3: SorinS28 folded before Flop (didn't bet)
Seat 4: Nazareno1999 folded before Flop (didn't bet)
Seat 5: michasia (button) collected ($5.80)
Seat 6: 187SEMI (small blind) folded before Flop



PokerStars Hand #254754230638:  Hold'em No Limit ($0.50/$1.00 USD) - 2025/02/07 19:49:55 WET [2025/02/07 14:49:55 ET]
Table 'Renauxa' 6-max Seat #6 is the button
Seat 1: z00mba ($100 in chips) 
Seat 2: sta$igk ($100 in chips) 
Seat 3: SorinS28 ($100 in chips) 
Seat 4: Nazareno1999 ($105 in chips) 
Seat 5: michasia ($103 in chips) 
Seat 6: 187SEMI ($11.30 in chips) 
z00mba: posts small blind $0.50
sta$igk: posts big blind $1
*** HOLE CARDS ***
SorinS28: folds 
Nazareno1999: folds 
michasia: raises $1.80 to $2.80
187SEMI: folds 
z00mba: folds 
sta$igk: calls $1.80
*** FLOP *** [4s 2h 2s]
sta$igk: checks 
michasia: bets $1.91
sta$igk: calls $1.91
*** TURN *** [4s 2h 2s] [6d]
sta$igk: checks 
michasia: bets $7.06
sta$igk: calls $7.06
*** RIVER *** [4s 2h 2s 6d] [3c]
sta$igk: bets $5.71
michasia: folds 
Uncalled bet ($5.71) returned to sta$igk
sta$igk collected $22.84 from pot
sta$igk: doesn't show hand 
*** SUMMARY ***
Total pot $24.04 | Rake $1.20 
Board [4s 2h 2s 6d 3c]
Seat 1: z00mba (small blind) folded before Flop
Seat 2: sta$igk (big blind) collected ($22.84)
Seat 3: SorinS28 folded before Flop (didn't bet)
Seat 4: Nazareno1999 folded before Flop (didn't bet)
Seat 5: michasia folded on the River
Seat 6: 187SEMI (button) folded before Flop (didn't bet)



PokerStars Hand #254754246148:  Hold'em No Limit ($0.50/$1.00 USD) - 2025/02/07 19:50:49 WET [2025/02/07 14:50:49 ET]
Table 'Renauxa' 6-max Seat #1 is the button
Seat 1: z00mba ($100 in chips) 
Seat 2: sta$igk ($111.07 in chips) 
Seat 3: SorinS28 ($100 in chips) 
Seat 4: Nazareno1999 ($105 in chips) 
Seat 5: michasia ($100 in chips) 
Seat 6: 187SEMI ($11.30 in chips) 
sta$igk: posts small blind $0.50
SorinS28: posts big blind $1
*** HOLE CARDS ***
Nazareno1999: folds 
michasia: folds 
187SEMI: folds 
z00mba: raises $1.50 to $2.50
sta$igk: folds 
SorinS28: folds 
Uncalled bet ($1.50) returned to z00mba
z00mba collected $2.50 from pot
z00mba: doesn't show hand 
*** SUMMARY ***
Total pot $2.50 | Rake $0 
Seat 1: z00mba (button) collected ($2.50)
Seat 2: sta$igk (small blind) folded before Flop
Seat 3: SorinS28 (big blind) folded before Flop
Seat 4: Nazareno1999 folded before Flop (didn't bet)
Seat 5: michasia folded before Flop (didn't bet)
Seat 6: 187SEMI folded before Flop (didn't bet)



PokerStars Hand #254754251893:  Hold'em No Limit ($0.50/$1.00 USD) - 2025/02/07 19:51:09 WET [2025/02/07 14:51:09 ET]
Table 'Renauxa' 6-max Seat #2 is the button
Seat 1: z00mba ($101.50 in chips) 
Seat 2: sta$igk ($110.57 in chips) 
Seat 3: SorinS28 ($100 in chips) 
Seat 4: Nazareno1999 ($105 in chips) 
Seat 5: michasia ($100 in chips) 
Seat 6: 187SEMI ($11.30 in chips) 
SorinS28: posts small blind $0.50
Nazareno1999: posts big blind $1
*** HOLE CARDS ***
michasia: folds 
187SEMI: folds 
z00mba: folds 
sta$igk: folds 
SorinS28: folds 
Uncalled bet ($0.50) returned to Nazareno1999
Nazareno1999 collected $1 from pot
Nazareno1999: doesn't show hand 
*** SUMMARY ***
Total pot $1 | Rake $0 
Seat 1: z00mba folded before Flop (didn't bet)
Seat 2: sta$igk (button) folded before Flop (didn't bet)
Seat 3: SorinS28 (small blind) folded before Flop
Seat 4: Nazareno1999 (big blind) collected ($1)
Seat 5: michasia folded before Flop (didn't bet)
Seat 6: 187SEMI folded before Flop (didn't bet)



PokerStars Hand #254754254963:  Hold'em No Limit ($0.50/$1.00 USD) - 2025/02/07 19:51:20 WET [2025/02/07 14:51:20 ET]
Table 'Renauxa' 6-max Seat #3 is the button
Seat 1: z00mba ($101.50 in chips) 
Seat 2: sta$igk ($110.57 in chips) 
Seat 3: SorinS28 ($100 in chips) 
Seat 4: Nazareno1999 ($105.50 in chips) 
Seat 5: michasia ($100 in chips) 
Seat 6: 187SEMI ($11.30 in chips) 
Nazareno1999: posts small blind $0.50
michasia: posts big blind $1
*** HOLE CARDS ***
187SEMI: folds 
z00mba: folds 
sta$igk: folds 
SorinS28: raises $1.50 to $2.50
Nazareno1999: raises $9 to $11.50
michasia: raises $12.50 to $24
SorinS28: folds 
Nazareno1999: folds 
Uncalled bet ($12.50) returned to michasia
michasia collected $25.50 from pot
michasia: doesn't show hand 
*** SUMMARY ***
Total pot $25.50 | Rake $0 
Seat 1: z00mba folded before Flop (didn't bet)
Seat 2: sta$igk folded before Flop (didn't bet)
Seat 3: SorinS28 (button) folded before Flop
Seat 4: Nazareno1999 (small blind) folded before Flop
Seat 5: michasia (big blind) collected ($25.50)
Seat 6: 187SEMI folded before Flop (didn't bet)



PokerStars Hand #254754265806:  Hold'em No Limit ($0.50/$1.00 USD) - 2025/02/07 19:51:57 WET [2025/02/07 14:51:57 ET]
Table 'Renauxa' 6-max Seat #4 is the button
Seat 1: z00mba ($101.50 in chips) 
Seat 2: sta$igk ($110.57 in chips) 
Seat 3: SorinS28 ($100 in chips) 
Seat 4: Nazareno1999 ($100 in chips) 
Seat 5: michasia ($114 in chips) 
Seat 6: 187SEMI ($11.30 in chips) 
michasia: posts small blind $0.50
187SEMI: posts big blind $1
*** HOLE CARDS ***
z00mba: folds 
sta$igk: folds 
SorinS28: folds 
Nazareno1999: raises $1.20 to $2.20
michasia: folds 
187SEMI: calls $1.20
*** FLOP *** [6d 3s Ks]
187SEMI: bets $2
Nazareno1999: folds 
Uncalled bet ($2) returned to 187SEMI
187SEMI collected $4.60 from pot
187SEMI: doesn't show hand 
*** SUMMARY ***
Total pot $4.90 | Rake $0.30 
Board [6d 3s Ks]
Seat 1: z00mba folded before Flop (didn't bet)
Seat 2: sta$igk folded before Flop (didn't bet)
Seat 3: SorinS28 folded before Flop (didn't bet)
Seat 4: Nazareno1999 (button) folded on the Flop
Seat 5: michasia (small blind) folded before Flop
Seat 6: 187SEMI (big blind) collected ($4.60)



PokerStars Hand #254754272633:  Hold'em No Limit ($0.50/$1.00 USD) - 2025/02/07 19:52:21 WET [2025/02/07 14:52:21 ET]
Table 'Renauxa' 6-max Seat #5 is the button
Seat 1: z00mba ($101.50 in chips) 
Seat 2: sta$igk ($110.57 in chips) 
Seat 3: SorinS28 ($100 in chips) 
Seat 4: Nazareno1999 ($100 in chips) 
Seat 5: michasia ($113.50 in chips) 
Seat 6: 187SEMI ($13.70 in chips) 
187SEMI: posts small blind $0.50
z00mba: posts big blind $1
*** HOLE CARDS ***
sta$igk: folds 
SorinS28: folds 
Nazareno1999: folds 
michasia: folds 
187SEMI: raises $1 to $2
z00mba: calls $1
*** FLOP *** [Jh Jc 6s]
187SEMI: bets $2
z00mba: folds 
Uncalled bet ($2) returned to 187SEMI
187SEMI collected $3.75 from pot
187SEMI: doesn't show hand 
*** SUMMARY ***
Total pot $4 | Rake $0.25 
Board [Jh Jc 6s]
Seat 1: z00mba (big blind) folded on the Flop
Seat 2: sta$igk folded before Flop (didn't bet)
Seat 3: SorinS28 folded before Flop (didn't bet)
Seat 4: Nazareno1999 folded before Flop (didn't bet)
Seat 5: michasia (button) folded before Flop (didn't bet)
Seat 6: 187SEMI (small blind) collected ($3.75)



PokerStars Hand #254754278345:  Hold'em No Limit ($0.50/$1.00 USD) - 2025/02/07 19:52:40 WET [2025/02/07 14:52:40 ET]
Table 'Renauxa' 6-max Seat #6 is the button
Seat 1: z00mba ($100 in chips) 
Seat 2: sta$igk ($110.57 in chips) 
Seat 3: SorinS28 ($100 in chips) 
Seat 4: Nazareno1999 ($100 in chips) 
Seat 5: michasia ($113.50 in chips) 
Seat 6: 187SEMI ($15.45 in chips) 
z00mba: posts small blind $0.50
sta$igk: posts big blind $1
*** HOLE CARDS ***
SorinS28: folds 
Nazareno1999: folds 
michasia: folds 
187SEMI: folds 
z00mba: raises $2 to $3
sta$igk: raises $6 to $9
z00mba: folds 
Uncalled bet ($6) returned to sta$igk
sta$igk collected $6 from pot
sta$igk: doesn't show hand 
*** SUMMARY ***
Total pot $6 | Rake $0 
Seat 1: z00mba (small blind) folded before Flop
Seat 2: sta$igk (big blind) collected ($6)
Seat 3: SorinS28 folded before Flop (didn't bet)
Seat 4: Nazareno1999 folded before Flop (didn't bet)
Seat 5: michasia folded before Flop (didn't bet)
Seat 6: 187SEMI (button) folded before Flop (didn't bet)



PokerStars Hand #254754285079:  Hold'em No Limit ($0.50/$1.00 USD) - 2025/02/07 19:53:04 WET [2025/02/07 14:53:04 ET]
Table 'Renauxa' 6-max Seat #1 is the button
Seat 1: z00mba ($100 in chips) 
Seat 2: sta$igk ($113.57 in chips) 
Seat 3: SorinS28 ($100 in chips) 
Seat 4: Nazareno1999 ($100 in chips) 
Seat 5: michasia ($113.50 in chips) 
Seat 6: 187SEMI ($15.45 in chips) 
sta$igk: posts small blind $0.50
SorinS28: posts big blind $1
*** HOLE CARDS ***
Nazareno1999: folds 
michasia: raises $1.60 to $2.60
187SEMI: folds 
z00mba: folds 
sta$igk: folds 
SorinS28: folds 
Uncalled bet ($1.60) returned to michasia
michasia collected $2.50 from pot
michasia: doesn't show hand 
*** SUMMARY ***
Total pot $2.50 | Rake $0 
Seat 1: z00mba (button) folded before Flop (didn't bet)
Seat 2: sta$igk (small blind) folded before Flop
Seat 3: SorinS28 (big blind) folded before Flop
Seat 4: Nazareno1999 folded before Flop (didn't bet)
Seat 5: michasia collected ($2.50)
Seat 6: 187SEMI folded before Flop (didn't bet)



PokerStars Hand #254754318095:  Hold'em No Limit ($0.50/$1.00 USD) - 2025/02/07 19:55:00 WET [2025/02/07 14:55:00 ET]
Table 'Renauxa' 6-max Seat #6 is the button
Seat 1: z00mba ($100 in chips) 
Seat 2: sta$igk ($108.07 in chips) 
Seat 3: SorinS28 ($108.20 in chips) 
Seat 4: Nazareno1999 ($100 in chips) 
Seat 5: michasia ($117.50 in chips) 
Seat 6: 187SEMI ($13.95 in chips) 
z00mba: posts small blind $0.50
sta$igk: posts big blind $1
*** HOLE CARDS ***
SorinS28: folds 
Nazareno1999: folds 
michasia: raises $1.80 to $2.80
187SEMI: folds 
z00mba: folds 
sta$igk: folds 
Uncalled bet ($1.80) returned to michasia
michasia collected $2.50 from pot
michasia: doesn't show hand 
*** SUMMARY ***
Total pot $2.50 | Rake $0 
Seat 1: z00mba (small blind) folded before Flop
Seat 2: sta$igk (big blind) folded before Flop
Seat 3: SorinS28 folded before Flop (didn't bet)
Seat 4: Nazareno1999 folded before Flop (didn't bet)
Seat 5: michasia collected ($2.50)
Seat 6: 187SEMI (button) folded before Flop (didn't bet)



PokerStars Hand #254754321857:  Hold'em No Limit ($0.50/$1.00 USD) - 2025/02/07 19:55:18 WET [2025/02/07 14:55:18 ET]
Table 'Renauxa' 6-max Seat #1 is the button
Seat 3: SorinS28 ($108.20 in chips) is sitting out
Seat 1: z00mba ($100 in chips) 
Seat 2: sta$igk ($107.07 in chips) 
Seat 4: Nazareno1999 ($100 in chips) 
Seat 5: michasia ($119 in chips) 
Seat 6: 187SEMI ($13.95 in chips) 
sta$igk: posts small blind $0.50
SorinS28: is sitting out 
Nazareno1999: posts big blind $1
*** HOLE CARDS ***
michasia: folds 
187SEMI: folds 
SorinS28 leaves the table
z00mba: folds 
sta$igk: raises $2 to $3
Nazareno1999: raises $6 to $9
sta$igk: raises $13.50 to $22.50
Nazareno1999: calls $13.50
*** FLOP *** [2h Jd Qs]
MarioBotze joins the table at seat #3 
MarioBotze is disconnected 
sta$igk: bets $10.69
Nazareno1999: calls $10.69
*** TURN *** [2h Jd Qs] [As]
sta$igk: checks 
Nazareno1999: checks 
*** RIVER *** [2h Jd Qs As] [Kh]
sta$igk: checks 
Nazareno1999: bets $66.81 and is all-in
sta$igk: calls $66.81
*** SHOW DOWN ***
Nazareno1999: shows [Ts Ks] (a straight, Ten to Ace)
sta$igk: shows [Jh Ac] (two pair, Aces and Jacks)
Nazareno1999 collected $197.50 from pot
*** SUMMARY ***
Total pot $200 | Rake $2.50 
Board [2h Jd Qs As Kh]
Seat 3: SorinS28
Seat 1: z00mba (button) folded before Flop (didn't bet)
Seat 2: sta$igk (small blind) showed [Jh Ac] and lost with two pair, Aces and Jacks
Seat 4: Nazareno1999 (big blind) showed [Ts Ks] and won ($197.50) with a straight, Ten to Ace
Seat 5: michasia folded before Flop (didn't bet)
Seat 6: 187SEMI folded before Flop (didn't bet)



PokerStars Hand #254754341453:  Hold'em No Limit ($0.50/$1.00 USD) - 2025/02/07 19:56:53 WET [2025/02/07 14:56:53 ET]
Table 'Renauxa' 6-max Seat #2 is the button
Seat 3: MarioBotze ($10 in chips) is sitting out
Seat 1: z00mba ($100 in chips) 
Seat 2: sta$igk ($100 in chips) 
Seat 4: Nazareno1999 ($197.50 in chips) 
Seat 5: michasia ($119 in chips) 
Seat 6: 187SEMI ($13.95 in chips) 
Nazareno1999: posts small blind $0.50
michasia: posts big blind $1
*** HOLE CARDS ***
187SEMI: folds 
z00mba: folds 
sta$igk: raises $1.50 to $2.50
Nazareno1999: folds 
michasia: calls $1.50
*** FLOP *** [Qs Jh 3h]
michasia: checks 
sta$igk: bets $3.92
michasia: folds 
Uncalled bet ($3.92) returned to sta$igk
sta$igk collected $5.22 from pot
sta$igk: doesn't show hand 
*** SUMMARY ***
Total pot $5.50 | Rake $0.28 
Board [Qs Jh 3h]
Seat 3: MarioBotze
Seat 1: z00mba folded before Flop (didn't bet)
Seat 2: sta$igk (button) collected ($5.22)
Seat 4: Nazareno1999 (small blind) folded before Flop
Seat 5: michasia (big blind) folded on the Flop
Seat 6: 187SEMI folded before Flop (didn't bet)



PokerStars Hand #254754347650:  Hold'em No Limit ($0.50/$1.00 USD) - 2025/02/07 19:57:24 WET [2025/02/07 14:57:24 ET]
Table 'Renauxa' 6-max Seat #4 is the button
Seat 3: MarioBotze ($10 in chips) is sitting out
Seat 1: z00mba ($100 in chips) 
Seat 2: sta$igk ($102.72 in chips) 
Seat 4: Nazareno1999 ($197 in chips) 
Seat 5: michasia ($116.50 in chips) 
Seat 6: 187SEMI ($13.95 in chips) 
michasia: posts small blind $0.50
187SEMI: posts big blind $1
MarioBotze: sits out 
*** HOLE CARDS ***
z00mba: folds 
sta$igk: folds 
Nazareno1999: raises $1.20 to $2.20
michasia: folds 
187SEMI: calls $1.20
*** FLOP *** [9h 8h 4c]
187SEMI: bets $2
Nazareno1999: folds 
Uncalled bet ($2) returned to 187SEMI
187SEMI collected $4.60 from pot
187SEMI: doesn't show hand 
*** SUMMARY ***
Total pot $4.90 | Rake $0.30 
Board [9h 8h 4c]
Seat 3: MarioBotze
Seat 1: z00mba folded before Flop (didn't bet)
Seat 2: sta$igk folded before Flop (didn't bet)
Seat 4: Nazareno1999 (button) folded on the Flop
Seat 5: michasia (small blind) folded before Flop
Seat 6: 187SEMI (big blind) collected ($4.60)



PokerStars Hand #254754352768:  Hold'em No Limit ($0.50/$1.00 USD) - 2025/02/07 19:57:49 WET [2025/02/07 14:57:49 ET]
Table 'Renauxa' 6-max Seat #5 is the button
Seat 3: MarioBotze ($10 in chips) is sitting out
Seat 1: z00mba ($100 in chips) 
Seat 2: sta$igk ($102.72 in chips) 
Seat 4: Nazareno1999 ($194.80 in chips) 
Seat 5: michasia ($116 in chips) 
Seat 6: 187SEMI ($16.35 in chips) 
187SEMI: posts small blind $0.50
z00mba: posts big blind $1
MarioBotze: sits out 
*** HOLE CARDS ***
sta$igk: folds 
Nazareno1999: raises $1.20 to $2.20
michasia: raises $4.40 to $6.60
187SEMI: folds 
z00mba: folds 
Nazareno1999: calls $4.40
*** FLOP *** [Qh 6c 2d]
Nazareno1999: checks 
michasia: bets $4.61
Nazareno1999: calls $4.61
*** TURN *** [Qh 6c 2d] [Td]
Nazareno1999: checks 
michasia: bets $15.15
Nazareno1999: folds 
Uncalled bet ($15.15) returned to michasia
michasia collected $22.72 from pot
michasia: doesn't show hand 
*** SUMMARY ***
Total pot $23.92 | Rake $1.20 
Board [Qh 6c 2d Td]
Seat 3: MarioBotze
Seat 1: z00mba (big blind) folded before Flop
Seat 2: sta$igk folded before Flop (didn't bet)
Seat 4: Nazareno1999 folded on the Turn
Seat 5: michasia (button) collected ($22.72)
Seat 6: 187SEMI (small blind) folded before Flop



PokerStars Hand #254754363232:  Hold'em No Limit ($0.50/$1.00 USD) - 2025/02/07 19:58:39 WET [2025/02/07 14:58:39 ET]
Table 'Renauxa' 6-max Seat #6 is the button
Seat 3: MarioBotze ($10 in chips) is sitting out
Seat 1: z00mba ($100 in chips) 
Seat 2: sta$igk ($102.72 in chips) 
Seat 4: Nazareno1999 ($183.59 in chips) 
Seat 5: michasia ($127.51 in chips) 
Seat 6: 187SEMI ($15.85 in chips) 
z00mba: posts small blind $0.50
sta$igk: posts big blind $1
MarioBotze: sits out 
*** HOLE CARDS ***
Nazareno1999: folds 
michasia: folds 
187SEMI: calls $1
z00mba: calls $0.50
sta$igk: checks 
*** FLOP *** [3h Ac 9s]
z00mba: checks 
sta$igk: checks 
187SEMI: checks 
*** TURN *** [3h Ac 9s] [Ad]
z00mba: bets $2
sta$igk: folds 
187SEMI: folds 
Uncalled bet ($2) returned to z00mba
z00mba collected $2.85 from pot
z00mba: doesn't show hand 
*** SUMMARY ***
Total pot $3 | Rake $0.15 
Board [3h Ac 9s Ad]
Seat 3: MarioBotze
Seat 1: z00mba (small blind) collected ($2.85)
Seat 2: sta$igk (big blind) folded on the Turn
Seat 4: Nazareno1999 folded before Flop (didn't bet)
Seat 5: michasia folded before Flop (didn't bet)
Seat 6: 187SEMI (button) folded on the Turn



PokerStars Hand #254754373285:  Hold'em No Limit ($0.50/$1.00 USD) - 2025/02/07 19:59:28 WET [2025/02/07 14:59:28 ET]
Table 'Renauxa' 6-max Seat #1 is the button
Seat 1: z00mba ($101.85 in chips) 
Seat 2: sta$igk ($101.72 in chips) 
Seat 3: MarioBotze ($10 in chips) 
Seat 4: Nazareno1999 ($183.59 in chips) 
Seat 5: michasia ($127.51 in chips) 
Seat 6: 187SEMI ($14.85 in chips) 
sta$igk: posts small blind $0.50
MarioBotze: posts big blind $1
*** HOLE CARDS ***
Nazareno1999: raises $1.20 to $2.20
michasia: folds 
187SEMI: folds 
z00mba: folds 
sta$igk: folds 
MarioBotze: folds 
Uncalled bet ($1.20) returned to Nazareno1999
Nazareno1999 collected $2.50 from pot
*** SUMMARY ***
Total pot $2.50 | Rake $0 
Seat 1: z00mba (button) folded before Flop (didn't bet)
Seat 2: sta$igk (small blind) folded before Flop
Seat 3: MarioBotze (big blind) folded before Flop
Seat 4: Nazareno1999 collected ($2.50)
Seat 5: michasia folded before Flop (didn't bet)
Seat 6: 187SEMI folded before Flop (didn't bet)



PokerStars Hand #254754375832:  Hold'em No Limit ($0.50/$1.00 USD) - 2025/02/07 19:59:39 WET [2025/02/07 14:59:39 ET]
Table 'Renauxa' 6-max Seat #2 is the button
Seat 6: 187SEMI ($14.85 in chips) is sitting out
Seat 1: z00mba ($101.85 in chips) 
Seat 2: sta$igk ($101.22 in chips) 
Seat 3: MarioBotze ($9 in chips) 
Seat 4: Nazareno1999 ($185.09 in chips) 
Seat 5: michasia ($127.51 in chips) 
MarioBotze: posts small blind $0.50
Nazareno1999: posts big blind $1
*** HOLE CARDS ***
michasia: folds 
z00mba: folds 
sta$igk: raises $1.50 to $2.50
MarioBotze: calls $2
Nazareno1999: folds 
*** FLOP *** [3s Js 3c]
MarioBotze: checks 
sta$igk: checks 
*** TURN *** [3s Js 3c] [Qh]
MarioBotze: checks 
sta$igk: bets $2.28
MarioBotze: calls $2.28
*** RIVER *** [3s Js 3c Qh] [Kc]
MarioBotze: checks 
sta$igk: bets $5.02
MarioBotze: calls $4.22 and is all-in
Uncalled bet ($0.80) returned to sta$igk
*** SHOW DOWN ***
sta$igk: shows [Tc Ah] (a straight, Ten to Ace)
MarioBotze: shows [Jh Ad] (two pair, Jacks and Threes)
sta$igk collected $18.05 from pot
*** SUMMARY ***
Total pot $19 | Rake $0.95 
Board [3s Js 3c Qh Kc]
Seat 6: 187SEMI
Seat 1: z00mba folded before Flop (didn't bet)
Seat 2: sta$igk (button) showed [Tc Ah] and won ($18.05) with a straight, Ten to Ace
Seat 3: MarioBotze (small blind) showed [Jh Ad] and lost with two pair, Jacks and Threes
Seat 4: Nazareno1999 (big blind) folded before Flop
Seat 5: michasia folded before Flop (didn't bet)



PokerStars Hand #254754387982:  Hold'em No Limit ($0.50/$1.00 USD) - 2025/02/07 20:00:34 WET [2025/02/07 15:00:34 ET]
Table 'Renauxa' 6-max Seat #4 is the button
Seat 3: MarioBotze ($0 in chips) is sitting out
Seat 6: 187SEMI ($14.85 in chips) is sitting out
Seat 1: z00mba ($101.85 in chips) 
Seat 2: sta$igk ($110.27 in chips) 
Seat 4: Nazareno1999 ($184.09 in chips) 
Seat 5: michasia ($127.51 in chips) 
michasia: posts small blind $0.50
z00mba: posts big blind $1
*** HOLE CARDS ***
sta$igk: folds 
Nazareno1999: raises $1.20 to $2.20
michasia: folds 
MarioBotze leaves the table
Xenicide joins the table at seat #3 
z00mba: folds 
Uncalled bet ($1.20) returned to Nazareno1999
Nazareno1999 collected $2.50 from pot
Nazareno1999: doesn't show hand 
*** SUMMARY ***
Total pot $2.50 | Rake $0 
Seat 3: MarioBotze
Seat 6: 187SEMI
Seat 1: z00mba (big blind) folded before Flop
Seat 2: sta$igk folded before Flop (didn't bet)
Seat 4: Nazareno1999 (button) collected ($2.50)
Seat 5: michasia (small blind) folded before Flop



PokerStars Hand #254754394796:  Hold'em No Limit ($0.50/$1.00 USD) - 2025/02/07 20:01:04 WET [2025/02/07 15:01:04 ET]
Table 'Renauxa' 6-max Seat #5 is the button
Seat 3: Xenicide ($100 in chips) is sitting out
Seat 6: 187SEMI ($14.85 in chips) is sitting out
Seat 1: z00mba ($100.85 in chips) 
Seat 2: sta$igk ($110.27 in chips) 
Seat 4: Nazareno1999 ($185.59 in chips) 
Seat 5: michasia ($127.01 in chips) 
z00mba: posts small blind $0.50
sta$igk: posts big blind $1
Xenicide: sits out 
*** HOLE CARDS ***
Nazareno1999: folds 
michasia: raises $1.80 to $2.80
z00mba: folds 
sta$igk: calls $1.80
*** FLOP *** [3s 3h 8h]
sta$igk: checks 
michasia: bets $1.91
sta$igk: calls $1.91
*** TURN *** [3s 3h 8h] [7c]
sta$igk: checks 
michasia: checks 
*** RIVER *** [3s 3h 8h 7c] [2c]
sta$igk: checks 
michasia: checks 
*** SHOW DOWN ***
sta$igk: shows [6d 6s] (two pair, Sixes and Threes)
michasia: mucks hand 
sta$igk collected $9.42 from pot
*** SUMMARY ***
Total pot $9.92 | Rake $0.50 
Board [3s 3h 8h 7c 2c]
Seat 3: Xenicide
Seat 6: 187SEMI
Seat 1: z00mba (small blind) folded before Flop
Seat 2: sta$igk (big blind) showed [6d 6s] and won ($9.42) with two pair, Sixes and Threes
Seat 4: Nazareno1999 folded before Flop (didn't bet)
Seat 5: michasia (button) mucked



PokerStars Hand #254754406345:  Hold'em No Limit ($0.50/$1.00 USD) - 2025/02/07 20:01:48 WET [2025/02/07 15:01:48 ET]
Table 'Renauxa' 6-max Seat #1 is the button
Seat 6: 187SEMI ($14.85 in chips) is sitting out
Seat 1: z00mba ($100.35 in chips) 
Seat 2: sta$igk ($114.98 in chips) 
Seat 3: Xenicide ($100 in chips) 
Seat 4: Nazareno1999 ($185.59 in chips) 
Seat 5: michasia ($122.30 in chips) 
sta$igk: posts small blind $0.50
Xenicide: posts big blind $1
187SEMI: sits out 
*** HOLE CARDS ***
Nazareno1999: folds 
michasia: folds 
z00mba: raises $1.50 to $2.50
sta$igk: folds 
Xenicide: folds 
Uncalled bet ($1.50) returned to z00mba
z00mba collected $2.50 from pot
z00mba: doesn't show hand 
*** SUMMARY ***
Total pot $2.50 | Rake $0 
Seat 6: 187SEMI
Seat 1: z00mba (button) collected ($2.50)
Seat 2: sta$igk (small blind) folded before Flop
Seat 3: Xenicide (big blind) folded before Flop
Seat 4: Nazareno1999 folded before Flop (didn't bet)
Seat 5: michasia folded before Flop (didn't bet)



PokerStars Hand #254754409411:  Hold'em No Limit ($0.50/$1.00 USD) - 2025/02/07 20:02:00 WET [2025/02/07 15:02:00 ET]
Table 'Renauxa' 6-max Seat #2 is the button
Seat 6: 187SEMI ($14.85 in chips) is sitting out
Seat 1: z00mba ($101.85 in chips) 
Seat 2: sta$igk ($114.48 in chips) 
Seat 3: Xenicide ($100 in chips) 
Seat 4: Nazareno1999 ($185.59 in chips) 
Seat 5: michasia ($122.30 in chips) 
Xenicide: posts small blind $0.50
Nazareno1999: posts big blind $1
187SEMI: sits out 
*** HOLE CARDS ***
michasia: raises $1.60 to $2.60
z00mba: folds 
sta$igk: folds 
Xenicide: raises $7.40 to $10
Nazareno1999: folds 
michasia: calls $7.40
*** FLOP *** [6s 7c 5c]
Xenicide: checks 
michasia: checks 
*** TURN *** [6s 7c 5c] [2d]
Xenicide: checks 
michasia: bets $13.30
Xenicide: folds 
Uncalled bet ($13.30) returned to michasia
michasia collected $19.95 from pot
michasia: doesn't show hand 
*** SUMMARY ***
Total pot $21 | Rake $1.05 
Board [6s 7c 5c 2d]
Seat 6: 187SEMI
Seat 1: z00mba folded before Flop (didn't bet)
Seat 2: sta$igk (button) folded before Flop (didn't bet)
Seat 3: Xenicide (small blind) folded on the Turn
Seat 4: Nazareno1999 (big blind) folded before Flop
Seat 5: michasia collected ($19.95)



PokerStars Hand #254754428542:  Hold'em No Limit ($0.50/$1.00 USD) - 2025/02/07 20:03:07 WET [2025/02/07 15:03:07 ET]
Table 'Renauxa' 6-max Seat #3 is the button
Seat 6: 187SEMI ($14.85 in chips) is sitting out
Seat 1: z00mba ($101.85 in chips) 
Seat 2: sta$igk ($114.48 in chips) 
Seat 3: Xenicide ($100 in chips) 
Seat 4: Nazareno1999 ($184.59 in chips) 
Seat 5: michasia ($132.25 in chips) 
Nazareno1999: posts small blind $0.50
michasia: posts big blind $1
187SEMI: sits out 
*** HOLE CARDS ***
z00mba: folds 
sta$igk: folds 
Xenicide: folds 
Nazareno1999: folds 
Uncalled bet ($0.50) returned to michasia
michasia collected $1 from pot
michasia: doesn't show hand 
*** SUMMARY ***
Total pot $1 | Rake $0 
Seat 6: 187SEMI
Seat 1: z00mba folded before Flop (didn't bet)
Seat 2: sta$igk folded before Flop (didn't bet)
Seat 3: Xenicide (button) folded before Flop (didn't bet)
Seat 4: Nazareno1999 (small blind) folded before Flop
Seat 5: michasia (big blind) collected ($1)



PokerStars Hand #254754432044:  Hold'em No Limit ($0.50/$1.00 USD) - 2025/02/07 20:03:20 WET [2025/02/07 15:03:20 ET]
Table 'Renauxa' 6-max Seat #4 is the button
Seat 1: z00mba ($101.85 in chips) 
Seat 2: sta$igk ($114.48 in chips) 
Seat 3: Xenicide ($100 in chips) 
Seat 4: Nazareno1999 ($184.09 in chips) 
Seat 5: michasia ($132.75 in chips) 
Seat 6: 187SEMI ($14.85 in chips) 
michasia: posts small blind $0.50
187SEMI: posts big blind $1
*** HOLE CARDS ***
z00mba: folds 
sta$igk: folds 
Xenicide: raises $1 to $2
Nazareno1999: folds 
michasia: folds 
187SEMI: calls $1
*** FLOP *** [3h 8c 6c]
187SEMI: checks 
Xenicide: bets $1.07
187SEMI: folds 
Uncalled bet ($1.07) returned to Xenicide
Xenicide collected $4.28 from pot
*** SUMMARY ***
Total pot $4.50 | Rake $0.22 
Board [3h 8c 6c]
Seat 1: z00mba folded before Flop (didn't bet)
Seat 2: sta$igk folded before Flop (didn't bet)
Seat 3: Xenicide collected ($4.28)
Seat 4: Nazareno1999 (button) folded before Flop (didn't bet)
Seat 5: michasia (small blind) folded before Flop
Seat 6: 187SEMI (big blind) folded on the Flop



PokerStars Hand #254754449112:  Hold'em No Limit ($0.50/$1.00 USD) - 2025/02/07 20:04:18 WET [2025/02/07 15:04:18 ET]
Table 'Renauxa' 6-max Seat #5 is the button
Seat 1: z00mba ($101.85 in chips) 
Seat 2: sta$igk ($114.48 in chips) 
Seat 3: Xenicide ($102.28 in chips) 
Seat 4: Nazareno1999 ($184.09 in chips) 
Seat 5: michasia ($132.25 in chips) 
Seat 6: 187SEMI ($12.85 in chips) 
187SEMI: posts small blind $0.50
z00mba: posts big blind $1
*** HOLE CARDS ***
sta$igk: folds 
Xenicide: folds 
Nazareno1999: folds 
michasia: folds 
187SEMI: folds 
Uncalled bet ($0.50) returned to z00mba
z00mba collected $1 from pot
z00mba: doesn't show hand 
*** SUMMARY ***
Total pot $1 | Rake $0 
Seat 1: z00mba (big blind) collected ($1)
Seat 2: sta$igk folded before Flop (didn't bet)
Seat 3: Xenicide folded before Flop (didn't bet)
Seat 4: Nazareno1999 folded before Flop (didn't bet)
Seat 5: michasia (button) folded before Flop (didn't bet)
Seat 6: 187SEMI (small blind) folded before Flop



PokerStars Hand #254754452156:  Hold'em No Limit ($0.50/$1.00 USD) - 2025/02/07 20:04:29 WET [2025/02/07 15:04:29 ET]
Table 'Renauxa' 6-max Seat #6 is the button
Seat 1: z00mba ($102.35 in chips) 
Seat 2: sta$igk ($114.48 in chips) 
Seat 3: Xenicide ($102.28 in chips) 
Seat 4: Nazareno1999 ($184.09 in chips) 
Seat 5: michasia ($132.25 in chips) 
Seat 6: 187SEMI ($12.35 in chips) 
z00mba: posts small blind $0.50
sta$igk: posts big blind $1
*** HOLE CARDS ***
Xenicide: folds 
Nazareno1999: folds 
michasia: folds 
187SEMI: raises $1 to $2
z00mba: raises $7 to $9
sta$igk: folds 
187SEMI: folds 
Uncalled bet ($7) returned to z00mba
z00mba collected $5 from pot
z00mba: doesn't show hand 
*** SUMMARY ***
Total pot $5 | Rake $0 
Seat 1: z00mba (small blind) collected ($5)
Seat 2: sta$igk (big blind) folded before Flop
Seat 3: Xenicide folded before Flop (didn't bet)
Seat 4: Nazareno1999 folded before Flop (didn't bet)
Seat 5: michasia folded before Flop (didn't bet)
Seat 6: 187SEMI (button) folded before Flop



PokerStars Hand #254754460559:  Hold'em No Limit ($0.50/$1.00 USD) - 2025/02/07 20:04:57 WET [2025/02/07 15:04:57 ET]
Table 'Renauxa' 6-max Seat #1 is the button
Seat 1: z00mba ($105.35 in chips) 
Seat 2: sta$igk ($113.48 in chips) 
Seat 3: Xenicide ($102.28 in chips) 
Seat 4: Nazareno1999 ($184.09 in chips) 
Seat 5: michasia ($132.25 in chips) 
Seat 6: 187SEMI ($10.35 in chips) 
sta$igk: posts small blind $0.50
Xenicide: posts big blind $1
*** HOLE CARDS ***
Nazareno1999: folds 
michasia: folds 
187SEMI: folds 
z00mba: folds 
sta$igk: raises $2 to $3
Xenicide: raises $6 to $9
sta$igk: calls $6
*** FLOP *** [3s 8s Ts]
sta$igk: checks 
Xenicide: bets $4.28
sta$igk: calls $4.28
*** TURN *** [3s 8s Ts] [9h]
sta$igk: checks 
Xenicide: checks 
*** RIVER *** [3s 8s Ts 9h] [9c]
sta$igk: checks 
Xenicide: checks 
*** SHOW DOWN ***
sta$igk: shows [5s 5d] (two pair, Nines and Fives)
Xenicide: mucks hand 
sta$igk collected $25.23 from pot
*** SUMMARY ***
Total pot $26.56 | Rake $1.33 
Board [3s 8s Ts 9h 9c]
Seat 1: z00mba (button) folded before Flop (didn't bet)
Seat 2: sta$igk (small blind) showed [5s 5d] and won ($25.23) with two pair, Nines and Fives
Seat 3: Xenicide (big blind) mucked
Seat 4: Nazareno1999 folded before Flop (didn't bet)
Seat 5: michasia folded before Flop (didn't bet)
Seat 6: 187SEMI folded before Flop (didn't bet)



PokerStars Hand #254754482437:  Hold'em No Limit ($0.50/$1.00 USD) - 2025/02/07 20:06:10 WET [2025/02/07 15:06:10 ET]
Table 'Renauxa' 6-max Seat #2 is the button
Seat 1: z00mba ($105.35 in chips) 
Seat 2: sta$igk ($125.43 in chips) 
Seat 3: Xenicide ($100 in chips) 
Seat 4: Nazareno1999 ($184.09 in chips) 
Seat 5: michasia ($132.25 in chips) 
Seat 6: 187SEMI ($10.35 in chips) 
Xenicide: posts small blind $0.50
Nazareno1999: posts big blind $1
*** HOLE CARDS ***
michasia: folds 
187SEMI: calls $1
z00mba: folds 
sta$igk: folds 
Xenicide: calls $0.50
Nazareno1999: raises $9.50 to $10.50
187SEMI: calls $9.35 and is all-in
Xenicide: folds 
Uncalled bet ($0.15) returned to Nazareno1999
*** FLOP *** [7s 6h 9c]
*** TURN *** [7s 6h 9c] [8c]
*** RIVER *** [7s 6h 9c 8c] [2h]
*** SHOW DOWN ***
Nazareno1999: shows [Ac Td] (a straight, Six to Ten)
187SEMI: shows [Kd As] (high card Ace)
Nazareno1999 collected $20.62 from pot
*** SUMMARY ***
Total pot $21.70 | Rake $1.08 
Board [7s 6h 9c 8c 2h]
Seat 1: z00mba folded before Flop (didn't bet)
Seat 2: sta$igk (button) folded before Flop (didn't bet)
Seat 3: Xenicide (small blind) folded before Flop
Seat 4: Nazareno1999 (big blind) showed [Ac Td] and won ($20.62) with a straight, Six to Ten
Seat 5: michasia folded before Flop (didn't bet)
Seat 6: 187SEMI showed [Kd As] and lost with high card Ace



PokerStars Hand #254754494185:  Hold'em No Limit ($0.50/$1.00 USD) - 2025/02/07 20:06:48 WET [2025/02/07 15:06:48 ET]
Table 'Renauxa' 6-max Seat #3 is the button
Seat 6: 187SEMI ($0 in chips) is sitting out
Seat 1: z00mba ($105.35 in chips) 
Seat 2: sta$igk ($125.43 in chips) 
Seat 3: Xenicide ($100 in chips) 
Seat 4: Nazareno1999 ($194.36 in chips) 
Seat 5: michasia ($132.25 in chips) 
Nazareno1999: posts small blind $0.50
michasia: posts big blind $1
*** HOLE CARDS ***
z00mba: raises $1.50 to $2.50
sta$igk: folds 
Xenicide: folds 
Nazareno1999: folds 
michasia: calls $1.50
*** FLOP *** [Jc 3s 7d]
michasia: checks 
z00mba: bets $1.67
187SEMI leaves the table
michasia: calls $1.67
*** TURN *** [Jc 3s 7d] [5s]
michasia: checks 
z00mba: bets $6.38
michasia: calls $6.38
*** RIVER *** [Jc 3s 7d 5s] [Ac]
michasia: checks 
z00mba: bets $15.60
michasia: folds 
Uncalled bet ($15.60) returned to z00mba
z00mba collected $20.52 from pot
z00mba: doesn't show hand 
*** SUMMARY ***
Total pot $21.60 | Rake $1.08 
Board [Jc 3s 7d 5s Ac]
Seat 6: 187SEMI
Seat 1: z00mba collected ($20.52)
Seat 2: sta$igk folded before Flop (didn't bet)
Seat 3: Xenicide (button) folded before Flop (didn't bet)
Seat 4: Nazareno1999 (small blind) folded before Flop
Seat 5: michasia (big blind) folded on the River



PokerStars Hand #254754513691:  Hold'em No Limit ($0.50/$1.00 USD) - 2025/02/07 20:07:52 WET [2025/02/07 15:07:52 ET]
Table 'Renauxa' 6-max Seat #4 is the button
Seat 1: z00mba ($115.32 in chips) 
Seat 2: sta$igk ($125.43 in chips) 
Seat 3: Xenicide ($100 in chips) 
Seat 4: Nazareno1999 ($193.86 in chips) 
Seat 5: michasia ($121.70 in chips) 
michasia: posts small blind $0.50
z00mba: posts big blind $1
*** HOLE CARDS ***
sta$igk: folds 
Xenicide: folds 
Nazareno1999: folds 
michasia: folds 
Uncalled bet ($0.50) returned to z00mba
z00mba collected $1 from pot
z00mba: doesn't show hand 
*** SUMMARY ***
Total pot $1 | Rake $0 
Seat 1: z00mba (big blind) collected ($1)
Seat 2: sta$igk folded before Flop (didn't bet)
Seat 3: Xenicide folded before Flop (didn't bet)
Seat 4: Nazareno1999 (button) folded before Flop (didn't bet)
Seat 5: michasia (small blind) folded before Flop



PokerStars Hand #254754516218:  Hold'em No Limit ($0.50/$1.00 USD) - 2025/02/07 20:08:01 WET [2025/02/07 15:08:01 ET]
Table 'Renauxa' 6-max Seat #5 is the button
Seat 2: sta$igk ($125.43 in chips) is sitting out
Seat 1: z00mba ($115.82 in chips) 
Seat 3: Xenicide ($100 in chips) 
Seat 4: Nazareno1999 ($193.86 in chips) 
Seat 5: michasia ($121.20 in chips) 
z00mba: posts small blind $0.50
sta$igk: is sitting out 
Xenicide: posts big blind $1
*** HOLE CARDS ***
Nazareno1999: folds 
sta$igk leaves the table
michasia: folds 
z00mba: folds 
Uncalled bet ($0.50) returned to Xenicide
Xenicide collected $1 from pot
*** SUMMARY ***
Total pot $1 | Rake $0 
Seat 2: sta$igk
Seat 1: z00mba (small blind) folded before Flop
Seat 3: Xenicide (big blind) collected ($1)
Seat 4: Nazareno1999 folded before Flop (didn't bet)
Seat 5: michasia (button) folded before Flop (didn't bet)



PokerStars Hand #254754519426:  Hold'em No Limit ($0.50/$1.00 USD) - 2025/02/07 20:08:12 WET [2025/02/07 15:08:12 ET]
Table 'Renauxa' 6-max Seat #1 is the button
Seat 1: z00mba ($115.32 in chips) 
Seat 3: Xenicide ($100.50 in chips) 
Seat 4: Nazareno1999 ($193.86 in chips) 
Seat 5: michasia ($121.20 in chips) 
Xenicide: posts small blind $0.50
Nazareno1999: posts big blind $1
*** HOLE CARDS ***
michasia: folds 
z00mba: folds 
Xenicide: raises $2.50 to $3.50
Nazareno1999: calls $2.50
*** FLOP *** [5s Ts Qc]
Xenicide: checks 
Conor1109 joins the table at seat #6 
rao999 joins the table at seat #2 
Nazareno1999: checks 
*** TURN *** [5s Ts Qc] [7s]
Xenicide: checks 
Nazareno1999: bets $2.19
Xenicide: calls $2.19
*** RIVER *** [5s Ts Qc 7s] [Jc]
Xenicide: checks 
Nazareno1999: bets $3.57
Xenicide: calls $3.57
*** SHOW DOWN ***
Nazareno1999: shows [Kd 8s] (high card King)
Xenicide: shows [Qh 8h] (a pair of Queens)
Xenicide collected $17.59 from pot
*** SUMMARY ***
Total pot $18.52 | Rake $0.93 
Board [5s Ts Qc 7s Jc]
Seat 1: z00mba (button) folded before Flop (didn't bet)
Seat 3: Xenicide (small blind) showed [Qh 8h] and won ($17.59) with a pair of Queens
Seat 4: Nazareno1999 (big blind) showed [Kd 8s] and lost with high card King
Seat 5: michasia folded before Flop (didn't bet)



PokerStars Hand #254754540620:  Hold'em No Limit ($0.50/$1.00 USD) - 2025/02/07 20:09:22 WET [2025/02/07 15:09:22 ET]
Table 'Renauxa' 6-max Seat #3 is the button
Seat 2: rao999 ($100 in chips) is sitting out
Seat 5: michasia ($121.20 in chips) is sitting out
Seat 1: z00mba ($115.32 in chips) 
Seat 3: Xenicide ($108.83 in chips) 
Seat 4: Nazareno1999 ($184.60 in chips) 
Seat 6: Conor1109 ($77.83 in chips) 
Nazareno1999: posts small blind $0.50
michasia: is sitting out 
Conor1109: posts big blind $1
rao999: sits out 
*** HOLE CARDS ***
z00mba: folds 
Xenicide: raises $1.25 to $2.25
Nazareno1999: folds 
michasia leaves the table
Conor1109: folds 
Uncalled bet ($1.25) returned to Xenicide
Xenicide collected $2.50 from pot
Xenicide: doesn't show hand 
*** SUMMARY ***
Total pot $2.50 | Rake $0 
Seat 2: rao999
Seat 5: michasia
Seat 1: z00mba folded before Flop (didn't bet)
Seat 3: Xenicide (button) collected ($2.50)
Seat 4: Nazareno1999 (small blind) folded before Flop
Seat 6: Conor1109 (big blind) folded before Flop



PokerStars Hand #254754544229:  Hold'em No Limit ($0.50/$1.00 USD) - 2025/02/07 20:09:34 WET [2025/02/07 15:09:34 ET]
Table 'Renauxa' 6-max Seat #4 is the button
Seat 2: rao999 ($100 in chips) is sitting out
Seat 1: z00mba ($115.32 in chips) 
Seat 3: Xenicide ($110.33 in chips) 
Seat 4: Nazareno1999 ($184.10 in chips) 
Seat 6: Conor1109 ($76.83 in chips) 
Conor1109: posts small blind $0.50
z00mba: posts big blind $1
rao999: sits out 
*** HOLE CARDS ***
Xenicide: folds 
Blu3Hawk1337 joins the table at seat #5 
Blu3Hawk1337 is disconnected 
Nazareno1999: folds 
Conor1109: raises $2 to $3
z00mba: folds 
Uncalled bet ($2) returned to Conor1109
Conor1109 collected $2 from pot
Conor1109: doesn't show hand 
*** SUMMARY ***
Total pot $2 | Rake $0 
Seat 2: rao999
Seat 1: z00mba (big blind) folded before Flop
Seat 3: Xenicide folded before Flop (didn't bet)
Seat 4: Nazareno1999 (button) folded before Flop (didn't bet)
Seat 6: Conor1109 (small blind) collected ($2)



PokerStars Hand #254754549619:  Hold'em No Limit ($0.50/$1.00 USD) - 2025/02/07 20:09:52 WET [2025/02/07 15:09:52 ET]
Table 'Renauxa' 6-max Seat #6 is the button
Seat 5: Blu3Hawk1337 ($50.20 in chips) is sitting out
Seat 1: z00mba ($114.32 in chips) 
Seat 2: rao999 ($100 in chips) 
Seat 3: Xenicide ($110.33 in chips) 
Seat 4: Nazareno1999 ($184.10 in chips) 
Seat 6: Conor1109 ($77.83 in chips) 
z00mba: posts small blind $0.50
rao999: posts big blind $1
Blu3Hawk1337: sits out 
*** HOLE CARDS ***
Xenicide: folds 
Nazareno1999: folds 
Conor1109: raises $2 to $3
z00mba: folds 
rao999: folds 
Uncalled bet ($2) returned to Conor1109
Conor1109 collected $2.50 from pot
Conor1109: doesn't show hand 
*** SUMMARY ***
Total pot $2.50 | Rake $0 
Seat 5: Blu3Hawk1337
Seat 1: z00mba (small blind) folded before Flop
Seat 2: rao999 (big blind) folded before Flop
Seat 3: Xenicide folded before Flop (didn't bet)
Seat 4: Nazareno1999 folded before Flop (didn't bet)
Seat 6: Conor1109 (button) collected ($2.50)



PokerStars Hand #254754554286:  Hold'em No Limit ($0.50/$1.00 USD) - 2025/02/07 20:10:08 WET [2025/02/07 15:10:08 ET]
Table 'Renauxa' 6-max Seat #1 is the button
Seat 3: Xenicide ($110.33 in chips) is sitting out
Seat 5: Blu3Hawk1337 ($50.20 in chips) is sitting out
Seat 1: z00mba ($113.82 in chips) 
Seat 2: rao999 ($100 in chips) 
Seat 4: Nazareno1999 ($184.10 in chips) 
Seat 6: Conor1109 ($79.33 in chips) 
rao999: posts small blind $0.50
Xenicide: is sitting out 
Nazareno1999: posts big blind $1
Blu3Hawk1337: sits out 
*** HOLE CARDS ***
Xenicide leaves the table
Conor1109: calls $1
z00mba: folds 
sta$igk joins the table at seat #3 
rao999: raises $4 to $5
Nazareno1999: raises $9 to $14
Conor1109: folds 
rao999: folds 
Uncalled bet ($9) returned to Nazareno1999
Nazareno1999 collected $11 from pot
Nazareno1999: doesn't show hand 
*** SUMMARY ***
Total pot $11 | Rake $0 
Seat 3: Xenicide
Seat 5: Blu3Hawk1337
Seat 1: z00mba (button) folded before Flop (didn't bet)
Seat 2: rao999 (small blind) folded before Flop
Seat 4: Nazareno1999 (big blind) collected ($11)
Seat 6: Conor1109 folded before Flop



PokerStars Hand #254754560772:  Hold'em No Limit ($0.50/$1.00 USD) - 2025/02/07 20:10:29 WET [2025/02/07 15:10:29 ET]
Table 'Renauxa' 6-max Seat #2 is the button
Seat 3: sta$igk ($125.43 in chips) is sitting out
Seat 1: z00mba ($113.82 in chips) 
Seat 2: rao999 ($100 in chips) 
Seat 4: Nazareno1999 ($190.10 in chips) 
Seat 5: Blu3Hawk1337 ($50.20 in chips) 
Seat 6: Conor1109 ($78.33 in chips) 
Nazareno1999: posts small blind $0.50
Blu3Hawk1337: posts big blind $1
*** HOLE CARDS ***
Conor1109: folds 
z00mba: raises $1.50 to $2.50
rao999: folds 
Nazareno1999: folds 
Blu3Hawk1337: folds 
Uncalled bet ($1.50) returned to z00mba
z00mba collected $2.50 from pot
z00mba: doesn't show hand 
*** SUMMARY ***
Total pot $2.50 | Rake $0 
Seat 3: sta$igk
Seat 1: z00mba collected ($2.50)
Seat 2: rao999 (button) folded before Flop (didn't bet)
Seat 4: Nazareno1999 (small blind) folded before Flop
Seat 5: Blu3Hawk1337 (big blind) folded before Flop
Seat 6: Conor1109 folded before Flop (didn't bet)



PokerStars Hand #254754567506:  Hold'em No Limit ($0.50/$1.00 USD) - 2025/02/07 20:10:52 WET [2025/02/07 15:10:52 ET]
Table 'Renauxa' 6-max Seat #4 is the button
Seat 3: sta$igk ($125.43 in chips) is sitting out
Seat 1: z00mba ($115.32 in chips) 
Seat 2: rao999 ($100 in chips) 
Seat 4: Nazareno1999 ($189.60 in chips) 
Seat 5: Blu3Hawk1337 ($49.20 in chips) 
Seat 6: Conor1109 ($78.33 in chips) 
Blu3Hawk1337: posts small blind $0.50
Conor1109: posts big blind $1
sta$igk: sits out 
*** HOLE CARDS ***
z00mba: folds 
rao999: raises $1.50 to $2.50
Nazareno1999: folds 
Blu3Hawk1337: raises $3.50 to $6
Conor1109: calls $5
rao999: calls $3.50
*** FLOP *** [4h 6d Ad]
Blu3Hawk1337: checks 
Conor1109: bets $17.10
rao999: folds 
Blu3Hawk1337: folds 
Uncalled bet ($17.10) returned to Conor1109
Conor1109 collected $17.10 from pot
Conor1109: doesn't show hand 
*** SUMMARY ***
Total pot $18 | Rake $0.90 
Board [4h 6d Ad]
Seat 3: sta$igk
Seat 1: z00mba folded before Flop (didn't bet)
Seat 2: rao999 folded on the Flop
Seat 4: Nazareno1999 (button) folded before Flop (didn't bet)
Seat 5: Blu3Hawk1337 (small blind) folded on the Flop
Seat 6: Conor1109 (big blind) collected ($17.10)



PokerStars Hand #254754579452:  Hold'em No Limit ($0.50/$1.00 USD) - 2025/02/07 20:11:31 WET [2025/02/07 15:11:31 ET]
Table 'Renauxa' 6-max Seat #5 is the button
Seat 3: sta$igk ($125.43 in chips) is sitting out
Seat 1: z00mba ($115.32 in chips) 
Seat 2: rao999 ($100 in chips) 
Seat 4: Nazareno1999 ($189.60 in chips) 
Seat 5: Blu3Hawk1337 ($43.20 in chips) 
Seat 6: Conor1109 ($89.43 in chips) 
Conor1109: posts small blind $0.50
z00mba: posts big blind $1
sta$igk: sits out 
*** HOLE CARDS ***
rao999: folds 
Nazareno1999: folds 
Blu3Hawk1337: raises $1 to $2
Conor1109: folds 
z00mba: calls $1
*** FLOP *** [Ks Ah Tc]
z00mba: checks 
Blu3Hawk1337: bets $2
z00mba: calls $2
*** TURN *** [Ks Ah Tc] [5h]
z00mba: checks 
Blu3Hawk1337: bets $3
z00mba: folds 
Uncalled bet ($3) returned to Blu3Hawk1337
Blu3Hawk1337 collected $8.08 from pot
*** SUMMARY ***
Total pot $8.50 | Rake $0.42 
Board [Ks Ah Tc 5h]
Seat 3: sta$igk
Seat 1: z00mba (big blind) folded on the Turn
Seat 2: rao999 folded before Flop (didn't bet)
Seat 4: Nazareno1999 folded before Flop (didn't bet)
Seat 5: Blu3Hawk1337 (button) collected ($8.08)
Seat 6: Conor1109 (small blind) folded before Flop



PokerStars Hand #254754590826:  Hold'em No Limit ($0.50/$1.00 USD) - 2025/02/07 20:12:08 WET [2025/02/07 15:12:08 ET]
Table 'Renauxa' 6-max Seat #6 is the button
Seat 3: sta$igk ($125.43 in chips) is sitting out
Seat 1: z00mba ($111.32 in chips) 
Seat 2: rao999 ($100 in chips) 
Seat 4: Nazareno1999 ($189.60 in chips) 
Seat 5: Blu3Hawk1337 ($47.28 in chips) 
Seat 6: Conor1109 ($88.93 in chips) 
z00mba: posts small blind $0.50
rao999: posts big blind $1
sta$igk: sits out 
*** HOLE CARDS ***
Nazareno1999: folds 
Blu3Hawk1337: calls $1
Conor1109: folds 
z00mba: calls $0.50
rao999: checks 
*** FLOP *** [Kd 4d 5s]
z00mba: checks 
rao999: checks 
Blu3Hawk1337: bets $1.50
z00mba: folds 
rao999: folds 
Uncalled bet ($1.50) returned to Blu3Hawk1337
Blu3Hawk1337 collected $2.85 from pot
*** SUMMARY ***
Total pot $3 | Rake $0.15 
Board [Kd 4d 5s]
Seat 3: sta$igk
Seat 1: z00mba (small blind) folded on the Flop
Seat 2: rao999 (big blind) folded on the Flop
Seat 4: Nazareno1999 folded before Flop (didn't bet)
Seat 5: Blu3Hawk1337 collected ($2.85)
Seat 6: Conor1109 (button) folded before Flop (didn't bet)



PokerStars Hand #254754604057:  Hold'em No Limit ($0.50/$1.00 USD) - 2025/02/07 20:12:52 WET [2025/02/07 15:12:52 ET]
Table 'Renauxa' 6-max Seat #1 is the button
Seat 1: z00mba ($110.32 in chips) 
Seat 2: rao999 ($100 in chips) 
Seat 3: sta$igk ($125.43 in chips) 
Seat 4: Nazareno1999 ($189.60 in chips) 
Seat 5: Blu3Hawk1337 ($49.13 in chips) 
Seat 6: Conor1109 ($88.93 in chips) 
rao999: posts small blind $0.50
sta$igk: posts big blind $1
*** HOLE CARDS ***
Nazareno1999: folds 
Blu3Hawk1337: folds 
Conor1109: folds 
z00mba: folds 
rao999: folds 
Uncalled bet ($0.50) returned to sta$igk
sta$igk collected $1 from pot
sta$igk: doesn't show hand 
*** SUMMARY ***
Total pot $1 | Rake $0 
Seat 1: z00mba (button) folded before Flop (didn't bet)
Seat 2: rao999 (small blind) folded before Flop
Seat 3: sta$igk (big blind) collected ($1)
Seat 4: Nazareno1999 folded before Flop (didn't bet)
Seat 5: Blu3Hawk1337 folded before Flop (didn't bet)
Seat 6: Conor1109 folded before Flop (didn't bet)



PokerStars Hand #254754609548:  Hold'em No Limit ($0.50/$1.00 USD) - 2025/02/07 20:13:10 WET [2025/02/07 15:13:10 ET]
Table 'Renauxa' 6-max Seat #2 is the button
Seat 1: z00mba ($110.32 in chips) 
Seat 2: rao999 ($100 in chips) 
Seat 3: sta$igk ($125.93 in chips) 
Seat 4: Nazareno1999 ($189.60 in chips) 
Seat 5: Blu3Hawk1337 ($49.13 in chips) 
Seat 6: Conor1109 ($88.93 in chips) 
sta$igk: posts small blind $0.50
Nazareno1999: posts big blind $1
*** HOLE CARDS ***
Blu3Hawk1337: folds 
Conor1109: folds 
z00mba: folds 
rao999: raises $1.50 to $2.50
sta$igk: folds 
Nazareno1999: folds 
Uncalled bet ($1.50) returned to rao999
rao999 collected $2.50 from pot
rao999: doesn't show hand 
*** SUMMARY ***
Total pot $2.50 | Rake $0 
Seat 1: z00mba folded before Flop (didn't bet)
Seat 2: rao999 (button) collected ($2.50)
Seat 3: sta$igk (small blind) folded before Flop
Seat 4: Nazareno1999 (big blind) folded before Flop
Seat 5: Blu3Hawk1337 folded before Flop (didn't bet)
Seat 6: Conor1109 folded before Flop (didn't bet)



PokerStars Hand #254754613040:  Hold'em No Limit ($0.50/$1.00 USD) - 2025/02/07 20:13:22 WET [2025/02/07 15:13:22 ET]
Table 'Renauxa' 6-max Seat #3 is the button
Seat 1: z00mba ($110.32 in chips) 
Seat 2: rao999 ($101.50 in chips) 
Seat 3: sta$igk ($125.43 in chips) 
Seat 4: Nazareno1999 ($188.60 in chips) 
Seat 5: Blu3Hawk1337 ($49.13 in chips) 
Seat 6: Conor1109 ($88.93 in chips) 
Nazareno1999: posts small blind $0.50
Blu3Hawk1337: posts big blind $1
*** HOLE CARDS ***
Conor1109: folds 
z00mba: folds 
rao999: raises $1.50 to $2.50
sta$igk: folds 
Nazareno1999: folds 
Blu3Hawk1337: raises $3.50 to $6
rao999: calls $3.50
*** FLOP *** [4s 5h 9c]
Blu3Hawk1337: bets $6
rao999: calls $6
*** TURN *** [4s 5h 9c] [4c]
Blu3Hawk1337: checks 
rao999: bets $5.82
Blu3Hawk1337: raises $31.31 to $37.13 and is all-in
rao999: calls $31.31
*** RIVER *** [4s 5h 9c 4c] [As]
*** SHOW DOWN ***
Blu3Hawk1337: shows [Kc Qs] (a pair of Fours)
rao999: shows [8s 9s] (two pair, Nines and Fours)
rao999 cashed out the hand for $81.47 | Cash Out Fee $1.66
*** SUMMARY ***
Total pot $98.76 | Rake $2.50 
Board [4s 5h 9c 4c As]
Seat 1: z00mba folded before Flop (didn't bet)
Seat 2: rao999 showed [8s 9s] and won ($96.26) with two pair, Nines and Fours (pot not awarded as player cashed out)
Seat 3: sta$igk (button) folded before Flop (didn't bet)
Seat 4: Nazareno1999 (small blind) folded before Flop
Seat 5: Blu3Hawk1337 (big blind) showed [Kc Qs] and lost with a pair of Fours
Seat 6: Conor1109 folded before Flop (didn't bet)



PokerStars Hand #254754630662:  Hold'em No Limit ($0.50/$1.00 USD) - 2025/02/07 20:14:20 WET [2025/02/07 15:14:20 ET]
Table 'Renauxa' 6-max Seat #4 is the button
Seat 5: Blu3Hawk1337 ($0 in chips) is sitting out
Seat 1: z00mba ($110.32 in chips) 
Seat 2: rao999 ($133.84 in chips) 
Seat 3: sta$igk ($125.43 in chips) 
Seat 4: Nazareno1999 ($188.10 in chips) 
Seat 6: Conor1109 ($88.93 in chips) 
Conor1109: posts small blind $0.50
z00mba: posts big blind $1
*** HOLE CARDS ***
rao999: folds 
sta$igk: raises $1.50 to $2.50
Nazareno1999: folds 
Conor1109: folds 
z00mba: folds 
Uncalled bet ($1.50) returned to sta$igk
sta$igk collected $2.50 from pot
sta$igk: doesn't show hand 
*** SUMMARY ***
Total pot $2.50 | Rake $0 
Seat 5: Blu3Hawk1337
Seat 1: z00mba (big blind) folded before Flop
Seat 2: rao999 folded before Flop (didn't bet)
Seat 3: sta$igk collected ($2.50)
Seat 4: Nazareno1999 (button) folded before Flop (didn't bet)
Seat 6: Conor1109 (small blind) folded before Flop



PokerStars Hand #254754638177:  Hold'em No Limit ($0.50/$1.00 USD) - 2025/02/07 20:14:44 WET [2025/02/07 15:14:44 ET]
Table 'Renauxa' 6-max Seat #6 is the button
Seat 5: Blu3Hawk1337 ($0 in chips) is sitting out
Seat 1: z00mba ($109.32 in chips) 
Seat 2: rao999 ($133.84 in chips) 
Seat 3: sta$igk ($126.93 in chips) 
Seat 4: Nazareno1999 ($188.10 in chips) 
Seat 6: Conor1109 ($88.43 in chips) 
z00mba: posts small blind $0.50
rao999: posts big blind $1
*** HOLE CARDS ***
sta$igk: folds 
Nazareno1999: folds 
Conor1109: calls $1
z00mba: raises $4 to $5
rao999: folds 
Conor1109: folds 
Uncalled bet ($4) returned to z00mba
z00mba collected $3 from pot
z00mba: doesn't show hand 
*** SUMMARY ***
Total pot $3 | Rake $0 
Seat 5: Blu3Hawk1337
Seat 1: z00mba (small blind) collected ($3)
Seat 2: rao999 (big blind) folded before Flop
Seat 3: sta$igk folded before Flop (didn't bet)
Seat 4: Nazareno1999 folded before Flop (didn't bet)
Seat 6: Conor1109 (button) folded before Flop



PokerStars Hand #254754643369:  Hold'em No Limit ($0.50/$1.00 USD) - 2025/02/07 20:15:01 WET [2025/02/07 15:15:01 ET]
Table 'Renauxa' 6-max Seat #1 is the button
Seat 5: Blu3Hawk1337 ($0 in chips) is sitting out
Seat 1: z00mba ($111.32 in chips) 
Seat 2: rao999 ($132.84 in chips) 
Seat 3: sta$igk ($126.93 in chips) 
Seat 4: Nazareno1999 ($188.10 in chips) 
Seat 6: Conor1109 ($87.43 in chips) 
rao999: posts small blind $0.50
sta$igk: posts big blind $1
*** HOLE CARDS ***
Nazareno1999: folds 
Conor1109: folds 
z00mba: folds 
rao999: folds 
Uncalled bet ($0.50) returned to sta$igk
sta$igk collected $1 from pot
sta$igk: doesn't show hand 
*** SUMMARY ***
Total pot $1 | Rake $0 
Seat 5: Blu3Hawk1337
Seat 1: z00mba (button) folded before Flop (didn't bet)
Seat 2: rao999 (small blind) folded before Flop
Seat 3: sta$igk (big blind) collected ($1)
Seat 4: Nazareno1999 folded before Flop (didn't bet)
Seat 6: Conor1109 folded before Flop (didn't bet)



PokerStars Hand #254754649944:  Hold'em No Limit ($0.50/$1.00 USD) - 2025/02/07 20:15:23 WET [2025/02/07 15:15:23 ET]
Table 'Renauxa' 6-max Seat #2 is the button
Seat 5: Blu3Hawk1337 ($0 in chips) is sitting out
Seat 1: z00mba ($111.32 in chips) 
Seat 2: rao999 ($132.34 in chips) 
Seat 3: sta$igk ($127.43 in chips) 
Seat 4: Nazareno1999 ($188.10 in chips) 
Seat 6: Conor1109 ($87.43 in chips) 
sta$igk: posts small blind $0.50
Nazareno1999: posts big blind $1
*** HOLE CARDS ***
Conor1109: folds 
z00mba: folds 
rao999: folds 
sta$igk: folds 
Uncalled bet ($0.50) returned to Nazareno1999
Nazareno1999 collected $1 from pot
Nazareno1999: doesn't show hand 
*** SUMMARY ***
Total pot $1 | Rake $0 
Seat 5: Blu3Hawk1337
Seat 1: z00mba folded before Flop (didn't bet)
Seat 2: rao999 (button) folded before Flop (didn't bet)
Seat 3: sta$igk (small blind) folded before Flop
Seat 4: Nazareno1999 (big blind) collected ($1)
Seat 6: Conor1109 folded before Flop (didn't bet)



PokerStars Hand #254754657291:  Hold'em No Limit ($0.50/$1.00 USD) - 2025/02/07 20:15:48 WET [2025/02/07 15:15:48 ET]
Table 'Renauxa' 6-max Seat #3 is the button
Seat 5: Blu3Hawk1337 ($0 in chips) is sitting out
Seat 1: z00mba ($111.32 in chips) 
Seat 2: rao999 ($132.34 in chips) 
Seat 3: sta$igk ($126.93 in chips) 
Seat 4: Nazareno1999 ($188.60 in chips) 
Seat 6: Conor1109 ($87.43 in chips) 
Nazareno1999: posts small blind $0.50
Conor1109: posts big blind $1
*** HOLE CARDS ***
z00mba: folds 
rao999: raises $1.50 to $2.50
sta$igk: folds 
Nazareno1999: folds 
Conor1109: calls $1.50
*** FLOP *** [Jc Ad 6d]
Conor1109: bets $5.22
rao999: calls $5.22
*** TURN *** [Jc Ad 6d] [7d]
Conor1109: checks 
rao999: checks 
*** RIVER *** [Jc Ad 6d 7d] [9c]
Conor1109: checks 
rao999: checks 
*** SHOW DOWN ***
Conor1109: shows [Ac 5d] (a pair of Aces)
rao999: mucks hand 
Conor1109 collected $15.14 from pot
*** SUMMARY ***
Total pot $15.94 | Rake $0.80 
Board [Jc Ad 6d 7d 9c]
Seat 5: Blu3Hawk1337
Seat 1: z00mba folded before Flop (didn't bet)
Seat 2: rao999 mucked
Seat 3: sta$igk (button) folded before Flop (didn't bet)
Seat 4: Nazareno1999 (small blind) folded before Flop
Seat 6: Conor1109 (big blind) showed [Ac 5d] and won ($15.14) with a pair of Aces



PokerStars Hand #254754666900:  Hold'em No Limit ($0.50/$1.00 USD) - 2025/02/07 20:16:20 WET [2025/02/07 15:16:20 ET]
Table 'Renauxa' 6-max Seat #4 is the button
Seat 5: Blu3Hawk1337 ($0 in chips) is sitting out
Seat 1: z00mba ($111.32 in chips) 
Seat 2: rao999 ($124.62 in chips) 
Seat 3: sta$igk ($126.93 in chips) 
Seat 4: Nazareno1999 ($188.10 in chips) 
Seat 6: Conor1109 ($94.85 in chips) 
Conor1109: posts small blind $0.50
z00mba: posts big blind $1
*** HOLE CARDS ***
rao999: folds 
sta$igk: folds 
Nazareno1999: folds 
Conor1109: raises $2 to $3
z00mba: calls $2
*** FLOP *** [5h Ks Kh]
Conor1109: checks 
z00mba: checks 
*** TURN *** [5h Ks Kh] [Kd]
Conor1109: bets $5.70
z00mba: folds 
Uncalled bet ($5.70) returned to Conor1109
Conor1109 collected $5.70 from pot
Conor1109: doesn't show hand 
*** SUMMARY ***
Total pot $6 | Rake $0.30 
Board [5h Ks Kh Kd]
Seat 5: Blu3Hawk1337
Seat 1: z00mba (big blind) folded on the Turn
Seat 2: rao999 folded before Flop (didn't bet)
Seat 3: sta$igk folded before Flop (didn't bet)
Seat 4: Nazareno1999 (button) folded before Flop (didn't bet)
Seat 6: Conor1109 (small blind) collected ($5.70)



PokerStars Hand #254754680480:  Hold'em No Limit ($0.50/$1.00 USD) - 2025/02/07 20:17:04 WET [2025/02/07 15:17:04 ET]
Table 'Renauxa' 6-max Seat #6 is the button
Seat 5: Blu3Hawk1337 ($0 in chips) is sitting out
Seat 1: z00mba ($108.32 in chips) 
Seat 2: rao999 ($124.62 in chips) 
Seat 3: sta$igk ($126.93 in chips) 
Seat 4: Nazareno1999 ($188.10 in chips) 
Seat 6: Conor1109 ($97.55 in chips) 
z00mba: posts small blind $0.50
rao999: posts big blind $1
*** HOLE CARDS ***
sta$igk: raises $1.50 to $2.50
Nazareno1999: calls $2.50
Conor1109: folds 
z00mba: folds 
rao999: calls $1.50
*** FLOP *** [Ah 7c 9c]
rao999: checks 
sta$igk: bets $2.51
Nazareno1999: folds 
rao999: folds 
Uncalled bet ($2.51) returned to sta$igk
sta$igk collected $7.60 from pot
sta$igk: doesn't show hand 
*** SUMMARY ***
Total pot $8 | Rake $0.40 
Board [Ah 7c 9c]
Seat 5: Blu3Hawk1337
Seat 1: z00mba (small blind) folded before Flop
Seat 2: rao999 (big blind) folded on the Flop
Seat 3: sta$igk collected ($7.60)
Seat 4: Nazareno1999 folded on the Flop
Seat 6: Conor1109 (button) folded before Flop (didn't bet)



PokerStars Hand #254754698699:  Hold'em No Limit ($0.50/$1.00 USD) - 2025/02/07 20:18:04 WET [2025/02/07 15:18:04 ET]
Table 'Renauxa' 6-max Seat #1 is the button
Seat 5: Blu3Hawk1337 ($0 in chips) is sitting out
Seat 1: z00mba ($107.82 in chips) 
Seat 2: rao999 ($122.12 in chips) 
Seat 3: sta$igk ($132.03 in chips) 
Seat 4: Nazareno1999 ($185.60 in chips) 
Seat 6: Conor1109 ($97.55 in chips) 
rao999: posts small blind $0.50
sta$igk: posts big blind $1
*** HOLE CARDS ***
Nazareno1999: folds 
Conor1109: folds 
z00mba: raises $1.50 to $2.50
rao999: folds 
sta$igk: calls $1.50
*** FLOP *** [Tc Qs 3s]
sta$igk: checks 
z00mba: checks 
*** TURN *** [Tc Qs 3s] [2d]
sta$igk: checks 
z00mba: bets $3.97
sta$igk: folds 
Uncalled bet ($3.97) returned to z00mba
z00mba collected $5.22 from pot
z00mba: doesn't show hand 
*** SUMMARY ***
Total pot $5.50 | Rake $0.28 
Board [Tc Qs 3s 2d]
Seat 5: Blu3Hawk1337
Seat 1: z00mba (button) collected ($5.22)
Seat 2: rao999 (small blind) folded before Flop
Seat 3: sta$igk (big blind) folded on the Turn
Seat 4: Nazareno1999 folded before Flop (didn't bet)
Seat 6: Conor1109 folded before Flop (didn't bet)



PokerStars Hand #254754709770:  Hold'em No Limit ($0.50/$1.00 USD) - 2025/02/07 20:18:41 WET [2025/02/07 15:18:41 ET]
Table 'Renauxa' 6-max Seat #2 is the button
Seat 5: Blu3Hawk1337 ($0 in chips) is sitting out
Seat 1: z00mba ($110.54 in chips) 
Seat 2: rao999 ($121.62 in chips) 
Seat 3: sta$igk ($129.53 in chips) 
Seat 4: Nazareno1999 ($185.60 in chips) 
Seat 6: Conor1109 ($97.55 in chips) 
sta$igk: posts small blind $0.50
Nazareno1999: posts big blind $1
*** HOLE CARDS ***
Conor1109: folds 
z00mba: folds 
rao999: raises $1.50 to $2.50
sta$igk: folds 
Nazareno1999: folds 
Uncalled bet ($1.50) returned to rao999
rao999 collected $2.50 from pot
rao999: doesn't show hand 
*** SUMMARY ***
Total pot $2.50 | Rake $0 
Seat 5: Blu3Hawk1337
Seat 1: z00mba folded before Flop (didn't bet)
Seat 2: rao999 (button) collected ($2.50)
Seat 3: sta$igk (small blind) folded before Flop
Seat 4: Nazareno1999 (big blind) folded before Flop
Seat 6: Conor1109 folded before Flop (didn't bet)



PokerStars Hand #254754713009:  Hold'em No Limit ($0.50/$1.00 USD) - 2025/02/07 20:18:51 WET [2025/02/07 15:18:51 ET]
Table 'Renauxa' 6-max Seat #3 is the button
Seat 5: Blu3Hawk1337 ($0 in chips) is sitting out
Seat 1: z00mba ($110.54 in chips) 
Seat 2: rao999 ($123.12 in chips) 
Seat 3: sta$igk ($129.03 in chips) 
Seat 4: Nazareno1999 ($184.60 in chips) 
Seat 6: Conor1109 ($97.55 in chips) 
Nazareno1999: posts small blind $0.50
Conor1109: posts big blind $1
*** HOLE CARDS ***
z00mba: folds 
rao999: folds 
sta$igk: raises $1.50 to $2.50
Nazareno1999: folds 
Conor1109: calls $1.50
*** FLOP *** [Th Kc 2s]
Conor1109: checks 
sta$igk: checks 
*** TURN *** [Th Kc 2s] [5h]
Conor1109: bets $5.22
sta$igk: folds 
Uncalled bet ($5.22) returned to Conor1109
Conor1109 collected $5.22 from pot
Conor1109: doesn't show hand 
*** SUMMARY ***
Total pot $5.50 | Rake $0.28 
Board [Th Kc 2s 5h]
Seat 5: Blu3Hawk1337
Seat 1: z00mba folded before Flop (didn't bet)
Seat 2: rao999 folded before Flop (didn't bet)
Seat 3: sta$igk (button) folded on the Turn
Seat 4: Nazareno1999 (small blind) folded before Flop
Seat 6: Conor1109 (big blind) collected ($5.22)



PokerStars Hand #254754726256:  Hold'em No Limit ($0.50/$1.00 USD) - 2025/02/07 20:19:35 WET [2025/02/07 15:19:35 ET]
Table 'Renauxa' 6-max Seat #4 is the button
Seat 5: Blu3Hawk1337 ($0 in chips) is sitting out
Seat 1: z00mba ($110.54 in chips) 
Seat 2: rao999 ($123.12 in chips) 
Seat 3: sta$igk ($126.53 in chips) 
Seat 4: Nazareno1999 ($184.10 in chips) 
Seat 6: Conor1109 ($100.27 in chips) 
Conor1109: posts small blind $0.50
z00mba: posts big blind $1
*** HOLE CARDS ***
rao999: raises $1.50 to $2.50
sta$igk: raises $5.50 to $8
Nazareno1999: folds 
Conor1109: folds 
z00mba: folds 
rao999: folds 
Uncalled bet ($5.50) returned to sta$igk
sta$igk collected $6.50 from pot
sta$igk: doesn't show hand 
*** SUMMARY ***
Total pot $6.50 | Rake $0 
Seat 5: Blu3Hawk1337
Seat 1: z00mba (big blind) folded before Flop
Seat 2: rao999 folded before Flop
Seat 3: sta$igk collected ($6.50)
Seat 4: Nazareno1999 (button) folded before Flop (didn't bet)
Seat 6: Conor1109 (small blind) folded before Flop



PokerStars Hand #254754732834:  Hold'em No Limit ($0.50/$1.00 USD) - 2025/02/07 20:19:56 WET [2025/02/07 15:19:56 ET]
Table 'Renauxa' 6-max Seat #6 is the button
Seat 5: Blu3Hawk1337 ($0 in chips) is sitting out
Seat 1: z00mba ($109.54 in chips) 
Seat 2: rao999 ($120.62 in chips) 
Seat 3: sta$igk ($130.53 in chips) 
Seat 4: Nazareno1999 ($184.10 in chips) 
Seat 6: Conor1109 ($99.77 in chips) 
z00mba: posts small blind $0.50
rao999: posts big blind $1
*** HOLE CARDS ***
sta$igk: folds 
Nazareno1999: folds 
Conor1109: folds 
z00mba: raises $2 to $3
rao999: calls $2
*** FLOP *** [4s Td 7s]
z00mba: bets $1.82
rao999: calls $1.82
*** TURN *** [4s Td 7s] [9s]
z00mba: checks 
rao999: bets $3.02
z00mba: calls $3.02
*** RIVER *** [4s Td 7s 9s] [Ks]
z00mba: checks 
rao999: checks 
*** SHOW DOWN ***
z00mba: shows [8s Jd] (a flush, King high)
rao999: mucks hand 
z00mba collected $14.90 from pot
*** SUMMARY ***
Total pot $15.68 | Rake $0.78 
Board [4s Td 7s 9s Ks]
Seat 5: Blu3Hawk1337
Seat 1: z00mba (small blind) showed [8s Jd] and won ($14.90) with a flush, King high
Seat 2: rao999 (big blind) mucked
Seat 3: sta$igk folded before Flop (didn't bet)
Seat 4: Nazareno1999 folded before Flop (didn't bet)
Seat 6: Conor1109 (button) folded before Flop (didn't bet)



PokerStars Hand #254754749777:  Hold'em No Limit ($0.50/$1.00 USD) - 2025/02/07 20:20:52 WET [2025/02/07 15:20:52 ET]
Table 'Renauxa' 6-max Seat #1 is the button
Seat 5: Blu3Hawk1337 ($0 in chips) is sitting out
Seat 1: z00mba ($116.60 in chips) 
Seat 2: rao999 ($112.78 in chips) 
Seat 3: sta$igk ($130.53 in chips) 
Seat 4: Nazareno1999 ($184.10 in chips) 
Seat 6: Conor1109 ($99.77 in chips) 
rao999: posts small blind $0.50
sta$igk: posts big blind $1
*** HOLE CARDS ***
Nazareno1999: folds 
Conor1109: folds 
z00mba: raises $1.50 to $2.50
rao999: folds 
sta$igk: folds 
Uncalled bet ($1.50) returned to z00mba
z00mba collected $2.50 from pot
z00mba: doesn't show hand 
*** SUMMARY ***
Total pot $2.50 | Rake $0 
Seat 5: Blu3Hawk1337
Seat 1: z00mba (button) collected ($2.50)
Seat 2: rao999 (small blind) folded before Flop
Seat 3: sta$igk (big blind) folded before Flop
Seat 4: Nazareno1999 folded before Flop (didn't bet)
Seat 6: Conor1109 folded before Flop (didn't bet)



PokerStars Hand #254754754925:  Hold'em No Limit ($0.50/$1.00 USD) - 2025/02/07 20:21:09 WET [2025/02/07 15:21:09 ET]
Table 'Renauxa' 6-max Seat #2 is the button
Seat 5: Blu3Hawk1337 ($0 in chips) is sitting out
Seat 1: z00mba ($118.10 in chips) 
Seat 2: rao999 ($112.28 in chips) 
Seat 3: sta$igk ($129.53 in chips) 
Seat 4: Nazareno1999 ($184.10 in chips) 
Seat 6: Conor1109 ($99.77 in chips) 
sta$igk: posts small blind $0.50
Nazareno1999: posts big blind $1
*** HOLE CARDS ***
Conor1109: folds 
z00mba: folds 
rao999: raises $1.50 to $2.50
sta$igk: folds 
Nazareno1999: folds 
Uncalled bet ($1.50) returned to rao999
rao999 collected $2.50 from pot
rao999: doesn't show hand 
*** SUMMARY ***
Total pot $2.50 | Rake $0 
Seat 5: Blu3Hawk1337
Seat 1: z00mba folded before Flop (didn't bet)
Seat 2: rao999 (button) collected ($2.50)
Seat 3: sta$igk (small blind) folded before Flop
Seat 4: Nazareno1999 (big blind) folded before Flop
Seat 6: Conor1109 folded before Flop (didn't bet)



PokerStars Hand #254754758654:  Hold'em No Limit ($0.50/$1.00 USD) - 2025/02/07 20:21:21 WET [2025/02/07 15:21:21 ET]
Table 'Renauxa' 6-max Seat #3 is the button
Seat 5: Blu3Hawk1337 ($0 in chips) is sitting out
Seat 1: z00mba ($118.10 in chips) 
Seat 2: rao999 ($113.78 in chips) 
Seat 3: sta$igk ($129.03 in chips) 
Seat 4: Nazareno1999 ($183.10 in chips) 
Seat 6: Conor1109 ($99.77 in chips) 
Nazareno1999: posts small blind $0.50
Conor1109: posts big blind $1
*** HOLE CARDS ***
z00mba: folds 
rao999: folds 
sta$igk: raises $1.50 to $2.50
Nazareno1999: folds 
Conor1109: raises $2.50 to $5
sta$igk: calls $2.50
*** FLOP *** [7c Qd Ts]
Conor1109: checks 
sta$igk: checks 
*** TURN *** [7c Qd Ts] [Tc]
Conor1109: bets $4.99
sta$igk: folds 
Uncalled bet ($4.99) returned to Conor1109
Conor1109 collected $9.98 from pot
Blu3Hawk1337 leaves the table
Conor1109: doesn't show hand 
*** SUMMARY ***
Total pot $10.50 | Rake $0.52 
Board [7c Qd Ts Tc]
Seat 5: Blu3Hawk1337
Seat 1: z00mba folded before Flop (didn't bet)
Seat 2: rao999 folded before Flop (didn't bet)
Seat 3: sta$igk (button) folded on the Turn
Seat 4: Nazareno1999 (small blind) folded before Flop
Seat 6: Conor1109 (big blind) collected ($9.98)



PokerStars Hand #254754773034:  Hold'em No Limit ($0.50/$1.00 USD) - 2025/02/07 20:22:08 WET [2025/02/07 15:22:08 ET]
Table 'Renauxa' 6-max Seat #4 is the button
Seat 1: z00mba ($118.10 in chips) 
Seat 2: rao999 ($113.78 in chips) 
Seat 3: sta$igk ($124.03 in chips) 
Seat 4: Nazareno1999 ($182.60 in chips) 
Seat 6: Conor1109 ($104.75 in chips) 
Conor1109: posts small blind $0.50
z00mba: posts big blind $1
*** HOLE CARDS ***
rao999: folds 
sta$igk: folds 
BoyLoc0 joins the table at seat #5 
Nazareno1999: raises $1.20 to $2.20
Conor1109: calls $1.70
z00mba: folds 
*** FLOP *** [5c 8c 4d]
Conor1109: checks 
Nazareno1999: checks 
*** TURN *** [5c 8c 4d] [3s]
Conor1109: bets $5.13
Nazareno1999: calls $5.13
*** RIVER *** [5c 8c 4d 3s] [7s]
Conor1109: bets $14.88
Nazareno1999: raises $22.62 to $37.50
Conor1109: calls $22.62
*** SHOW DOWN ***
Nazareno1999: shows [As 6s] (a straight, Four to Eight)
Conor1109: shows [7c 6h] (a straight, Four to Eight)
Conor1109 collected $44.08 from pot
Nazareno1999 collected $44.08 from pot
*** SUMMARY ***
Total pot $90.66 | Rake $2.50 
Board [5c 8c 4d 3s 7s]
Seat 1: z00mba (big blind) folded before Flop
Seat 2: rao999 folded before Flop (didn't bet)
Seat 3: sta$igk folded before Flop (didn't bet)
Seat 4: Nazareno1999 (button) showed [As 6s] and won ($44.08) with a straight, Four to Eight
Seat 6: Conor1109 (small blind) showed [7c 6h] and won ($44.08) with a straight, Four to Eight



PokerStars Hand #254754788246:  Hold'em No Limit ($0.50/$1.00 USD) - 2025/02/07 20:22:58 WET [2025/02/07 15:22:58 ET]
Table 'Renauxa' 6-max Seat #6 is the button
Seat 5: BoyLoc0 ($100 in chips) is sitting out
Seat 1: z00mba ($117.10 in chips) 
Seat 2: rao999 ($113.78 in chips) 
Seat 3: sta$igk ($124.03 in chips) 
Seat 4: Nazareno1999 ($181.85 in chips) 
Seat 6: Conor1109 ($104 in chips) 
z00mba: posts small blind $0.50
rao999: posts big blind $1
BoyLoc0: sits out 
*** HOLE CARDS ***
sta$igk: folds 
Nazareno1999: folds 
Conor1109: raises $2 to $3
z00mba: folds 
rao999: calls $2
*** FLOP *** [As 9c Qc]
rao999: checks 
Conor1109: bets $6.18
rao999: folds 
Uncalled bet ($6.18) returned to Conor1109
Conor1109 collected $6.18 from pot
Conor1109: doesn't show hand 
*** SUMMARY ***
Total pot $6.50 | Rake $0.32 
Board [As 9c Qc]
Seat 5: BoyLoc0
Seat 1: z00mba (small blind) folded before Flop
Seat 2: rao999 (big blind) folded on the Flop
Seat 3: sta$igk folded before Flop (didn't bet)
Seat 4: Nazareno1999 folded before Flop (didn't bet)
Seat 6: Conor1109 (button) collected ($6.18)



PokerStars Hand #254754797031:  Hold'em No Limit ($0.50/$1.00 USD) - 2025/02/07 20:23:27 WET [2025/02/07 15:23:27 ET]
Table 'Renauxa' 6-max Seat #1 is the button
Seat 5: BoyLoc0 ($100 in chips) is sitting out
Seat 1: z00mba ($116.60 in chips) 
Seat 2: rao999 ($110.78 in chips) 
Seat 3: sta$igk ($124.03 in chips) 
Seat 4: Nazareno1999 ($181.85 in chips) 
Seat 6: Conor1109 ($107.18 in chips) 
rao999: posts small blind $0.50
sta$igk: posts big blind $1
BoyLoc0: sits out 
*** HOLE CARDS ***
Nazareno1999: folds 
Conor1109: folds 
z00mba: folds 
rao999: folds 
Uncalled bet ($0.50) returned to sta$igk
sta$igk collected $1 from pot
sta$igk: doesn't show hand 
*** SUMMARY ***
Total pot $1 | Rake $0 
Seat 5: BoyLoc0
Seat 1: z00mba (button) folded before Flop (didn't bet)
Seat 2: rao999 (small blind) folded before Flop
Seat 3: sta$igk (big blind) collected ($1)
Seat 4: Nazareno1999 folded before Flop (didn't bet)
Seat 6: Conor1109 folded before Flop (didn't bet)



PokerStars Hand #254754802586:  Hold'em No Limit ($0.50/$1.00 USD) - 2025/02/07 20:23:45 WET [2025/02/07 15:23:45 ET]
Table 'Renauxa' 6-max Seat #2 is the button
Seat 5: BoyLoc0 ($100 in chips) is sitting out
Seat 1: z00mba ($116.60 in chips) 
Seat 2: rao999 ($110.28 in chips) 
Seat 3: sta$igk ($124.53 in chips) 
Seat 4: Nazareno1999 ($181.85 in chips) 
Seat 6: Conor1109 ($107.18 in chips) 
sta$igk: posts small blind $0.50
Nazareno1999: posts big blind $1
BoyLoc0: sits out 
*** HOLE CARDS ***
Conor1109: folds 
z00mba: raises $1.50 to $2.50
rao999: folds 
sta$igk: folds 
Nazareno1999: folds 
Uncalled bet ($1.50) returned to z00mba
z00mba collected $2.50 from pot
z00mba: doesn't show hand 
*** SUMMARY ***
Total pot $2.50 | Rake $0 
Seat 5: BoyLoc0
Seat 1: z00mba collected ($2.50)
Seat 2: rao999 (button) folded before Flop (didn't bet)
Seat 3: sta$igk (small blind) folded before Flop
Seat 4: Nazareno1999 (big blind) folded before Flop
Seat 6: Conor1109 folded before Flop (didn't bet)



PokerStars Hand #254754807731:  Hold'em No Limit ($0.50/$1.00 USD) - 2025/02/07 20:24:02 WET [2025/02/07 15:24:02 ET]
Table 'Renauxa' 6-max Seat #3 is the button
Seat 1: z00mba ($118.10 in chips) 
Seat 2: rao999 ($110.28 in chips) 
Seat 3: sta$igk ($124.03 in chips) 
Seat 4: Nazareno1999 ($180.85 in chips) 
Seat 5: BoyLoc0 ($100 in chips) 
Seat 6: Conor1109 ($107.18 in chips) 
Nazareno1999: posts small blind $0.50
BoyLoc0: posts big blind $1
*** HOLE CARDS ***
Conor1109: folds 
z00mba: folds 
rao999: folds 
sta$igk: folds 
Nazareno1999: folds 
Uncalled bet ($0.50) returned to BoyLoc0
BoyLoc0 collected $1 from pot
BoyLoc0: doesn't show hand 
*** SUMMARY ***
Total pot $1 | Rake $0 
Seat 1: z00mba folded before Flop (didn't bet)
Seat 2: rao999 folded before Flop (didn't bet)
Seat 3: sta$igk (button) folded before Flop (didn't bet)
Seat 4: Nazareno1999 (small blind) folded before Flop
Seat 5: BoyLoc0 (big blind) collected ($1)
Seat 6: Conor1109 folded before Flop (didn't bet)



PokerStars Hand #254754812678:  Hold'em No Limit ($0.50/$1.00 USD) - 2025/02/07 20:24:19 WET [2025/02/07 15:24:19 ET]
Table 'Renauxa' 6-max Seat #4 is the button
Seat 1: z00mba ($118.10 in chips) 
Seat 2: rao999 ($110.28 in chips) 
Seat 3: sta$igk ($124.03 in chips) 
Seat 4: Nazareno1999 ($180.35 in chips) 
Seat 5: BoyLoc0 ($100.50 in chips) 
Seat 6: Conor1109 ($107.18 in chips) 
BoyLoc0: posts small blind $0.50
Conor1109: posts big blind $1
*** HOLE CARDS ***
z00mba: folds 
rao999: folds 
sta$igk: folds 
Nazareno1999: folds 
BoyLoc0: folds 
Uncalled bet ($0.50) returned to Conor1109
Conor1109 collected $1 from pot
Conor1109: doesn't show hand 
*** SUMMARY ***
Total pot $1 | Rake $0 
Seat 1: z00mba folded before Flop (didn't bet)
Seat 2: rao999 folded before Flop (didn't bet)
Seat 3: sta$igk folded before Flop (didn't bet)
Seat 4: Nazareno1999 (button) folded before Flop (didn't bet)
Seat 5: BoyLoc0 (small blind) folded before Flop
Seat 6: Conor1109 (big blind) collected ($1)



PokerStars Hand #254754819735:  Hold'em No Limit ($0.50/$1.00 USD) - 2025/02/07 20:24:42 WET [2025/02/07 15:24:42 ET]
Table 'Renauxa' 6-max Seat #5 is the button
Seat 1: z00mba ($118.10 in chips) 
Seat 2: rao999 ($110.28 in chips) 
Seat 3: sta$igk ($124.03 in chips) 
Seat 4: Nazareno1999 ($180.35 in chips) 
Seat 5: BoyLoc0 ($100 in chips) 
Seat 6: Conor1109 ($107.68 in chips) 
Conor1109: posts small blind $0.50
z00mba: posts big blind $1
*** HOLE CARDS ***
rao999: folds 
sta$igk: folds 
Nazareno1999: raises $1.20 to $2.20
BoyLoc0: folds 
Conor1109: calls $1.70
z00mba: calls $1.20
*** FLOP *** [Tc Ks 9s]
Conor1109: checks 
z00mba: checks 
Nazareno1999: checks 
*** TURN *** [Tc Ks 9s] [Td]
Conor1109: bets $6.27
z00mba: folds 
Nazareno1999: folds 
Uncalled bet ($6.27) returned to Conor1109
Conor1109 collected $6.27 from pot
Conor1109: doesn't show hand 
*** SUMMARY ***
Total pot $6.60 | Rake $0.33 
Board [Tc Ks 9s Td]
Seat 1: z00mba (big blind) folded on the Turn
Seat 2: rao999 folded before Flop (didn't bet)
Seat 3: sta$igk folded before Flop (didn't bet)
Seat 4: Nazareno1999 folded on the Turn
Seat 5: BoyLoc0 (button) folded before Flop (didn't bet)
Seat 6: Conor1109 (small blind) collected ($6.27)



PokerStars Hand #254754833613:  Hold'em No Limit ($0.50/$1.00 USD) - 2025/02/07 20:25:27 WET [2025/02/07 15:25:27 ET]
Table 'Renauxa' 6-max Seat #6 is the button
Seat 1: z00mba ($115.90 in chips) 
Seat 2: rao999 ($110.28 in chips) 
Seat 3: sta$igk ($124.03 in chips) 
Seat 4: Nazareno1999 ($178.15 in chips) 
Seat 5: BoyLoc0 ($100 in chips) 
Seat 6: Conor1109 ($111.75 in chips) 
z00mba: posts small blind $0.50
rao999: posts big blind $1
*** HOLE CARDS ***
sta$igk: folds 
Nazareno1999: folds 
BoyLoc0: folds 
Conor1109: raises $4 to $5
z00mba: folds 
rao999: folds 
Uncalled bet ($4) returned to Conor1109
Conor1109 collected $2.50 from pot
Conor1109: doesn't show hand 
*** SUMMARY ***
Total pot $2.50 | Rake $0 
Seat 1: z00mba (small blind) folded before Flop
Seat 2: rao999 (big blind) folded before Flop
Seat 3: sta$igk folded before Flop (didn't bet)
Seat 4: Nazareno1999 folded before Flop (didn't bet)
Seat 5: BoyLoc0 folded before Flop (didn't bet)
Seat 6: Conor1109 (button) collected ($2.50)



PokerStars Hand #254754838765:  Hold'em No Limit ($0.50/$1.00 USD) - 2025/02/07 20:25:44 WET [2025/02/07 15:25:44 ET]
Table 'Renauxa' 6-max Seat #1 is the button
Seat 1: z00mba ($115.40 in chips) 
Seat 2: rao999 ($109.28 in chips) 
Seat 3: sta$igk ($124.03 in chips) 
Seat 4: Nazareno1999 ($178.15 in chips) 
Seat 5: BoyLoc0 ($100 in chips) 
Seat 6: Conor1109 ($113.25 in chips) 
rao999: posts small blind $0.50
sta$igk: posts big blind $1
*** HOLE CARDS ***
Nazareno1999: raises $1.20 to $2.20
BoyLoc0: folds 
Conor1109: raises $3.20 to $5.40
z00mba: folds 
rao999: folds 
sta$igk: folds 
Nazareno1999: raises $14.10 to $19.50
Conor1109: calls $14.10
*** FLOP *** [Td 3h 2d]
Nazareno1999: bets $9.62
Conor1109: folds 
Uncalled bet ($9.62) returned to Nazareno1999
Nazareno1999 collected $38.48 from pot
Nazareno1999: doesn't show hand 
*** SUMMARY ***
Total pot $40.50 | Rake $2.02 
Board [Td 3h 2d]
Seat 1: z00mba (button) folded before Flop (didn't bet)
Seat 2: rao999 (small blind) folded before Flop
Seat 3: sta$igk (big blind) folded before Flop
Seat 4: Nazareno1999 collected ($38.48)
Seat 5: BoyLoc0 folded before Flop (didn't bet)
Seat 6: Conor1109 folded on the Flop



PokerStars Hand #254754855174:  Hold'em No Limit ($0.50/$1.00 USD) - 2025/02/07 20:26:38 WET [2025/02/07 15:26:38 ET]
Table 'Renauxa' 6-max Seat #2 is the button
Seat 1: z00mba ($115.40 in chips) 
Seat 2: rao999 ($108.78 in chips) 
Seat 3: sta$igk ($123.03 in chips) 
Seat 4: Nazareno1999 ($197.13 in chips) 
Seat 5: BoyLoc0 ($100 in chips) 
Seat 6: Conor1109 ($93.75 in chips) 
sta$igk: posts small blind $0.50
Nazareno1999: posts big blind $1
*** HOLE CARDS ***
BoyLoc0: raises $1.50 to $2.50
Conor1109: calls $2.50
z00mba: folds 
rao999: folds 
sta$igk: folds 
Nazareno1999: folds 
*** FLOP *** [8h 6s 3s]
BoyLoc0: checks 
Conor1109: checks 
*** TURN *** [8h 6s 3s] [5c]
BoyLoc0: bets $4.64
Conor1109: calls $4.64
*** RIVER *** [8h 6s 3s 5c] [4h]
BoyLoc0: bets $11.24
Conor1109: folds 
Uncalled bet ($11.24) returned to BoyLoc0
BoyLoc0 collected $14.99 from pot
BoyLoc0: doesn't show hand 
*** SUMMARY ***
Total pot $15.78 | Rake $0.79 
Board [8h 6s 3s 5c 4h]
Seat 1: z00mba folded before Flop (didn't bet)
Seat 2: rao999 (button) folded before Flop (didn't bet)
Seat 3: sta$igk (small blind) folded before Flop
Seat 4: Nazareno1999 (big blind) folded before Flop
Seat 5: BoyLoc0 collected ($14.99)
Seat 6: Conor1109 folded on the River



PokerStars Hand #254754868295:  Hold'em No Limit ($0.50/$1.00 USD) - 2025/02/07 20:27:21 WET [2025/02/07 15:27:21 ET]
Table 'Renauxa' 6-max Seat #3 is the button
Seat 1: z00mba ($115.40 in chips) 
Seat 2: rao999 ($108.78 in chips) 
Seat 3: sta$igk ($122.53 in chips) 
Seat 4: Nazareno1999 ($196.13 in chips) 
Seat 5: BoyLoc0 ($107.85 in chips) 
Seat 6: Conor1109 ($86.61 in chips) 
Nazareno1999: posts small blind $0.50
BoyLoc0: posts big blind $1
*** HOLE CARDS ***
Conor1109: raises $3 to $4
z00mba: calls $4
rao999: folds 
sta$igk: folds 
Nazareno1999: folds 
BoyLoc0: folds 
*** FLOP *** [6c 7s 8c]
Conor1109: bets $9.02
z00mba: calls $9.02
*** TURN *** [6c 7s 8c] [3s]
Conor1109: bets $26.16
z00mba: folds 
Uncalled bet ($26.16) returned to Conor1109
Conor1109 collected $26.16 from pot
Conor1109: doesn't show hand 
*** SUMMARY ***
Total pot $27.54 | Rake $1.38 
Board [6c 7s 8c 3s]
Seat 1: z00mba folded on the Turn
Seat 2: rao999 folded before Flop (didn't bet)
Seat 3: sta$igk (button) folded before Flop (didn't bet)
Seat 4: Nazareno1999 (small blind) folded before Flop
Seat 5: BoyLoc0 (big blind) folded before Flop
Seat 6: Conor1109 collected ($26.16)



PokerStars Hand #254754883802:  Hold'em No Limit ($0.50/$1.00 USD) - 2025/02/07 20:28:11 WET [2025/02/07 15:28:11 ET]
Table 'Renauxa' 6-max Seat #4 is the button
Seat 1: z00mba ($102.38 in chips) 
Seat 2: rao999 ($108.78 in chips) 
Seat 3: sta$igk ($122.53 in chips) 
Seat 4: Nazareno1999 ($195.63 in chips) 
Seat 5: BoyLoc0 ($106.85 in chips) 
Seat 6: Conor1109 ($99.75 in chips) 
BoyLoc0: posts small blind $0.50
Conor1109: posts big blind $1
*** HOLE CARDS ***
z00mba: folds 
rao999: folds 
sta$igk: folds 
Nazareno1999: folds 
BoyLoc0: raises $2 to $3
Conor1109: calls $2
*** FLOP *** [2h 9h Kd]
BoyLoc0: checks 
Conor1109: checks 
*** TURN *** [2h 9h Kd] [Kc]
BoyLoc0: checks 
Conor1109: bets $5.70
BoyLoc0: folds 
Uncalled bet ($5.70) returned to Conor1109
Conor1109 collected $5.70 from pot
Conor1109: doesn't show hand 
*** SUMMARY ***
Total pot $6 | Rake $0.30 
Board [2h 9h Kd Kc]
Seat 1: z00mba folded before Flop (didn't bet)
Seat 2: rao999 folded before Flop (didn't bet)
Seat 3: sta$igk folded before Flop (didn't bet)
Seat 4: Nazareno1999 (button) folded before Flop (didn't bet)
Seat 5: BoyLoc0 (small blind) folded on the Turn
Seat 6: Conor1109 (big blind) collected ($5.70)



PokerStars Hand #254754899937:  Hold'em No Limit ($0.50/$1.00 USD) - 2025/02/07 20:29:04 WET [2025/02/07 15:29:04 ET]
Table 'Renauxa' 6-max Seat #5 is the button
Seat 1: z00mba ($102.38 in chips) 
Seat 2: rao999 ($108.78 in chips) 
Seat 3: sta$igk ($122.53 in chips) 
Seat 4: Nazareno1999 ($195.63 in chips) 
Seat 5: BoyLoc0 ($103.85 in chips) 
Seat 6: Conor1109 ($102.45 in chips) 
Conor1109: posts small blind $0.50
z00mba: posts big blind $1
*** HOLE CARDS ***
rao999: folds 
sta$igk: folds 
Nazareno1999: folds 
BoyLoc0: raises $1.50 to $2.50
Conor1109: calls $2
z00mba: calls $1.50
*** FLOP *** [2s 9c 4c]
Conor1109: checks 
z00mba: checks 
BoyLoc0: checks 
*** TURN *** [2s 9c 4c] [6s]
Conor1109: checks 
z00mba: bets $5.41
BoyLoc0: folds 
Conor1109: folds 
Uncalled bet ($5.41) returned to z00mba
z00mba collected $7.12 from pot
z00mba: doesn't show hand 
*** SUMMARY ***
Total pot $7.50 | Rake $0.38 
Board [2s 9c 4c 6s]
Seat 1: z00mba (big blind) collected ($7.12)
Seat 2: rao999 folded before Flop (didn't bet)
Seat 3: sta$igk folded before Flop (didn't bet)
Seat 4: Nazareno1999 folded before Flop (didn't bet)
Seat 5: BoyLoc0 (button) folded on the Turn
Seat 6: Conor1109 (small blind) folded on the Turn



PokerStars Hand #254754920913:  Hold'em No Limit ($0.50/$1.00 USD) - 2025/02/07 20:30:13 WET [2025/02/07 15:30:13 ET]
Table 'Renauxa' 6-max Seat #6 is the button
Seat 1: z00mba ($107 in chips) 
Seat 2: rao999 ($108.78 in chips) 
Seat 3: sta$igk ($122.53 in chips) 
Seat 4: Nazareno1999 ($195.63 in chips) 
Seat 5: BoyLoc0 ($101.35 in chips) 
Seat 6: Conor1109 ($99.95 in chips) 
z00mba: posts small blind $0.50
rao999: posts big blind $1
*** HOLE CARDS ***
sta$igk: folds 
Nazareno1999: folds 
BoyLoc0: raises $1.50 to $2.50
Conor1109: calls $2.50
z00mba: folds 
rao999: folds 
*** FLOP *** [6s Kd 6d]
BoyLoc0: checks 
Conor1109: checks 
*** TURN *** [6s Kd 6d] [5d]
BoyLoc0: checks 
Conor1109: checks 
*** RIVER *** [6s Kd 6d 5d] [2d]
BoyLoc0: bets $4.64
Conor1109: folds 
Uncalled bet ($4.64) returned to BoyLoc0
BoyLoc0 collected $6.18 from pot
BoyLoc0: doesn't show hand 
*** SUMMARY ***
Total pot $6.50 | Rake $0.32 
Board [6s Kd 6d 5d 2d]
Seat 1: z00mba (small blind) folded before Flop
Seat 2: rao999 (big blind) folded before Flop
Seat 3: sta$igk folded before Flop (didn't bet)
Seat 4: Nazareno1999 folded before Flop (didn't bet)
Seat 5: BoyLoc0 collected ($6.18)
Seat 6: Conor1109 (button) folded on the River



PokerStars Hand #254754941273:  Hold'em No Limit ($0.50/$1.00 USD) - 2025/02/07 20:31:19 WET [2025/02/07 15:31:19 ET]
Table 'Renauxa' 6-max Seat #1 is the button
Seat 1: z00mba ($106.50 in chips) 
Seat 2: rao999 ($107.78 in chips) 
Seat 3: sta$igk ($122.53 in chips) 
Seat 4: Nazareno1999 ($195.63 in chips) 
Seat 5: BoyLoc0 ($105.03 in chips) 
Seat 6: Conor1109 ($97.45 in chips) 
rao999: posts small blind $0.50
sta$igk: posts big blind $1
*** HOLE CARDS ***
Nazareno1999: folds 
BoyLoc0: folds 
Conor1109: folds 
z00mba: folds 
rao999: raises $2 to $3
sta$igk: folds 
Uncalled bet ($2) returned to rao999
rao999 collected $2 from pot
rao999: doesn't show hand 
*** SUMMARY ***
Total pot $2 | Rake $0 
Seat 1: z00mba (button) folded before Flop (didn't bet)
Seat 2: rao999 (small blind) collected ($2)
Seat 3: sta$igk (big blind) folded before Flop
Seat 4: Nazareno1999 folded before Flop (didn't bet)
Seat 5: BoyLoc0 folded before Flop (didn't bet)
Seat 6: Conor1109 folded before Flop (didn't bet)



PokerStars Hand #254754947626:  Hold'em No Limit ($0.50/$1.00 USD) - 2025/02/07 20:31:40 WET [2025/02/07 15:31:40 ET]
Table 'Renauxa' 6-max Seat #2 is the button
Seat 1: z00mba ($106.50 in chips) 
Seat 2: rao999 ($108.78 in chips) 
Seat 3: sta$igk ($121.53 in chips) 
Seat 4: Nazareno1999 ($195.63 in chips) 
Seat 5: BoyLoc0 ($105.03 in chips) 
Seat 6: Conor1109 ($97.45 in chips) 
sta$igk: posts small blind $0.50
Nazareno1999: posts big blind $1
*** HOLE CARDS ***
BoyLoc0: folds 
Conor1109: calls $1
z00mba: folds 
rao999: raises $3 to $4
sta$igk: folds 
Nazareno1999: folds 
Conor1109: calls $3
*** FLOP *** [Jc Ad 9d]
Conor1109: checks 
rao999: checks 
*** TURN *** [Jc Ad 9d] [5c]
Conor1109: checks 
rao999: bets $5.95
Conor1109: calls $5.95
*** RIVER *** [Jc Ad 9d 5c] [8d]
Conor1109: checks 
rao999: checks 
*** SHOW DOWN ***
Conor1109: shows [Js Tc] (a pair of Jacks)
rao999: shows [As 3s] (a pair of Aces)
rao999 collected $20.33 from pot
*** SUMMARY ***
Total pot $21.40 | Rake $1.07 
Board [Jc Ad 9d 5c 8d]
Seat 1: z00mba folded before Flop (didn't bet)
Seat 2: rao999 (button) showed [As 3s] and won ($20.33) with a pair of Aces
Seat 3: sta$igk (small blind) folded before Flop
Seat 4: Nazareno1999 (big blind) folded before Flop
Seat 5: BoyLoc0 folded before Flop (didn't bet)
Seat 6: Conor1109 showed [Js Tc] and lost with a pair of Jacks



PokerStars Hand #254754958051:  Hold'em No Limit ($0.50/$1.00 USD) - 2025/02/07 20:32:14 WET [2025/02/07 15:32:14 ET]
Table 'Renauxa' 6-max Seat #3 is the button
Seat 1: z00mba ($106.50 in chips) 
Seat 2: rao999 ($119.16 in chips) 
Seat 3: sta$igk ($121.03 in chips) 
Seat 4: Nazareno1999 ($194.63 in chips) 
Seat 5: BoyLoc0 ($105.03 in chips) 
Seat 6: Conor1109 ($87.50 in chips) 
Nazareno1999: posts small blind $0.50
BoyLoc0: posts big blind $1
*** HOLE CARDS ***
Conor1109: raises $2.50 to $3.50
z00mba: folds 
rao999: folds 
sta$igk: folds 
Nazareno1999: folds 
BoyLoc0: calls $2.50
*** FLOP *** [Td 9h 8s]
BoyLoc0: checks 
Conor1109: checks 
*** TURN *** [Td 9h 8s] [4h]
BoyLoc0: bets $5.34
Conor1109: calls $5.34
*** RIVER *** [Td 9h 8s 4h] [7s]
BoyLoc0: checks 
Conor1109: checks 
*** SHOW DOWN ***
BoyLoc0: shows [Th Ad] (a pair of Tens)
Conor1109: mucks hand 
BoyLoc0 collected $17.27 from pot
*** SUMMARY ***
Total pot $18.18 | Rake $0.91 
Board [Td 9h 8s 4h 7s]
Seat 1: z00mba folded before Flop (didn't bet)
Seat 2: rao999 folded before Flop (didn't bet)
Seat 3: sta$igk (button) folded before Flop (didn't bet)
Seat 4: Nazareno1999 (small blind) folded before Flop
Seat 5: BoyLoc0 (big blind) showed [Th Ad] and won ($17.27) with a pair of Tens
Seat 6: Conor1109 mucked



PokerStars Hand #254754969391:  Hold'em No Limit ($0.50/$1.00 USD) - 2025/02/07 20:32:51 WET [2025/02/07 15:32:51 ET]
Table 'Renauxa' 6-max Seat #4 is the button
Seat 1: z00mba ($106.50 in chips) 
Seat 2: rao999 ($119.16 in chips) 
Seat 3: sta$igk ($121.03 in chips) 
Seat 4: Nazareno1999 ($194.13 in chips) 
Seat 5: BoyLoc0 ($113.46 in chips) 
Seat 6: Conor1109 ($78.66 in chips) 
BoyLoc0: posts small blind $0.50
Conor1109: posts big blind $1
*** HOLE CARDS ***
z00mba: folds 
rao999: folds 
sta$igk: folds 
Nazareno1999: raises $1.20 to $2.20
BoyLoc0: folds 
Conor1109: folds 
Uncalled bet ($1.20) returned to Nazareno1999
Nazareno1999 collected $2.50 from pot
Nazareno1999: doesn't show hand 
*** SUMMARY ***
Total pot $2.50 | Rake $0 
Seat 1: z00mba folded before Flop (didn't bet)
Seat 2: rao999 folded before Flop (didn't bet)
Seat 3: sta$igk folded before Flop (didn't bet)
Seat 4: Nazareno1999 (button) collected ($2.50)
Seat 5: BoyLoc0 (small blind) folded before Flop
Seat 6: Conor1109 (big blind) folded before Flop



PokerStars Hand #254754973193:  Hold'em No Limit ($0.50/$1.00 USD) - 2025/02/07 20:33:04 WET [2025/02/07 15:33:04 ET]
Table 'Renauxa' 6-max Seat #5 is the button
Seat 1: z00mba ($106.50 in chips) 
Seat 2: rao999 ($119.16 in chips) 
Seat 3: sta$igk ($121.03 in chips) 
Seat 4: Nazareno1999 ($195.63 in chips) 
Seat 5: BoyLoc0 ($112.96 in chips) 
Seat 6: Conor1109 ($77.66 in chips) 
Conor1109: posts small blind $0.50
z00mba: posts big blind $1
*** HOLE CARDS ***
rao999: folds 
sta$igk: folds 
Nazareno1999: raises $1.20 to $2.20
BoyLoc0: raises $5.30 to $7.50
Conor1109: folds 
z00mba: folds 
Nazareno1999: folds 
Uncalled bet ($5.30) returned to BoyLoc0
BoyLoc0 collected $5.90 from pot
BoyLoc0: doesn't show hand 
*** SUMMARY ***
Total pot $5.90 | Rake $0 
Seat 1: z00mba (big blind) folded before Flop
Seat 2: rao999 folded before Flop (didn't bet)
Seat 3: sta$igk folded before Flop (didn't bet)
Seat 4: Nazareno1999 folded before Flop
Seat 5: BoyLoc0 (button) collected ($5.90)
Seat 6: Conor1109 (small blind) folded before Flop



PokerStars Hand #254754981354:  Hold'em No Limit ($0.50/$1.00 USD) - 2025/02/07 20:33:30 WET [2025/02/07 15:33:30 ET]
Table 'Renauxa' 6-max Seat #6 is the button
Seat 1: z00mba ($105.50 in chips) 
Seat 2: rao999 ($119.16 in chips) 
Seat 3: sta$igk ($121.03 in chips) 
Seat 4: Nazareno1999 ($193.43 in chips) 
Seat 5: BoyLoc0 ($116.66 in chips) 
Seat 6: Conor1109 ($77.16 in chips) 
z00mba: posts small blind $0.50
rao999: posts big blind $1
*** HOLE CARDS ***
sta$igk: folds 
Nazareno1999: folds 
BoyLoc0: raises $1.50 to $2.50
Conor1109: calls $2.50
z00mba: folds 
rao999: calls $1.50
*** FLOP *** [Kh Ad 3h]
rao999: checks 
BoyLoc0: checks 
Conor1109: checks 
*** TURN *** [Kh Ad 3h] [3d]
rao999: bets $2.51
BoyLoc0: folds 
Conor1109: calls $2.51
*** RIVER *** [Kh Ad 3h 3d] [5d]
rao999: bets $9.28
Conor1109: folds 
Uncalled bet ($9.28) returned to rao999
rao999 collected $12.37 from pot
rao999: doesn't show hand 
*** SUMMARY ***
Total pot $13.02 | Rake $0.65 
Board [Kh Ad 3h 3d 5d]
Seat 1: z00mba (small blind) folded before Flop
Seat 2: rao999 (big blind) collected ($12.37)
Seat 3: sta$igk folded before Flop (didn't bet)
Seat 4: Nazareno1999 folded before Flop (didn't bet)
Seat 5: BoyLoc0 folded on the Turn
Seat 6: Conor1109 (button) folded on the River



PokerStars Hand #254754995521:  Hold'em No Limit ($0.50/$1.00 USD) - 2025/02/07 20:34:16 WET [2025/02/07 15:34:16 ET]
Table 'Renauxa' 6-max Seat #1 is the button
Seat 1: z00mba ($105 in chips) 
Seat 2: rao999 ($126.52 in chips) 
Seat 3: sta$igk ($121.03 in chips) 
Seat 4: Nazareno1999 ($193.43 in chips) 
Seat 5: BoyLoc0 ($114.16 in chips) 
Seat 6: Conor1109 ($72.15 in chips) 
rao999: posts small blind $0.50
sta$igk: posts big blind $1
*** HOLE CARDS ***
Nazareno1999: folds 
BoyLoc0: folds 
Conor1109: raises $2 to $3
z00mba: folds 
rao999: raises $9 to $12
sta$igk: folds 
Conor1109: folds 
Uncalled bet ($9) returned to rao999
rao999 collected $7 from pot
rao999: doesn't show hand 
*** SUMMARY ***
Total pot $7 | Rake $0 
Seat 1: z00mba (button) folded before Flop (didn't bet)
Seat 2: rao999 (small blind) collected ($7)
Seat 3: sta$igk (big blind) folded before Flop
Seat 4: Nazareno1999 folded before Flop (didn't bet)
Seat 5: BoyLoc0 folded before Flop (didn't bet)
Seat 6: Conor1109 folded before Flop



PokerStars Hand #254755004528:  Hold'em No Limit ($0.50/$1.00 USD) - 2025/02/07 20:34:46 WET [2025/02/07 15:34:46 ET]
Table 'Renauxa' 6-max Seat #2 is the button
Seat 1: z00mba ($105 in chips) 
Seat 2: rao999 ($130.52 in chips) 
Seat 3: sta$igk ($120.03 in chips) 
Seat 4: Nazareno1999 ($193.43 in chips) 
Seat 5: BoyLoc0 ($114.16 in chips) 
Seat 6: Conor1109 ($69.15 in chips) 
sta$igk: posts small blind $0.50
Nazareno1999: posts big blind $1
*** HOLE CARDS ***
BoyLoc0: raises $1.50 to $2.50
Conor1109: calls $2.50
z00mba: folds 
rao999: calls $2.50
sta$igk: folds 
Nazareno1999: calls $1.50
*** FLOP *** [5h 3s 2s]
Nazareno1999: checks 
BoyLoc0: checks 
Conor1109: bets $9.98
rao999: folds 
Nazareno1999: calls $9.98
BoyLoc0: folds 
*** TURN *** [5h 3s 2s] [6c]
Nazareno1999: bets $3.50
Conor1109: raises $53.17 to $56.67 and is all-in
Nazareno1999: folds 
Uncalled bet ($53.17) returned to Conor1109
Conor1109 collected $35.59 from pot
Conor1109: doesn't show hand 
*** SUMMARY ***
Total pot $37.46 | Rake $1.87 
Board [5h 3s 2s 6c]
Seat 1: z00mba folded before Flop (didn't bet)
Seat 2: rao999 (button) folded on the Flop
Seat 3: sta$igk (small blind) folded before Flop
Seat 4: Nazareno1999 (big blind) folded on the Turn
Seat 5: BoyLoc0 folded on the Flop
Seat 6: Conor1109 collected ($35.59)



PokerStars Hand #254755029035:  Hold'em No Limit ($0.50/$1.00 USD) - 2025/02/07 20:36:06 WET [2025/02/07 15:36:06 ET]
Table 'Renauxa' 6-max Seat #3 is the button
Seat 1: z00mba ($105 in chips) 
Seat 2: rao999 ($128.02 in chips) 
Seat 3: sta$igk ($119.53 in chips) 
Seat 4: Nazareno1999 ($177.45 in chips) 
Seat 5: BoyLoc0 ($111.66 in chips) 
Seat 6: Conor1109 ($88.76 in chips) 
Nazareno1999: posts small blind $0.50
BoyLoc0: posts big blind $1
*** HOLE CARDS ***
Conor1109: folds 
z00mba: raises $1.50 to $2.50
rao999: folds 
sta$igk: folds 
Nazareno1999: folds 
BoyLoc0: folds 
Uncalled bet ($1.50) returned to z00mba
z00mba collected $2.50 from pot
z00mba: doesn't show hand 
*** SUMMARY ***
Total pot $2.50 | Rake $0 
Seat 1: z00mba collected ($2.50)
Seat 2: rao999 folded before Flop (didn't bet)
Seat 3: sta$igk (button) folded before Flop (didn't bet)
Seat 4: Nazareno1999 (small blind) folded before Flop
Seat 5: BoyLoc0 (big blind) folded before Flop
Seat 6: Conor1109 folded before Flop (didn't bet)



PokerStars Hand #254755033472:  Hold'em No Limit ($0.50/$1.00 USD) - 2025/02/07 20:36:20 WET [2025/02/07 15:36:20 ET]
Table 'Renauxa' 6-max Seat #4 is the button
Seat 1: z00mba ($106.50 in chips) 
Seat 2: rao999 ($128.02 in chips) 
Seat 3: sta$igk ($119.53 in chips) 
Seat 4: Nazareno1999 ($176.95 in chips) 
Seat 5: BoyLoc0 ($110.66 in chips) 
Seat 6: Conor1109 ($88.76 in chips) 
BoyLoc0: posts small blind $0.50
Conor1109: posts big blind $1
*** HOLE CARDS ***
z00mba: raises $1.50 to $2.50
rao999: folds 
sta$igk: folds 
Nazareno1999: folds 
BoyLoc0: folds 
Conor1109: folds 
Uncalled bet ($1.50) returned to z00mba
z00mba collected $2.50 from pot
z00mba: doesn't show hand 
*** SUMMARY ***
Total pot $2.50 | Rake $0 
Seat 1: z00mba collected ($2.50)
Seat 2: rao999 folded before Flop (didn't bet)
Seat 3: sta$igk folded before Flop (didn't bet)
Seat 4: Nazareno1999 (button) folded before Flop (didn't bet)
Seat 5: BoyLoc0 (small blind) folded before Flop
Seat 6: Conor1109 (big blind) folded before Flop



PokerStars Hand #254755037222:  Hold'em No Limit ($0.50/$1.00 USD) - 2025/02/07 20:36:32 WET [2025/02/07 15:36:32 ET]
Table 'Renauxa' 6-max Seat #5 is the button
Seat 1: z00mba ($108 in chips) 
Seat 2: rao999 ($128.02 in chips) 
Seat 3: sta$igk ($119.53 in chips) 
Seat 4: Nazareno1999 ($176.95 in chips) 
Seat 5: BoyLoc0 ($110.16 in chips) 
Seat 6: Conor1109 ($87.76 in chips) 
Conor1109: posts small blind $0.50
z00mba: posts big blind $1
*** HOLE CARDS ***
rao999: folds 
sta$igk: raises $1.50 to $2.50
Nazareno1999: folds 
BoyLoc0: folds 
Conor1109: raises $3.50 to $6
z00mba: folds 
sta$igk: folds 
Uncalled bet ($3.50) returned to Conor1109
Conor1109 collected $6 from pot
Conor1109: doesn't show hand 
*** SUMMARY ***
Total pot $6 | Rake $0 
Seat 1: z00mba (big blind) folded before Flop
Seat 2: rao999 folded before Flop (didn't bet)
Seat 3: sta$igk folded before Flop
Seat 4: Nazareno1999 folded before Flop (didn't bet)
Seat 5: BoyLoc0 (button) folded before Flop (didn't bet)
Seat 6: Conor1109 (small blind) collected ($6)



PokerStars Hand #254755044672:  Hold'em No Limit ($0.50/$1.00 USD) - 2025/02/07 20:36:56 WET [2025/02/07 15:36:56 ET]
Table 'Renauxa' 6-max Seat #6 is the button
Seat 1: z00mba ($107 in chips) 
Seat 2: rao999 ($128.02 in chips) 
Seat 3: sta$igk ($117.03 in chips) 
Seat 4: Nazareno1999 ($176.95 in chips) 
Seat 5: BoyLoc0 ($110.16 in chips) 
Seat 6: Conor1109 ($91.26 in chips) 
z00mba: posts small blind $0.50
rao999: posts big blind $1
*** HOLE CARDS ***
sta$igk: folds 
Nazareno1999: folds 
BoyLoc0: raises $1.50 to $2.50
Conor1109: raises $1.50 to $4
z00mba: folds 
rao999: folds 
BoyLoc0: raises $10.50 to $14.50
Conor1109: raises $76.76 to $91.26 and is all-in
BoyLoc0: folds 
Uncalled bet ($76.76) returned to Conor1109
Conor1109 collected $30.50 from pot
Conor1109: doesn't show hand 
*** SUMMARY ***
Total pot $30.50 | Rake $0 
Seat 1: z00mba (small blind) folded before Flop
Seat 2: rao999 (big blind) folded before Flop
Seat 3: sta$igk folded before Flop (didn't bet)
Seat 4: Nazareno1999 folded before Flop (didn't bet)
Seat 5: BoyLoc0 folded before Flop
Seat 6: Conor1109 (button) collected ($30.50)



PokerStars Hand #254755060910:  Hold'em No Limit ($0.50/$1.00 USD) - 2025/02/07 20:37:49 WET [2025/02/07 15:37:49 ET]
Table 'Renauxa' 6-max Seat #1 is the button
Seat 1: z00mba ($106.50 in chips) 
Seat 2: rao999 ($127.02 in chips) 
Seat 3: sta$igk ($117.03 in chips) 
Seat 4: Nazareno1999 ($176.95 in chips) 
Seat 5: BoyLoc0 ($100 in chips) 
Seat 6: Conor1109 ($107.26 in chips) 
rao999: posts small blind $0.50
sta$igk: posts big blind $1
*** HOLE CARDS ***
Nazareno1999: folds 
BoyLoc0: folds 
Conor1109: folds 
z00mba: raises $1.50 to $2.50
rao999: folds 
sta$igk: calls $1.50
*** FLOP *** [2c Js 3h]
sta$igk: checks 
z00mba: bets $3
sta$igk: folds 
Uncalled bet ($3) returned to z00mba
z00mba collected $5.22 from pot
z00mba: doesn't show hand 
*** SUMMARY ***
Total pot $5.50 | Rake $0.28 
Board [2c Js 3h]
Seat 1: z00mba (button) collected ($5.22)
Seat 2: rao999 (small blind) folded before Flop
Seat 3: sta$igk (big blind) folded on the Flop
Seat 4: Nazareno1999 folded before Flop (didn't bet)
Seat 5: BoyLoc0 folded before Flop (didn't bet)
Seat 6: Conor1109 folded before Flop (didn't bet)



