PokerStars Hand #254755420696:  Hold'em No Limit ($0.50/$1.00 USD) - 2025/02/07 20:58:41 WET [2025/02/07 15:58:41 ET]
Table 'Helma II' 6-max Seat #1 is the button
Seat 1: ImaPeppaPig ($100 in chips) 
Seat 2: ReVeu710 ($100 in chips) 
Seat 4: Manifestorr ($100 in chips) 
Seat 6: Alinyr ($100 in chips) 
ReVeu710: posts small blind $0.50
Manifestorr: posts big blind $1
*** HOLE CARDS ***
Alinyr: raises $1.28 to $2.28
ImaPeppaPig: folds 
ReVeu710: folds 
Manifestorr: calls $1.28
*** FLOP *** [Qh 8h 9d]
Manifestorr: checks 
michasia joins the table at seat #5 
Alinyr: bets $2.93
Manifestorr: folds 
Uncalled bet ($2.93) returned to Alinyr
Alinyr collected $4.81 from pot
Alinyr: doesn't show hand 
*** SUMMARY ***
Total pot $5.06 | Rake $0.25 
Board [Qh 8h 9d]
Seat 1: ImaPeppaPig (button) folded before Flop (didn't bet)
Seat 2: ReVeu710 (small blind) folded before Flop
Seat 4: Manifestorr (big blind) folded on the Flop
Seat 6: Alinyr collected ($4.81)



PokerStars Hand #254755427872:  Hold'em No Limit ($0.50/$1.00 USD) - 2025/02/07 20:59:15 WET [2025/02/07 15:59:15 ET]
Table 'Helma II' 6-max Seat #2 is the button
Seat 1: ImaPeppaPig ($100 in chips) 
Seat 2: ReVeu710 ($100 in chips) 
Seat 4: Manifestorr ($100 in chips) 
Seat 5: michasia ($100 in chips) 
Seat 6: Alinyr ($102.53 in chips) 
Manifestorr: posts small blind $0.50
michasia: posts big blind $1
*** HOLE CARDS ***
Alinyr: folds 
ImaPeppaPig: folds 
ReVeu710: folds 
Manifestorr: folds 
Uncalled bet ($0.50) returned to michasia
michasia collected $1 from pot
michasia: doesn't show hand 
*** SUMMARY ***
Total pot $1 | Rake $0 
Seat 1: ImaPeppaPig folded before Flop (didn't bet)
Seat 2: ReVeu710 (button) folded before Flop (didn't bet)
Seat 4: Manifestorr (small blind) folded before Flop
Seat 5: michasia (big blind) collected ($1)
Seat 6: Alinyr folded before Flop (didn't bet)



PokerStars Hand #254755430364:  Hold'em No Limit ($0.50/$1.00 USD) - 2025/02/07 20:59:27 WET [2025/02/07 15:59:27 ET]
Table 'Helma II' 6-max Seat #4 is the button
Seat 1: ImaPeppaPig ($100 in chips) 
Seat 2: ReVeu710 ($100 in chips) 
Seat 4: Manifestorr ($100 in chips) 
Seat 5: michasia ($100.50 in chips) 
Seat 6: Alinyr ($102.53 in chips) 
michasia: posts small blind $0.50
Alinyr: posts big blind $1
*** HOLE CARDS ***
ImaPeppaPig: folds 
kamyu2117 joins the table at seat #3 
ReVeu710: folds 
Manifestorr: folds 
michasia: raises $2 to $3
Alinyr: calls $2
*** FLOP *** [Js 3s 4c]
michasia: checks 
Alinyr: bets $2.91
michasia: calls $2.91
*** TURN *** [Js 3s 4c] [3h]
michasia: checks 
ReVeu710 leaves the table
Alinyr: checks 
*** RIVER *** [Js 3s 4c 3h] [Qh]
michasia: checks 
Alinyr: checks 
*** SHOW DOWN ***
michasia: shows [6c 6h] (two pair, Sixes and Threes)
Alinyr: mucks hand 
michasia collected $11.23 from pot
*** SUMMARY ***
Total pot $11.82 | Rake $0.59 
Board [Js 3s 4c 3h Qh]
Seat 1: ImaPeppaPig folded before Flop (didn't bet)
Seat 2: ReVeu710 folded before Flop (didn't bet)
Seat 4: Manifestorr (button) folded before Flop (didn't bet)
Seat 5: michasia (small blind) showed [6c 6h] and won ($11.23) with two pair, Sixes and Threes
Seat 6: Alinyr (big blind) mucked



PokerStars Hand #254755446995:  Hold'em No Limit ($0.50/$1.00 USD) - 2025/02/07 21:00:42 WET [2025/02/07 16:00:42 ET]
Table 'Helma II' 6-max Seat #6 is the button
Seat 1: ImaPeppaPig ($100 in chips) 
Seat 3: kamyu2117 ($100 in chips) 
Seat 4: Manifestorr ($100 in chips) 
Seat 6: Alinyr ($100 in chips) 
ImaPeppaPig: posts small blind $0.50
kamyu2117: posts big blind $1
*** HOLE CARDS ***
Manifestorr: raises $1.20 to $2.20
Alinyr: folds 
ImaPeppaPig: folds 
kamyu2117: calls $1.20
*** FLOP *** [Kc 9c 4d]
kamyu2117: checks 
Manifestorr: bets $3.50
kamyu2117: calls $3.50
*** TURN *** [Kc 9c 4d] [7d]
kamyu2117: checks 
Manifestorr: checks 
*** RIVER *** [Kc 9c 4d 7d] [8c]
kamyu2117: checks 
Manifestorr: checks 
*** SHOW DOWN ***
kamyu2117: shows [Jd Ks] (a pair of Kings)
Manifestorr: mucks hand 
kamyu2117 collected $11.30 from pot
*** SUMMARY ***
Total pot $11.90 | Rake $0.60 
Board [Kc 9c 4d 7d 8c]
Seat 1: ImaPeppaPig (small blind) folded before Flop
Seat 3: kamyu2117 (big blind) showed [Jd Ks] and won ($11.30) with a pair of Kings
Seat 4: Manifestorr mucked
Seat 6: Alinyr (button) folded before Flop (didn't bet)



PokerStars Hand #254755463054:  Hold'em No Limit ($0.50/$1.00 USD) - 2025/02/07 21:01:45 WET [2025/02/07 16:01:45 ET]
Table 'Helma II' 6-max Seat #3 is the button
Seat 4: Manifestorr ($100 in chips) is sitting out
Seat 6: Alinyr ($100 in chips) is sitting out
Seat 1: ImaPeppaPig ($100 in chips) 
Seat 3: kamyu2117 ($105.60 in chips) 
kamyu2117: posts small blind $0.50
Manifestorr: is sitting out 
Alinyr: is sitting out 
ImaPeppaPig: posts big blind $1
*** HOLE CARDS ***
Manifestorr leaves the table
kamyu2117: raises $2 to $3
Alinyr leaves the table
ImaPeppaPig: folds 
Uncalled bet ($2) returned to kamyu2117
kamyu2117 collected $2 from pot
kamyu2117: doesn't show hand 
*** SUMMARY ***
Total pot $2 | Rake $0 
Seat 4: Manifestorr
Seat 6: Alinyr
Seat 1: ImaPeppaPig (big blind) folded before Flop
Seat 3: kamyu2117 (button) (small blind) collected ($2)



PokerStars Hand #254755492621:  Hold'em No Limit ($0.50/$1.00 USD) - 2025/02/07 21:03:25 WET [2025/02/07 16:03:25 ET]
Table 'Helma II' 6-max Seat #4 is the button
Seat 1: ImaPeppaPig ($100 in chips) 
Seat 4: socito ($100 in chips) 
socito: posts small blind $0.50
ImaPeppaPig: posts big blind $1
*** HOLE CARDS ***
socito: raises $1.50 to $2.50
ImaPeppaPig: calls $1.50
*** FLOP *** [3c Jc Qc]
ImaPeppaPig: checks 
socito: checks 
*** TURN *** [3c Jc Qc] [Jd]
ImaPeppaPig: checks 
socito: checks 
*** RIVER *** [3c Jc Qc Jd] [Ts]
ImaPeppaPig: checks 
YeeesMan joins the table at seat #5 
socito: bets $3.14
ImaPeppaPig: folds 
Uncalled bet ($3.14) returned to socito
socito collected $4.75 from pot
socito: doesn't show hand 
*** SUMMARY ***
Total pot $5 | Rake $0.25 
Board [3c Jc Qc Jd Ts]
Seat 1: ImaPeppaPig (big blind) folded on the River
Seat 4: socito (button) (small blind) collected ($4.75)



PokerStars Hand #254755507550:  Hold'em No Limit ($0.50/$1.00 USD) - 2025/02/07 21:04:14 WET [2025/02/07 16:04:14 ET]
Table 'Helma II' 6-max Seat #1 is the button
Seat 1: ImaPeppaPig ($100 in chips) 
Seat 4: socito ($102.25 in chips) 
Seat 5: YeeesMan ($100 in chips) 
socito: posts small blind $0.50
YeeesMan: posts big blind $1
*** HOLE CARDS ***
ImaPeppaPig: folds 
socito: folds 
Uncalled bet ($0.50) returned to YeeesMan
YeeesMan collected $1 from pot
YeeesMan: doesn't show hand 
michasia joins the table at seat #2 
*** SUMMARY ***
Total pot $1 | Rake $0 
Seat 1: ImaPeppaPig (button) folded before Flop (didn't bet)
Seat 4: socito (small blind) folded before Flop
Seat 5: YeeesMan (big blind) collected ($1)



PokerStars Hand #254755509707:  Hold'em No Limit ($0.50/$1.00 USD) - 2025/02/07 21:04:21 WET [2025/02/07 16:04:21 ET]
Table 'Helma II' 6-max Seat #4 is the button
Seat 2: michasia ($105.82 in chips) is sitting out
Seat 1: ImaPeppaPig ($100 in chips) 
Seat 4: socito ($101.75 in chips) 
Seat 5: YeeesMan ($100.50 in chips) 
YeeesMan: posts small blind $0.50
ImaPeppaPig: posts big blind $1
michasia: sits out 
*** HOLE CARDS ***
socito: folds 
YeeesMan: folds 
Uncalled bet ($0.50) returned to ImaPeppaPig
ImaPeppaPig collected $1 from pot
ImaPeppaPig: doesn't show hand 
*** SUMMARY ***
Total pot $1 | Rake $0 
Seat 2: michasia
Seat 1: ImaPeppaPig (big blind) collected ($1)
Seat 4: socito (button) folded before Flop (didn't bet)
Seat 5: YeeesMan (small blind) folded before Flop



PokerStars Hand #254755514930:  Hold'em No Limit ($0.50/$1.00 USD) - 2025/02/07 21:04:38 WET [2025/02/07 16:04:38 ET]
Table 'Helma II' 6-max Seat #5 is the button
Seat 1: ImaPeppaPig ($100.50 in chips) 
Seat 2: michasia ($105.82 in chips) 
Seat 4: socito ($101.75 in chips) 
Seat 5: YeeesMan ($100 in chips) 
ImaPeppaPig: posts small blind $0.50
michasia: posts big blind $1
*** HOLE CARDS ***
socito: folds 
YeeesMan: folds 
ImaPeppaPig: raises $2 to $3
michasia: folds 
Uncalled bet ($2) returned to ImaPeppaPig
ImaPeppaPig collected $2 from pot
ImaPeppaPig: doesn't show hand 
*** SUMMARY ***
Total pot $2 | Rake $0 
Seat 1: ImaPeppaPig (small blind) collected ($2)
Seat 2: michasia (big blind) folded before Flop
Seat 4: socito folded before Flop (didn't bet)
Seat 5: YeeesMan (button) folded before Flop (didn't bet)



PokerStars Hand #254755518707:  Hold'em No Limit ($0.50/$1.00 USD) - 2025/02/07 21:04:50 WET [2025/02/07 16:04:50 ET]
Table 'Helma II' 6-max Seat #1 is the button
Seat 1: ImaPeppaPig ($101.50 in chips) 
Seat 2: michasia ($104.82 in chips) 
Seat 4: socito ($101.75 in chips) 
Seat 5: YeeesMan ($100 in chips) 
michasia: posts small blind $0.50
socito: posts big blind $1
*** HOLE CARDS ***
YeeesMan: folds 
ImaPeppaPig: folds 
michasia: folds 
Uncalled bet ($0.50) returned to socito
socito collected $1 from pot
socito: doesn't show hand 
*** SUMMARY ***
Total pot $1 | Rake $0 
Seat 1: ImaPeppaPig (button) folded before Flop (didn't bet)
Seat 2: michasia (small blind) folded before Flop
Seat 4: socito (big blind) collected ($1)
Seat 5: YeeesMan folded before Flop (didn't bet)



PokerStars Hand #254755524001:  Hold'em No Limit ($0.50/$1.00 USD) - 2025/02/07 21:05:07 WET [2025/02/07 16:05:07 ET]
Table 'Helma II' 6-max Seat #2 is the button
Seat 5: YeeesMan ($100 in chips) is sitting out
Seat 1: ImaPeppaPig ($101.50 in chips) 
Seat 2: michasia ($104.32 in chips) 
Seat 4: socito ($102.25 in chips) 
socito: posts small blind $0.50
YeeesMan: is sitting out 
ImaPeppaPig: posts big blind $1
*** HOLE CARDS ***
michasia: raises $1.80 to $2.80
socito: folds 
ImaPeppaPig: calls $1.80
*** FLOP *** [6s As 7s]
ImaPeppaPig: checks 
michasia: checks 
*** TURN *** [6s As 7s] [Kd]
ImaPeppaPig: checks 
michasia: checks 
*** RIVER *** [6s As 7s Kd] [7d]
ImaPeppaPig: checks 
michasia: checks 
*** SHOW DOWN ***
ImaPeppaPig: shows [8c 8s] (two pair, Eights and Sevens)
michasia: mucks hand 
ImaPeppaPig collected $5.80 from pot
*** SUMMARY ***
Total pot $6.10 | Rake $0.30 
Board [6s As 7s Kd 7d]
Seat 5: YeeesMan
Seat 1: ImaPeppaPig (big blind) showed [8c 8s] and won ($5.80) with two pair, Eights and Sevens
Seat 2: michasia (button) mucked
Seat 4: socito (small blind) folded before Flop



PokerStars Hand #254755532436:  Hold'em No Limit ($0.50/$1.00 USD) - 2025/02/07 21:05:34 WET [2025/02/07 16:05:34 ET]
Table 'Helma II' 6-max Seat #4 is the button
Seat 5: YeeesMan ($100 in chips) is sitting out
Seat 1: ImaPeppaPig ($104.50 in chips) 
Seat 2: michasia ($101.52 in chips) 
Seat 4: socito ($101.75 in chips) 
ImaPeppaPig: posts small blind $0.50
michasia: posts big blind $1
*** HOLE CARDS ***
socito: folds 
ImaPeppaPig: folds 
Uncalled bet ($0.50) returned to michasia
michasia collected $1 from pot
michasia: doesn't show hand 
*** SUMMARY ***
Total pot $1 | Rake $0 
Seat 5: YeeesMan
Seat 1: ImaPeppaPig (small blind) folded before Flop
Seat 2: michasia (big blind) collected ($1)
Seat 4: socito (button) folded before Flop (didn't bet)



PokerStars Hand #254755534547:  Hold'em No Limit ($0.50/$1.00 USD) - 2025/02/07 21:05:41 WET [2025/02/07 16:05:41 ET]
Table 'Helma II' 6-max Seat #1 is the button
Seat 5: YeeesMan ($100 in chips) is sitting out
Seat 1: ImaPeppaPig ($104 in chips) 
Seat 2: michasia ($102.02 in chips) 
Seat 4: socito ($101.75 in chips) 
michasia: posts small blind $0.50
socito: posts big blind $1
*** HOLE CARDS ***
ImaPeppaPig: folds 
michasia: folds 
Uncalled bet ($0.50) returned to socito
socito collected $1 from pot
socito: doesn't show hand 
YeeesMan leaves the table
*** SUMMARY ***
Total pot $1 | Rake $0 
Seat 5: YeeesMan
Seat 1: ImaPeppaPig (button) folded before Flop (didn't bet)
Seat 2: michasia (small blind) folded before Flop
Seat 4: socito (big blind) collected ($1)



PokerStars Hand #254755537629:  Hold'em No Limit ($0.50/$1.00 USD) - 2025/02/07 21:05:51 WET [2025/02/07 16:05:51 ET]
Table 'Helma II' 6-max Seat #2 is the button
Seat 1: ImaPeppaPig ($104 in chips) 
Seat 2: michasia ($101.52 in chips) 
Seat 4: socito ($102.25 in chips) 
socito: posts small blind $0.50
ImaPeppaPig: posts big blind $1
*** HOLE CARDS ***
michasia: raises $1.80 to $2.80
socito: folds 
ImaPeppaPig: calls $1.80
*** FLOP *** [2d 5c Ac]
ImaPeppaPig: checks 
michasia: checks 
*** TURN *** [2d 5c Ac] [3h]
ImaPeppaPig: checks 
michasia: checks 
*** RIVER *** [2d 5c Ac 3h] [Jc]
ImaPeppaPig: checks 
michasia: checks 
*** SHOW DOWN ***
ImaPeppaPig: shows [Qs 9s] (high card Ace)
michasia: shows [Qh Ts] (high card Ace - Queen+Jack+Ten kicker)
michasia collected $5.80 from pot
*** SUMMARY ***
Total pot $6.10 | Rake $0.30 
Board [2d 5c Ac 3h Jc]
Seat 1: ImaPeppaPig (big blind) showed [Qs 9s] and lost with high card Ace
Seat 2: michasia (button) showed [Qh Ts] and won ($5.80) with high card Ace
Seat 4: socito (small blind) folded before Flop



PokerStars Hand #254755545755:  Hold'em No Limit ($0.50/$1.00 USD) - 2025/02/07 21:06:17 WET [2025/02/07 16:06:17 ET]
Table 'Helma II' 6-max Seat #1 is the button
Seat 2: michasia ($104.52 in chips) is sitting out
Seat 1: ImaPeppaPig ($101.20 in chips) 
Seat 4: socito ($101.75 in chips) 
ImaPeppaPig: posts small blind $0.50
michasia: is sitting out 
socito: posts big blind $1
*** HOLE CARDS ***
ImaPeppaPig: folds 
Uncalled bet ($0.50) returned to socito
michasia leaves the table
socito collected $1 from pot
socito: doesn't show hand 
*** SUMMARY ***
Total pot $1 | Rake $0 
Seat 2: michasia
Seat 1: ImaPeppaPig (button) (small blind) folded before Flop
Seat 4: socito (big blind) collected ($1)



PokerStars Hand #254755547834:  Hold'em No Limit ($0.50/$1.00 USD) - 2025/02/07 21:06:23 WET [2025/02/07 16:06:23 ET]
Table 'Helma II' 6-max Seat #4 is the button
Seat 1: ImaPeppaPig ($100.70 in chips) 
Seat 4: socito ($102.25 in chips) 
socito: posts small blind $0.50
ImaPeppaPig: posts big blind $1
*** HOLE CARDS ***
socito: folds 
Uncalled bet ($0.50) returned to ImaPeppaPig
ImaPeppaPig collected $1 from pot
ImaPeppaPig: doesn't show hand 
*** SUMMARY ***
Total pot $1 | Rake $0 
Seat 1: ImaPeppaPig (big blind) collected ($1)
Seat 4: socito (button) (small blind) folded before Flop



PokerStars Hand #254755550337:  Hold'em No Limit ($0.50/$1.00 USD) - 2025/02/07 21:06:32 WET [2025/02/07 16:06:32 ET]
Table 'Helma II' 6-max Seat #1 is the button
Seat 1: ImaPeppaPig ($101.20 in chips) 
Seat 4: socito ($101.75 in chips) 
ImaPeppaPig: posts small blind $0.50
socito: posts big blind $1
*** HOLE CARDS ***
ImaPeppaPig: raises $1.50 to $2.50
socito: folds 
Uncalled bet ($1.50) returned to ImaPeppaPig
ImaPeppaPig collected $2 from pot
ImaPeppaPig: doesn't show hand 
*** SUMMARY ***
Total pot $2 | Rake $0 
Seat 1: ImaPeppaPig (button) (small blind) collected ($2)
Seat 4: socito (big blind) folded before Flop



PokerStars Hand #254755554967:  Hold'em No Limit ($0.50/$1.00 USD) - 2025/02/07 21:06:47 WET [2025/02/07 16:06:47 ET]
Table 'Helma II' 6-max Seat #4 is the button
Seat 1: ImaPeppaPig ($102.20 in chips) 
Seat 4: socito ($100.75 in chips) 
socito: posts small blind $0.50
ImaPeppaPig: posts big blind $1
*** HOLE CARDS ***
socito: raises $1.50 to $2.50
ImaPeppaPig: raises $10.50 to $13
socito: folds 
Uncalled bet ($10.50) returned to ImaPeppaPig
ImaPeppaPig collected $5 from pot
ImaPeppaPig: doesn't show hand 
*** SUMMARY ***
Total pot $5 | Rake $0 
Seat 1: ImaPeppaPig (big blind) collected ($5)
Seat 4: socito (button) (small blind) folded before Flop



PokerStars Hand #254755561763:  Hold'em No Limit ($0.50/$1.00 USD) - 2025/02/07 21:07:09 WET [2025/02/07 16:07:09 ET]
Table 'Helma II' 6-max Seat #1 is the button
Seat 1: ImaPeppaPig ($104.70 in chips) 
Seat 4: socito ($100 in chips) 
ImaPeppaPig: posts small blind $0.50
socito: posts big blind $1
*** HOLE CARDS ***
ImaPeppaPig: raises $1.50 to $2.50
socito: folds 
Uncalled bet ($1.50) returned to ImaPeppaPig
ImaPeppaPig collected $2 from pot
ImaPeppaPig: doesn't show hand 
*** SUMMARY ***
Total pot $2 | Rake $0 
Seat 1: ImaPeppaPig (button) (small blind) collected ($2)
Seat 4: socito (big blind) folded before Flop



PokerStars Hand #254755563968:  Hold'em No Limit ($0.50/$1.00 USD) - 2025/02/07 21:07:16 WET [2025/02/07 16:07:16 ET]
Table 'Helma II' 6-max Seat #4 is the button
Seat 1: ImaPeppaPig ($105.70 in chips) 
Seat 4: socito ($100 in chips) 
socito: posts small blind $0.50
ImaPeppaPig: posts big blind $1
*** HOLE CARDS ***
socito: raises $1.50 to $2.50
ImaPeppaPig: folds 
Uncalled bet ($1.50) returned to socito
socito collected $2 from pot
socito: doesn't show hand 
*** SUMMARY ***
Total pot $2 | Rake $0 
Seat 1: ImaPeppaPig (big blind) folded before Flop
Seat 4: socito (button) (small blind) collected ($2)



PokerStars Hand #254755726307:  Hold'em No Limit ($0.50/$1.00 USD) - 2025/02/07 21:15:54 WET [2025/02/07 16:15:54 ET]
Table 'Helma II' 6-max Seat #3 is the button
Seat 1: ImaPeppaPig ($103.70 in chips) 
Seat 3: nikalas22 ($100 in chips) 
Seat 5: MaikonAll ($100 in chips) 
MaikonAll: posts small blind $0.50
ImaPeppaPig: posts big blind $1
*** HOLE CARDS ***
nikalas22: folds 
MaikonAll: raises $2 to $3
ImaPeppaPig: folds 
Uncalled bet ($2) returned to MaikonAll
MaikonAll collected $2 from pot
MaikonAll: doesn't show hand 
*** SUMMARY ***
Total pot $2 | Rake $0 
Seat 1: ImaPeppaPig (big blind) folded before Flop
Seat 3: nikalas22 (button) folded before Flop (didn't bet)
Seat 5: MaikonAll (small blind) collected ($2)



PokerStars Hand #254755730884:  Hold'em No Limit ($0.50/$1.00 USD) - 2025/02/07 21:16:08 WET [2025/02/07 16:16:08 ET]
Table 'Helma II' 6-max Seat #5 is the button
Seat 1: ImaPeppaPig ($102.70 in chips) 
Seat 3: nikalas22 ($100 in chips) 
Seat 5: MaikonAll ($101 in chips) 
ImaPeppaPig: posts small blind $0.50
nikalas22: posts big blind $1
*** HOLE CARDS ***
MaikonAll: folds 
ImaPeppaPig: raises $2 to $3
nikalas22: raises $6 to $9
ImaPeppaPig: folds 
Uncalled bet ($6) returned to nikalas22
nikalas22 collected $6 from pot
nikalas22: doesn't show hand 
*** SUMMARY ***
Total pot $6 | Rake $0 
Seat 1: ImaPeppaPig (small blind) folded before Flop
Seat 3: nikalas22 (big blind) collected ($6)
Seat 5: MaikonAll (button) folded before Flop (didn't bet)



PokerStars Hand #254755736271:  Hold'em No Limit ($0.50/$1.00 USD) - 2025/02/07 21:16:26 WET [2025/02/07 16:16:26 ET]
Table 'Helma II' 6-max Seat #1 is the button
Seat 1: ImaPeppaPig ($100 in chips) 
Seat 3: nikalas22 ($103 in chips) 
Seat 5: MaikonAll ($101 in chips) 
nikalas22: posts small blind $0.50
MaikonAll: posts big blind $1
*** HOLE CARDS ***
ImaPeppaPig: raises $1.50 to $2.50
nikalas22: folds 
MaikonAll: folds 
Uncalled bet ($1.50) returned to ImaPeppaPig
ImaPeppaPig collected $2.50 from pot
ImaPeppaPig: doesn't show hand 
*** SUMMARY ***
Total pot $2.50 | Rake $0 
Seat 1: ImaPeppaPig (button) collected ($2.50)
Seat 3: nikalas22 (small blind) folded before Flop
Seat 5: MaikonAll (big blind) folded before Flop



PokerStars Hand #254755740259:  Hold'em No Limit ($0.50/$1.00 USD) - 2025/02/07 21:16:38 WET [2025/02/07 16:16:38 ET]
Table 'Helma II' 6-max Seat #3 is the button
Seat 1: ImaPeppaPig ($101.50 in chips) 
Seat 3: nikalas22 ($102.50 in chips) 
Seat 5: MaikonAll ($100 in chips) 
MaikonAll: posts small blind $0.50
ImaPeppaPig: posts big blind $1
*** HOLE CARDS ***
nikalas22: raises $1.20 to $2.20
MaikonAll: folds 
ImaPeppaPig: folds 
Uncalled bet ($1.20) returned to nikalas22
nikalas22 collected $2.50 from pot
z00mba joins the table at seat #6 
nikalas22: doesn't show hand 
CichiChanMarian joins the table at seat #2 
*** SUMMARY ***
Total pot $2.50 | Rake $0 
Seat 1: ImaPeppaPig (big blind) folded before Flop
Seat 3: nikalas22 (button) collected ($2.50)
Seat 5: MaikonAll (small blind) folded before Flop



PokerStars Hand #254755743417:  Hold'em No Limit ($0.50/$1.00 USD) - 2025/02/07 21:16:48 WET [2025/02/07 16:16:48 ET]
Table 'Helma II' 6-max Seat #5 is the button
Seat 6: z00mba ($100 in chips) is sitting out
Seat 1: ImaPeppaPig ($100.50 in chips) 
Seat 2: CichiChanMarian ($100 in chips) 
Seat 3: nikalas22 ($104 in chips) 
Seat 5: MaikonAll ($100 in chips) 
ImaPeppaPig: posts small blind $0.50
CichiChanMarian: posts big blind $1
*** HOLE CARDS ***
nikalas22: raises $1.20 to $2.20
MaikonAll: raises $5.80 to $8
yebruh joins the table at seat #4 
yebruh is disconnected 
ImaPeppaPig: folds 
CichiChanMarian: folds 
nikalas22: folds 
Uncalled bet ($5.80) returned to MaikonAll
MaikonAll collected $5.90 from pot
MaikonAll: doesn't show hand 
*** SUMMARY ***
Total pot $5.90 | Rake $0 
Seat 6: z00mba
Seat 1: ImaPeppaPig (small blind) folded before Flop
Seat 2: CichiChanMarian (big blind) folded before Flop
Seat 3: nikalas22 folded before Flop
Seat 5: MaikonAll (button) collected ($5.90)



PokerStars Hand #254755754228:  Hold'em No Limit ($0.50/$1.00 USD) - 2025/02/07 21:17:22 WET [2025/02/07 16:17:22 ET]
Table 'Helma II' 6-max Seat #1 is the button
Seat 6: z00mba ($100 in chips) is sitting out
Seat 1: ImaPeppaPig ($100 in chips) 
Seat 2: CichiChanMarian ($100 in chips) 
Seat 3: nikalas22 ($101.80 in chips) 
Seat 4: yebruh ($100 in chips) 
Seat 5: MaikonAll ($103.70 in chips) 
CichiChanMarian: posts small blind $0.50
nikalas22: posts big blind $1
yebruh: posts big blind $1
z00mba: sits out 
*** HOLE CARDS ***
yebruh: raises $2 to $3
MaikonAll: folds 
ImaPeppaPig: folds 
CichiChanMarian: folds 
nikalas22: folds 
Uncalled bet ($2) returned to yebruh
yebruh collected $2.50 from pot
*** SUMMARY ***
Total pot $2.50 | Rake $0 
Seat 6: z00mba
Seat 1: ImaPeppaPig (button) folded before Flop (didn't bet)
Seat 2: CichiChanMarian (small blind) folded before Flop
Seat 3: nikalas22 (big blind) folded before Flop
Seat 4: yebruh collected ($2.50)
Seat 5: MaikonAll folded before Flop (didn't bet)



PokerStars Hand #254755760245:  Hold'em No Limit ($0.50/$1.00 USD) - 2025/02/07 21:17:41 WET [2025/02/07 16:17:41 ET]
Table 'Helma II' 6-max Seat #2 is the button
Seat 6: z00mba ($100 in chips) is sitting out
Seat 1: ImaPeppaPig ($100 in chips) 
Seat 2: CichiChanMarian ($100 in chips) 
Seat 3: nikalas22 ($100.80 in chips) 
Seat 4: yebruh ($101.50 in chips) 
Seat 5: MaikonAll ($103.70 in chips) 
nikalas22: posts small blind $0.50
yebruh: posts big blind $1
z00mba: sits out 
*** HOLE CARDS ***
MaikonAll: folds 
ImaPeppaPig: raises $1.50 to $2.50
CichiChanMarian: raises $5.50 to $8
nikalas22: folds 
yebruh: folds 
ImaPeppaPig: folds 
Uncalled bet ($5.50) returned to CichiChanMarian
CichiChanMarian collected $6.50 from pot
CichiChanMarian: doesn't show hand 
*** SUMMARY ***
Total pot $6.50 | Rake $0 
Seat 6: z00mba
Seat 1: ImaPeppaPig folded before Flop
Seat 2: CichiChanMarian (button) collected ($6.50)
Seat 3: nikalas22 (small blind) folded before Flop
Seat 4: yebruh (big blind) folded before Flop
Seat 5: MaikonAll folded before Flop (didn't bet)



PokerStars Hand #254755766036:  Hold'em No Limit ($0.50/$1.00 USD) - 2025/02/07 21:17:59 WET [2025/02/07 16:17:59 ET]
Table 'Helma II' 6-max Seat #3 is the button
Seat 6: z00mba ($100 in chips) is sitting out
Seat 1: ImaPeppaPig ($100 in chips) 
Seat 2: CichiChanMarian ($104 in chips) 
Seat 3: nikalas22 ($100.30 in chips) 
Seat 4: yebruh ($100.50 in chips) 
Seat 5: MaikonAll ($103.70 in chips) 
yebruh: posts small blind $0.50
MaikonAll: posts big blind $1
z00mba: sits out 
*** HOLE CARDS ***
ImaPeppaPig: folds 
CichiChanMarian: folds 
nikalas22: folds 
yebruh: raises $1.40 to $2.40
MaikonAll: folds 
Uncalled bet ($1.40) returned to yebruh
yebruh collected $2 from pot
*** SUMMARY ***
Total pot $2 | Rake $0 
Seat 6: z00mba
Seat 1: ImaPeppaPig folded before Flop (didn't bet)
Seat 2: CichiChanMarian folded before Flop (didn't bet)
Seat 3: nikalas22 (button) folded before Flop (didn't bet)
Seat 4: yebruh (small blind) collected ($2)
Seat 5: MaikonAll (big blind) folded before Flop



PokerStars Hand #254755773702:  Hold'em No Limit ($0.50/$1.00 USD) - 2025/02/07 21:18:23 WET [2025/02/07 16:18:23 ET]
Table 'Helma II' 6-max Seat #4 is the button
Seat 1: ImaPeppaPig ($100 in chips) 
Seat 2: CichiChanMarian ($104 in chips) 
Seat 3: nikalas22 ($100.30 in chips) 
Seat 4: yebruh ($101.50 in chips) 
Seat 5: MaikonAll ($102.70 in chips) 
Seat 6: z00mba ($100 in chips) 
MaikonAll: posts small blind $0.50
z00mba: posts big blind $1
*** HOLE CARDS ***
ImaPeppaPig: folds 
CichiChanMarian: folds 
nikalas22: folds 
yebruh: folds 
MaikonAll: folds 
Uncalled bet ($0.50) returned to z00mba
z00mba collected $1 from pot
z00mba: doesn't show hand 
*** SUMMARY ***
Total pot $1 | Rake $0 
Seat 1: ImaPeppaPig folded before Flop (didn't bet)
Seat 2: CichiChanMarian folded before Flop (didn't bet)
Seat 3: nikalas22 folded before Flop (didn't bet)
Seat 4: yebruh (button) folded before Flop (didn't bet)
Seat 5: MaikonAll (small blind) folded before Flop
Seat 6: z00mba (big blind) collected ($1)



PokerStars Hand #254755781882:  Hold'em No Limit ($0.50/$1.00 USD) - 2025/02/07 21:18:49 WET [2025/02/07 16:18:49 ET]
Table 'Helma II' 6-max Seat #5 is the button
Seat 1: ImaPeppaPig ($100 in chips) 
Seat 2: CichiChanMarian ($104 in chips) 
Seat 3: nikalas22 ($100.30 in chips) 
Seat 4: yebruh ($101.50 in chips) 
Seat 5: MaikonAll ($102.20 in chips) 
Seat 6: z00mba ($100.50 in chips) 
z00mba: posts small blind $0.50
ImaPeppaPig: posts big blind $1
*** HOLE CARDS ***
CichiChanMarian: folds 
nikalas22: folds 
yebruh: folds 
MaikonAll: folds 
z00mba: raises $2 to $3
ImaPeppaPig: folds 
Uncalled bet ($2) returned to z00mba
z00mba collected $2 from pot
z00mba: doesn't show hand 
*** SUMMARY ***
Total pot $2 | Rake $0 
Seat 1: ImaPeppaPig (big blind) folded before Flop
Seat 2: CichiChanMarian folded before Flop (didn't bet)
Seat 3: nikalas22 folded before Flop (didn't bet)
Seat 4: yebruh folded before Flop (didn't bet)
Seat 5: MaikonAll (button) folded before Flop (didn't bet)
Seat 6: z00mba (small blind) collected ($2)



PokerStars Hand #254755789316:  Hold'em No Limit ($0.50/$1.00 USD) - 2025/02/07 21:19:12 WET [2025/02/07 16:19:12 ET]
Table 'Helma II' 6-max Seat #6 is the button
Seat 2: CichiChanMarian ($104 in chips) is sitting out
Seat 1: ImaPeppaPig ($100 in chips) 
Seat 3: nikalas22 ($100.30 in chips) 
Seat 4: yebruh ($101.50 in chips) 
Seat 5: MaikonAll ($102.20 in chips) 
Seat 6: z00mba ($101.50 in chips) 
ImaPeppaPig: posts small blind $0.50
CichiChanMarian: is sitting out 
nikalas22: posts big blind $1
*** HOLE CARDS ***
yebruh: folds 
MaikonAll: folds 
z00mba: folds 
ImaPeppaPig: folds 
Uncalled bet ($0.50) returned to nikalas22
nikalas22 collected $1 from pot
nikalas22: doesn't show hand 
*** SUMMARY ***
Total pot $1 | Rake $0 
Seat 2: CichiChanMarian
Seat 1: ImaPeppaPig (small blind) folded before Flop
Seat 3: nikalas22 (big blind) collected ($1)
Seat 4: yebruh folded before Flop (didn't bet)
Seat 5: MaikonAll folded before Flop (didn't bet)
Seat 6: z00mba (button) folded before Flop (didn't bet)



PokerStars Hand #254755794916:  Hold'em No Limit ($0.50/$1.00 USD) - 2025/02/07 21:19:30 WET [2025/02/07 16:19:30 ET]
Table 'Helma II' 6-max Seat #1 is the button
Seat 2: CichiChanMarian ($104 in chips) is sitting out
Seat 1: ImaPeppaPig ($100 in chips) 
Seat 3: nikalas22 ($100.80 in chips) 
Seat 4: yebruh ($101.50 in chips) 
Seat 5: MaikonAll ($102.20 in chips) 
Seat 6: z00mba ($101.50 in chips) 
nikalas22: posts small blind $0.50
yebruh: posts big blind $1
*** HOLE CARDS ***
MaikonAll: raises $1.30 to $2.30
z00mba: folds 
ImaPeppaPig: folds 
CichiChanMarian leaves the table
nikalas22: folds 
yebruh: folds 
Uncalled bet ($1.30) returned to MaikonAll
MaikonAll collected $2.50 from pot
MaikonAll: doesn't show hand 
*** SUMMARY ***
Total pot $2.50 | Rake $0 
Seat 2: CichiChanMarian
Seat 1: ImaPeppaPig (button) folded before Flop (didn't bet)
Seat 3: nikalas22 (small blind) folded before Flop
Seat 4: yebruh (big blind) folded before Flop
Seat 5: MaikonAll collected ($2.50)
Seat 6: z00mba folded before Flop (didn't bet)



PokerStars Hand #254755800948:  Hold'em No Limit ($0.50/$1.00 USD) - 2025/02/07 21:19:49 WET [2025/02/07 16:19:49 ET]
Table 'Helma II' 6-max Seat #3 is the button
Seat 1: ImaPeppaPig ($100 in chips) 
Seat 3: nikalas22 ($100.30 in chips) 
Seat 4: yebruh ($100.50 in chips) 
Seat 5: MaikonAll ($103.70 in chips) 
Seat 6: z00mba ($101.50 in chips) 
yebruh: posts small blind $0.50
MaikonAll: posts big blind $1
*** HOLE CARDS ***
YeeesMan joins the table at seat #2 
z00mba: folds 
ImaPeppaPig: folds 
nikalas22: folds 
yebruh: folds 
Uncalled bet ($0.50) returned to MaikonAll
MaikonAll collected $1 from pot
MaikonAll: doesn't show hand 
*** SUMMARY ***
Total pot $1 | Rake $0 
Seat 1: ImaPeppaPig folded before Flop (didn't bet)
Seat 3: nikalas22 (button) folded before Flop (didn't bet)
Seat 4: yebruh (small blind) folded before Flop
Seat 5: MaikonAll (big blind) collected ($1)
Seat 6: z00mba folded before Flop (didn't bet)



PokerStars Hand #254755804537:  Hold'em No Limit ($0.50/$1.00 USD) - 2025/02/07 21:20:00 WET [2025/02/07 16:20:00 ET]
Table 'Helma II' 6-max Seat #4 is the button
Seat 2: YeeesMan ($100 in chips) is sitting out
Seat 1: ImaPeppaPig ($100 in chips) 
Seat 3: nikalas22 ($100.30 in chips) 
Seat 4: yebruh ($100 in chips) 
Seat 5: MaikonAll ($104.20 in chips) 
Seat 6: z00mba ($101.50 in chips) 
MaikonAll: posts small blind $0.50
z00mba: posts big blind $1
YeeesMan: sits out 
*** HOLE CARDS ***
ImaPeppaPig: raises $1.50 to $2.50
nikalas22: folds 
yebruh: folds 
MaikonAll: folds 
z00mba: folds 
Uncalled bet ($1.50) returned to ImaPeppaPig
ImaPeppaPig collected $2.50 from pot
ImaPeppaPig: doesn't show hand 
*** SUMMARY ***
Total pot $2.50 | Rake $0 
Seat 2: YeeesMan
Seat 1: ImaPeppaPig collected ($2.50)
Seat 3: nikalas22 folded before Flop (didn't bet)
Seat 4: yebruh (button) folded before Flop (didn't bet)
Seat 5: MaikonAll (small blind) folded before Flop
Seat 6: z00mba (big blind) folded before Flop



PokerStars Hand #254755815280:  Hold'em No Limit ($0.50/$1.00 USD) - 2025/02/07 21:20:35 WET [2025/02/07 16:20:35 ET]
Table 'Helma II' 6-max Seat #5 is the button
Seat 2: YeeesMan ($100 in chips) is sitting out
Seat 1: ImaPeppaPig ($101.50 in chips) 
Seat 3: nikalas22 ($100.30 in chips) 
Seat 4: yebruh ($100 in chips) 
Seat 5: MaikonAll ($103.70 in chips) 
Seat 6: z00mba ($100.50 in chips) 
z00mba: posts small blind $0.50
ImaPeppaPig: posts big blind $1
YeeesMan: sits out 
*** HOLE CARDS ***
nikalas22: raises $1.20 to $2.20
yebruh: folds 
yebruh leaves the table
MaikonAll: folds 
z00mba: folds 
ImaPeppaPig: folds 
Uncalled bet ($1.20) returned to nikalas22
nikalas22 collected $2.50 from pot
nikalas22: doesn't show hand 
*** SUMMARY ***
Total pot $2.50 | Rake $0 
Seat 2: YeeesMan
Seat 1: ImaPeppaPig (big blind) folded before Flop
Seat 3: nikalas22 collected ($2.50)
Seat 4: yebruh folded before Flop (didn't bet)
Seat 5: MaikonAll (button) folded before Flop (didn't bet)
Seat 6: z00mba (small blind) folded before Flop



PokerStars Hand #254755820132:  Hold'em No Limit ($0.50/$1.00 USD) - 2025/02/07 21:20:50 WET [2025/02/07 16:20:50 ET]
Table 'Helma II' 6-max Seat #6 is the button
Seat 1: ImaPeppaPig ($100.50 in chips) 
Seat 2: YeeesMan ($100 in chips) 
Seat 3: nikalas22 ($101.80 in chips) 
Seat 5: MaikonAll ($103.70 in chips) 
Seat 6: z00mba ($100 in chips) 
ImaPeppaPig: posts small blind $0.50
YeeesMan: posts big blind $1
*** HOLE CARDS ***
nikalas22: folds 
MaikonAll: raises $1.30 to $2.30
z00mba: folds 
ImaPeppaPig: folds 
YeeesMan: folds 
Uncalled bet ($1.30) returned to MaikonAll
MaikonAll collected $2.50 from pot
MaikonAll: doesn't show hand 
*** SUMMARY ***
Total pot $2.50 | Rake $0 
Seat 1: ImaPeppaPig (small blind) folded before Flop
Seat 2: YeeesMan (big blind) folded before Flop
Seat 3: nikalas22 folded before Flop (didn't bet)
Seat 5: MaikonAll collected ($2.50)
Seat 6: z00mba (button) folded before Flop (didn't bet)



PokerStars Hand #254755824840:  Hold'em No Limit ($0.50/$1.00 USD) - 2025/02/07 21:21:05 WET [2025/02/07 16:21:05 ET]
Table 'Helma II' 6-max Seat #1 is the button
Seat 3: nikalas22 ($101.80 in chips) is sitting out
Seat 1: ImaPeppaPig ($100 in chips) 
Seat 2: YeeesMan ($100 in chips) 
Seat 5: MaikonAll ($105.20 in chips) 
Seat 6: z00mba ($100 in chips) 
YeeesMan: posts small blind $0.50
nikalas22: is sitting out 
MaikonAll: posts big blind $1
*** HOLE CARDS ***
nikalas22 leaves the table
z00mba: folds 
ImaPeppaPig: raises $1.50 to $2.50
YeeesMan: folds 
z00mba leaves the table
MaikonAll: folds 
Uncalled bet ($1.50) returned to ImaPeppaPig
ImaPeppaPig collected $2.50 from pot
ImaPeppaPig: doesn't show hand 
*** SUMMARY ***
Total pot $2.50 | Rake $0 
Seat 3: nikalas22
Seat 1: ImaPeppaPig (button) collected ($2.50)
Seat 2: YeeesMan (small blind) folded before Flop
Seat 5: MaikonAll (big blind) folded before Flop
Seat 6: z00mba folded before Flop (didn't bet)



PokerStars Hand #254755833874:  Hold'em No Limit ($0.50/$1.00 USD) - 2025/02/07 21:21:34 WET [2025/02/07 16:21:34 ET]
Table 'Helma II' 6-max Seat #2 is the button
Seat 1: ImaPeppaPig ($101.50 in chips) 
Seat 2: YeeesMan ($100 in chips) 
Seat 5: MaikonAll ($104.20 in chips) 
MaikonAll: posts small blind $0.50
ImaPeppaPig: posts big blind $1
*** HOLE CARDS ***
YeeesMan: folds 
MaikonAll: folds 
Uncalled bet ($0.50) returned to ImaPeppaPig
ImaPeppaPig collected $1 from pot
ImaPeppaPig: doesn't show hand 
*** SUMMARY ***
Total pot $1 | Rake $0 
Seat 1: ImaPeppaPig (big blind) collected ($1)
Seat 2: YeeesMan (button) folded before Flop (didn't bet)
Seat 5: MaikonAll (small blind) folded before Flop



