PokerStars Hand #254756035600:  Hold'em No Limit ($0.50/$1.00 USD) - 2025/02/07 21:32:17 WET [2025/02/07 16:32:17 ET]
Table 'Cuitlahuac II' 6-max Seat #2 is the button
Seat 1: nikalas22 ($100 in chips) 
Seat 2: Foxman1851 ($25.03 in chips) 
Seat 3: CichiChanMarian ($100 in chips) 
Seat 4: rao999 ($100 in chips) 
Seat 5: blackclan7 ($100 in chips) 
Seat 6: YeeesMan ($100 in chips) 
CichiChanMarian: posts small blind $0.50
rao999: posts big blind $1
*** HOLE CARDS ***
blackclan7: folds 
YeeesMan: raises $1.50 to $2.50
nikalas22: folds 
Foxman1851: folds 
CichiChanMarian: folds 
rao999: folds 
Uncalled bet ($1.50) returned to YeeesMan
YeeesMan collected $2.50 from pot
YeeesMan: doesn't show hand 
*** SUMMARY ***
Total pot $2.50 | Rake $0 
Seat 1: nikalas22 folded before Flop (didn't bet)
Seat 2: Foxman1851 (button) folded before Flop (didn't bet)
Seat 3: CichiChanMarian (small blind) folded before Flop
Seat 4: rao999 (big blind) folded before Flop
Seat 5: blackclan7 folded before Flop (didn't bet)
Seat 6: YeeesMan collected ($2.50)



PokerStars Hand #254756042042:  Hold'em No Limit ($0.50/$1.00 USD) - 2025/02/07 21:32:37 WET [2025/02/07 16:32:37 ET]
Table 'Cuitlahuac II' 6-max Seat #3 is the button
Seat 1: nikalas22 ($100 in chips) 
Seat 2: Foxman1851 ($25.03 in chips) 
Seat 3: CichiChanMarian ($100 in chips) 
Seat 4: rao999 ($100 in chips) 
Seat 5: blackclan7 ($100 in chips) 
Seat 6: YeeesMan ($101.50 in chips) 
rao999: posts small blind $0.50
blackclan7: posts big blind $1
*** HOLE CARDS ***
YeeesMan: raises $1.50 to $2.50
nikalas22: folds 
Foxman1851: folds 
CichiChanMarian: folds 
rao999: folds 
blackclan7: folds 
Uncalled bet ($1.50) returned to YeeesMan
YeeesMan collected $2.50 from pot
YeeesMan: doesn't show hand 
*** SUMMARY ***
Total pot $2.50 | Rake $0 
Seat 1: nikalas22 folded before Flop (didn't bet)
Seat 2: Foxman1851 folded before Flop (didn't bet)
Seat 3: CichiChanMarian (button) folded before Flop (didn't bet)
Seat 4: rao999 (small blind) folded before Flop
Seat 5: blackclan7 (big blind) folded before Flop
Seat 6: YeeesMan collected ($2.50)



PokerStars Hand #254756047523:  Hold'em No Limit ($0.50/$1.00 USD) - 2025/02/07 21:32:54 WET [2025/02/07 16:32:54 ET]
Table 'Cuitlahuac II' 6-max Seat #4 is the button
Seat 1: nikalas22 ($100 in chips) 
Seat 2: Foxman1851 ($25.03 in chips) 
Seat 3: CichiChanMarian ($100 in chips) 
Seat 4: rao999 ($100 in chips) 
Seat 5: blackclan7 ($100 in chips) 
Seat 6: YeeesMan ($103 in chips) 
blackclan7: posts small blind $0.50
YeeesMan: posts big blind $1
*** HOLE CARDS ***
nikalas22: folds 
Foxman1851: folds 
CichiChanMarian: folds 
rao999: folds 
blackclan7: folds 
Uncalled bet ($0.50) returned to YeeesMan
YeeesMan collected $1 from pot
YeeesMan: doesn't show hand 
*** SUMMARY ***
Total pot $1 | Rake $0 
Seat 1: nikalas22 folded before Flop (didn't bet)
Seat 2: Foxman1851 folded before Flop (didn't bet)
Seat 3: CichiChanMarian folded before Flop (didn't bet)
Seat 4: rao999 (button) folded before Flop (didn't bet)
Seat 5: blackclan7 (small blind) folded before Flop
Seat 6: YeeesMan (big blind) collected ($1)



PokerStars Hand #254756052206:  Hold'em No Limit ($0.50/$1.00 USD) - 2025/02/07 21:33:09 WET [2025/02/07 16:33:09 ET]
Table 'Cuitlahuac II' 6-max Seat #5 is the button
Seat 1: nikalas22 ($100 in chips) 
Seat 2: Foxman1851 ($25.03 in chips) 
Seat 3: CichiChanMarian ($100 in chips) 
Seat 4: rao999 ($100 in chips) 
Seat 5: blackclan7 ($100 in chips) 
Seat 6: YeeesMan ($103.50 in chips) 
YeeesMan: posts small blind $0.50
nikalas22: posts big blind $1
*** HOLE CARDS ***
Foxman1851: raises $2 to $3
CichiChanMarian: folds 
rao999: folds 
blackclan7: calls $3
YeeesMan: folds 
nikalas22: folds 
*** FLOP *** [7c 3d Ks]
Foxman1851: bets $7.12
blackclan7: raises $89.88 to $97 and is all-in
Foxman1851: calls $14.91 and is all-in
Uncalled bet ($74.97) returned to blackclan7
*** TURN *** [7c 3d Ks] [5c]
*** RIVER *** [7c 3d Ks 5c] [Qh]
*** SHOW DOWN ***
Foxman1851: shows [Ah Jh] (high card Ace)
blackclan7: shows [8c 8d] (a pair of Eights)
blackclan7 cashed out the hand for $35.79 | Cash Out Fee $0.73
*** SUMMARY ***
Total pot $51.56 | Rake $2.50 
Board [7c 3d Ks 5c Qh]
Seat 1: nikalas22 (big blind) folded before Flop
Seat 2: Foxman1851 showed [Ah Jh] and lost with high card Ace
Seat 3: CichiChanMarian folded before Flop (didn't bet)
Seat 4: rao999 folded before Flop (didn't bet)
Seat 5: blackclan7 (button) showed [8c 8d] and won ($49.06) with a pair of Eights (pot not awarded as player cashed out)
Seat 6: YeeesMan (small blind) folded before Flop



PokerStars Hand #254756076107:  Hold'em No Limit ($0.50/$1.00 USD) - 2025/02/07 21:34:25 WET [2025/02/07 16:34:25 ET]
Table 'Cuitlahuac II' 6-max Seat #6 is the button
Seat 2: Foxman1851 ($0 in chips) is sitting out
Seat 1: nikalas22 ($100 in chips) 
Seat 3: CichiChanMarian ($100 in chips) 
Seat 4: rao999 ($100 in chips) 
Seat 5: blackclan7 ($110.76 in chips) 
Seat 6: YeeesMan ($103 in chips) 
nikalas22: posts small blind $0.50
CichiChanMarian: posts big blind $1
*** HOLE CARDS ***
Foxman1851 leaves the table
rao999: folds 
Alehandr0777 joins the table at seat #2 
Alehandr0777 is disconnected 
blackclan7: folds 
YeeesMan: folds 
nikalas22: raises $2 to $3
CichiChanMarian: calls $2
*** FLOP *** [Kc 3h 6c]
nikalas22: checks 
CichiChanMarian: checks 
*** TURN *** [Kc 3h 6c] [9d]
nikalas22: checks 
CichiChanMarian: checks 
*** RIVER *** [Kc 3h 6c 9d] [Kh]
nikalas22: checks 
rao999 leaves the table
CichiChanMarian: bets $4.28
nikalas22: folds 
Uncalled bet ($4.28) returned to CichiChanMarian
CichiChanMarian collected $5.70 from pot
CichiChanMarian: doesn't show hand 
*** SUMMARY ***
Total pot $6 | Rake $0.30 
Board [Kc 3h 6c 9d Kh]
Seat 2: Foxman1851
Seat 1: nikalas22 (small blind) folded on the River
Seat 3: CichiChanMarian (big blind) collected ($5.70)
Seat 4: rao999 folded before Flop (didn't bet)
Seat 5: blackclan7 folded before Flop (didn't bet)
Seat 6: YeeesMan (button) folded before Flop (didn't bet)



PokerStars Hand #254756094856:  Hold'em No Limit ($0.50/$1.00 USD) - 2025/02/07 21:35:24 WET [2025/02/07 16:35:24 ET]
Table 'Cuitlahuac II' 6-max Seat #3 is the button
Seat 2: Alehandr0777 ($10 in chips) is sitting out
Seat 5: blackclan7 ($110.76 in chips) is sitting out
Seat 6: YeeesMan ($103 in chips) is sitting out
Seat 1: nikalas22 ($100 in chips) 
Seat 3: CichiChanMarian ($102.70 in chips) 
CichiChanMarian: posts small blind $0.50
blackclan7: is sitting out 
YeeesMan: is sitting out 
nikalas22: posts big blind $1
*** HOLE CARDS ***
CichiChanMarian: raises $2 to $3
YeeesMan leaves the table
nikalas22: raises $10 to $13
blackclan7 leaves the table
CichiChanMarian: raises $15.60 to $28.60
nikalas22: raises $71.40 to $100 and is all-in
CichiChanMarian: calls $71.40
*** FLOP *** [Th Kc 3s]
*** TURN *** [Th Kc 3s] [7h]
*** RIVER *** [Th Kc 3s 7h] [2h]
*** SHOW DOWN ***
nikalas22: shows [Qh Qc] (a pair of Queens)
CichiChanMarian: shows [Kd As] (a pair of Kings)
CichiChanMarian cashed out the hand for $83.54 | Cash Out Fee $1.70
*** SUMMARY ***
Total pot $200 | Rake $1 
Board [Th Kc 3s 7h 2h]
Seat 2: Alehandr0777
Seat 5: blackclan7
Seat 6: YeeesMan
Seat 1: nikalas22 (big blind) showed [Qh Qc] and lost with a pair of Queens
Seat 3: CichiChanMarian (button) (small blind) showed [Kd As] and won ($199) with a pair of Kings (pot not awarded as player cashed out)



PokerStars Hand #254756104196:  Hold'em No Limit ($0.50/$1.00 USD) - 2025/02/07 21:35:54 WET [2025/02/07 16:35:54 ET]
Table 'Cuitlahuac II' 6-max Seat #3 is the button
Seat 1: nikalas22 ($100 in chips) 
Seat 2: Alehandr0777 ($10 in chips) 
Seat 3: CichiChanMarian ($100 in chips) 
nikalas22: posts small blind $0.50
Alehandr0777: posts big blind $1
*** HOLE CARDS ***
CichiChanMarian: raises $1.50 to $2.50
nikalas22: folds 
Alehandr0777: folds 
Uncalled bet ($1.50) returned to CichiChanMarian
CichiChanMarian collected $2.50 from pot
CichiChanMarian: doesn't show hand 
NWilfert joins the table at seat #4 
NWilfert is disconnected 
*** SUMMARY ***
Total pot $2.50 | Rake $0 
Seat 1: nikalas22 (small blind) folded before Flop
Seat 2: Alehandr0777 (big blind) folded before Flop
Seat 3: CichiChanMarian (button) collected ($2.50)



PokerStars Hand #254756107741:  Hold'em No Limit ($0.50/$1.00 USD) - 2025/02/07 21:36:06 WET [2025/02/07 16:36:06 ET]
Table 'Cuitlahuac II' 6-max Seat #1 is the button
Seat 3: CichiChanMarian ($101.50 in chips) is sitting out
Seat 1: nikalas22 ($100 in chips) 
Seat 2: Alehandr0777 ($9 in chips) 
Seat 4: NWilfert ($50.12 in chips) 
Alehandr0777: posts small blind $0.50
CichiChanMarian: is sitting out 
NWilfert: posts big blind $1
*** HOLE CARDS ***
nikalas22: folds 
z00mba joins the table at seat #5 
Alehandr0777: folds 
Uncalled bet ($0.50) returned to NWilfert
rao999 joins the table at seat #6 
NWilfert collected $1 from pot
*** SUMMARY ***
Total pot $1 | Rake $0 
Seat 3: CichiChanMarian
Seat 1: nikalas22 (button) folded before Flop (didn't bet)
Seat 2: Alehandr0777 (small blind) folded before Flop
Seat 4: NWilfert (big blind) collected ($1)



PokerStars Hand #254756110095:  Hold'em No Limit ($0.50/$1.00 USD) - 2025/02/07 21:36:13 WET [2025/02/07 16:36:13 ET]
Table 'Cuitlahuac II' 6-max Seat #2 is the button
Seat 3: CichiChanMarian ($101.50 in chips) is sitting out
Seat 6: rao999 ($100 in chips) is sitting out
Seat 1: nikalas22 ($100 in chips) 
Seat 2: Alehandr0777 ($8.50 in chips) 
Seat 4: NWilfert ($50.62 in chips) 
Seat 5: z00mba ($100 in chips) 
NWilfert: posts small blind $0.50
z00mba: posts big blind $1
rao999: sits out 
*** HOLE CARDS ***
nikalas22: raises $1.20 to $2.20
Alehandr0777: folds 
NWilfert: calls $1.70
z00mba: calls $1.20
*** FLOP *** [3h As 4s]
NWilfert: checks 
z00mba: checks 
nikalas22: checks 
*** TURN *** [3h As 4s] [5c]
NWilfert: checks 
z00mba: checks 
nikalas22: checks 
*** RIVER *** [3h As 4s 5c] [Kd]
NWilfert: checks 
z00mba: checks 
nikalas22: bets $1.88
NWilfert: folds 
z00mba: calls $1.88
*** SHOW DOWN ***
nikalas22: shows [6d Ad] (a pair of Aces)
z00mba: mucks hand 
nikalas22 collected $9.84 from pot
*** SUMMARY ***
Total pot $10.36 | Rake $0.52 
Board [3h As 4s 5c Kd]
Seat 3: CichiChanMarian
Seat 6: rao999
Seat 1: nikalas22 showed [6d Ad] and won ($9.84) with a pair of Aces
Seat 2: Alehandr0777 (button) folded before Flop (didn't bet)
Seat 4: NWilfert (small blind) folded on the River
Seat 5: z00mba (big blind) mucked



PokerStars Hand #254756125811:  Hold'em No Limit ($0.50/$1.00 USD) - 2025/02/07 21:37:03 WET [2025/02/07 16:37:03 ET]
Table 'Cuitlahuac II' 6-max Seat #4 is the button
Seat 3: CichiChanMarian ($101.50 in chips) is sitting out
Seat 1: nikalas22 ($105.76 in chips) 
Seat 2: Alehandr0777 ($8.50 in chips) 
Seat 4: NWilfert ($48.42 in chips) 
Seat 5: z00mba ($100 in chips) 
Seat 6: rao999 ($100 in chips) 
z00mba: posts small blind $0.50
rao999: posts big blind $1
CichiChanMarian: sits out 
*** HOLE CARDS ***
nikalas22: raises $1.20 to $2.20
Alehandr0777: raises $6.30 to $8.50 and is all-in
NWilfert: raises $6.30 to $14.80
z00mba: folds 
rao999: folds 
nikalas22: folds 
Uncalled bet ($6.30) returned to NWilfert
*** FLOP *** [Ks 7d 5h]
*** TURN *** [Ks 7d 5h] [Kc]
*** RIVER *** [Ks 7d 5h Kc] [Qc]
*** SHOW DOWN ***
Alehandr0777: shows [9d As] (a pair of Kings)
NWilfert: shows [5c 5d] (a full house, Fives full of Kings)
NWilfert collected $19.40 from pot
*** SUMMARY ***
Total pot $20.70 | Rake $1.30 
Board [Ks 7d 5h Kc Qc]
Seat 3: CichiChanMarian
Seat 1: nikalas22 folded before Flop
Seat 2: Alehandr0777 showed [9d As] and lost with a pair of Kings
Seat 4: NWilfert (button) showed [5c 5d] and won ($19.40) with a full house, Fives full of Kings
Seat 5: z00mba (small blind) folded before Flop
Seat 6: rao999 (big blind) folded before Flop



PokerStars Hand #254756311508:  Hold'em No Limit ($0.50/$1.00 USD) - 2025/02/07 21:47:02 WET [2025/02/07 16:47:02 ET]
Table 'Cuitlahuac II' 6-max Seat #2 is the button
Seat 4: NWilfert ($0 in chips) is sitting out
Seat 6: rao999 ($101.50 in chips) is sitting out
Seat 2: nikalas22 ($156.44 in chips) 
Seat 5: BoyLoc0 ($100 in chips) 
nikalas22: posts small blind $0.50
BoyLoc0: posts big blind $1
*** HOLE CARDS ***
emil5409 joins the table at seat #1 
emil5409 is disconnected 
nikalas22: folds 
Uncalled bet ($0.50) returned to BoyLoc0
BoyLoc0 collected $1 from pot
BoyLoc0: doesn't show hand 
*** SUMMARY ***
Total pot $1 | Rake $0 
Seat 4: NWilfert
Seat 6: rao999
Seat 2: nikalas22 (button) (small blind) folded before Flop
Seat 5: BoyLoc0 (big blind) collected ($1)



PokerStars Hand #254756313496:  Hold'em No Limit ($0.50/$1.00 USD) - 2025/02/07 21:47:09 WET [2025/02/07 16:47:09 ET]
Table 'Cuitlahuac II' 6-max Seat #2 is the button
Seat 4: NWilfert ($0 in chips) is sitting out
Seat 6: rao999 ($101.50 in chips) is sitting out
Seat 1: emil5409 ($28.45 in chips) 
Seat 2: nikalas22 ($155.94 in chips) 
Seat 5: BoyLoc0 ($100.50 in chips) 
BoyLoc0: posts small blind $0.50
emil5409: posts big blind $1
*** HOLE CARDS ***
pr0tecto joins the table at seat #3 
nikalas22: folds 
BoyLoc0: folds 
Uncalled bet ($0.50) returned to emil5409
emil5409 collected $1 from pot
*** SUMMARY ***
Total pot $1 | Rake $0 
Seat 4: NWilfert
Seat 6: rao999
Seat 1: emil5409 (big blind) collected ($1)
Seat 2: nikalas22 (button) folded before Flop (didn't bet)
Seat 5: BoyLoc0 (small blind) folded before Flop



PokerStars Hand #254756316827:  Hold'em No Limit ($0.50/$1.00 USD) - 2025/02/07 21:47:20 WET [2025/02/07 16:47:20 ET]
Table 'Cuitlahuac II' 6-max Seat #5 is the button
Seat 3: pr0tecto ($100 in chips) is sitting out
Seat 4: NWilfert ($0 in chips) is sitting out
Seat 6: rao999 ($101.50 in chips) is sitting out
Seat 1: emil5409 ($28.95 in chips) 
Seat 2: nikalas22 ($155.94 in chips) 
Seat 5: BoyLoc0 ($100 in chips) 
emil5409: posts small blind $0.50
nikalas22: posts big blind $1
pr0tecto: sits out 
*** HOLE CARDS ***
BoyLoc0: folds 
emil5409: raises $1 to $2
nikalas22: folds 
Uncalled bet ($1) returned to emil5409
emil5409 collected $2 from pot
*** SUMMARY ***
Total pot $2 | Rake $0 
Seat 3: pr0tecto
Seat 4: NWilfert
Seat 6: rao999
Seat 1: emil5409 (small blind) collected ($2)
Seat 2: nikalas22 (big blind) folded before Flop
Seat 5: BoyLoc0 (button) folded before Flop (didn't bet)



PokerStars Hand #254756320681:  Hold'em No Limit ($0.50/$1.00 USD) - 2025/02/07 21:47:32 WET [2025/02/07 16:47:32 ET]
Table 'Cuitlahuac II' 6-max Seat #1 is the button
Seat 4: NWilfert ($0 in chips) is sitting out
Seat 6: rao999 ($101.50 in chips) is sitting out
Seat 1: emil5409 ($29.95 in chips) 
Seat 2: nikalas22 ($154.94 in chips) 
Seat 3: pr0tecto ($100 in chips) 
Seat 5: BoyLoc0 ($100 in chips) 
nikalas22: posts small blind $0.50
pr0tecto: posts big blind $1
*** HOLE CARDS ***
BoyLoc0: raises $1.50 to $2.50
emil5409: folds 
nikalas22: folds 
pr0tecto: folds 
Uncalled bet ($1.50) returned to BoyLoc0
BoyLoc0 collected $2.50 from pot
BoyLoc0: doesn't show hand 
*** SUMMARY ***
Total pot $2.50 | Rake $0 
Seat 4: NWilfert
Seat 6: rao999
Seat 1: emil5409 (button) folded before Flop (didn't bet)
Seat 2: nikalas22 (small blind) folded before Flop
Seat 3: pr0tecto (big blind) folded before Flop
Seat 5: BoyLoc0 collected ($2.50)



PokerStars Hand #254756326485:  Hold'em No Limit ($0.50/$1.00 USD) - 2025/02/07 21:47:51 WET [2025/02/07 16:47:51 ET]
Table 'Cuitlahuac II' 6-max Seat #2 is the button
Seat 4: NWilfert ($0 in chips) is sitting out
Seat 6: rao999 ($101.50 in chips) is sitting out
Seat 1: emil5409 ($29.95 in chips) 
Seat 2: nikalas22 ($154.44 in chips) 
Seat 3: pr0tecto ($99 in chips) 
Seat 5: BoyLoc0 ($101.50 in chips) 
pr0tecto: posts small blind $0.50
BoyLoc0: posts big blind $1
*** HOLE CARDS ***
emil5409: folds 
nikalas22: folds 
pr0tecto: raises $1.24 to $2.24
BoyLoc0: calls $1.24
*** FLOP *** [6d 4d 8s]
pr0tecto: checks 
BoyLoc0: checks 
*** TURN *** [6d 4d 8s] [6c]
pr0tecto: bets $1.41
BoyLoc0: folds 
Uncalled bet ($1.41) returned to pr0tecto
pr0tecto collected $4.26 from pot
pr0tecto: doesn't show hand 
*** SUMMARY ***
Total pot $4.48 | Rake $0.22 
Board [6d 4d 8s 6c]
Seat 4: NWilfert
Seat 6: rao999
Seat 1: emil5409 folded before Flop (didn't bet)
Seat 2: nikalas22 (button) folded before Flop (didn't bet)
Seat 3: pr0tecto (small blind) collected ($4.26)
Seat 5: BoyLoc0 (big blind) folded on the Turn



PokerStars Hand #254756337542:  Hold'em No Limit ($0.50/$1.00 USD) - 2025/02/07 21:48:27 WET [2025/02/07 16:48:27 ET]
Table 'Cuitlahuac II' 6-max Seat #3 is the button
Seat 4: NWilfert ($0 in chips) is sitting out
Seat 1: emil5409 ($29.95 in chips) 
Seat 2: nikalas22 ($154.44 in chips) 
Seat 3: pr0tecto ($101.02 in chips) 
Seat 5: BoyLoc0 ($100 in chips) 
Seat 6: rao999 ($101.50 in chips) 
BoyLoc0: posts small blind $0.50
rao999: posts big blind $1
*** HOLE CARDS ***
emil5409: folds 
nikalas22: raises $1.20 to $2.20
emil5409 leaves the table
NWilfert leaves the table
Alehandr0777 joins the table at seat #4 
Alehandr0777 is disconnected 
pr0tecto: folds 
BoyLoc0: folds 
rao999: calls $1.20
*** FLOP *** [8h 3s Qs]
rao999: checks 
nikalas22: checks 
*** TURN *** [8h 3s Qs] [4c]
rao999: bets $1.54
nikalas22: calls $1.54
*** RIVER *** [8h 3s Qs 4c] [2h]
rao999: checks 
nikalas22: bets $2.27
rao999: raises $8.73 to $11
nikalas22: calls $8.73
*** SHOW DOWN ***
rao999: shows [4h Th] (a pair of Fours)
nikalas22: shows [Jd Qh] (a pair of Queens)
nikalas22 collected $28.48 from pot
*** SUMMARY ***
Total pot $29.98 | Rake $1.50 
Board [8h 3s Qs 4c 2h]
Seat 4: NWilfert
Seat 1: emil5409 folded before Flop (didn't bet)
Seat 2: nikalas22 showed [Jd Qh] and won ($28.48) with a pair of Queens
Seat 3: pr0tecto (button) folded before Flop (didn't bet)
Seat 5: BoyLoc0 (small blind) folded before Flop
Seat 6: rao999 (big blind) showed [4h Th] and lost with a pair of Fours



PokerStars Hand #254756357599:  Hold'em No Limit ($0.50/$1.00 USD) - 2025/02/07 21:49:33 WET [2025/02/07 16:49:33 ET]
Table 'Cuitlahuac II' 6-max Seat #5 is the button
Seat 4: Alehandr0777 ($13.07 in chips) is sitting out
Seat 2: nikalas22 ($168.18 in chips) 
Seat 3: pr0tecto ($101.02 in chips) 
Seat 5: BoyLoc0 ($100 in chips) 
Seat 6: rao999 ($100 in chips) 
rao999: posts small blind $0.50
nikalas22: posts big blind $1
Alehandr0777: sits out 
*** HOLE CARDS ***
pr0tecto: folds 
Burlacu000 joins the table at seat #1 
Burlacu000 is disconnected 
BoyLoc0: raises $1.50 to $2.50
rao999: folds 
nikalas22: folds 
Uncalled bet ($1.50) returned to BoyLoc0
BoyLoc0 collected $2.50 from pot
BoyLoc0: doesn't show hand 
*** SUMMARY ***
Total pot $2.50 | Rake $0 
Seat 4: Alehandr0777
Seat 2: nikalas22 (big blind) folded before Flop
Seat 3: pr0tecto folded before Flop (didn't bet)
Seat 5: BoyLoc0 (button) collected ($2.50)
Seat 6: rao999 (small blind) folded before Flop



PokerStars Hand #254756363597:  Hold'em No Limit ($0.50/$1.00 USD) - 2025/02/07 21:49:52 WET [2025/02/07 16:49:52 ET]
Table 'Cuitlahuac II' 6-max Seat #6 is the button
Seat 1: Burlacu000 ($10 in chips) is sitting out
Seat 3: pr0tecto ($101.02 in chips) is sitting out
Seat 2: nikalas22 ($167.18 in chips) 
Seat 4: Alehandr0777 ($13.07 in chips) 
Seat 5: BoyLoc0 ($101.50 in chips) 
Seat 6: rao999 ($100 in chips) 
nikalas22: posts small blind $0.50
pr0tecto: is sitting out 
Alehandr0777: posts big blind $1
*** HOLE CARDS ***
BoyLoc0: folds 
rao999: raises $1.50 to $2.50
nikalas22: folds 
Alehandr0777: folds 
Uncalled bet ($1.50) returned to rao999
rao999 collected $2.50 from pot
rao999: doesn't show hand 
*** SUMMARY ***
Total pot $2.50 | Rake $0 
Seat 1: Burlacu000
Seat 3: pr0tecto
Seat 2: nikalas22 (small blind) folded before Flop
Seat 4: Alehandr0777 (big blind) folded before Flop
Seat 5: BoyLoc0 folded before Flop (didn't bet)
Seat 6: rao999 (button) collected ($2.50)



PokerStars Hand #254756369586:  Hold'em No Limit ($0.50/$1.00 USD) - 2025/02/07 21:50:12 WET [2025/02/07 16:50:12 ET]
Table 'Cuitlahuac II' 6-max Seat #2 is the button
Seat 3: pr0tecto ($101.02 in chips) is sitting out
Seat 1: Burlacu000 ($10 in chips) 
Seat 2: nikalas22 ($166.68 in chips) 
Seat 4: Alehandr0777 ($12.07 in chips) 
Seat 5: BoyLoc0 ($101.50 in chips) 
Seat 6: rao999 ($101.50 in chips) 
Alehandr0777: posts small blind $0.50
BoyLoc0: posts big blind $1
Burlacu000: posts big blind $1
*** HOLE CARDS ***
rao999: folds 
Burlacu000: raises $2.50 to $3.50
pr0tecto leaves the table
nikalas22: raises $8.50 to $12
Alehandr0777: folds 
BoyLoc0: folds 
Burlacu000: calls $6.50 and is all-in
Uncalled bet ($2) returned to nikalas22
z00mba joins the table at seat #3 
*** FLOP *** [Qh Kh 8d]
*** TURN *** [Qh Kh 8d] [4s]
*** RIVER *** [Qh Kh 8d 4s] [6d]
*** SHOW DOWN ***
Burlacu000: shows [Ts Td] (a pair of Tens)
nikalas22: shows [Ac Ah] (a pair of Aces)
nikalas22 collected $20.42 from pot
*** SUMMARY ***
Total pot $21.50 | Rake $1.08 
Board [Qh Kh 8d 4s 6d]
Seat 3: pr0tecto
Seat 1: Burlacu000 showed [Ts Td] and lost with a pair of Tens
Seat 2: nikalas22 (button) showed [Ac Ah] and won ($20.42) with a pair of Aces
Seat 4: Alehandr0777 (small blind) folded before Flop
Seat 5: BoyLoc0 (big blind) folded before Flop
Seat 6: rao999 folded before Flop (didn't bet)



PokerStars Hand #254756378832:  Hold'em No Limit ($0.50/$1.00 USD) - 2025/02/07 21:50:42 WET [2025/02/07 16:50:42 ET]
Table 'Cuitlahuac II' 6-max Seat #4 is the button
Seat 1: Burlacu000 ($0 in chips) is sitting out
Seat 3: z00mba ($100 in chips) is sitting out
Seat 6: rao999 ($101.50 in chips) is sitting out
Seat 2: nikalas22 ($177.10 in chips) 
Seat 4: Alehandr0777 ($11.57 in chips) 
Seat 5: BoyLoc0 ($100.50 in chips) 
BoyLoc0: posts small blind $0.50
rao999: is sitting out 
nikalas22: posts big blind $1
z00mba: sits out 
*** HOLE CARDS ***
Alehandr0777: raises $1 to $2
BoyLoc0: raises $10 to $12
nikalas22: folds 
Alehandr0777: calls $9.57 and is all-in
Uncalled bet ($0.43) returned to BoyLoc0
*** FLOP *** [6c Th Kh]
*** TURN *** [6c Th Kh] [2s]
*** RIVER *** [6c Th Kh 2s] [4h]
*** SHOW DOWN ***
BoyLoc0: shows [Tc Td] (three of a kind, Tens)
Alehandr0777: shows [7s 7d] (a pair of Sevens)
BoyLoc0 collected $23.14 from pot
*** SUMMARY ***
Total pot $24.14 | Rake $1 
Board [6c Th Kh 2s 4h]
Seat 1: Burlacu000
Seat 3: z00mba
Seat 6: rao999
Seat 2: nikalas22 (big blind) folded before Flop
Seat 4: Alehandr0777 (button) showed [7s 7d] and lost with a pair of Sevens
Seat 5: BoyLoc0 (small blind) showed [Tc Td] and won ($23.14) with three of a kind, Tens



PokerStars Hand #254756386095:  Hold'em No Limit ($0.50/$1.00 USD) - 2025/02/07 21:51:06 WET [2025/02/07 16:51:06 ET]
Table 'Cuitlahuac II' 6-max Seat #5 is the button
Seat 1: Burlacu000 ($45.60 in chips) is sitting out
Seat 4: Alehandr0777 ($0 in chips) is sitting out
Seat 6: rao999 ($101.50 in chips) is sitting out
Seat 2: nikalas22 ($176.10 in chips) 
Seat 3: z00mba ($100 in chips) 
Seat 5: BoyLoc0 ($112.07 in chips) 
nikalas22: posts small blind $0.50
z00mba: posts big blind $1
*** HOLE CARDS ***
BoyLoc0: folds 
nikalas22: folds 
Uncalled bet ($0.50) returned to z00mba
rao999 leaves the table
z00mba collected $1 from pot
z00mba: doesn't show hand 
*** SUMMARY ***
Total pot $1 | Rake $0 
Seat 1: Burlacu000
Seat 4: Alehandr0777
Seat 6: rao999
Seat 2: nikalas22 (small blind) folded before Flop
Seat 3: z00mba (big blind) collected ($1)
Seat 5: BoyLoc0 (button) folded before Flop (didn't bet)



PokerStars Hand #254756388317:  Hold'em No Limit ($0.50/$1.00 USD) - 2025/02/07 21:51:14 WET [2025/02/07 16:51:14 ET]
Table 'Cuitlahuac II' 6-max Seat #2 is the button
Seat 4: Alehandr0777 ($0 in chips) is sitting out
Seat 1: Burlacu000 ($45.60 in chips) 
Seat 2: nikalas22 ($175.60 in chips) 
Seat 3: z00mba ($100.50 in chips) 
Seat 5: BoyLoc0 ($112.07 in chips) 
z00mba: posts small blind $0.50
BoyLoc0: posts big blind $1
Burlacu000: posts small & big blinds $1.50
*** HOLE CARDS ***
Burlacu000: checks 
rizinhooo joins the table at seat #6 
rizinhooo is disconnected 
nikalas22: raises $3 to $4
z00mba: folds 
BoyLoc0: folds 
Burlacu000: folds 
Uncalled bet ($3) returned to nikalas22
nikalas22 collected $4 from pot
nikalas22: doesn't show hand 
*** SUMMARY ***
Total pot $4 | Rake $0 
Seat 4: Alehandr0777
Seat 1: Burlacu000 folded before Flop (didn't bet)
Seat 2: nikalas22 (button) collected ($4)
Seat 3: z00mba (small blind) folded before Flop
Seat 5: BoyLoc0 (big blind) folded before Flop



PokerStars Hand #254756393310:  Hold'em No Limit ($0.50/$1.00 USD) - 2025/02/07 21:51:30 WET [2025/02/07 16:51:30 ET]
Table 'Cuitlahuac II' 6-max Seat #3 is the button
Seat 4: Alehandr0777 ($0 in chips) is sitting out
Seat 1: Burlacu000 ($44.10 in chips) 
Seat 2: nikalas22 ($178.60 in chips) 
Seat 3: z00mba ($100 in chips) 
Seat 5: BoyLoc0 ($111.07 in chips) 
Seat 6: rizinhooo ($10 in chips) 
BoyLoc0: posts small blind $0.50
rizinhooo: posts big blind $1
*** HOLE CARDS ***
Burlacu000: calls $1
nikalas22: folds 
z00mba: folds 
BoyLoc0: folds 
rizinhooo: checks 
*** FLOP *** [Ac Qd Qc]
rizinhooo: checks 
Burlacu000: checks 
*** TURN *** [Ac Qd Qc] [7s]
rizinhooo: bets $2
Burlacu000: folds 
Uncalled bet ($2) returned to rizinhooo
rizinhooo collected $2.38 from pot
*** SUMMARY ***
Total pot $2.50 | Rake $0.12 
Board [Ac Qd Qc 7s]
Seat 4: Alehandr0777
Seat 1: Burlacu000 folded on the Turn
Seat 2: nikalas22 folded before Flop (didn't bet)
Seat 3: z00mba (button) folded before Flop (didn't bet)
Seat 5: BoyLoc0 (small blind) folded before Flop
Seat 6: rizinhooo (big blind) collected ($2.38)



PokerStars Hand #254756401403:  Hold'em No Limit ($0.50/$1.00 USD) - 2025/02/07 21:51:56 WET [2025/02/07 16:51:56 ET]
Table 'Cuitlahuac II' 6-max Seat #5 is the button
Seat 4: Alehandr0777 ($0 in chips) is sitting out
Seat 1: Burlacu000 ($43.10 in chips) 
Seat 2: nikalas22 ($178.60 in chips) 
Seat 3: z00mba ($100 in chips) 
Seat 5: BoyLoc0 ($110.57 in chips) 
Seat 6: rizinhooo ($11.38 in chips) 
rizinhooo: posts small blind $0.50
Burlacu000: posts big blind $1
*** HOLE CARDS ***
nikalas22: folds 
z00mba: folds 
BoyLoc0: raises $1.50 to $2.50
rizinhooo: calls $2
Burlacu000: folds 
*** FLOP *** [7s Kc 2c]
rizinhooo: checks 
BoyLoc0: bets $1.88
rizinhooo: folds 
Uncalled bet ($1.88) returned to BoyLoc0
BoyLoc0 collected $5.70 from pot
BoyLoc0: doesn't show hand 
*** SUMMARY ***
Total pot $6 | Rake $0.30 
Board [7s Kc 2c]
Seat 4: Alehandr0777
Seat 1: Burlacu000 (big blind) folded before Flop
Seat 2: nikalas22 folded before Flop (didn't bet)
Seat 3: z00mba folded before Flop (didn't bet)
Seat 5: BoyLoc0 (button) collected ($5.70)
Seat 6: rizinhooo (small blind) folded on the Flop



PokerStars Hand #254756407506:  Hold'em No Limit ($0.50/$1.00 USD) - 2025/02/07 21:52:16 WET [2025/02/07 16:52:16 ET]
Table 'Cuitlahuac II' 6-max Seat #6 is the button
Seat 1: Burlacu000 ($42.10 in chips) 
Seat 2: nikalas22 ($178.60 in chips) 
Seat 3: z00mba ($100 in chips) 
Seat 4: Alehandr0777 ($10 in chips) 
Seat 5: BoyLoc0 ($113.77 in chips) 
Seat 6: rizinhooo ($8.88 in chips) 
Burlacu000: posts small blind $0.50
nikalas22: posts big blind $1
Alehandr0777: posts small & big blinds $1.50
*** HOLE CARDS ***
z00mba: raises $3 to $4
Alehandr0777: folds 
BoyLoc0: folds 
rizinhooo: folds 
Burlacu000: raises $3 to $7
nikalas22: folds 
z00mba: calls $3
*** FLOP *** [2d 9s 4c]
Burlacu000: bets $7.84
z00mba: folds 
Uncalled bet ($7.84) returned to Burlacu000
Burlacu000 collected $15.68 from pot
Burlacu000: shows [Ah Ac] (a pair of Aces)
*** SUMMARY ***
Total pot $16.50 | Rake $0.82 
Board [2d 9s 4c]
Seat 1: Burlacu000 (small blind) collected ($15.68)
Seat 2: nikalas22 (big blind) folded before Flop
Seat 3: z00mba folded on the Flop
Seat 4: Alehandr0777 folded before Flop (didn't bet)
Seat 5: BoyLoc0 folded before Flop (didn't bet)
Seat 6: rizinhooo (button) folded before Flop (didn't bet)



PokerStars Hand #254756419106:  Hold'em No Limit ($0.50/$1.00 USD) - 2025/02/07 21:52:55 WET [2025/02/07 16:52:55 ET]
Table 'Cuitlahuac II' 6-max Seat #1 is the button
Seat 1: Burlacu000 ($50.78 in chips) 
Seat 2: nikalas22 ($177.60 in chips) 
Seat 3: z00mba ($100 in chips) 
Seat 4: Alehandr0777 ($8.50 in chips) 
Seat 5: BoyLoc0 ($113.77 in chips) 
Seat 6: rizinhooo ($8.88 in chips) 
nikalas22: posts small blind $0.50
z00mba: posts big blind $1
*** HOLE CARDS ***
Alehandr0777: raises $1 to $2
BoyLoc0: folds 
rizinhooo: calls $2
Burlacu000: folds 
nikalas22: folds 
z00mba: calls $1
*** FLOP *** [2h 5c 5d]
z00mba: checks 
Alehandr0777: checks 
rizinhooo: checks 
*** TURN *** [2h 5c 5d] [Tc]
z00mba: checks 
Alehandr0777: checks 
rizinhooo: bets $3
z00mba: folds 
Alehandr0777: folds 
Uncalled bet ($3) returned to rizinhooo
rizinhooo collected $6.18 from pot
*** SUMMARY ***
Total pot $6.50 | Rake $0.32 
Board [2h 5c 5d Tc]
Seat 1: Burlacu000 (button) folded before Flop (didn't bet)
Seat 2: nikalas22 (small blind) folded before Flop
Seat 3: z00mba (big blind) folded on the Turn
Seat 4: Alehandr0777 folded on the Turn
Seat 5: BoyLoc0 folded before Flop (didn't bet)
Seat 6: rizinhooo collected ($6.18)



PokerStars Hand #254756427412:  Hold'em No Limit ($0.50/$1.00 USD) - 2025/02/07 21:53:22 WET [2025/02/07 16:53:22 ET]
Table 'Cuitlahuac II' 6-max Seat #2 is the button
Seat 1: Burlacu000 ($50.78 in chips) 
Seat 2: nikalas22 ($177.10 in chips) 
Seat 3: z00mba ($100 in chips) 
Seat 4: Alehandr0777 ($6.50 in chips) 
Seat 5: BoyLoc0 ($113.77 in chips) 
Seat 6: rizinhooo ($13.06 in chips) 
z00mba: posts small blind $0.50
Alehandr0777: posts big blind $1
*** HOLE CARDS ***
BoyLoc0: folds 
rizinhooo: raises $2 to $3
Burlacu000: folds 
nikalas22: folds 
z00mba: folds 
Alehandr0777: folds 
Uncalled bet ($2) returned to rizinhooo
rizinhooo collected $2.50 from pot
*** SUMMARY ***
Total pot $2.50 | Rake $0 
Seat 1: Burlacu000 folded before Flop (didn't bet)
Seat 2: nikalas22 (button) folded before Flop (didn't bet)
Seat 3: z00mba (small blind) folded before Flop
Seat 4: Alehandr0777 (big blind) folded before Flop
Seat 5: BoyLoc0 folded before Flop (didn't bet)
Seat 6: rizinhooo collected ($2.50)



PokerStars Hand #254756431826:  Hold'em No Limit ($0.50/$1.00 USD) - 2025/02/07 21:53:37 WET [2025/02/07 16:53:37 ET]
Table 'Cuitlahuac II' 6-max Seat #3 is the button
Seat 1: Burlacu000 ($50.78 in chips) 
Seat 2: nikalas22 ($177.10 in chips) 
Seat 3: z00mba ($100 in chips) 
Seat 4: Alehandr0777 ($5.50 in chips) 
Seat 5: BoyLoc0 ($113.77 in chips) 
Seat 6: rizinhooo ($14.56 in chips) 
Alehandr0777: posts small blind $0.50
BoyLoc0: posts big blind $1
*** HOLE CARDS ***
rizinhooo: folds 
Burlacu000: calls $1
rizinhooo leaves the table
nikalas22: folds 
z00mba: folds 
Alehandr0777: calls $0.50
BoyLoc0: checks 
*** FLOP *** [Jd Kd 3d]
Alehandr0777: checks 
BoyLoc0: checks 
Burlacu000: checks 
*** TURN *** [Jd Kd 3d] [8d]
Alehandr0777: bets $1
JUANS2 joins the table at seat #6 
BoyLoc0: calls $1
Burlacu000: folds 
*** RIVER *** [Jd Kd 3d 8d] [4h]
Alehandr0777: bets $2
BoyLoc0: calls $2
*** SHOW DOWN ***
Alehandr0777: shows [9d Qc] (a flush, King high)
BoyLoc0: mucks hand 
Alehandr0777 collected $8.55 from pot
*** SUMMARY ***
Total pot $9 | Rake $0.45 
Board [Jd Kd 3d 8d 4h]
Seat 1: Burlacu000 folded on the Turn
Seat 2: nikalas22 folded before Flop (didn't bet)
Seat 3: z00mba (button) folded before Flop (didn't bet)
Seat 4: Alehandr0777 (small blind) showed [9d Qc] and won ($8.55) with a flush, King high
Seat 5: BoyLoc0 (big blind) mucked
Seat 6: rizinhooo folded before Flop (didn't bet)



PokerStars Hand #254756441167:  Hold'em No Limit ($0.50/$1.00 USD) - 2025/02/07 21:54:08 WET [2025/02/07 16:54:08 ET]
Table 'Cuitlahuac II' 6-max Seat #4 is the button
Seat 1: Burlacu000 ($49.78 in chips) 
Seat 2: nikalas22 ($177.10 in chips) 
Seat 3: z00mba ($100 in chips) 
Seat 4: Alehandr0777 ($10.05 in chips) 
Seat 5: BoyLoc0 ($109.77 in chips) 
Seat 6: JUANS2 ($100 in chips) 
BoyLoc0: posts small blind $0.50
JUANS2: posts big blind $1
*** HOLE CARDS ***
Burlacu000: calls $1
nikalas22: folds 
z00mba: folds 
Alehandr0777: folds 
BoyLoc0: folds 
JUANS2: checks 
*** FLOP *** [8h Qs Ac]
JUANS2: checks 
Burlacu000: checks 
*** TURN *** [8h Qs Ac] [Kd]
JUANS2: checks 
Burlacu000: checks 
*** RIVER *** [8h Qs Ac Kd] [Js]
JUANS2: checks 
Burlacu000: bets $2.38
JUANS2: folds 
Uncalled bet ($2.38) returned to Burlacu000
Burlacu000 collected $2.38 from pot
*** SUMMARY ***
Total pot $2.50 | Rake $0.12 
Board [8h Qs Ac Kd Js]
Seat 1: Burlacu000 collected ($2.38)
Seat 2: nikalas22 folded before Flop (didn't bet)
Seat 3: z00mba folded before Flop (didn't bet)
Seat 4: Alehandr0777 (button) folded before Flop (didn't bet)
Seat 5: BoyLoc0 (small blind) folded before Flop
Seat 6: JUANS2 (big blind) folded on the River



PokerStars Hand #254756457796:  Hold'em No Limit ($0.50/$1.00 USD) - 2025/02/07 21:55:02 WET [2025/02/07 16:55:02 ET]
Table 'Cuitlahuac II' 6-max Seat #5 is the button
Seat 1: Burlacu000 ($51.16 in chips) 
Seat 2: nikalas22 ($177.10 in chips) 
Seat 3: z00mba ($100 in chips) 
Seat 4: Alehandr0777 ($10.05 in chips) 
Seat 5: BoyLoc0 ($109.27 in chips) 
Seat 6: JUANS2 ($100 in chips) 
JUANS2: posts small blind $0.50
Burlacu000: posts big blind $1
*** HOLE CARDS ***
nikalas22: raises $1.20 to $2.20
z00mba: folds 
Alehandr0777: folds 
BoyLoc0: folds 
JUANS2: folds 
Burlacu000: calls $1.20
*** FLOP *** [3h 8h Th]
Burlacu000: checks 
nikalas22: bets $1.40
Burlacu000: folds 
Uncalled bet ($1.40) returned to nikalas22
nikalas22 collected $4.66 from pot
nikalas22: doesn't show hand 
*** SUMMARY ***
Total pot $4.90 | Rake $0.24 
Board [3h 8h Th]
Seat 1: Burlacu000 (big blind) folded on the Flop
Seat 2: nikalas22 collected ($4.66)
Seat 3: z00mba folded before Flop (didn't bet)
Seat 4: Alehandr0777 folded before Flop (didn't bet)
Seat 5: BoyLoc0 (button) folded before Flop (didn't bet)
Seat 6: JUANS2 (small blind) folded before Flop



PokerStars Hand #254756469383:  Hold'em No Limit ($0.50/$1.00 USD) - 2025/02/07 21:55:55 WET [2025/02/07 16:55:55 ET]
Table 'Cuitlahuac II' 6-max Seat #6 is the button
Seat 1: Burlacu000 ($48.96 in chips) 
Seat 2: nikalas22 ($179.56 in chips) 
Seat 3: z00mba ($100 in chips) 
Seat 4: Alehandr0777 ($10.05 in chips) 
Seat 5: BoyLoc0 ($109.27 in chips) 
Seat 6: JUANS2 ($100 in chips) 
Burlacu000: posts small blind $0.50
nikalas22: posts big blind $1
*** HOLE CARDS ***
z00mba: folds 
Alehandr0777: folds 
BoyLoc0: folds 
JUANS2: folds 
Burlacu000: calls $0.50
nikalas22 is disconnected 
nikalas22 has timed out while disconnected
nikalas22: checks 
*** FLOP *** [Jc Ah 2d]
Burlacu000: checks 
nikalas22 has timed out while disconnected
nikalas22: checks 
*** TURN *** [Jc Ah 2d] [Ks]
Burlacu000: checks 
nikalas22 has timed out while disconnected
nikalas22: checks 
*** RIVER *** [Jc Ah 2d Ks] [2c]
Burlacu000: bets $1
nikalas22 is connected 
nikalas22: calls $1
*** SHOW DOWN ***
Burlacu000: shows [9c 4h] (a pair of Deuces)
nikalas22: shows [Ac 5s] (two pair, Aces and Deuces)
nikalas22 collected $3.80 from pot
*** SUMMARY ***
Total pot $4 | Rake $0.20 
Board [Jc Ah 2d Ks 2c]
Seat 1: Burlacu000 (small blind) showed [9c 4h] and lost with a pair of Deuces
Seat 2: nikalas22 (big blind) showed [Ac 5s] and won ($3.80) with two pair, Aces and Deuces
Seat 3: z00mba folded before Flop (didn't bet)
Seat 4: Alehandr0777 folded before Flop (didn't bet)
Seat 5: BoyLoc0 folded before Flop (didn't bet)
Seat 6: JUANS2 (button) folded before Flop (didn't bet)



PokerStars Hand #254756495247:  Hold'em No Limit ($0.50/$1.00 USD) - 2025/02/07 21:57:53 WET [2025/02/07 16:57:53 ET]
Table 'Cuitlahuac II' 6-max Seat #1 is the button
Seat 1: Burlacu000 ($46.96 in chips) 
Seat 2: nikalas22 ($181.36 in chips) 
Seat 3: z00mba ($100 in chips) 
Seat 4: Alehandr0777 ($10.05 in chips) 
Seat 5: BoyLoc0 ($109.27 in chips) 
Seat 6: JUANS2 ($100 in chips) 
nikalas22: posts small blind $0.50
z00mba: posts big blind $1
*** HOLE CARDS ***
Alehandr0777: folds 
BoyLoc0: folds 
JUANS2: folds 
Burlacu000: folds 
nikalas22: folds 
Uncalled bet ($0.50) returned to z00mba
z00mba collected $1 from pot
z00mba: doesn't show hand 
*** SUMMARY ***
Total pot $1 | Rake $0 
Seat 1: Burlacu000 (button) folded before Flop (didn't bet)
Seat 2: nikalas22 (small blind) folded before Flop
Seat 3: z00mba (big blind) collected ($1)
Seat 4: Alehandr0777 folded before Flop (didn't bet)
Seat 5: BoyLoc0 folded before Flop (didn't bet)
Seat 6: JUANS2 folded before Flop (didn't bet)



PokerStars Hand #254756498632:  Hold'em No Limit ($0.50/$1.00 USD) - 2025/02/07 21:58:09 WET [2025/02/07 16:58:09 ET]
Table 'Cuitlahuac II' 6-max Seat #2 is the button
Seat 1: Burlacu000 ($46.96 in chips) 
Seat 2: nikalas22 ($180.86 in chips) 
Seat 3: z00mba ($100.50 in chips) 
Seat 4: Alehandr0777 ($10.05 in chips) 
Seat 5: BoyLoc0 ($109.27 in chips) 
Seat 6: JUANS2 ($100 in chips) 
z00mba: posts small blind $0.50
Alehandr0777: posts big blind $1
*** HOLE CARDS ***
BoyLoc0: raises $1.50 to $2.50
JUANS2: folds 
Burlacu000: folds 
nikalas22: calls $2.50
z00mba: folds 
Alehandr0777: calls $1.50
*** FLOP *** [Kc Ah 3s]
Alehandr0777: checks 
BoyLoc0: checks 
nikalas22: checks 
*** TURN *** [Kc Ah 3s] [6s]
Alehandr0777: checks 
BoyLoc0: bets $8
nikalas22: calls $8
Alehandr0777: folds 
*** RIVER *** [Kc Ah 3s 6s] [2s]
BoyLoc0: bets $17.10
nikalas22: folds 
Uncalled bet ($17.10) returned to BoyLoc0
BoyLoc0 collected $22.80 from pot
BoyLoc0: doesn't show hand 
*** SUMMARY ***
Total pot $24 | Rake $1.20 
Board [Kc Ah 3s 6s 2s]
Seat 1: Burlacu000 folded before Flop (didn't bet)
Seat 2: nikalas22 (button) folded on the River
Seat 3: z00mba (small blind) folded before Flop
Seat 4: Alehandr0777 (big blind) folded on the Turn
Seat 5: BoyLoc0 collected ($22.80)
Seat 6: JUANS2 folded before Flop (didn't bet)



PokerStars Hand #254756509267:  Hold'em No Limit ($0.50/$1.00 USD) - 2025/02/07 21:58:57 WET [2025/02/07 16:58:57 ET]
Table 'Cuitlahuac II' 6-max Seat #3 is the button
Seat 1: Burlacu000 ($46.96 in chips) 
Seat 2: nikalas22 ($170.36 in chips) 
Seat 3: z00mba ($100 in chips) 
Seat 4: Alehandr0777 ($7.55 in chips) 
Seat 5: BoyLoc0 ($121.57 in chips) 
Seat 6: JUANS2 ($100 in chips) 
Alehandr0777: posts small blind $0.50
BoyLoc0: posts big blind $1
*** HOLE CARDS ***
JUANS2: folds 
Burlacu000: calls $1
nikalas22: folds 
z00mba: folds 
Alehandr0777: calls $0.50
BoyLoc0: checks 
*** FLOP *** [Jh Kh 8d]
Alehandr0777: checks 
BoyLoc0: checks 
Burlacu000: bets $1
Alehandr0777: folds 
BoyLoc0: folds 
Uncalled bet ($1) returned to Burlacu000
Burlacu000 collected $2.85 from pot
*** SUMMARY ***
Total pot $3 | Rake $0.15 
Board [Jh Kh 8d]
Seat 1: Burlacu000 collected ($2.85)
Seat 2: nikalas22 folded before Flop (didn't bet)
Seat 3: z00mba (button) folded before Flop (didn't bet)
Seat 4: Alehandr0777 (small blind) folded on the Flop
Seat 5: BoyLoc0 (big blind) folded on the Flop
Seat 6: JUANS2 folded before Flop (didn't bet)



PokerStars Hand #254756516158:  Hold'em No Limit ($0.50/$1.00 USD) - 2025/02/07 21:59:28 WET [2025/02/07 16:59:28 ET]
Table 'Cuitlahuac II' 6-max Seat #4 is the button
Seat 1: Burlacu000 ($48.81 in chips) 
Seat 2: nikalas22 ($170.36 in chips) 
Seat 3: z00mba ($100 in chips) 
Seat 4: Alehandr0777 ($6.55 in chips) 
Seat 5: BoyLoc0 ($120.57 in chips) 
Seat 6: JUANS2 ($100 in chips) 
BoyLoc0: posts small blind $0.50
JUANS2: posts big blind $1
*** HOLE CARDS ***
Burlacu000: calls $1
nikalas22: raises $3 to $4
z00mba: folds 
Alehandr0777: folds 
BoyLoc0: folds 
JUANS2: folds 
Burlacu000: calls $3
*** FLOP *** [6c Ks 9h]
Burlacu000: checks 
nikalas22: bets $2.71
Burlacu000: folds 
Uncalled bet ($2.71) returned to nikalas22
nikalas22 collected $9.02 from pot
nikalas22: doesn't show hand 
*** SUMMARY ***
Total pot $9.50 | Rake $0.48 
Board [6c Ks 9h]
Seat 1: Burlacu000 folded on the Flop
Seat 2: nikalas22 collected ($9.02)
Seat 3: z00mba folded before Flop (didn't bet)
Seat 4: Alehandr0777 (button) folded before Flop (didn't bet)
Seat 5: BoyLoc0 (small blind) folded before Flop
Seat 6: JUANS2 (big blind) folded before Flop



PokerStars Hand #254756523557:  Hold'em No Limit ($0.50/$1.00 USD) - 2025/02/07 22:00:01 WET [2025/02/07 17:00:01 ET]
Table 'Cuitlahuac II' 6-max Seat #5 is the button
Seat 1: Burlacu000 ($44.81 in chips) 
Seat 2: nikalas22 ($175.38 in chips) 
Seat 3: z00mba ($100 in chips) 
Seat 4: Alehandr0777 ($6.55 in chips) 
Seat 5: BoyLoc0 ($120.07 in chips) 
Seat 6: JUANS2 ($100 in chips) 
JUANS2: posts small blind $0.50
Burlacu000: posts big blind $1
*** HOLE CARDS ***
nikalas22: folds 
z00mba: folds 
Alehandr0777: raises $5.55 to $6.55 and is all-in
BoyLoc0: folds 
JUANS2: folds 
Burlacu000: calls $5.55
*** FLOP *** [5s 2s 3d]
*** TURN *** [5s 2s 3d] [Ad]
*** RIVER *** [5s 2s 3d Ad] [As]
*** SHOW DOWN ***
Burlacu000: shows [Jc 5h] (two pair, Aces and Fives)
Alehandr0777: shows [Qc 7c] (a pair of Aces)
Burlacu000 collected $12.92 from pot
*** SUMMARY ***
Total pot $13.60 | Rake $0.68 
Board [5s 2s 3d Ad As]
Seat 1: Burlacu000 (big blind) showed [Jc 5h] and won ($12.92) with two pair, Aces and Fives
Seat 2: nikalas22 folded before Flop (didn't bet)
Seat 3: z00mba folded before Flop (didn't bet)
Seat 4: Alehandr0777 showed [Qc 7c] and lost with a pair of Aces
Seat 5: BoyLoc0 (button) folded before Flop (didn't bet)
Seat 6: JUANS2 (small blind) folded before Flop



PokerStars Hand #254756531136:  Hold'em No Limit ($0.50/$1.00 USD) - 2025/02/07 22:00:34 WET [2025/02/07 17:00:34 ET]
Table 'Cuitlahuac II' 6-max Seat #6 is the button
Seat 4: Alehandr0777 ($0 in chips) is sitting out
Seat 1: Burlacu000 ($51.18 in chips) 
Seat 2: nikalas22 ($175.38 in chips) 
Seat 3: z00mba ($100 in chips) 
Seat 5: BoyLoc0 ($120.07 in chips) 
Seat 6: JUANS2 ($100 in chips) 
Burlacu000: posts small blind $0.50
nikalas22: posts big blind $1
*** HOLE CARDS ***
z00mba: folds 
BoyLoc0: raises $1.50 to $2.50
JUANS2: folds 
Burlacu000: folds 
nikalas22: raises $9.50 to $12
BoyLoc0: folds 
Uncalled bet ($9.50) returned to nikalas22
nikalas22 collected $5.50 from pot
nikalas22: doesn't show hand 
*** SUMMARY ***
Total pot $5.50 | Rake $0 
Seat 4: Alehandr0777
Seat 1: Burlacu000 (small blind) folded before Flop
Seat 2: nikalas22 (big blind) collected ($5.50)
Seat 3: z00mba folded before Flop (didn't bet)
Seat 5: BoyLoc0 folded before Flop
Seat 6: JUANS2 (button) folded before Flop (didn't bet)



PokerStars Hand #254756536039:  Hold'em No Limit ($0.50/$1.00 USD) - 2025/02/07 22:00:54 WET [2025/02/07 17:00:54 ET]
Table 'Cuitlahuac II' 6-max Seat #1 is the button
Seat 4: Alehandr0777 ($0 in chips) is sitting out
Seat 1: Burlacu000 ($50.68 in chips) 
Seat 2: nikalas22 ($178.38 in chips) 
Seat 3: z00mba ($100 in chips) 
Seat 5: BoyLoc0 ($117.57 in chips) 
Seat 6: JUANS2 ($100 in chips) 
nikalas22: posts small blind $0.50
z00mba: posts big blind $1
*** HOLE CARDS ***
BoyLoc0: folds 
JUANS2: raises $1.50 to $2.50
Burlacu000: folds 
nikalas22: folds 
z00mba: folds 
Uncalled bet ($1.50) returned to JUANS2
JUANS2 collected $2.50 from pot
JUANS2: doesn't show hand 
*** SUMMARY ***
Total pot $2.50 | Rake $0 
Seat 4: Alehandr0777
Seat 1: Burlacu000 (button) folded before Flop (didn't bet)
Seat 2: nikalas22 (small blind) folded before Flop
Seat 3: z00mba (big blind) folded before Flop
Seat 5: BoyLoc0 folded before Flop (didn't bet)
Seat 6: JUANS2 collected ($2.50)



PokerStars Hand #254756539791:  Hold'em No Limit ($0.50/$1.00 USD) - 2025/02/07 22:01:08 WET [2025/02/07 17:01:08 ET]
Table 'Cuitlahuac II' 6-max Seat #2 is the button
Seat 4: Alehandr0777 ($0 in chips) is sitting out
Seat 1: Burlacu000 ($50.68 in chips) 
Seat 2: nikalas22 ($177.88 in chips) 
Seat 3: z00mba ($100 in chips) 
Seat 5: BoyLoc0 ($117.57 in chips) 
Seat 6: JUANS2 ($101.50 in chips) 
z00mba: posts small blind $0.50
BoyLoc0: posts big blind $1
*** HOLE CARDS ***
JUANS2: folds 
Burlacu000: calls $1
nikalas22: folds 
z00mba: calls $0.50
BoyLoc0: checks 
*** FLOP *** [2h 5s 2s]
z00mba: checks 
BoyLoc0: checks 
Burlacu000: checks 
*** TURN *** [2h 5s 2s] [6d]
z00mba: checks 
BoyLoc0: bets $1.43
Burlacu000: folds 
z00mba: folds 
Uncalled bet ($1.43) returned to BoyLoc0
Alehandr0777 is disconnected 
BoyLoc0 collected $2.85 from pot
BoyLoc0: doesn't show hand 
*** SUMMARY ***
Total pot $3 | Rake $0.15 
Board [2h 5s 2s 6d]
Seat 4: Alehandr0777
Seat 1: Burlacu000 folded on the Turn
Seat 2: nikalas22 (button) folded before Flop (didn't bet)
Seat 3: z00mba (small blind) folded on the Turn
Seat 5: BoyLoc0 (big blind) collected ($2.85)
Seat 6: JUANS2 folded before Flop (didn't bet)



PokerStars Hand #254756550250:  Hold'em No Limit ($0.50/$1.00 USD) - 2025/02/07 22:01:46 WET [2025/02/07 17:01:46 ET]
Table 'Cuitlahuac II' 6-max Seat #3 is the button
Seat 4: Alehandr0777 ($0 in chips) is sitting out
Seat 1: Burlacu000 ($49.68 in chips) 
Seat 2: nikalas22 ($177.88 in chips) 
Seat 3: z00mba ($100 in chips) 
Seat 5: BoyLoc0 ($119.42 in chips) 
Seat 6: JUANS2 ($101.50 in chips) 
BoyLoc0: posts small blind $0.50
JUANS2: posts big blind $1
*** HOLE CARDS ***
Burlacu000: calls $1
nikalas22: folds 
z00mba: raises $3 to $4
BoyLoc0: folds 
JUANS2: folds 
Burlacu000: calls $3
*** FLOP *** [Ad 7h 6h]
Burlacu000: checks 
z00mba: checks 
*** TURN *** [Ad 7h 6h] [7s]
Burlacu000: checks 
z00mba: bets $4.42
Burlacu000: folds 
Uncalled bet ($4.42) returned to z00mba
z00mba collected $9.02 from pot
z00mba: doesn't show hand 
*** SUMMARY ***
Total pot $9.50 | Rake $0.48 
Board [Ad 7h 6h 7s]
Seat 4: Alehandr0777
Seat 1: Burlacu000 folded on the Turn
Seat 2: nikalas22 folded before Flop (didn't bet)
Seat 3: z00mba (button) collected ($9.02)
Seat 5: BoyLoc0 (small blind) folded before Flop
Seat 6: JUANS2 (big blind) folded before Flop



PokerStars Hand #254756561702:  Hold'em No Limit ($0.50/$1.00 USD) - 2025/02/07 22:02:25 WET [2025/02/07 17:02:25 ET]
Table 'Cuitlahuac II' 6-max Seat #5 is the button
Seat 4: Alehandr0777 ($0 in chips) is sitting out
Seat 1: Burlacu000 ($45.68 in chips) 
Seat 2: nikalas22 ($177.88 in chips) 
Seat 3: z00mba ($105.02 in chips) 
Seat 5: BoyLoc0 ($118.92 in chips) 
Seat 6: JUANS2 ($100.50 in chips) 
JUANS2: posts small blind $0.50
Burlacu000: posts big blind $1
*** HOLE CARDS ***
nikalas22: folds 
z00mba: folds 
BoyLoc0: raises $1.50 to $2.50
JUANS2: folds 
Burlacu000: calls $1.50
*** FLOP *** [6h Th Ad]
Burlacu000: checks 
BoyLoc0: bets $1.72
Burlacu000: folds 
Uncalled bet ($1.72) returned to BoyLoc0
BoyLoc0 collected $5.22 from pot
BoyLoc0: doesn't show hand 
*** SUMMARY ***
Total pot $5.50 | Rake $0.28 
Board [6h Th Ad]
Seat 4: Alehandr0777
Seat 1: Burlacu000 (big blind) folded on the Flop
Seat 2: nikalas22 folded before Flop (didn't bet)
Seat 3: z00mba folded before Flop (didn't bet)
Seat 5: BoyLoc0 (button) collected ($5.22)
Seat 6: JUANS2 (small blind) folded before Flop



PokerStars Hand #254756570315:  Hold'em No Limit ($0.50/$1.00 USD) - 2025/02/07 22:02:53 WET [2025/02/07 17:02:53 ET]
Table 'Cuitlahuac II' 6-max Seat #6 is the button
Seat 4: Alehandr0777 ($0 in chips) is sitting out
Seat 1: Burlacu000 ($43.18 in chips) 
Seat 2: nikalas22 ($177.88 in chips) 
Seat 3: z00mba ($105.02 in chips) 
Seat 5: BoyLoc0 ($121.64 in chips) 
Seat 6: JUANS2 ($100 in chips) 
Burlacu000: posts small blind $0.50
nikalas22: posts big blind $1
*** HOLE CARDS ***
z00mba: folds 
BoyLoc0: folds 
JUANS2: raises $1.50 to $2.50
Burlacu000: folds 
nikalas22: folds 
Uncalled bet ($1.50) returned to JUANS2
JUANS2 collected $2.50 from pot
JUANS2: doesn't show hand 
*** SUMMARY ***
Total pot $2.50 | Rake $0 
Seat 4: Alehandr0777
Seat 1: Burlacu000 (small blind) folded before Flop
Seat 2: nikalas22 (big blind) folded before Flop
Seat 3: z00mba folded before Flop (didn't bet)
Seat 5: BoyLoc0 folded before Flop (didn't bet)
Seat 6: JUANS2 (button) collected ($2.50)



PokerStars Hand #254756580115:  Hold'em No Limit ($0.50/$1.00 USD) - 2025/02/07 22:03:27 WET [2025/02/07 17:03:27 ET]
Table 'Cuitlahuac II' 6-max Seat #1 is the button
Seat 4: Alehandr0777 ($0 in chips) is sitting out
Seat 1: Burlacu000 ($42.68 in chips) 
Seat 2: nikalas22 ($176.88 in chips) 
Seat 3: z00mba ($105.02 in chips) 
Seat 5: BoyLoc0 ($121.64 in chips) 
Seat 6: JUANS2 ($101.50 in chips) 
nikalas22: posts small blind $0.50
z00mba: posts big blind $1
*** HOLE CARDS ***
BoyLoc0: folds 
JUANS2: raises $1.50 to $2.50
Burlacu000: raises $1.50 to $4
nikalas22: folds 
z00mba: folds 
JUANS2: raises $12.50 to $16.50
Burlacu000: calls $12.50
*** FLOP *** [Kc 9s 2d]
JUANS2: bets $3.20
Burlacu000: raises $3.20 to $6.40
JUANS2: calls $3.20
*** TURN *** [Kc 9s 2d] [4d]
JUANS2: checks 
Burlacu000: bets $19.78 and is all-in
JUANS2: calls $19.78
*** RIVER *** [Kc 9s 2d 4d] [3c]
*** SHOW DOWN ***
JUANS2: shows [Ad Kd] (a pair of Kings)
Burlacu000: shows [Qh Ks] (a pair of Kings - lower kicker)
JUANS2 collected $84.36 from pot
*** SUMMARY ***
Total pot $86.86 | Rake $2.50 
Board [Kc 9s 2d 4d 3c]
Seat 4: Alehandr0777
Seat 1: Burlacu000 (button) showed [Qh Ks] and lost with a pair of Kings
Seat 2: nikalas22 (small blind) folded before Flop
Seat 3: z00mba (big blind) folded before Flop
Seat 5: BoyLoc0 folded before Flop (didn't bet)
Seat 6: JUANS2 showed [Ad Kd] and won ($84.36) with a pair of Kings



PokerStars Hand #254756603819:  Hold'em No Limit ($0.50/$1.00 USD) - 2025/02/07 22:04:44 WET [2025/02/07 17:04:44 ET]
Table 'Cuitlahuac II' 6-max Seat #2 is the button
Seat 1: Burlacu000 ($0 in chips) is sitting out
Seat 4: Alehandr0777 ($0 in chips) is sitting out
Seat 2: nikalas22 ($176.38 in chips) 
Seat 3: z00mba ($104.02 in chips) 
Seat 5: BoyLoc0 ($121.64 in chips) 
Seat 6: JUANS2 ($143.18 in chips) 
z00mba: posts small blind $0.50
BoyLoc0: posts big blind $1
*** HOLE CARDS ***
JUANS2: folds 
nikalas22: folds 
z00mba: raises $2 to $3
BoyLoc0: calls $2
*** FLOP *** [9c 3d Qc]
z00mba: bets $1.82
BoyLoc0: calls $1.82
*** TURN *** [9c 3d Qc] [Td]
z00mba: checks 
BoyLoc0: bets $6.87
z00mba: calls $6.87
*** RIVER *** [9c 3d Qc Td] [2c]
z00mba: checks 
Burlacu000 leaves the table
BoyLoc0: bets $33.57
nikalas22 leaves the table
z00mba: calls $33.57
*** SHOW DOWN ***
BoyLoc0: shows [Kd Jc] (a straight, Nine to King)
z00mba: shows [7c Tc] (a flush, Queen high)
z00mba collected $89.52 from pot
*** SUMMARY ***
Total pot $90.52 | Rake $1 
Board [9c 3d Qc Td 2c]
Seat 1: Burlacu000
Seat 4: Alehandr0777
Seat 2: nikalas22 (button) folded before Flop (didn't bet)
Seat 3: z00mba (small blind) showed [7c Tc] and won ($89.52) with a flush, Queen high
Seat 5: BoyLoc0 (big blind) showed [Kd Jc] and lost with a straight, Nine to King
Seat 6: JUANS2 folded before Flop (didn't bet)



PokerStars Hand #254756618271:  Hold'em No Limit ($0.50/$1.00 USD) - 2025/02/07 22:05:32 WET [2025/02/07 17:05:32 ET]
Table 'Cuitlahuac II' 6-max Seat #3 is the button
Seat 4: Alehandr0777 ($0 in chips) is sitting out
Seat 3: z00mba ($148.28 in chips) 
Seat 5: BoyLoc0 ($100 in chips) 
Seat 6: JUANS2 ($143.18 in chips) 
BoyLoc0: posts small blind $0.50
JUANS2: posts big blind $1
*** HOLE CARDS ***
z00mba: folds 
BoyLoc0: folds 
Uncalled bet ($0.50) returned to JUANS2
JUANS2 collected $1 from pot
JUANS2: doesn't show hand 
*** SUMMARY ***
Total pot $1 | Rake $0 
Seat 4: Alehandr0777
Seat 3: z00mba (button) folded before Flop (didn't bet)
Seat 5: BoyLoc0 (small blind) folded before Flop
Seat 6: JUANS2 (big blind) collected ($1)



PokerStars Hand #254756620651:  Hold'em No Limit ($0.50/$1.00 USD) - 2025/02/07 22:05:40 WET [2025/02/07 17:05:40 ET]
Table 'Cuitlahuac II' 6-max Seat #6 is the button
Seat 3: z00mba ($148.28 in chips) is sitting out
Seat 4: Alehandr0777 ($0 in chips) is sitting out
Seat 5: BoyLoc0 ($100 in chips) 
Seat 6: JUANS2 ($143.68 in chips) 
JUANS2: posts small blind $0.50
z00mba: is sitting out 
BoyLoc0: posts big blind $1
*** HOLE CARDS ***
z00mba leaves the table
JUANS2: folds 
Uncalled bet ($0.50) returned to BoyLoc0
BoyLoc0 collected $1 from pot
BoyLoc0: doesn't show hand 
*** SUMMARY ***
Total pot $1 | Rake $0 
Seat 3: z00mba
Seat 4: Alehandr0777
Seat 5: BoyLoc0 (big blind) collected ($1)
Seat 6: JUANS2 (button) (small blind) folded before Flop



