PokerStars Hand #254409949261:  Hold'em No Limit ($0.50/$1.00 USD) - 2025/01/17 3:31:59 WET [2025/01/16 22:31:59 ET]
Table 'Anza III' 6-max Seat #6 is the button
Seat 1: rostickkin ($125.83 in chips) 
Seat 2: Overmyrange ($132.60 in chips) 
Seat 3: MaRKiToScoK ($252.56 in chips) 
Seat 4: sekoo1 ($17.66 in chips) 
Seat 5: Xenicide ($100 in chips) 
Seat 6: vezis3 ($117.88 in chips) 
rostickkin: posts small blind $0.50
Overmyrange: posts big blind $1
LUMBO joins the table at seat #9
*** HOLE CARDS ***
MaRKiToScoK: raises $1 to $2
sekoo1: raises $3.66 to $5.66
Xenicide: folds 
vezis3: folds 
rostickkin: raises $12.34 to $18
Overmyrange: folds 
MaRKiToScoK: folds 
sekoo1: calls $12 and is all-in
Uncalled bet ($0.34) returned to rostickkin
*** FIRST FLOP *** [2h Qh 2c]
*** FIRST TURN *** [2h Qh 2c] [3s]
*** FIRST RIVER *** [2h Qh 2c 3s] [Jh]
*** SECOND FLOP *** [5h 8d 5d]
*** SECOND TURN *** [5h 8d 5d] [9s]
*** SECOND RIVER *** [5h 8d 5d 9s] [Ts]
*** FIRST SHOW DOWN ***
rostickkin: shows [Jd As] (two pair, Jacks and Deuces)
sekoo1: shows [6c 8c] (a pair of Deuces)
rostickkin collected $18.20 from pot
*** SECOND SHOW DOWN ***
rostickkin: shows [Jd As] (a pair of Fives)
sekoo1: shows [6c 8c] (two pair, Eights and Fives)
sekoo1 collected $18.20 from pot
*** SUMMARY ***
Total pot $38.32 | Rake $1.92 
Hand was run twice
FIRST Board [2h Qh 2c 3s Jh]
SECOND Board [5h 8d 5d 9s Ts]
Seat 1: rostickkin (small blind) showed [Jd As] and won ($18.20) with two pair, Jacks and Deuces, and lost with a pair of Fives
Seat 2: Overmyrange (big blind) folded before Flop
Seat 3: MaRKiToScoK folded before Flop
Seat 4: sekoo1 showed [6c 8c] and lost with a pair of Deuces, and won ($18.20) with two pair, Eights and Fives
Seat 5: Xenicide folded before Flop (didn't bet)
Seat 6: vezis3 (button) folded before Flop (didn't bet)



PokerStars Hand #254409955348:  Hold'em No Limit ($0.50/$1.00 USD) - 2025/01/17 3:32:47 WET [2025/01/16 22:32:47 ET]
Table 'Anza III' 6-max Seat #1 is the button
Seat 1: rostickkin ($126.37 in chips) 
Seat 2: Overmyrange ($131.60 in chips) 
Seat 3: MaRKiToScoK ($250.56 in chips) 
Seat 4: sekoo1 ($18.20 in chips) 
Seat 5: Xenicide ($100 in chips) 
Seat 6: vezis3 ($117.88 in chips) 
Overmyrange: posts small blind $0.50
MaRKiToScoK: posts big blind $1
LUMBO joins the table at seat #9
*** HOLE CARDS ***
sekoo1: raises $2 to $3
Xenicide: raises $5 to $8
vezis3: folds 
rostickkin: folds 
Overmyrange: folds 
MaRKiToScoK: folds 
sekoo1: calls $5
*** FLOP *** [4s Ts 9d]
sekoo1: checks 
Xenicide: bets $14.13
sekoo1: calls $10.20 and is all-in
Uncalled bet ($3.93) returned to Xenicide
*** FIRST TURN *** [4s Ts 9d] [Qd]
*** FIRST RIVER *** [4s Ts 9d Qd] [8s]
*** SECOND TURN *** [4s Ts 9d] [Js]
*** SECOND RIVER *** [4s Ts 9d Js] [8c]
*** FIRST SHOW DOWN ***
sekoo1: shows [9c Jc] (a straight, Eight to Queen)
Xenicide: shows [Tc Ac] (a pair of Tens)
sekoo1 collected $18 from pot
*** SECOND SHOW DOWN ***
sekoo1: shows [9c Jc] (two pair, Jacks and Nines)
Xenicide: shows [Tc Ac] (a pair of Tens)
sekoo1 collected $18 from pot
*** SUMMARY ***
Total pot $37.90 | Rake $1.90 
Hand was run twice
FIRST Board [4s Ts 9d Qd 8s]
SECOND Board [4s Ts 9d Js 8c]
Seat 1: rostickkin (button) folded before Flop (didn't bet)
Seat 2: Overmyrange (small blind) folded before Flop
Seat 3: MaRKiToScoK (big blind) folded before Flop
Seat 4: sekoo1 showed [9c Jc] and won ($18) with a straight, Eight to Queen, and won ($18) with two pair, Jacks and Nines
Seat 5: Xenicide showed [Tc Ac] and lost with a pair of Tens, and lost with a pair of Tens
Seat 6: vezis3 folded before Flop (didn't bet)



PokerStars Hand #254409963100:  Hold'em No Limit ($0.50/$1.00 USD) - 2025/01/17 3:33:50 WET [2025/01/16 22:33:50 ET]
Table 'Anza III' 6-max Seat #2 is the button
Seat 1: rostickkin ($126.37 in chips) 
Seat 2: Overmyrange ($131.10 in chips) 
Seat 3: MaRKiToScoK ($249.56 in chips) 
Seat 4: sekoo1 ($36 in chips) 
Seat 5: Xenicide ($100 in chips) 
Seat 6: vezis3 ($117.88 in chips) 
MaRKiToScoK: posts small blind $0.50
sekoo1: posts big blind $1
LUMBO joins the table at seat #9
*** HOLE CARDS ***
Xenicide: folds 
vezis3: raises $1 to $2
rostickkin: folds 
Overmyrange: folds 
MaRKiToScoK: folds 
sekoo1: calls $1
*** FLOP *** [5s As 5d]
sekoo1: checks 
vezis3: bets $1.41
sekoo1: raises $1.41 to $2.82
vezis3: folds 
Uncalled bet ($1.41) returned to sekoo1
sekoo1 collected $6.95 from pot
*** SUMMARY ***
Total pot $7.32 | Rake $0.37 
Board [5s As 5d]
Seat 1: rostickkin folded before Flop (didn't bet)
Seat 2: Overmyrange (button) folded before Flop (didn't bet)
Seat 3: MaRKiToScoK (small blind) folded before Flop
Seat 4: sekoo1 (big blind) collected ($6.95)
Seat 5: Xenicide folded before Flop (didn't bet)
Seat 6: vezis3 folded on the Flop



PokerStars Hand #254409967923:  Hold'em No Limit ($0.50/$1.00 USD) - 2025/01/17 3:34:29 WET [2025/01/16 22:34:29 ET]
Table 'Anza III' 6-max Seat #3 is the button
Seat 1: rostickkin ($126.37 in chips) 
Seat 2: Overmyrange ($131.10 in chips) 
Seat 3: MaRKiToScoK ($249.06 in chips) 
Seat 4: sekoo1 ($39.54 in chips) 
Seat 5: Xenicide ($100 in chips) 
Seat 6: vezis3 ($114.47 in chips) 
sekoo1: posts small blind $0.50
Xenicide: posts big blind $1
LUMBO joins the table at seat #9
*** HOLE CARDS ***
vezis3: folds 
rostickkin: folds 
Overmyrange: folds 
MaRKiToScoK: raises $1.50 to $2.50
sekoo1: folds 
Xenicide: folds 
Uncalled bet ($1.50) returned to MaRKiToScoK
MaRKiToScoK collected $2.50 from pot
*** SUMMARY ***
Total pot $2.50 | Rake $0 
Seat 1: rostickkin folded before Flop (didn't bet)
Seat 2: Overmyrange folded before Flop (didn't bet)
Seat 3: MaRKiToScoK (button) collected ($2.50)
Seat 4: sekoo1 (small blind) folded before Flop
Seat 5: Xenicide (big blind) folded before Flop
Seat 6: vezis3 folded before Flop (didn't bet)



PokerStars Hand #254409970975:  Hold'em No Limit ($0.50/$1.00 USD) - 2025/01/17 3:34:54 WET [2025/01/16 22:34:54 ET]
Table 'Anza III' 6-max Seat #4 is the button
Seat 1: rostickkin ($126.37 in chips) 
Seat 2: Overmyrange ($131.10 in chips) 
Seat 3: MaRKiToScoK ($250.56 in chips) 
Seat 4: sekoo1 ($39.04 in chips) 
Seat 5: Xenicide ($100 in chips) 
Seat 6: vezis3 ($114.47 in chips) 
Xenicide: posts small blind $0.50
vezis3: posts big blind $1
*** HOLE CARDS ***
rostickkin: folds 
Overmyrange: folds 
MaRKiToScoK: folds 
sekoo1: folds 
Xenicide: folds 
Uncalled bet ($0.50) returned to vezis3
vezis3 collected $1 from pot
vezis3: doesn't show hand 
*** SUMMARY ***
Total pot $1 | Rake $0 
Seat 1: rostickkin folded before Flop (didn't bet)
Seat 2: Overmyrange folded before Flop (didn't bet)
Seat 3: MaRKiToScoK folded before Flop (didn't bet)
Seat 4: sekoo1 (button) folded before Flop (didn't bet)
Seat 5: Xenicide (small blind) folded before Flop
Seat 6: vezis3 (big blind) collected ($1)



PokerStars Hand #254409972318:  Hold'em No Limit ($0.50/$1.00 USD) - 2025/01/17 3:35:05 WET [2025/01/16 22:35:05 ET]
Table 'Anza III' 6-max Seat #5 is the button
Seat 1: rostickkin ($126.37 in chips) 
Seat 2: Overmyrange ($131.10 in chips) 
Seat 3: MaRKiToScoK ($250.56 in chips) 
Seat 4: sekoo1 ($39.04 in chips) 
Seat 5: Xenicide ($100 in chips) 
Seat 6: vezis3 ($114.97 in chips) 
vezis3: posts small blind $0.50
rostickkin: posts big blind $1
*** HOLE CARDS ***
Overmyrange: folds 
MaRKiToScoK: raises $1 to $2
sekoo1: folds 
Xenicide: folds 
vezis3: folds 
rostickkin: calls $1
*** FLOP *** [Ac 9c 9d]
rostickkin: checks 
MaRKiToScoK: bets $1.41
rostickkin: calls $1.41
*** TURN *** [Ac 9c 9d] [3s]
rostickkin: checks 
MaRKiToScoK: checks 
*** RIVER *** [Ac 9c 9d 3s] [Qd]
rostickkin: checks 
MaRKiToScoK: bets $2.29
rostickkin: calls $2.29
*** SHOW DOWN ***
MaRKiToScoK: shows [6c 5c] (a pair of Nines)
rostickkin: shows [Ad Js] (two pair, Aces and Nines)
rostickkin collected $11.30 from pot
*** SUMMARY ***
Total pot $11.90 | Rake $0.60 
Board [Ac 9c 9d 3s Qd]
Seat 1: rostickkin (big blind) showed [Ad Js] and won ($11.30) with two pair, Aces and Nines
Seat 2: Overmyrange folded before Flop (didn't bet)
Seat 3: MaRKiToScoK showed [6c 5c] and lost with a pair of Nines
Seat 4: sekoo1 folded before Flop (didn't bet)
Seat 5: Xenicide (button) folded before Flop (didn't bet)
Seat 6: vezis3 (small blind) folded before Flop



PokerStars Hand #254409979066:  Hold'em No Limit ($0.50/$1.00 USD) - 2025/01/17 3:36:00 WET [2025/01/16 22:36:00 ET]
Table 'Anza III' 6-max Seat #6 is the button
Seat 1: rostickkin ($131.97 in chips) 
Seat 2: Overmyrange ($131.10 in chips) 
Seat 3: MaRKiToScoK ($244.86 in chips) 
Seat 4: sekoo1 ($39.04 in chips) 
Seat 5: Xenicide ($100 in chips) 
Seat 6: vezis3 ($114.47 in chips) 
rostickkin: posts small blind $0.50
Overmyrange: posts big blind $1
*** HOLE CARDS ***
MaRKiToScoK: raises $1 to $2
sekoo1: folds 
Xenicide: folds 
vezis3: folds 
rostickkin: folds 
Overmyrange: folds 
Uncalled bet ($1) returned to MaRKiToScoK
MaRKiToScoK collected $2.50 from pot
*** SUMMARY ***
Total pot $2.50 | Rake $0 
Seat 1: rostickkin (small blind) folded before Flop
Seat 2: Overmyrange (big blind) folded before Flop
Seat 3: MaRKiToScoK collected ($2.50)
Seat 4: sekoo1 folded before Flop (didn't bet)
Seat 5: Xenicide folded before Flop (didn't bet)
Seat 6: vezis3 (button) folded before Flop (didn't bet)



PokerStars Hand #254409980957:  Hold'em No Limit ($0.50/$1.00 USD) - 2025/01/17 3:36:16 WET [2025/01/16 22:36:16 ET]
Table 'Anza III' 6-max Seat #1 is the button
Seat 1: rostickkin ($131.47 in chips) 
Seat 2: Overmyrange ($130.10 in chips) 
Seat 3: MaRKiToScoK ($246.36 in chips) 
Seat 4: sekoo1 ($39.04 in chips) 
Seat 5: Xenicide ($100 in chips) 
Seat 6: vezis3 ($114.47 in chips) 
Overmyrange: posts small blind $0.50
MaRKiToScoK: posts big blind $1
*** HOLE CARDS ***
sekoo1: calls $1
Xenicide: folds 
vezis3: folds 
rostickkin: folds 
Overmyrange: calls $0.50
MaRKiToScoK: raises $4 to $5
sekoo1: raises $14 to $19
Overmyrange: folds 
MaRKiToScoK: folds 
Uncalled bet ($14) returned to sekoo1
sekoo1 collected $11 from pot
*** SUMMARY ***
Total pot $11 | Rake $0 
Seat 1: rostickkin (button) folded before Flop (didn't bet)
Seat 2: Overmyrange (small blind) folded before Flop
Seat 3: MaRKiToScoK (big blind) folded before Flop
Seat 4: sekoo1 collected ($11)
Seat 5: Xenicide folded before Flop (didn't bet)
Seat 6: vezis3 folded before Flop (didn't bet)



PokerStars Hand #254409984780:  Hold'em No Limit ($0.50/$1.00 USD) - 2025/01/17 3:36:47 WET [2025/01/16 22:36:47 ET]
Table 'Anza III' 6-max Seat #2 is the button
Seat 4: sekoo1 ($45.04 in chips) is sitting out
Seat 1: rostickkin ($131.47 in chips) 
Seat 2: Overmyrange ($129.10 in chips) 
Seat 3: MaRKiToScoK ($241.36 in chips) 
Seat 5: Xenicide ($100 in chips) 
Seat 6: vezis3 ($114.47 in chips) 
MaRKiToScoK: posts small blind $0.50
Xenicide: posts big blind $1
*** HOLE CARDS ***
sekoo1 leaves the table
vezis3: folds 
rostickkin: folds 
Overmyrange: raises $1.20 to $2.20
MaRKiToScoK: folds 
Xenicide: calls $1.20
*** FLOP *** [Ts 5c 8h]
Xenicide: bets $1.44
Overmyrange: raises $4.46 to $5.90
Xenicide: calls $4.46
*** TURN *** [Ts 5c 8h] [As]
Xenicide: checks 
Overmyrange: checks 
*** RIVER *** [Ts 5c 8h As] [7s]
Xenicide: bets $7.93
Overmyrange: calls $7.93
*** SHOW DOWN ***
Xenicide: shows [Qd Jc] (high card Ace)
Overmyrange: shows [Th Ac] (two pair, Aces and Tens)
Overmyrange collected $30.93 from pot
*** SUMMARY ***
Total pot $32.56 | Rake $1.63 
Board [Ts 5c 8h As 7s]
Seat 4: sekoo1
Seat 1: rostickkin folded before Flop (didn't bet)
Seat 2: Overmyrange (button) showed [Th Ac] and won ($30.93) with two pair, Aces and Tens
Seat 3: MaRKiToScoK (small blind) folded before Flop
Seat 5: Xenicide (big blind) showed [Qd Jc] and lost with high card Ace
Seat 6: vezis3 folded before Flop (didn't bet)



PokerStars Hand #254409997254:  Hold'em No Limit ($0.50/$1.00 USD) - 2025/01/17 3:38:29 WET [2025/01/16 22:38:29 ET]
Table 'Anza III' 6-max Seat #3 is the button
Seat 1: rostickkin ($131.47 in chips) is sitting out
Seat 6: vezis3 ($114.47 in chips) is sitting out
Seat 2: Overmyrange ($144 in chips) 
Seat 3: MaRKiToScoK ($240.86 in chips) 
Seat 5: Xenicide ($100 in chips) 
Xenicide: posts small blind $0.50
vezis3: is sitting out 
rostickkin: is sitting out 
Overmyrange: posts big blind $1
*** HOLE CARDS ***
rostickkin leaves the table
MaRKiToScoK: folds 
Xenicide: folds 
Uncalled bet ($0.50) returned to Overmyrange
vezis3 leaves the table
Overmyrange collected $1 from pot
MaRKiToScoK leaves the table
Overmyrange: doesn't show hand 
*** SUMMARY ***
Total pot $1 | Rake $0 
Seat 1: rostickkin
Seat 6: vezis3
Seat 2: Overmyrange (big blind) collected ($1)
Seat 3: MaRKiToScoK (button) folded before Flop (didn't bet)
Seat 5: Xenicide (small blind) folded before Flop



PokerStars Hand #254409835189:  Hold'em No Limit ($0.50/$1.00 USD) - 2025/01/17 3:17:02 WET [2025/01/16 22:17:02 ET]
Table 'Anza III' 6-max Seat #3 is the button
Seat 3: 50CandyJoe ($234.58 in chips) 
Seat 6: p0pa4poker ($108 in chips) 
50CandyJoe: posts small blind $0.50
p0pa4poker: posts big blind $1
*** HOLE CARDS ***
50CandyJoe: calls $0.50
p0pa4poker: raises $5 to $6
50CandyJoe: folds 
Uncalled bet ($5) returned to p0pa4poker
p0pa4poker collected $2 from pot
p0pa4poker: doesn't show hand 
*** SUMMARY ***
Total pot $2 | Rake $0 
Seat 3: 50CandyJoe (button) (small blind) folded before Flop
Seat 6: p0pa4poker (big blind) collected ($2)



PokerStars Hand #254409836665:  Hold'em No Limit ($0.50/$1.00 USD) - 2025/01/17 3:17:13 WET [2025/01/16 22:17:13 ET]
Table 'Anza III' 6-max Seat #6 is the button
Seat 3: 50CandyJoe ($233.58 in chips) 
Seat 6: p0pa4poker ($109 in chips) 
p0pa4poker: posts small blind $0.50
50CandyJoe: posts big blind $1
*** HOLE CARDS ***
p0pa4poker: raises $1.50 to $2.50
50CandyJoe: raises $10 to $12.50
p0pa4poker: calls $10
*** FLOP *** [Qh 7d Kh]
50CandyJoe: bets $7.92
p0pa4poker: calls $7.92
*** TURN *** [Qh 7d Kh] [4h]
50CandyJoe: checks 
p0pa4poker: checks 
*** RIVER *** [Qh 7d Kh 4h] [Kc]
50CandyJoe: checks 
p0pa4poker: bets $30.68
50CandyJoe: folds 
Uncalled bet ($30.68) returned to p0pa4poker
p0pa4poker collected $39.84 from pot
p0pa4poker: doesn't show hand 
*** SUMMARY ***
Total pot $40.84 | Rake $1 
Board [Qh 7d Kh 4h Kc]
Seat 3: 50CandyJoe (big blind) folded on the River
Seat 6: p0pa4poker (button) (small blind) collected ($39.84)



PokerStars Hand #254409854433:  Hold'em No Limit ($0.50/$1.00 USD) - 2025/01/17 3:19:29 WET [2025/01/16 22:19:29 ET]
Table 'Anza III' 6-max Seat #1 is the button
Seat 5: Xenicide ($100 in chips) is sitting out
Seat 1: Supermegopro ($100 in chips) 
Seat 3: 50CandyJoe ($213.16 in chips) 
Supermegopro is connected 
Supermegopro: posts small blind $0.50
50CandyJoe: posts big blind $1
*** HOLE CARDS ***
Supermegopro: raises $2 to $3
50CandyJoe: calls $2
*** FLOP *** [5d 4s 2c]
50CandyJoe: checks 
Supermegopro: bets $2.85
Overmyrange joins the table at seat #2 
50CandyJoe: folds 
Uncalled bet ($2.85) returned to Supermegopro
Supermegopro collected $5.70 from pot
Supermegopro: doesn't show hand 
*** SUMMARY ***
Total pot $6 | Rake $0.30 
Board [5d 4s 2c]
Seat 5: Xenicide
Seat 1: Supermegopro (button) (small blind) collected ($5.70)
Seat 3: 50CandyJoe (big blind) folded on the Flop



PokerStars Hand #254409856408:  Hold'em No Limit ($0.50/$1.00 USD) - 2025/01/17 3:19:44 WET [2025/01/16 22:19:44 ET]
Table 'Anza III' 6-max Seat #3 is the button
Seat 5: Xenicide ($100 in chips) is sitting out
Seat 1: Supermegopro ($102.70 in chips) 
Seat 2: Overmyrange ($100 in chips) 
Seat 3: 50CandyJoe ($210.16 in chips) 
Supermegopro: posts small blind $0.50
Overmyrange: posts big blind $1
*** HOLE CARDS ***
50CandyJoe: raises $1.50 to $2.50
Supermegopro: folds 
Overmyrange: folds 
Uncalled bet ($1.50) returned to 50CandyJoe
50CandyJoe collected $2.50 from pot
50CandyJoe: doesn't show hand 
*** SUMMARY ***
Total pot $2.50 | Rake $0 
Seat 5: Xenicide
Seat 1: Supermegopro (small blind) folded before Flop
Seat 2: Overmyrange (big blind) folded before Flop
Seat 3: 50CandyJoe (button) collected ($2.50)



PokerStars Hand #254409857603:  Hold'em No Limit ($0.50/$1.00 USD) - 2025/01/17 3:19:53 WET [2025/01/16 22:19:53 ET]
Table 'Anza III' 6-max Seat #1 is the button
Seat 5: Xenicide ($100 in chips) is sitting out
Seat 1: Supermegopro ($102.20 in chips) 
Seat 2: Overmyrange ($100 in chips) 
Seat 3: 50CandyJoe ($211.66 in chips) 
Overmyrange: posts small blind $0.50
50CandyJoe: posts big blind $1
Xenicide: sits out 
*** HOLE CARDS ***
Supermegopro: folds 
vezis3 joins the table at seat #6 
Overmyrange: raises $2.25 to $3.25
50CandyJoe: raises $7.75 to $11
Overmyrange: folds 
Uncalled bet ($7.75) returned to 50CandyJoe
50CandyJoe collected $6.50 from pot
50CandyJoe: doesn't show hand 
*** SUMMARY ***
Total pot $6.50 | Rake $0 
Seat 5: Xenicide
Seat 1: Supermegopro (button) folded before Flop (didn't bet)
Seat 2: Overmyrange (small blind) folded before Flop
Seat 3: 50CandyJoe (big blind) collected ($6.50)



PokerStars Hand #254409862057:  Hold'em No Limit ($0.50/$1.00 USD) - 2025/01/17 3:20:27 WET [2025/01/16 22:20:27 ET]
Table 'Anza III' 6-max Seat #2 is the button
Seat 6: vezis3 ($133.36 in chips) is sitting out
Seat 1: Supermegopro ($102.20 in chips) 
Seat 2: Overmyrange ($100 in chips) 
Seat 3: 50CandyJoe ($214.91 in chips) 
Seat 5: Xenicide ($100 in chips) 
50CandyJoe: posts small blind $0.50
Xenicide: posts big blind $1
vezis3: sits out 
*** HOLE CARDS ***
Supermegopro: folds 
Overmyrange: raises $2 to $3
50CandyJoe: folds 
Xenicide: raises $7.50 to $10.50
Overmyrange: calls $7.50
*** FLOP *** [Kc Th Ts]
Xenicide: bets $5.13
Overmyrange: folds 
Uncalled bet ($5.13) returned to Xenicide
Xenicide collected $20.50 from pot
Xenicide: doesn't show hand 
*** SUMMARY ***
Total pot $21.50 | Rake $1 
Board [Kc Th Ts]
Seat 6: vezis3
Seat 1: Supermegopro folded before Flop (didn't bet)
Seat 2: Overmyrange (button) folded on the Flop
Seat 3: 50CandyJoe (small blind) folded before Flop
Seat 5: Xenicide (big blind) collected ($20.50)



PokerStars Hand #254409869812:  Hold'em No Limit ($0.50/$1.00 USD) - 2025/01/17 3:21:27 WET [2025/01/16 22:21:27 ET]
Table 'Anza III' 6-max Seat #3 is the button
Seat 1: Supermegopro ($102.20 in chips) 
Seat 2: Overmyrange ($100 in chips) 
Seat 3: 50CandyJoe ($214.41 in chips) 
Seat 5: Xenicide ($110 in chips) 
Seat 6: vezis3 ($133.36 in chips) 
Xenicide: posts small blind $0.50
vezis3: posts big blind $1
*** HOLE CARDS ***
Supermegopro: folds 
Overmyrange: folds 
50CandyJoe: raises $6 to $7
Xenicide: folds 
vezis3: folds 
Uncalled bet ($6) returned to 50CandyJoe
Overmyrange leaves the table
50CandyJoe collected $2.50 from pot
50CandyJoe: doesn't show hand 
*** SUMMARY ***
Total pot $2.50 | Rake $0 
Seat 1: Supermegopro folded before Flop (didn't bet)
Seat 2: Overmyrange folded before Flop (didn't bet)
Seat 3: 50CandyJoe (button) collected ($2.50)
Seat 5: Xenicide (small blind) folded before Flop
Seat 6: vezis3 (big blind) folded before Flop



PokerStars Hand #254409872458:  Hold'em No Limit ($0.50/$1.00 USD) - 2025/01/17 3:21:47 WET [2025/01/16 22:21:47 ET]
Table 'Anza III' 6-max Seat #5 is the button
Seat 1: Supermegopro ($102.20 in chips) 
Seat 3: 50CandyJoe ($215.91 in chips) 
Seat 5: Xenicide ($109.50 in chips) 
Seat 6: vezis3 ($132.36 in chips) 
vezis3: posts small blind $0.50
Supermegopro: posts big blind $1
*** HOLE CARDS ***
50CandyJoe: folds 
Xenicide: folds 
vezis3: folds 
Uncalled bet ($0.50) returned to Supermegopro
Supermegopro collected $1 from pot
Supermegopro: doesn't show hand 
*** SUMMARY ***
Total pot $1 | Rake $0 
Seat 1: Supermegopro (big blind) collected ($1)
Seat 3: 50CandyJoe folded before Flop (didn't bet)
Seat 5: Xenicide (button) folded before Flop (didn't bet)
Seat 6: vezis3 (small blind) folded before Flop



PokerStars Hand #254409873491:  Hold'em No Limit ($0.50/$1.00 USD) - 2025/01/17 3:21:55 WET [2025/01/16 22:21:55 ET]
Table 'Anza III' 6-max Seat #6 is the button
Seat 1: Supermegopro ($102.70 in chips) 
Seat 3: 50CandyJoe ($215.91 in chips) 
Seat 5: Xenicide ($109.50 in chips) 
Seat 6: vezis3 ($131.86 in chips) 
Supermegopro: posts small blind $0.50
50CandyJoe: posts big blind $1
*** HOLE CARDS ***
Xenicide: folds 
vezis3: folds 
Supermegopro: folds 
Uncalled bet ($0.50) returned to 50CandyJoe
50CandyJoe collected $1 from pot
50CandyJoe: doesn't show hand 
*** SUMMARY ***
Total pot $1 | Rake $0 
Seat 1: Supermegopro (small blind) folded before Flop
Seat 3: 50CandyJoe (big blind) collected ($1)
Seat 5: Xenicide folded before Flop (didn't bet)
Seat 6: vezis3 (button) folded before Flop (didn't bet)



PokerStars Hand #254409875499:  Hold'em No Limit ($0.50/$1.00 USD) - 2025/01/17 3:22:11 WET [2025/01/16 22:22:11 ET]
Table 'Anza III' 6-max Seat #1 is the button
Seat 1: Supermegopro ($102.20 in chips) 
Seat 3: 50CandyJoe ($216.41 in chips) 
Seat 5: Xenicide ($109.50 in chips) 
Seat 6: vezis3 ($131.86 in chips) 
50CandyJoe: posts small blind $0.50
Xenicide: posts big blind $1
*** HOLE CARDS ***
vezis3: folds 
Supermegopro: raises $1.50 to $2.50
50CandyJoe: raises $7.50 to $10
Xenicide: folds 
Supermegopro: folds 
Uncalled bet ($7.50) returned to 50CandyJoe
50CandyJoe collected $6 from pot
50CandyJoe: doesn't show hand 
vezis3 leaves the table
*** SUMMARY ***
Total pot $6 | Rake $0 
Seat 1: Supermegopro (button) folded before Flop
Seat 3: 50CandyJoe (small blind) collected ($6)
Seat 5: Xenicide (big blind) folded before Flop
Seat 6: vezis3 folded before Flop (didn't bet)



PokerStars Hand #254409877888:  Hold'em No Limit ($0.50/$1.00 USD) - 2025/01/17 3:22:29 WET [2025/01/16 22:22:29 ET]
Table 'Anza III' 6-max Seat #3 is the button
Seat 1: Supermegopro ($100 in chips) 
Seat 3: 50CandyJoe ($219.91 in chips) 
Seat 5: Xenicide ($108.50 in chips) 
Xenicide: posts small blind $0.50
Supermegopro: posts big blind $1
*** HOLE CARDS ***
50CandyJoe: raises $8 to $9
Xenicide: folds 
Supermegopro: folds 
Uncalled bet ($8) returned to 50CandyJoe
50CandyJoe collected $2.50 from pot
50CandyJoe: doesn't show hand 
*** SUMMARY ***
Total pot $2.50 | Rake $0 
Seat 1: Supermegopro (big blind) folded before Flop
Seat 3: 50CandyJoe (button) collected ($2.50)
Seat 5: Xenicide (small blind) folded before Flop



PokerStars Hand #254409879066:  Hold'em No Limit ($0.50/$1.00 USD) - 2025/01/17 3:22:38 WET [2025/01/16 22:22:38 ET]
Table 'Anza III' 6-max Seat #5 is the button
Seat 1: Supermegopro ($100 in chips) 
Seat 3: 50CandyJoe ($221.41 in chips) 
Seat 5: Xenicide ($108 in chips) 
Supermegopro: posts small blind $0.50
50CandyJoe: posts big blind $1
*** HOLE CARDS ***
Overmyrange joins the table at seat #2 
Xenicide: raises $1.25 to $2.25
Supermegopro: folds 
50CandyJoe: folds 
Uncalled bet ($1.25) returned to Xenicide
Xenicide collected $2.50 from pot
*** SUMMARY ***
Total pot $2.50 | Rake $0 
Seat 1: Supermegopro (small blind) folded before Flop
Seat 3: 50CandyJoe (big blind) folded before Flop
Seat 5: Xenicide (button) collected ($2.50)



PokerStars Hand #254409880462:  Hold'em No Limit ($0.50/$1.00 USD) - 2025/01/17 3:22:50 WET [2025/01/16 22:22:50 ET]
Table 'Anza III' 6-max Seat #1 is the button
Seat 2: Overmyrange ($100 in chips) is sitting out
Seat 1: Supermegopro ($100 in chips) 
Seat 3: 50CandyJoe ($220.41 in chips) 
Seat 5: Xenicide ($109.50 in chips) 
50CandyJoe: posts small blind $0.50
Xenicide: posts big blind $1
*** HOLE CARDS ***
sekoo1 joins the table at seat #4 
Supermegopro: raises $1.50 to $2.50
sekoo1 is disconnected 
50CandyJoe: folds 
vezis3 joins the table at seat #6 
Xenicide: calls $1.50
*** FLOP *** [Qc Jd Kh]
Xenicide: checks 
Supermegopro: checks 
*** TURN *** [Qc Jd Kh] [9c]
Xenicide: checks 
Supermegopro: checks 
*** RIVER *** [Qc Jd Kh 9c] [Qs]
Xenicide: bets $2.61
Supermegopro: folds 
Uncalled bet ($2.61) returned to Xenicide
Xenicide collected $5.22 from pot
Xenicide: doesn't show hand 
*** SUMMARY ***
Total pot $5.50 | Rake $0.28 
Board [Qc Jd Kh 9c Qs]
Seat 2: Overmyrange
Seat 1: Supermegopro (button) folded on the River
Seat 3: 50CandyJoe (small blind) folded before Flop
Seat 5: Xenicide (big blind) collected ($5.22)



PokerStars Hand #254409888724:  Hold'em No Limit ($0.50/$1.00 USD) - 2025/01/17 3:23:55 WET [2025/01/16 22:23:55 ET]
Table 'Anza III' 6-max Seat #3 is the button
Seat 2: Overmyrange ($100 in chips) is sitting out
Seat 4: sekoo1 ($40 in chips) is sitting out
Seat 1: Supermegopro ($100 in chips) 
Seat 3: 50CandyJoe ($219.91 in chips) 
Seat 5: Xenicide ($112.22 in chips) 
Seat 6: vezis3 ($131.86 in chips) 
Xenicide: posts small blind $0.50
vezis3: posts big blind $1
Overmyrange: sits out 
*** HOLE CARDS ***
Supermegopro: folds 
50CandyJoe: raises $1.50 to $2.50
Xenicide: folds 
vezis3: folds 
Uncalled bet ($1.50) returned to 50CandyJoe
50CandyJoe collected $2.50 from pot
50CandyJoe: doesn't show hand 
*** SUMMARY ***
Total pot $2.50 | Rake $0 
Seat 2: Overmyrange
Seat 4: sekoo1
Seat 1: Supermegopro folded before Flop (didn't bet)
Seat 3: 50CandyJoe (button) collected ($2.50)
Seat 5: Xenicide (small blind) folded before Flop
Seat 6: vezis3 (big blind) folded before Flop



PokerStars Hand #254409891353:  Hold'em No Limit ($0.50/$1.00 USD) - 2025/01/17 3:24:16 WET [2025/01/16 22:24:16 ET]
Table 'Anza III' 6-max Seat #5 is the button
Seat 2: Overmyrange ($100 in chips) is sitting out
Seat 1: Supermegopro ($100 in chips) 
Seat 3: 50CandyJoe ($221.41 in chips) 
Seat 4: sekoo1 ($40 in chips) 
Seat 5: Xenicide ($111.72 in chips) 
Seat 6: vezis3 ($130.86 in chips) 
vezis3: posts small blind $0.50
Supermegopro: posts big blind $1
Overmyrange: sits out 
sekoo1: posts big blind $1
*** HOLE CARDS ***
50CandyJoe: folds 
sekoo1: checks 
Xenicide: raises $3.50 to $4.50
vezis3: folds 
Supermegopro: raises $10.50 to $15
sekoo1: folds 
Xenicide: folds 
Uncalled bet ($10.50) returned to Supermegopro
Supermegopro collected $10.50 from pot
Supermegopro: doesn't show hand 
*** SUMMARY ***
Total pot $10.50 | Rake $0 
Seat 2: Overmyrange
Seat 1: Supermegopro (big blind) collected ($10.50)
Seat 3: 50CandyJoe folded before Flop (didn't bet)
Seat 4: sekoo1 folded before Flop (didn't bet)
Seat 5: Xenicide (button) folded before Flop
Seat 6: vezis3 (small blind) folded before Flop



PokerStars Hand #254409894683:  Hold'em No Limit ($0.50/$1.00 USD) - 2025/01/17 3:24:42 WET [2025/01/16 22:24:42 ET]
Table 'Anza III' 6-max Seat #6 is the button
Seat 1: Supermegopro ($106 in chips) 
Seat 2: Overmyrange ($100 in chips) 
Seat 3: 50CandyJoe ($221.41 in chips) 
Seat 4: sekoo1 ($39 in chips) 
Seat 5: Xenicide ($107.22 in chips) 
Seat 6: vezis3 ($130.36 in chips) 
Supermegopro: posts small blind $0.50
Overmyrange: posts big blind $1
*** HOLE CARDS ***
50CandyJoe: folds 
sekoo1: folds 
Xenicide: folds 
vezis3: folds 
Supermegopro: folds 
Uncalled bet ($0.50) returned to Overmyrange
Overmyrange collected $1 from pot
Overmyrange: doesn't show hand 
*** SUMMARY ***
Total pot $1 | Rake $0 
Seat 1: Supermegopro (small blind) folded before Flop
Seat 2: Overmyrange (big blind) collected ($1)
Seat 3: 50CandyJoe folded before Flop (didn't bet)
Seat 4: sekoo1 folded before Flop (didn't bet)
Seat 5: Xenicide folded before Flop (didn't bet)
Seat 6: vezis3 (button) folded before Flop (didn't bet)



PokerStars Hand #254409895825:  Hold'em No Limit ($0.50/$1.00 USD) - 2025/01/17 3:24:52 WET [2025/01/16 22:24:52 ET]
Table 'Anza III' 6-max Seat #1 is the button
Seat 1: Supermegopro ($105.50 in chips) 
Seat 2: Overmyrange ($100.50 in chips) 
Seat 3: 50CandyJoe ($221.41 in chips) 
Seat 4: sekoo1 ($39 in chips) 
Seat 5: Xenicide ($107.22 in chips) 
Seat 6: vezis3 ($130.36 in chips) 
Overmyrange: posts small blind $0.50
50CandyJoe: posts big blind $1
*** HOLE CARDS ***
sekoo1: calls $1
Xenicide: folds 
vezis3: folds 
Supermegopro: raises $3 to $4
Overmyrange: folds 
50CandyJoe: folds 
sekoo1: calls $3
*** FLOP *** [4s 5c 6c]
50CandyJoe leaves the table
MaRKiToScoK joins the table at seat #3 
sekoo1: bets $3.50
Supermegopro: calls $3.50
*** TURN *** [4s 5c 6c] [Qc]
sekoo1: bets $5.50
Supermegopro: folds 
Uncalled bet ($5.50) returned to sekoo1
sekoo1 collected $15.68 from pot
sekoo1: doesn't show hand 
*** SUMMARY ***
Total pot $16.50 | Rake $0.82 
Board [4s 5c 6c Qc]
Seat 1: Supermegopro (button) folded on the Turn
Seat 2: Overmyrange (small blind) folded before Flop
Seat 3: 50CandyJoe (big blind) folded before Flop
Seat 4: sekoo1 collected ($15.68)
Seat 5: Xenicide folded before Flop (didn't bet)
Seat 6: vezis3 folded before Flop (didn't bet)



PokerStars Hand #254409902279:  Hold'em No Limit ($0.50/$1.00 USD) - 2025/01/17 3:25:43 WET [2025/01/16 22:25:43 ET]
Table 'Anza III' 6-max Seat #2 is the button
Seat 3: MaRKiToScoK ($247.94 in chips) is sitting out
Seat 1: Supermegopro ($100 in chips) 
Seat 2: Overmyrange ($100 in chips) 
Seat 4: sekoo1 ($47.18 in chips) 
Seat 5: Xenicide ($107.22 in chips) 
Seat 6: vezis3 ($130.36 in chips) 
sekoo1: posts small blind $0.50
Xenicide: posts big blind $1
*** HOLE CARDS ***
vezis3: raises $1 to $2
Supermegopro: folds 
Supermegopro leaves the table
Overmyrange: folds 
sekoo1: raises $3.50 to $5.50
Xenicide: folds 
rostickkin joins the table at seat #1 
vezis3: raises $74.50 to $80
sekoo1: folds [8s 8c]
Uncalled bet ($74.50) returned to vezis3
vezis3 collected $12 from pot
vezis3: doesn't show hand 
*** SUMMARY ***
Total pot $12 | Rake $0 
Seat 3: MaRKiToScoK
Seat 1: Supermegopro folded before Flop (didn't bet)
Seat 2: Overmyrange (button) folded before Flop (didn't bet)
Seat 4: sekoo1 (small blind) folded before Flop
Seat 5: Xenicide (big blind) folded before Flop
Seat 6: vezis3 collected ($12)



PokerStars Hand #254409907698:  Hold'em No Limit ($0.50/$1.00 USD) - 2025/01/17 3:26:25 WET [2025/01/16 22:26:25 ET]
Table 'Anza III' 6-max Seat #4 is the button
Seat 1: rostickkin ($100 in chips) is sitting out
Seat 3: MaRKiToScoK ($247.94 in chips) is sitting out
Seat 2: Overmyrange ($100 in chips) 
Seat 4: sekoo1 ($41.68 in chips) 
Seat 5: Xenicide ($106.22 in chips) 
Seat 6: vezis3 ($136.86 in chips) 
Xenicide: posts small blind $0.50
vezis3: posts big blind $1
rostickkin: sits out 
MaRKiToScoK: sits out 
*** HOLE CARDS ***
Overmyrange: folds 
sekoo1: folds 
Xenicide: folds 
Uncalled bet ($0.50) returned to vezis3
vezis3 collected $1 from pot
vezis3: doesn't show hand 
*** SUMMARY ***
Total pot $1 | Rake $0 
Seat 1: rostickkin
Seat 3: MaRKiToScoK
Seat 2: Overmyrange folded before Flop (didn't bet)
Seat 4: sekoo1 (button) folded before Flop (didn't bet)
Seat 5: Xenicide (small blind) folded before Flop
Seat 6: vezis3 (big blind) collected ($1)



PokerStars Hand #254409908766:  Hold'em No Limit ($0.50/$1.00 USD) - 2025/01/17 3:26:34 WET [2025/01/16 22:26:34 ET]
Table 'Anza III' 6-max Seat #5 is the button
Seat 3: MaRKiToScoK ($247.94 in chips) is sitting out
Seat 1: rostickkin ($100 in chips) 
Seat 2: Overmyrange ($100 in chips) 
Seat 4: sekoo1 ($41.68 in chips) 
Seat 5: Xenicide ($105.72 in chips) 
Seat 6: vezis3 ($137.36 in chips) 
vezis3: posts small blind $0.50
rostickkin: posts big blind $1
MaRKiToScoK: sits out 
*** HOLE CARDS ***
Overmyrange: folds 
sekoo1: calls $1
Xenicide: folds 
vezis3: folds 
rostickkin: checks 
*** FLOP *** [3d 9s Qh]
rostickkin: checks 
sekoo1: checks 
*** TURN *** [3d 9s Qh] [7d]
rostickkin: checks 
sekoo1: bets $1.38
rostickkin: folds 
Uncalled bet ($1.38) returned to sekoo1
sekoo1 collected $2.38 from pot
*** SUMMARY ***
Total pot $2.50 | Rake $0.12 
Board [3d 9s Qh 7d]
Seat 3: MaRKiToScoK
Seat 1: rostickkin (big blind) folded on the Turn
Seat 2: Overmyrange folded before Flop (didn't bet)
Seat 4: sekoo1 collected ($2.38)
Seat 5: Xenicide (button) folded before Flop (didn't bet)
Seat 6: vezis3 (small blind) folded before Flop



PokerStars Hand #254409912915:  Hold'em No Limit ($0.50/$1.00 USD) - 2025/01/17 3:27:07 WET [2025/01/16 22:27:07 ET]
Table 'Anza III' 6-max Seat #6 is the button
Seat 3: MaRKiToScoK ($247.94 in chips) is sitting out
Seat 1: rostickkin ($100 in chips) 
Seat 2: Overmyrange ($100 in chips) 
Seat 4: sekoo1 ($43.06 in chips) 
Seat 5: Xenicide ($105.72 in chips) 
Seat 6: vezis3 ($136.86 in chips) 
rostickkin: posts small blind $0.50
Overmyrange: posts big blind $1
MaRKiToScoK: sits out 
*** HOLE CARDS ***
sekoo1: calls $1
Xenicide: folds 
vezis3: folds 
rostickkin: raises $4 to $5
Overmyrange: calls $4
sekoo1: calls $4
*** FLOP *** [9d 3h 7s]
rostickkin: bets $4.85
Overmyrange: calls $4.85
sekoo1: folds 
*** TURN *** [9d 3h 7s] [Tc]
rostickkin: bets $17.83
Overmyrange: folds 
Uncalled bet ($17.83) returned to rostickkin
rostickkin collected $23.46 from pot
rostickkin: doesn't show hand 
*** SUMMARY ***
Total pot $24.70 | Rake $1.24 
Board [9d 3h 7s Tc]
Seat 3: MaRKiToScoK
Seat 1: rostickkin (small blind) collected ($23.46)
Seat 2: Overmyrange (big blind) folded on the Turn
Seat 4: sekoo1 folded on the Flop
Seat 5: Xenicide folded before Flop (didn't bet)
Seat 6: vezis3 (button) folded before Flop (didn't bet)



PokerStars Hand #254409919741:  Hold'em No Limit ($0.50/$1.00 USD) - 2025/01/17 3:28:01 WET [2025/01/16 22:28:01 ET]
Table 'Anza III' 6-max Seat #1 is the button
Seat 1: rostickkin ($113.61 in chips) 
Seat 2: Overmyrange ($100 in chips) 
Seat 3: MaRKiToScoK ($247.94 in chips) 
Seat 4: sekoo1 ($38.06 in chips) 
Seat 5: Xenicide ($105.72 in chips) 
Seat 6: vezis3 ($136.86 in chips) 
Overmyrange: posts small blind $0.50
MaRKiToScoK: posts big blind $1
*** HOLE CARDS ***
sekoo1: folds 
Xenicide: folds 
vezis3: folds 
rostickkin: raises $1.50 to $2.50
Overmyrange: folds 
MaRKiToScoK: calls $1.50
*** FLOP *** [6d 5h Ad]
MaRKiToScoK: checks 
rostickkin: checks 
*** TURN *** [6d 5h Ad] [7s]
MaRKiToScoK: checks 
rostickkin: checks 
*** RIVER *** [6d 5h Ad 7s] [Kc]
MaRKiToScoK: checks 
rostickkin: bets $2.66
MaRKiToScoK: raises $16.84 to $19.50
rostickkin: folds 
Uncalled bet ($16.84) returned to MaRKiToScoK
MaRKiToScoK collected $10.28 from pot
*** SUMMARY ***
Total pot $10.82 | Rake $0.54 
Board [6d 5h Ad 7s Kc]
Seat 1: rostickkin (button) folded on the River
Seat 2: Overmyrange (small blind) folded before Flop
Seat 3: MaRKiToScoK (big blind) collected ($10.28)
Seat 4: sekoo1 folded before Flop (didn't bet)
Seat 5: Xenicide folded before Flop (didn't bet)
Seat 6: vezis3 folded before Flop (didn't bet)



PokerStars Hand #254409926478:  Hold'em No Limit ($0.50/$1.00 USD) - 2025/01/17 3:28:55 WET [2025/01/16 22:28:55 ET]
Table 'Anza III' 6-max Seat #2 is the button
Seat 1: rostickkin ($108.45 in chips) 
Seat 2: Overmyrange ($100 in chips) 
Seat 3: MaRKiToScoK ($253.06 in chips) 
Seat 4: sekoo1 ($38.06 in chips) 
Seat 5: Xenicide ($105.72 in chips) 
Seat 6: vezis3 ($136.86 in chips) 
MaRKiToScoK: posts small blind $0.50
sekoo1: posts big blind $1
*** HOLE CARDS ***
Xenicide: folds 
vezis3: folds 
rostickkin: raises $1.50 to $2.50
Overmyrange: folds 
MaRKiToScoK: folds 
sekoo1: folds 
Uncalled bet ($1.50) returned to rostickkin
rostickkin collected $2.50 from pot
rostickkin: doesn't show hand 
*** SUMMARY ***
Total pot $2.50 | Rake $0 
Seat 1: rostickkin collected ($2.50)
Seat 2: Overmyrange (button) folded before Flop (didn't bet)
Seat 3: MaRKiToScoK (small blind) folded before Flop
Seat 4: sekoo1 (big blind) folded before Flop
Seat 5: Xenicide folded before Flop (didn't bet)
Seat 6: vezis3 folded before Flop (didn't bet)



PokerStars Hand #254409930072:  Hold'em No Limit ($0.50/$1.00 USD) - 2025/01/17 3:29:24 WET [2025/01/16 22:29:24 ET]
Table 'Anza III' 6-max Seat #3 is the button
Seat 1: rostickkin ($109.95 in chips) 
Seat 2: Overmyrange ($100 in chips) 
Seat 3: MaRKiToScoK ($252.56 in chips) 
Seat 4: sekoo1 ($37.06 in chips) 
Seat 5: Xenicide ($105.72 in chips) 
Seat 6: vezis3 ($136.86 in chips) 
sekoo1: posts small blind $0.50
Xenicide: posts big blind $1
*** HOLE CARDS ***
vezis3: folds 
rostickkin: folds 
Overmyrange: raises $1.20 to $2.20
MaRKiToScoK: folds 
sekoo1: calls $1.70
Xenicide: raises $10.80 to $13
Overmyrange: raises $14 to $27
sekoo1: folds 
Xenicide: folds 
Uncalled bet ($14) returned to Overmyrange
Overmyrange collected $28.20 from pot
Overmyrange: doesn't show hand 
*** SUMMARY ***
Total pot $28.20 | Rake $0 
Seat 1: rostickkin folded before Flop (didn't bet)
Seat 2: Overmyrange collected ($28.20)
Seat 3: MaRKiToScoK (button) folded before Flop (didn't bet)
Seat 4: sekoo1 (small blind) folded before Flop
Seat 5: Xenicide (big blind) folded before Flop
Seat 6: vezis3 folded before Flop (didn't bet)



PokerStars Hand #254409937695:  Hold'em No Limit ($0.50/$1.00 USD) - 2025/01/17 3:30:25 WET [2025/01/16 22:30:25 ET]
Table 'Anza III' 6-max Seat #4 is the button
Seat 1: rostickkin ($109.95 in chips) 
Seat 2: Overmyrange ($115.20 in chips) 
Seat 3: MaRKiToScoK ($252.56 in chips) 
Seat 4: sekoo1 ($34.86 in chips) 
Seat 5: Xenicide ($100 in chips) 
Seat 6: vezis3 ($136.86 in chips) 
Xenicide: posts small blind $0.50
vezis3: posts big blind $1
*** HOLE CARDS ***
rostickkin: folds 
Overmyrange: raises $1.20 to $2.20
MaRKiToScoK: folds 
sekoo1: calls $2.20
Xenicide: folds 
vezis3: calls $1.20
*** FLOP *** [8s As 2h]
vezis3: checks 
Overmyrange: checks 
sekoo1: checks 
*** TURN *** [8s As 2h] [Qh]
vezis3: bets $2.22
Overmyrange: calls $2.22
sekoo1: folds 
*** RIVER *** [8s As 2h Qh] [Qd]
vezis3: bets $12.06
Overmyrange: calls $12.06
*** SHOW DOWN ***
vezis3: shows [3s 6s] (a pair of Queens)
Overmyrange: shows [Qc 9c] (three of a kind, Queens)
Overmyrange collected $33.88 from pot
*** SUMMARY ***
Total pot $35.66 | Rake $1.78 
Board [8s As 2h Qh Qd]
Seat 1: rostickkin folded before Flop (didn't bet)
Seat 2: Overmyrange showed [Qc 9c] and won ($33.88) with three of a kind, Queens
Seat 3: MaRKiToScoK folded before Flop (didn't bet)
Seat 4: sekoo1 (button) folded on the Turn
Seat 5: Xenicide (small blind) folded before Flop
Seat 6: vezis3 (big blind) showed [3s 6s] and lost with a pair of Queens



PokerStars Hand #254409944925:  Hold'em No Limit ($0.50/$1.00 USD) - 2025/01/17 3:31:24 WET [2025/01/16 22:31:24 ET]
Table 'Anza III' 6-max Seat #5 is the button
Seat 1: rostickkin ($109.95 in chips) 
Seat 2: Overmyrange ($132.60 in chips) 
Seat 3: MaRKiToScoK ($252.56 in chips) 
Seat 4: sekoo1 ($32.66 in chips) 
Seat 5: Xenicide ($100 in chips) 
Seat 6: vezis3 ($120.38 in chips) 
vezis3: posts small blind $0.50
rostickkin: posts big blind $1
*** HOLE CARDS ***
Overmyrange: folds 
MaRKiToScoK: folds 
sekoo1: raises $1.50 to $2.50
Xenicide: folds 
vezis3: calls $2
rostickkin: raises $12.50 to $15
sekoo1: calls $12.50
vezis3: folds 
*** FLOP *** [Jc 4d Jh]
rostickkin: bets $18
sekoo1: folds 
Uncalled bet ($18) returned to rostickkin
rostickkin collected $30.88 from pot
rostickkin: doesn't show hand 
*** SUMMARY ***
Total pot $32.50 | Rake $1.62 
Board [Jc 4d Jh]
Seat 1: rostickkin (big blind) collected ($30.88)
Seat 2: Overmyrange folded before Flop (didn't bet)
Seat 3: MaRKiToScoK folded before Flop (didn't bet)
Seat 4: sekoo1 folded on the Flop
Seat 5: Xenicide (button) folded before Flop (didn't bet)
Seat 6: vezis3 (small blind) folded before Flop



