PokerStars Hand #254410501741:  Hold'em No Limit ($0.50/$1.00 USD) - 2025/01/17 4:57:35 WET [2025/01/16 23:57:35 ET]
Table 'Majuba III' 6-max Seat #5 is the button
Seat 2: Supermegopro ($100 in chips) is sitting out
Seat 1: steelNike ($17.10 in chips) 
Seat 3: ViktoriyaCat ($10 in chips) 
Seat 4: steepfell ($100 in chips) 
Seat 5: B1GBankroll ($100 in chips) 
Seat 6: 7bekon7 ($108.41 in chips) 
7bekon7: posts small blind $0.50
steelNike: posts big blind $1
Supermegopro: sits out 
ViktoriyaCat: posts big blind $1
*** HOLE CARDS ***
ViktoriyaCat: raises $9 to $10 and is all-in
steepfell: folds 
B1GBankroll: calls $10
7bekon7: folds 
steelNike: folds 
*** FLOP *** [4h 2c Jd]
*** TURN *** [4h 2c Jd] [Qh]
*** RIVER *** [4h 2c Jd Qh] [4s]
*** SHOW DOWN ***
ViktoriyaCat: shows [3h Ac] (a pair of Fours)
B1GBankroll: shows [As Jc] (two pair, Jacks and Fours)
B1GBankroll collected $20.42 from pot
*** SUMMARY ***
Total pot $21.50 | Rake $1.08 
Board [4h 2c Jd Qh 4s]
Seat 2: Supermegopro
Seat 1: steelNike (big blind) folded before Flop
Seat 3: ViktoriyaCat showed [3h Ac] and lost with a pair of Fours
Seat 4: steepfell folded before Flop (didn't bet)
Seat 5: B1GBankroll (button) showed [As Jc] and won ($20.42) with two pair, Jacks and Fours
Seat 6: 7bekon7 (small blind) folded before Flop



PokerStars Hand #254410504085:  Hold'em No Limit ($0.50/$1.00 USD) - 2025/01/17 4:58:07 WET [2025/01/16 23:58:07 ET]
Table 'Majuba III' 6-max Seat #6 is the button
Seat 1: steelNike ($16.10 in chips) 
Seat 2: Supermegopro ($100 in chips) 
Seat 4: steepfell ($100 in chips) 
Seat 5: B1GBankroll ($110.42 in chips) 
Seat 6: 7bekon7 ($107.91 in chips) 
steelNike: posts small blind $0.50
Supermegopro: posts big blind $1
*** HOLE CARDS ***
steepfell: folds 
B1GBankroll: raises $1.50 to $2.50
ViktoriyaCat joins the table at seat #3 
ViktoriyaCat is disconnected 
7bekon7: folds 
steelNike: folds 
Supermegopro: folds 
Uncalled bet ($1.50) returned to B1GBankroll
B1GBankroll collected $2.50 from pot
B1GBankroll: doesn't show hand 
*** SUMMARY ***
Total pot $2.50 | Rake $0 
Seat 1: steelNike (small blind) folded before Flop
Seat 2: Supermegopro (big blind) folded before Flop
Seat 4: steepfell folded before Flop (didn't bet)
Seat 5: B1GBankroll collected ($2.50)
Seat 6: 7bekon7 (button) folded before Flop (didn't bet)



PokerStars Hand #254410505433:  Hold'em No Limit ($0.50/$1.00 USD) - 2025/01/17 4:58:24 WET [2025/01/16 23:58:24 ET]
Table 'Majuba III' 6-max Seat #1 is the button
Seat 1: steelNike ($15.60 in chips) 
Seat 2: Supermegopro ($100 in chips) 
Seat 3: ViktoriyaCat ($10 in chips) 
Seat 4: steepfell ($100 in chips) 
Seat 5: B1GBankroll ($111.92 in chips) 
Seat 6: 7bekon7 ($107.91 in chips) 
Supermegopro: posts small blind $0.50
ViktoriyaCat: posts big blind $1
*** HOLE CARDS ***
steepfell: folds 
B1GBankroll: folds 
7bekon7: folds 
steelNike: folds 
Supermegopro: folds 
Uncalled bet ($0.50) returned to ViktoriyaCat
ViktoriyaCat collected $1 from pot
*** SUMMARY ***
Total pot $1 | Rake $0 
Seat 1: steelNike (button) folded before Flop (didn't bet)
Seat 2: Supermegopro (small blind) folded before Flop
Seat 3: ViktoriyaCat (big blind) collected ($1)
Seat 4: steepfell folded before Flop (didn't bet)
Seat 5: B1GBankroll folded before Flop (didn't bet)
Seat 6: 7bekon7 folded before Flop (didn't bet)



PokerStars Hand #254410506678:  Hold'em No Limit ($0.50/$1.00 USD) - 2025/01/17 4:58:40 WET [2025/01/16 23:58:40 ET]
Table 'Majuba III' 6-max Seat #2 is the button
Seat 1: steelNike ($15.60 in chips) 
Seat 2: Supermegopro ($100 in chips) 
Seat 3: ViktoriyaCat ($10.50 in chips) 
Seat 4: steepfell ($100 in chips) 
Seat 5: B1GBankroll ($111.92 in chips) 
Seat 6: 7bekon7 ($107.91 in chips) 
ViktoriyaCat: posts small blind $0.50
steepfell: posts big blind $1
*** HOLE CARDS ***
B1GBankroll: folds 
7bekon7: folds 
steelNike: folds 
Supermegopro: raises $1.50 to $2.50
ViktoriyaCat: folds 
steepfell: folds 
Uncalled bet ($1.50) returned to Supermegopro
Supermegopro collected $2.50 from pot
Supermegopro: doesn't show hand 
*** SUMMARY ***
Total pot $2.50 | Rake $0 
Seat 1: steelNike folded before Flop (didn't bet)
Seat 2: Supermegopro (button) collected ($2.50)
Seat 3: ViktoriyaCat (small blind) folded before Flop
Seat 4: steepfell (big blind) folded before Flop
Seat 5: B1GBankroll folded before Flop (didn't bet)
Seat 6: 7bekon7 folded before Flop (didn't bet)



PokerStars Hand #254410515552:  Hold'em No Limit ($0.50/$1.00 USD) - 2025/01/17 5:00:34 WET [2025/01/17 0:00:34 ET]
Table 'Majuba III' 6-max Seat #2 is the button
Seat 1: steelNike ($24.10 in chips) 
Seat 2: Supermegopro ($100 in chips) 
Seat 3: ViktoriyaCat ($22.28 in chips) 
Seat 4: steepfell ($100 in chips) 
Seat 5: B1GBankroll ($111.92 in chips) 
Seat 6: 7bekon7 ($109.41 in chips) 
ViktoriyaCat: posts small blind $0.50
steepfell: posts big blind $1
*** HOLE CARDS ***
B1GBankroll: folds 
7bekon7: folds 
steelNike: folds 
Supermegopro: raises $1.50 to $2.50
ViktoriyaCat: folds 
steepfell: calls $1.50
*** FLOP *** [3h Ah Td]
steepfell: checks 
Supermegopro: checks 
*** TURN *** [3h Ah Td] [8h]
steepfell: checks 
Supermegopro: checks 
*** RIVER *** [3h Ah Td 8h] [Jh]
steepfell: bets $2.61
Supermegopro: folds 
Uncalled bet ($2.61) returned to steepfell
steepfell collected $5.22 from pot
steepfell: doesn't show hand 
*** SUMMARY ***
Total pot $5.50 | Rake $0.28 
Board [3h Ah Td 8h Jh]
Seat 1: steelNike folded before Flop (didn't bet)
Seat 2: Supermegopro (button) folded on the River
Seat 3: ViktoriyaCat (small blind) folded before Flop
Seat 4: steepfell (big blind) collected ($5.22)
Seat 5: B1GBankroll folded before Flop (didn't bet)
Seat 6: 7bekon7 folded before Flop (didn't bet)



PokerStars Hand #254410519050:  Hold'em No Limit ($0.50/$1.00 USD) - 2025/01/17 5:01:15 WET [2025/01/17 0:01:15 ET]
Table 'Majuba III' 6-max Seat #3 is the button
Seat 1: steelNike ($24.10 in chips) 
Seat 2: Supermegopro ($100 in chips) 
Seat 3: ViktoriyaCat ($21.78 in chips) 
Seat 4: steepfell ($102.72 in chips) 
Seat 5: B1GBankroll ($111.92 in chips) 
Seat 6: 7bekon7 ($109.41 in chips) 
steepfell: posts small blind $0.50
B1GBankroll: posts big blind $1
*** HOLE CARDS ***
7bekon7: raises $1.25 to $2.25
steelNike: folds 
Supermegopro: folds 
ViktoriyaCat: folds 
steepfell: folds 
B1GBankroll: calls $1.25
*** FLOP *** [4s Kd Jh]
B1GBankroll: bets $2.33
7bekon7: calls $2.33
*** TURN *** [4s Kd Jh] [Kc]
B1GBankroll: bets $4.50
7bekon7: folds 
Uncalled bet ($4.50) returned to B1GBankroll
B1GBankroll collected $9.18 from pot
B1GBankroll: doesn't show hand 
*** SUMMARY ***
Total pot $9.66 | Rake $0.48 
Board [4s Kd Jh Kc]
Seat 1: steelNike folded before Flop (didn't bet)
Seat 2: Supermegopro folded before Flop (didn't bet)
Seat 3: ViktoriyaCat (button) folded before Flop (didn't bet)
Seat 4: steepfell (small blind) folded before Flop
Seat 5: B1GBankroll (big blind) collected ($9.18)
Seat 6: 7bekon7 folded on the Turn



PokerStars Hand #254410525580:  Hold'em No Limit ($0.50/$1.00 USD) - 2025/01/17 5:02:28 WET [2025/01/17 0:02:28 ET]
Table 'Majuba III' 6-max Seat #4 is the button
Seat 1: steelNike ($24.10 in chips) 
Seat 2: Supermegopro ($100 in chips) 
Seat 3: ViktoriyaCat ($21.78 in chips) 
Seat 4: steepfell ($102.22 in chips) 
Seat 5: B1GBankroll ($116.52 in chips) 
Seat 6: 7bekon7 ($104.83 in chips) 
B1GBankroll: posts small blind $0.50
7bekon7: posts big blind $1
*** HOLE CARDS ***
steelNike: folds 
Supermegopro: folds 
ViktoriyaCat: folds 
steepfell: folds 
B1GBankroll: folds 
Uncalled bet ($0.50) returned to 7bekon7
7bekon7 collected $1 from pot
7bekon7: doesn't show hand 
*** SUMMARY ***
Total pot $1 | Rake $0 
Seat 1: steelNike folded before Flop (didn't bet)
Seat 2: Supermegopro folded before Flop (didn't bet)
Seat 3: ViktoriyaCat folded before Flop (didn't bet)
Seat 4: steepfell (button) folded before Flop (didn't bet)
Seat 5: B1GBankroll (small blind) folded before Flop
Seat 6: 7bekon7 (big blind) collected ($1)



PokerStars Hand #254410526746:  Hold'em No Limit ($0.50/$1.00 USD) - 2025/01/17 5:02:41 WET [2025/01/17 0:02:41 ET]
Table 'Majuba III' 6-max Seat #5 is the button
Seat 1: steelNike ($24.10 in chips) 
Seat 2: Supermegopro ($100 in chips) 
Seat 3: ViktoriyaCat ($21.78 in chips) 
Seat 4: steepfell ($102.22 in chips) 
Seat 5: B1GBankroll ($116.02 in chips) 
Seat 6: 7bekon7 ($105.33 in chips) 
7bekon7: posts small blind $0.50
steelNike: posts big blind $1
*** HOLE CARDS ***
Supermegopro: raises $1.50 to $2.50
ViktoriyaCat: calls $2.50
steepfell: folds 
B1GBankroll: folds 
7bekon7: folds 
steelNike: folds 
*** FLOP *** [2c Qh 4d]
Supermegopro: bets $3.12
ViktoriyaCat: folds 
Uncalled bet ($3.12) returned to Supermegopro
Supermegopro collected $6.18 from pot
Supermegopro: doesn't show hand 
*** SUMMARY ***
Total pot $6.50 | Rake $0.32 
Board [2c Qh 4d]
Seat 1: steelNike (big blind) folded before Flop
Seat 2: Supermegopro collected ($6.18)
Seat 3: ViktoriyaCat folded on the Flop
Seat 4: steepfell folded before Flop (didn't bet)
Seat 5: B1GBankroll (button) folded before Flop (didn't bet)
Seat 6: 7bekon7 (small blind) folded before Flop



PokerStars Hand #254410529503:  Hold'em No Limit ($0.50/$1.00 USD) - 2025/01/17 5:03:12 WET [2025/01/17 0:03:12 ET]
Table 'Majuba III' 6-max Seat #6 is the button
Seat 1: steelNike ($23.10 in chips) 
Seat 2: Supermegopro ($103.68 in chips) 
Seat 3: ViktoriyaCat ($19.28 in chips) 
Seat 4: steepfell ($102.22 in chips) 
Seat 5: B1GBankroll ($116.02 in chips) 
Seat 6: 7bekon7 ($104.83 in chips) 
steelNike: posts small blind $0.50
Supermegopro: posts big blind $1
*** HOLE CARDS ***
ViktoriyaCat: folds 
steepfell: folds 
B1GBankroll: raises $1.50 to $2.50
7bekon7: folds 
steelNike: raises $3.50 to $6
Supermegopro: folds 
B1GBankroll: raises $3.50 to $9.50
steelNike: raises $13.60 to $23.10 and is all-in
B1GBankroll: calls $13.60
*** FIRST FLOP *** [Ks 4s 8h]
*** FIRST TURN *** [Ks 4s 8h] [8c]
*** FIRST RIVER *** [Ks 4s 8h 8c] [8d]
*** SECOND FLOP *** [Js 4d 5d]
*** SECOND TURN *** [Js 4d 5d] [7d]
*** SECOND RIVER *** [Js 4d 5d 7d] [7c]
*** FIRST SHOW DOWN ***
steelNike: shows [Ad Ah] (a full house, Eights full of Aces)
B1GBankroll: shows [Kd Kh] (a full house, Kings full of Eights)
B1GBankroll collected $22.42 from pot
*** SECOND SHOW DOWN ***
steelNike: shows [Ad Ah] (two pair, Aces and Sevens)
B1GBankroll: shows [Kd Kh] (two pair, Kings and Sevens)
steelNike collected $22.42 from pot
*** SUMMARY ***
Total pot $47.20 | Rake $2.36 
Hand was run twice
FIRST Board [Ks 4s 8h 8c 8d]
SECOND Board [Js 4d 5d 7d 7c]
Seat 1: steelNike (small blind) showed [Ad Ah] and lost with a full house, Eights full of Aces, and won ($22.42) with two pair, Aces and Sevens
Seat 2: Supermegopro (big blind) folded before Flop
Seat 3: ViktoriyaCat folded before Flop (didn't bet)
Seat 4: steepfell folded before Flop (didn't bet)
Seat 5: B1GBankroll showed [Kd Kh] and won ($22.42) with a full house, Kings full of Eights, and lost with two pair, Kings and Sevens
Seat 6: 7bekon7 (button) folded before Flop (didn't bet)



PokerStars Hand #254410536341:  Hold'em No Limit ($0.50/$1.00 USD) - 2025/01/17 5:04:29 WET [2025/01/17 0:04:29 ET]
Table 'Majuba III' 6-max Seat #1 is the button
Seat 1: steelNike ($22.42 in chips) 
Seat 2: Supermegopro ($102.68 in chips) 
Seat 3: ViktoriyaCat ($19.28 in chips) 
Seat 4: steepfell ($102.22 in chips) 
Seat 5: B1GBankroll ($115.34 in chips) 
Seat 6: 7bekon7 ($104.83 in chips) 
Supermegopro: posts small blind $0.50
ViktoriyaCat: posts big blind $1
*** HOLE CARDS ***
steepfell: folds 
B1GBankroll: folds 
7bekon7: raises $1.50 to $2.50
steelNike: folds 
Supermegopro: raises $9.50 to $12
ViktoriyaCat: folds 
7bekon7: raises $12.50 to $24.50
Supermegopro: folds 
Uncalled bet ($12.50) returned to 7bekon7
7bekon7 collected $25 from pot
7bekon7: doesn't show hand 
*** SUMMARY ***
Total pot $25 | Rake $0 
Seat 1: steelNike (button) folded before Flop (didn't bet)
Seat 2: Supermegopro (small blind) folded before Flop
Seat 3: ViktoriyaCat (big blind) folded before Flop
Seat 4: steepfell folded before Flop (didn't bet)
Seat 5: B1GBankroll folded before Flop (didn't bet)
Seat 6: 7bekon7 collected ($25)



PokerStars Hand #254410539803:  Hold'em No Limit ($0.50/$1.00 USD) - 2025/01/17 5:05:08 WET [2025/01/17 0:05:08 ET]
Table 'Majuba III' 6-max Seat #2 is the button
Seat 1: steelNike ($22.42 in chips) 
Seat 2: Supermegopro ($100 in chips) 
Seat 3: ViktoriyaCat ($18.28 in chips) 
Seat 4: steepfell ($102.22 in chips) 
Seat 5: B1GBankroll ($115.34 in chips) 
Seat 6: 7bekon7 ($117.83 in chips) 
ViktoriyaCat: posts small blind $0.50
steepfell: posts big blind $1
*** HOLE CARDS ***
B1GBankroll: folds 
7bekon7: raises $1.25 to $2.25
steelNike: folds 
Supermegopro: folds 
ViktoriyaCat: folds 
steepfell: folds 
Uncalled bet ($1.25) returned to 7bekon7
7bekon7 collected $2.50 from pot
7bekon7: doesn't show hand 
*** SUMMARY ***
Total pot $2.50 | Rake $0 
Seat 1: steelNike folded before Flop (didn't bet)
Seat 2: Supermegopro (button) folded before Flop (didn't bet)
Seat 3: ViktoriyaCat (small blind) folded before Flop
Seat 4: steepfell (big blind) folded before Flop
Seat 5: B1GBankroll folded before Flop (didn't bet)
Seat 6: 7bekon7 collected ($2.50)



PokerStars Hand #254410540668:  Hold'em No Limit ($0.50/$1.00 USD) - 2025/01/17 5:05:18 WET [2025/01/17 0:05:18 ET]
Table 'Majuba III' 6-max Seat #3 is the button
Seat 1: steelNike ($22.42 in chips) 
Seat 2: Supermegopro ($100 in chips) 
Seat 3: ViktoriyaCat ($17.78 in chips) 
Seat 4: steepfell ($101.22 in chips) 
Seat 5: B1GBankroll ($115.34 in chips) 
Seat 6: 7bekon7 ($119.33 in chips) 
steepfell: posts small blind $0.50
B1GBankroll: posts big blind $1
*** HOLE CARDS ***
7bekon7: folds 
steelNike: folds 
Supermegopro: raises $1.50 to $2.50
ViktoriyaCat: calls $2.50
steepfell: folds 
B1GBankroll: folds 
*** FLOP *** [3c 2s 3d]
Supermegopro: bets $3.09
ViktoriyaCat: raises $12.19 to $15.28 and is all-in
Supermegopro: folds 
Uncalled bet ($12.19) returned to ViktoriyaCat
ViktoriyaCat collected $12.05 from pot
*** SUMMARY ***
Total pot $12.68 | Rake $0.63 
Board [3c 2s 3d]
Seat 1: steelNike folded before Flop (didn't bet)
Seat 2: Supermegopro folded on the Flop
Seat 3: ViktoriyaCat (button) collected ($12.05)
Seat 4: steepfell (small blind) folded before Flop
Seat 5: B1GBankroll (big blind) folded before Flop
Seat 6: 7bekon7 folded before Flop (didn't bet)



PokerStars Hand #254410543033:  Hold'em No Limit ($0.50/$1.00 USD) - 2025/01/17 5:05:46 WET [2025/01/17 0:05:46 ET]
Table 'Majuba III' 6-max Seat #4 is the button
Seat 1: steelNike ($22.42 in chips) 
Seat 2: Supermegopro ($100 in chips) 
Seat 3: ViktoriyaCat ($24.24 in chips) 
Seat 4: steepfell ($100.72 in chips) 
Seat 5: B1GBankroll ($114.34 in chips) 
Seat 6: 7bekon7 ($119.33 in chips) 
B1GBankroll: posts small blind $0.50
7bekon7: posts big blind $1
*** HOLE CARDS ***
steelNike: folds 
Supermegopro: folds 
ViktoriyaCat: folds 
steepfell: folds 
B1GBankroll: folds 
Uncalled bet ($0.50) returned to 7bekon7
7bekon7 collected $1 from pot
7bekon7: doesn't show hand 
*** SUMMARY ***
Total pot $1 | Rake $0 
Seat 1: steelNike folded before Flop (didn't bet)
Seat 2: Supermegopro folded before Flop (didn't bet)
Seat 3: ViktoriyaCat folded before Flop (didn't bet)
Seat 4: steepfell (button) folded before Flop (didn't bet)
Seat 5: B1GBankroll (small blind) folded before Flop
Seat 6: 7bekon7 (big blind) collected ($1)



PokerStars Hand #254410544340:  Hold'em No Limit ($0.50/$1.00 USD) - 2025/01/17 5:06:01 WET [2025/01/17 0:06:01 ET]
Table 'Majuba III' 6-max Seat #5 is the button
Seat 1: steelNike ($22.42 in chips) 
Seat 2: Supermegopro ($100 in chips) 
Seat 3: ViktoriyaCat ($24.24 in chips) 
Seat 4: steepfell ($100.72 in chips) 
Seat 5: B1GBankroll ($113.84 in chips) 
Seat 6: 7bekon7 ($119.83 in chips) 
7bekon7: posts small blind $0.50
steelNike: posts big blind $1
*** HOLE CARDS ***
Supermegopro: folds 
ViktoriyaCat: raises $2.50 to $3.50
steepfell: folds 
B1GBankroll: folds 
7bekon7: folds 
steelNike: raises $18.92 to $22.42 and is all-in
ViktoriyaCat: calls $18.92
*** FLOP *** [Jh 7h 6h]
*** TURN *** [Jh 7h 6h] [3d]
*** RIVER *** [Jh 7h 6h 3d] [Ac]
*** SHOW DOWN ***
steelNike: shows [Qc As] (a pair of Aces)
ViktoriyaCat: shows [Ks Ts] (high card Ace)
steelNike collected $43.07 from pot
*** SUMMARY ***
Total pot $45.34 | Rake $2.27 
Board [Jh 7h 6h 3d Ac]
Seat 1: steelNike (big blind) showed [Qc As] and won ($43.07) with a pair of Aces
Seat 2: Supermegopro folded before Flop (didn't bet)
Seat 3: ViktoriyaCat showed [Ks Ts] and lost with high card Ace
Seat 4: steepfell folded before Flop (didn't bet)
Seat 5: B1GBankroll (button) folded before Flop (didn't bet)
Seat 6: 7bekon7 (small blind) folded before Flop



PokerStars Hand #254410547227:  Hold'em No Limit ($0.50/$1.00 USD) - 2025/01/17 5:06:33 WET [2025/01/17 0:06:33 ET]
Table 'Majuba III' 6-max Seat #6 is the button
Seat 1: steelNike ($43.07 in chips) 
Seat 2: Supermegopro ($100 in chips) 
Seat 3: ViktoriyaCat ($1.82 in chips) 
Seat 4: steepfell ($100.72 in chips) 
Seat 5: B1GBankroll ($113.84 in chips) 
Seat 6: 7bekon7 ($119.33 in chips) 
steelNike: posts small blind $0.50
Supermegopro: posts big blind $1
*** HOLE CARDS ***
ViktoriyaCat: folds 
ViktoriyaCat leaves the table
steepfell: folds 
B1GBankroll: folds 
7bekon7: raises $1.25 to $2.25
steelNike: folds 
Supermegopro: calls $1.25
*** FLOP *** [7s Qs 3h]
Supermegopro: checks 
7bekon7: checks 
*** TURN *** [7s Qs 3h] [7h]
Supermegopro: bets $7.13
7bekon7: calls $7.13
*** RIVER *** [7s Qs 3h 7h] [9h]
Supermegopro: bets $15.56
7bekon7: folds 
Uncalled bet ($15.56) returned to Supermegopro
Supermegopro collected $18.30 from pot
Supermegopro: doesn't show hand 
*** SUMMARY ***
Total pot $19.26 | Rake $0.96 
Board [7s Qs 3h 7h 9h]
Seat 1: steelNike (small blind) folded before Flop
Seat 2: Supermegopro (big blind) collected ($18.30)
Seat 3: ViktoriyaCat folded before Flop (didn't bet)
Seat 4: steepfell folded before Flop (didn't bet)
Seat 5: B1GBankroll folded before Flop (didn't bet)
Seat 6: 7bekon7 (button) folded on the River



PokerStars Hand #254410554804:  Hold'em No Limit ($0.50/$1.00 USD) - 2025/01/17 5:07:59 WET [2025/01/17 0:07:59 ET]
Table 'Majuba III' 6-max Seat #1 is the button
Seat 4: steepfell ($100.72 in chips) is sitting out
Seat 1: steelNike ($42.57 in chips) 
Seat 2: Supermegopro ($108.92 in chips) 
Seat 5: B1GBankroll ($113.84 in chips) 
Seat 6: 7bekon7 ($109.95 in chips) 
Supermegopro: posts small blind $0.50
steepfell: is sitting out 
B1GBankroll: posts big blind $1
*** HOLE CARDS ***
7bekon7: folds 
steepfell leaves the table
steelNike: folds 
Supermegopro: raises $2 to $3
B1GBankroll: calls $2
*** FLOP *** [5h Th 6h]
Supermegopro: checks 
B1GBankroll: checks 
*** TURN *** [5h Th 6h] [7h]
Supermegopro: bets $7.13
B1GBankroll: folds 
Uncalled bet ($7.13) returned to Supermegopro
Supermegopro collected $5.70 from pot
Supermegopro: doesn't show hand 
*** SUMMARY ***
Total pot $6 | Rake $0.30 
Board [5h Th 6h 7h]
Seat 4: steepfell
Seat 1: steelNike (button) folded before Flop (didn't bet)
Seat 2: Supermegopro (small blind) collected ($5.70)
Seat 5: B1GBankroll (big blind) folded on the Turn
Seat 6: 7bekon7 folded before Flop (didn't bet)



PokerStars Hand #254422532961:  Hold'em No Limit ($0.50/$1.00 USD) - 2025/01/17 23:15:17 WET [2025/01/17 18:15:17 ET]
Table 'Majuba III' 6-max Seat #1 is the button
Seat 4: IREQO ($100 in chips) is sitting out
Seat 1: Poker9803 ($100 in chips) 
Seat 2: m0nTTu ($10 in chips) 
Seat 3: SorinS28 ($100 in chips) 
Seat 5: charlesL404 ($101.50 in chips) 
Seat 6: The magic MD ($11.50 in chips) 
m0nTTu: posts small blind $0.50
SorinS28: posts big blind $1
IREQO: sits out 
*** HOLE CARDS ***
charlesL404: folds 
The magic MD: folds 
Poker9803: folds 
m0nTTu: raises $9 to $10 and is all-in
SorinS28: folds 
Uncalled bet ($9) returned to m0nTTu
m0nTTu collected $2 from pot
m0nTTu: doesn't show hand 
*** SUMMARY ***
Total pot $2 | Rake $0 
Seat 4: IREQO
Seat 1: Poker9803 (button) folded before Flop (didn't bet)
Seat 2: m0nTTu (small blind) collected ($2)
Seat 3: SorinS28 (big blind) folded before Flop
Seat 5: charlesL404 folded before Flop (didn't bet)
Seat 6: The magic MD folded before Flop (didn't bet)



PokerStars Hand #254422536111:  Hold'em No Limit ($0.50/$1.00 USD) - 2025/01/17 23:15:27 WET [2025/01/17 18:15:27 ET]
Table 'Majuba III' 6-max Seat #2 is the button
Seat 1: Poker9803 ($100 in chips) 
Seat 2: m0nTTu ($11 in chips) 
Seat 3: SorinS28 ($100 in chips) 
Seat 4: IREQO ($100 in chips) 
Seat 5: charlesL404 ($101.50 in chips) 
Seat 6: The magic MD ($11.50 in chips) 
SorinS28: posts small blind $0.50
IREQO: posts big blind $1
*** HOLE CARDS ***
charlesL404: calls $1
The magic MD: calls $1
Poker9803: folds 
m0nTTu: folds 
SorinS28: raises $5.50 to $6.50
IREQO: folds 
charlesL404: calls $5.50
The magic MD: folds 
*** FLOP *** [7s 5s 2d]
SorinS28: checks 
charlesL404: bets $4
SorinS28: calls $4
*** TURN *** [7s 5s 2d] [6s]
SorinS28: checks 
charlesL404: bets $7
SorinS28: folds 
Uncalled bet ($7) returned to charlesL404
charlesL404 collected $21.85 from pot
*** SUMMARY ***
Total pot $23 | Rake $1.15 
Board [7s 5s 2d 6s]
Seat 1: Poker9803 folded before Flop (didn't bet)
Seat 2: m0nTTu (button) folded before Flop (didn't bet)
Seat 3: SorinS28 (small blind) folded on the Turn
Seat 4: IREQO (big blind) folded before Flop
Seat 5: charlesL404 collected ($21.85)
Seat 6: The magic MD folded before Flop



PokerStars Hand #254422564982:  Hold'em No Limit ($0.50/$1.00 USD) - 2025/01/17 23:17:08 WET [2025/01/17 18:17:08 ET]
Table 'Majuba III' 6-max Seat #3 is the button
Seat 1: Poker9803 ($100 in chips) 
Seat 2: m0nTTu ($11 in chips) 
Seat 3: SorinS28 ($100 in chips) 
Seat 4: IREQO ($100 in chips) 
Seat 5: charlesL404 ($112.85 in chips) 
Seat 6: The magic MD ($11.50 in chips) 
IREQO: posts small blind $0.50
charlesL404: posts big blind $1
*** HOLE CARDS ***
The magic MD: folds 
Poker9803: folds 
m0nTTu: folds 
SorinS28: raises $1.50 to $2.50
IREQO: folds 
charlesL404: calls $1.50
*** FLOP *** [Jh 3s 9d]
charlesL404: checks 
SorinS28: bets $1.46
charlesL404: folds 
Uncalled bet ($1.46) returned to SorinS28
SorinS28 collected $5.22 from pot
SorinS28: doesn't show hand 
*** SUMMARY ***
Total pot $5.50 | Rake $0.28 
Board [Jh 3s 9d]
Seat 1: Poker9803 folded before Flop (didn't bet)
Seat 2: m0nTTu folded before Flop (didn't bet)
Seat 3: SorinS28 (button) collected ($5.22)
Seat 4: IREQO (small blind) folded before Flop
Seat 5: charlesL404 (big blind) folded on the Flop
Seat 6: The magic MD folded before Flop (didn't bet)



PokerStars Hand #254422576136:  Hold'em No Limit ($0.50/$1.00 USD) - 2025/01/17 23:17:46 WET [2025/01/17 18:17:46 ET]
Table 'Majuba III' 6-max Seat #4 is the button
Seat 1: Poker9803 ($100 in chips) 
Seat 2: m0nTTu ($11 in chips) 
Seat 3: SorinS28 ($102.72 in chips) 
Seat 4: IREQO ($100 in chips) 
Seat 5: charlesL404 ($110.35 in chips) 
Seat 6: The magic MD ($11.50 in chips) 
charlesL404: posts small blind $0.50
The magic MD: posts big blind $1
*** HOLE CARDS ***
Poker9803: folds 
m0nTTu: folds 
SorinS28: raises $1.30 to $2.30
IREQO: folds 
charlesL404: calls $1.80
The magic MD: folds 
*** FLOP *** [4h Qd 7c]
charlesL404: checks 
SorinS28: bets $1.49
charlesL404: calls $1.49
*** TURN *** [4h Qd 7c] [9d]
charlesL404: checks 
SorinS28: bets $5.46
charlesL404: calls $5.46
*** RIVER *** [4h Qd 7c 9d] [5h]
charlesL404: checks 
SorinS28: checks 
*** SHOW DOWN ***
charlesL404: shows [6c 8d] (a straight, Five to Nine)
SorinS28: mucks hand 
charlesL404 collected $18.52 from pot
*** SUMMARY ***
Total pot $19.50 | Rake $0.98 
Board [4h Qd 7c 9d 5h]
Seat 1: Poker9803 folded before Flop (didn't bet)
Seat 2: m0nTTu folded before Flop (didn't bet)
Seat 3: SorinS28 mucked
Seat 4: IREQO (button) folded before Flop (didn't bet)
Seat 5: charlesL404 (small blind) showed [6c 8d] and won ($18.52) with a straight, Five to Nine
Seat 6: The magic MD (big blind) folded before Flop



PokerStars Hand #254422590589:  Hold'em No Limit ($0.50/$1.00 USD) - 2025/01/17 23:18:37 WET [2025/01/17 18:18:37 ET]
Table 'Majuba III' 6-max Seat #5 is the button
Seat 1: Poker9803 ($100 in chips) 
Seat 2: m0nTTu ($11 in chips) 
Seat 3: SorinS28 ($100 in chips) 
Seat 4: IREQO ($100 in chips) 
Seat 5: charlesL404 ($119.62 in chips) 
Seat 6: The magic MD ($11.50 in chips) 
The magic MD: posts small blind $0.50
Poker9803: posts big blind $1
*** HOLE CARDS ***
m0nTTu: folds 
SorinS28: raises $1.02 to $2.02
IREQO: folds 
charlesL404: folds 
The magic MD: folds 
Poker9803: folds 
Uncalled bet ($1.02) returned to SorinS28
SorinS28 collected $2.50 from pot
SorinS28: doesn't show hand 
*** SUMMARY ***
Total pot $2.50 | Rake $0 
Seat 1: Poker9803 (big blind) folded before Flop
Seat 2: m0nTTu folded before Flop (didn't bet)
Seat 3: SorinS28 collected ($2.50)
Seat 4: IREQO folded before Flop (didn't bet)
Seat 5: charlesL404 (button) folded before Flop (didn't bet)
Seat 6: The magic MD (small blind) folded before Flop



PokerStars Hand #254422594359:  Hold'em No Limit ($0.50/$1.00 USD) - 2025/01/17 23:18:50 WET [2025/01/17 18:18:50 ET]
Table 'Majuba III' 6-max Seat #6 is the button
Seat 1: Poker9803 ($100 in chips) 
Seat 2: m0nTTu ($11 in chips) 
Seat 3: SorinS28 ($101.50 in chips) 
Seat 4: IREQO ($100 in chips) 
Seat 5: charlesL404 ($119.62 in chips) 
Seat 6: The magic MD ($11.50 in chips) 
Poker9803: posts small blind $0.50
m0nTTu: posts big blind $1
*** HOLE CARDS ***
SorinS28: raises $1.02 to $2.02
IREQO: folds 
charlesL404: folds 
The magic MD: folds 
Poker9803: folds 
m0nTTu: folds 
Uncalled bet ($1.02) returned to SorinS28
SorinS28 collected $2.50 from pot
SorinS28: doesn't show hand 
*** SUMMARY ***
Total pot $2.50 | Rake $0 
Seat 1: Poker9803 (small blind) folded before Flop
Seat 2: m0nTTu (big blind) folded before Flop
Seat 3: SorinS28 collected ($2.50)
Seat 4: IREQO folded before Flop (didn't bet)
Seat 5: charlesL404 folded before Flop (didn't bet)
Seat 6: The magic MD (button) folded before Flop (didn't bet)



PokerStars Hand #254422599111:  Hold'em No Limit ($0.50/$1.00 USD) - 2025/01/17 23:19:07 WET [2025/01/17 18:19:07 ET]
Table 'Majuba III' 6-max Seat #1 is the button
Seat 1: Poker9803 ($100 in chips) 
Seat 2: m0nTTu ($10 in chips) 
Seat 3: SorinS28 ($103 in chips) 
Seat 4: IREQO ($100 in chips) 
Seat 5: charlesL404 ($119.62 in chips) 
Seat 6: The magic MD ($11.50 in chips) 
m0nTTu: posts small blind $0.50
SorinS28: posts big blind $1
*** HOLE CARDS ***
IREQO: folds 
IREQO leaves the table
charlesL404: folds 
The magic MD: folds 
Poker9803: raises $1.50 to $2.50
m0nTTu: raises $7.50 to $10 and is all-in
SorinS28: folds 
Poker9803: calls $7.50
*** FLOP *** [Th 2d 7s]
*** TURN *** [Th 2d 7s] [4s]
Nazareno1999 joins the table at seat #4 
*** RIVER *** [Th 2d 7s 4s] [7h]
*** SHOW DOWN ***
m0nTTu: shows [Tc Ad] (two pair, Tens and Sevens)
Poker9803: shows [9h Kh] (a pair of Sevens)
m0nTTu collected $19.95 from pot
*** SUMMARY ***
Total pot $21 | Rake $1.05 
Board [Th 2d 7s 4s 7h]
Seat 1: Poker9803 (button) showed [9h Kh] and lost with a pair of Sevens
Seat 2: m0nTTu (small blind) showed [Tc Ad] and won ($19.95) with two pair, Tens and Sevens
Seat 3: SorinS28 (big blind) folded before Flop
Seat 4: IREQO folded before Flop (didn't bet)
Seat 5: charlesL404 folded before Flop (didn't bet)
Seat 6: The magic MD folded before Flop (didn't bet)



PokerStars Hand #254422606764:  Hold'em No Limit ($0.50/$1.00 USD) - 2025/01/17 23:19:34 WET [2025/01/17 18:19:34 ET]
Table 'Majuba III' 6-max Seat #2 is the button
Seat 1: Poker9803 ($100 in chips) 
Seat 2: m0nTTu ($19.95 in chips) 
Seat 3: SorinS28 ($102 in chips) 
Seat 4: Nazareno1999 ($100 in chips) 
Seat 5: charlesL404 ($119.62 in chips) 
Seat 6: The magic MD ($11.50 in chips) 
SorinS28: posts small blind $0.50
Nazareno1999: posts big blind $1
*** HOLE CARDS ***
charlesL404: raises $2 to $3
The magic MD: folds 
Poker9803: folds 
m0nTTu: folds 
SorinS28: folds 
Nazareno1999: calls $2
*** FLOP *** [Js Kc 3c]
Nazareno1999: checks 
charlesL404: bets $3
Nazareno1999: calls $3
*** TURN *** [Js Kc 3c] [5h]
Nazareno1999: checks 
charlesL404: bets $5
Nazareno1999: folds 
Uncalled bet ($5) returned to charlesL404
charlesL404 collected $11.88 from pot
*** SUMMARY ***
Total pot $12.50 | Rake $0.62 
Board [Js Kc 3c 5h]
Seat 1: Poker9803 folded before Flop (didn't bet)
Seat 2: m0nTTu (button) folded before Flop (didn't bet)
Seat 3: SorinS28 (small blind) folded before Flop
Seat 4: Nazareno1999 (big blind) folded on the Turn
Seat 5: charlesL404 collected ($11.88)
Seat 6: The magic MD folded before Flop (didn't bet)



PokerStars Hand #254422616410:  Hold'em No Limit ($0.50/$1.00 USD) - 2025/01/17 23:20:08 WET [2025/01/17 18:20:08 ET]
Table 'Majuba III' 6-max Seat #3 is the button
Seat 1: Poker9803 ($100 in chips) 
Seat 2: m0nTTu ($19.95 in chips) 
Seat 3: SorinS28 ($101.50 in chips) 
Seat 4: Nazareno1999 ($100 in chips) 
Seat 5: charlesL404 ($125.50 in chips) 
Seat 6: The magic MD ($11.50 in chips) 
Nazareno1999: posts small blind $0.50
charlesL404: posts big blind $1
*** HOLE CARDS ***
The magic MD: folds 
Poker9803: folds 
m0nTTu: folds 
SorinS28: raises $1.50 to $2.50
Nazareno1999: folds 
charlesL404: calls $1.50
*** FLOP *** [Qh 8h As]
charlesL404: checks 
SorinS28: bets $6.52
charlesL404: folds 
Uncalled bet ($6.52) returned to SorinS28
SorinS28 collected $5.22 from pot
SorinS28: doesn't show hand 
*** SUMMARY ***
Total pot $5.50 | Rake $0.28 
Board [Qh 8h As]
Seat 1: Poker9803 folded before Flop (didn't bet)
Seat 2: m0nTTu folded before Flop (didn't bet)
Seat 3: SorinS28 (button) collected ($5.22)
Seat 4: Nazareno1999 (small blind) folded before Flop
Seat 5: charlesL404 (big blind) folded on the Flop
Seat 6: The magic MD folded before Flop (didn't bet)



PokerStars Hand #254422625284:  Hold'em No Limit ($0.50/$1.00 USD) - 2025/01/17 23:20:39 WET [2025/01/17 18:20:39 ET]
Table 'Majuba III' 6-max Seat #4 is the button
Seat 1: Poker9803 ($100 in chips) 
Seat 2: m0nTTu ($19.95 in chips) 
Seat 3: SorinS28 ($104.22 in chips) 
Seat 4: Nazareno1999 ($100 in chips) 
Seat 5: charlesL404 ($123 in chips) 
Seat 6: The magic MD ($11.50 in chips) 
charlesL404: posts small blind $0.50
The magic MD: posts big blind $1
*** HOLE CARDS ***
Poker9803: folds 
m0nTTu: folds 
SorinS28: folds 
Nazareno1999: raises $1.20 to $2.20
charlesL404: raises $4.20 to $6.40
The magic MD: folds 
Nazareno1999: calls $4.20
*** FLOP *** [4d 5c 3s]
charlesL404: bets $5
Nazareno1999: raises $10.50 to $15.50
charlesL404: calls $10.50
*** TURN *** [4d 5c 3s] [Ts]
charlesL404: checks 
Nazareno1999: bets $26.50
charlesL404: calls $26.50
*** RIVER *** [4d 5c 3s Ts] [Th]
charlesL404: checks 
Nazareno1999: checks 
*** SHOW DOWN ***
charlesL404: shows [Ac 6h] (a pair of Tens)
Nazareno1999: shows [5h 3h] (two pair, Tens and Fives)
Nazareno1999 collected $95.30 from pot
*** SUMMARY ***
Total pot $97.80 | Rake $2.50 
Board [4d 5c 3s Ts Th]
Seat 1: Poker9803 folded before Flop (didn't bet)
Seat 2: m0nTTu folded before Flop (didn't bet)
Seat 3: SorinS28 folded before Flop (didn't bet)
Seat 4: Nazareno1999 (button) showed [5h 3h] and won ($95.30) with two pair, Tens and Fives
Seat 5: charlesL404 (small blind) showed [Ac 6h] and lost with a pair of Tens
Seat 6: The magic MD (big blind) folded before Flop



PokerStars Hand #254422644287:  Hold'em No Limit ($0.50/$1.00 USD) - 2025/01/17 23:21:46 WET [2025/01/17 18:21:46 ET]
Table 'Majuba III' 6-max Seat #5 is the button
Seat 1: Poker9803 ($100 in chips) 
Seat 2: m0nTTu ($19.95 in chips) 
Seat 3: SorinS28 ($104.22 in chips) 
Seat 4: Nazareno1999 ($146.90 in chips) 
Seat 5: charlesL404 ($74.60 in chips) 
Seat 6: The magic MD ($11.50 in chips) 
The magic MD: posts small blind $0.50
Poker9803: posts big blind $1
*** HOLE CARDS ***
m0nTTu: folds 
SorinS28: folds 
Nazareno1999: raises $1.20 to $2.20
charlesL404: folds 
The magic MD: folds 
Poker9803: calls $1.20
*** FLOP *** [Qs Kd 9s]
Poker9803: checks 
Nazareno1999: checks 
*** TURN *** [Qs Kd 9s] [2d]
Poker9803: checks 
Nazareno1999: bets $3.08
Poker9803: calls $3.08
*** RIVER *** [Qs Kd 9s 2d] [5d]
Poker9803: checks 
Nazareno1999: checks 
*** SHOW DOWN ***
Poker9803: shows [9h Ad] (a pair of Nines)
Nazareno1999: shows [Qh 6h] (a pair of Queens)
Nazareno1999 collected $10.51 from pot
*** SUMMARY ***
Total pot $11.06 | Rake $0.55 
Board [Qs Kd 9s 2d 5d]
Seat 1: Poker9803 (big blind) showed [9h Ad] and lost with a pair of Nines
Seat 2: m0nTTu folded before Flop (didn't bet)
Seat 3: SorinS28 folded before Flop (didn't bet)
Seat 4: Nazareno1999 showed [Qh 6h] and won ($10.51) with a pair of Queens
Seat 5: charlesL404 (button) folded before Flop (didn't bet)
Seat 6: The magic MD (small blind) folded before Flop



PokerStars Hand #254422661960:  Hold'em No Limit ($0.50/$1.00 USD) - 2025/01/17 23:22:48 WET [2025/01/17 18:22:48 ET]
Table 'Majuba III' 6-max Seat #6 is the button
Seat 2: m0nTTu ($19.95 in chips) is sitting out
Seat 1: Poker9803 ($100 in chips) 
Seat 3: SorinS28 ($104.22 in chips) 
Seat 4: Nazareno1999 ($152.13 in chips) 
Seat 5: charlesL404 ($74.60 in chips) 
Seat 6: The magic MD ($11.50 in chips) 
Poker9803: posts small blind $0.50
m0nTTu: is sitting out 
SorinS28: posts big blind $1
*** HOLE CARDS ***
Nazareno1999: raises $1.20 to $2.20
charlesL404: calls $2.20
The magic MD: folds 
Poker9803: folds 
SorinS28: folds 
*** FLOP *** [Tc 5h 3d]
Nazareno1999: checks 
charlesL404: checks 
*** TURN *** [Tc 5h 3d] [Qc]
Nazareno1999: checks 
charlesL404: bets $2
Nazareno1999: calls $2
*** RIVER *** [Tc 5h 3d Qc] [8d]
Nazareno1999: checks 
charlesL404: bets $6
Nazareno1999: folds 
Uncalled bet ($6) returned to charlesL404
charlesL404 collected $9.40 from pot
*** SUMMARY ***
Total pot $9.90 | Rake $0.50 
Board [Tc 5h 3d Qc 8d]
Seat 2: m0nTTu
Seat 1: Poker9803 (small blind) folded before Flop
Seat 3: SorinS28 (big blind) folded before Flop
Seat 4: Nazareno1999 folded on the River
Seat 5: charlesL404 collected ($9.40)
Seat 6: The magic MD (button) folded before Flop (didn't bet)



PokerStars Hand #254422672036:  Hold'em No Limit ($0.50/$1.00 USD) - 2025/01/17 23:23:23 WET [2025/01/17 18:23:23 ET]
Table 'Majuba III' 6-max Seat #1 is the button
Seat 2: m0nTTu ($19.95 in chips) is sitting out
Seat 1: Poker9803 ($100 in chips) 
Seat 3: SorinS28 ($103.22 in chips) 
Seat 4: Nazareno1999 ($147.93 in chips) 
Seat 5: charlesL404 ($79.80 in chips) 
Seat 6: The magic MD ($11.50 in chips) 
SorinS28: posts small blind $0.50
Nazareno1999: posts big blind $1
*** HOLE CARDS ***
charlesL404: folds 
m0nTTu leaves the table
The magic MD: folds 
Poker9803: raises $1.50 to $2.50
SorinS28: folds 
An1an1 joins the table at seat #2 
Nazareno1999: calls $1.50
*** FLOP *** [6c Th 2h]
Nazareno1999: checks 
Poker9803: checks 
*** TURN *** [6c Th 2h] [Jc]
Nazareno1999: checks 
Poker9803: checks 
*** RIVER *** [6c Th 2h Jc] [4c]
Nazareno1999: bets $4.42
Poker9803: calls $4.42
*** SHOW DOWN ***
Nazareno1999: shows [8s Ad] (high card Ace)
Poker9803: shows [As 6s] (a pair of Sixes)
Poker9803 collected $13.62 from pot
*** SUMMARY ***
Total pot $14.34 | Rake $0.72 
Board [6c Th 2h Jc 4c]
Seat 2: m0nTTu
Seat 1: Poker9803 (button) showed [As 6s] and won ($13.62) with a pair of Sixes
Seat 3: SorinS28 (small blind) folded before Flop
Seat 4: Nazareno1999 (big blind) showed [8s Ad] and lost with high card Ace
Seat 5: charlesL404 folded before Flop (didn't bet)
Seat 6: The magic MD folded before Flop (didn't bet)



PokerStars Hand #254422689543:  Hold'em No Limit ($0.50/$1.00 USD) - 2025/01/17 23:24:25 WET [2025/01/17 18:24:25 ET]
Table 'Majuba III' 6-max Seat #3 is the button
Seat 2: An1an1 ($100 in chips) is sitting out
Seat 1: Poker9803 ($106.70 in chips) 
Seat 3: SorinS28 ($102.72 in chips) 
Seat 4: Nazareno1999 ($141.01 in chips) 
Seat 5: charlesL404 ($79.80 in chips) 
Seat 6: The magic MD ($11.50 in chips) 
Nazareno1999: posts small blind $0.50
charlesL404: posts big blind $1
An1an1: sits out 
*** HOLE CARDS ***
The magic MD: folds 
Poker9803: folds 
SorinS28: folds 
Nazareno1999: raises $1.50 to $2.50
charlesL404: calls $1.50
*** FLOP *** [Jh 8s Tc]
Nazareno1999: checks 
charlesL404: bets $2
Nazareno1999: folds 
Uncalled bet ($2) returned to charlesL404
charlesL404 collected $4.75 from pot
*** SUMMARY ***
Total pot $5 | Rake $0.25 
Board [Jh 8s Tc]
Seat 2: An1an1
Seat 1: Poker9803 folded before Flop (didn't bet)
Seat 3: SorinS28 (button) folded before Flop (didn't bet)
Seat 4: Nazareno1999 (small blind) folded on the Flop
Seat 5: charlesL404 (big blind) collected ($4.75)
Seat 6: The magic MD folded before Flop (didn't bet)



PokerStars Hand #254422696495:  Hold'em No Limit ($0.50/$1.00 USD) - 2025/01/17 23:24:49 WET [2025/01/17 18:24:49 ET]
Table 'Majuba III' 6-max Seat #4 is the button
Seat 2: An1an1 ($100 in chips) is sitting out
Seat 1: Poker9803 ($106.70 in chips) 
Seat 3: SorinS28 ($102.72 in chips) 
Seat 4: Nazareno1999 ($138.51 in chips) 
Seat 5: charlesL404 ($82.05 in chips) 
Seat 6: The magic MD ($11.50 in chips) 
charlesL404: posts small blind $0.50
The magic MD: posts big blind $1
An1an1: sits out 
*** HOLE CARDS ***
Poker9803: folds 
SorinS28: raises $1.30 to $2.30
Nazareno1999: folds 
charlesL404: calls $1.80
The magic MD: folds 
*** FLOP *** [6d 2d Tc]
charlesL404: checks 
SorinS28: bets $1.49
charlesL404: calls $1.49
*** TURN *** [6d 2d Tc] [2c]
charlesL404: checks 
SorinS28: bets $6.11
charlesL404: raises $8.89 to $15
SorinS28: folds 
Uncalled bet ($8.89) returned to charlesL404
charlesL404 collected $19.76 from pot
*** SUMMARY ***
Total pot $20.80 | Rake $1.04 
Board [6d 2d Tc 2c]
Seat 2: An1an1
Seat 1: Poker9803 folded before Flop (didn't bet)
Seat 3: SorinS28 folded on the Turn
Seat 4: Nazareno1999 (button) folded before Flop (didn't bet)
Seat 5: charlesL404 (small blind) collected ($19.76)
Seat 6: The magic MD (big blind) folded before Flop



PokerStars Hand #254422714312:  Hold'em No Limit ($0.50/$1.00 USD) - 2025/01/17 23:25:53 WET [2025/01/17 18:25:53 ET]
Table 'Majuba III' 6-max Seat #5 is the button
Seat 2: An1an1 ($100 in chips) is sitting out
Seat 1: Poker9803 ($106.70 in chips) 
Seat 3: SorinS28 ($100 in chips) 
Seat 4: Nazareno1999 ($138.51 in chips) 
Seat 5: charlesL404 ($91.91 in chips) 
Seat 6: The magic MD ($11.50 in chips) 
The magic MD: posts small blind $0.50
Poker9803: posts big blind $1
An1an1: sits out 
*** HOLE CARDS ***
SorinS28: folds 
Nazareno1999: folds 
charlesL404: folds 
The magic MD: folds 
Uncalled bet ($0.50) returned to Poker9803
Poker9803 collected $1 from pot
Poker9803: doesn't show hand 
*** SUMMARY ***
Total pot $1 | Rake $0 
Seat 2: An1an1
Seat 1: Poker9803 (big blind) collected ($1)
Seat 3: SorinS28 folded before Flop (didn't bet)
Seat 4: Nazareno1999 folded before Flop (didn't bet)
Seat 5: charlesL404 (button) folded before Flop (didn't bet)
Seat 6: The magic MD (small blind) folded before Flop



PokerStars Hand #254422717239:  Hold'em No Limit ($0.50/$1.00 USD) - 2025/01/17 23:26:03 WET [2025/01/17 18:26:03 ET]
Table 'Majuba III' 6-max Seat #6 is the button
Seat 1: Poker9803 ($107.20 in chips) 
Seat 2: An1an1 ($100 in chips) 
Seat 3: SorinS28 ($100 in chips) 
Seat 4: Nazareno1999 ($138.51 in chips) 
Seat 5: charlesL404 ($91.91 in chips) 
Seat 6: The magic MD ($11.50 in chips) 
Poker9803: posts small blind $0.50
An1an1: posts big blind $1
*** HOLE CARDS ***
SorinS28: folds 
Nazareno1999: folds 
charlesL404: raises $1 to $2
The magic MD: calls $2
Poker9803: folds 
An1an1: folds 
*** FLOP *** [Ts Js 7h]
charlesL404: bets $2
The magic MD: calls $2
*** TURN *** [Ts Js 7h] [Jd]
charlesL404: bets $3
The magic MD: folds 
Uncalled bet ($3) returned to charlesL404
charlesL404 collected $9.02 from pot
charlesL404: doesn't show hand 
*** SUMMARY ***
Total pot $9.50 | Rake $0.48 
Board [Ts Js 7h Jd]
Seat 1: Poker9803 (small blind) folded before Flop
Seat 2: An1an1 (big blind) folded before Flop
Seat 3: SorinS28 folded before Flop (didn't bet)
Seat 4: Nazareno1999 folded before Flop (didn't bet)
Seat 5: charlesL404 collected ($9.02)
Seat 6: The magic MD (button) folded on the Turn



PokerStars Hand #254422727109:  Hold'em No Limit ($0.50/$1.00 USD) - 2025/01/17 23:26:38 WET [2025/01/17 18:26:38 ET]
Table 'Majuba III' 6-max Seat #1 is the button
Seat 1: Poker9803 ($106.70 in chips) 
Seat 2: An1an1 ($100 in chips) 
Seat 3: SorinS28 ($100 in chips) 
Seat 4: Nazareno1999 ($138.51 in chips) 
Seat 5: charlesL404 ($96.93 in chips) 
Seat 6: The magic MD ($11.50 in chips) 
An1an1: posts small blind $0.50
SorinS28: posts big blind $1
*** HOLE CARDS ***
Nazareno1999: raises $1.20 to $2.20
charlesL404: calls $2.20
The magic MD: folds 
Poker9803: folds 
An1an1: folds 
SorinS28: folds 
*** FLOP *** [Kc 5s Tc]
Nazareno1999: bets $1.85
charlesL404: calls $1.85
*** TURN *** [Kc 5s Tc] [7s]
Nazareno1999: bets $13.68
charlesL404: calls $13.68
*** RIVER *** [Kc 5s Tc 7s] [Ad]
Nazareno1999: checks 
charlesL404: checks 
*** SHOW DOWN ***
Nazareno1999: shows [Jc Ks] (a pair of Kings)
charlesL404: mucks hand 
Nazareno1999 collected $35.11 from pot
*** SUMMARY ***
Total pot $36.96 | Rake $1.85 
Board [Kc 5s Tc 7s Ad]
Seat 1: Poker9803 (button) folded before Flop (didn't bet)
Seat 2: An1an1 (small blind) folded before Flop
Seat 3: SorinS28 (big blind) folded before Flop
Seat 4: Nazareno1999 showed [Jc Ks] and won ($35.11) with a pair of Kings
Seat 5: charlesL404 mucked
Seat 6: The magic MD folded before Flop (didn't bet)



PokerStars Hand #254422737001:  Hold'em No Limit ($0.50/$1.00 USD) - 2025/01/17 23:27:13 WET [2025/01/17 18:27:13 ET]
Table 'Majuba III' 6-max Seat #2 is the button
Seat 1: Poker9803 ($106.70 in chips) 
Seat 2: An1an1 ($100 in chips) 
Seat 3: SorinS28 ($100 in chips) 
Seat 4: Nazareno1999 ($155.89 in chips) 
Seat 5: charlesL404 ($79.20 in chips) 
Seat 6: The magic MD ($11.50 in chips) 
SorinS28: posts small blind $0.50
Nazareno1999: posts big blind $1
*** HOLE CARDS ***
charlesL404: folds 
The magic MD: folds 
Poker9803: raises $1.50 to $2.50
An1an1: raises $5.50 to $8
SorinS28: folds 
Nazareno1999: folds 
Poker9803: raises $13.60 to $21.60
An1an1: calls $13.60
*** FLOP *** [8c Jh Js]
Poker9803: checks 
An1an1: bets $4.25
Poker9803: folds 
Uncalled bet ($4.25) returned to An1an1
An1an1 collected $42.46 from pot
An1an1: doesn't show hand 
*** SUMMARY ***
Total pot $44.70 | Rake $2.24 
Board [8c Jh Js]
Seat 1: Poker9803 folded on the Flop
Seat 2: An1an1 (button) collected ($42.46)
Seat 3: SorinS28 (small blind) folded before Flop
Seat 4: Nazareno1999 (big blind) folded before Flop
Seat 5: charlesL404 folded before Flop (didn't bet)
Seat 6: The magic MD folded before Flop (didn't bet)



PokerStars Hand #254422758412:  Hold'em No Limit ($0.50/$1.00 USD) - 2025/01/17 23:28:30 WET [2025/01/17 18:28:30 ET]
Table 'Majuba III' 6-max Seat #3 is the button
Seat 1: Poker9803 ($100 in chips) 
Seat 2: An1an1 ($120.86 in chips) 
Seat 3: SorinS28 ($100 in chips) 
Seat 4: Nazareno1999 ($154.89 in chips) 
Seat 5: charlesL404 ($79.20 in chips) 
Seat 6: The magic MD ($11.50 in chips) 
Nazareno1999: posts small blind $0.50
charlesL404: posts big blind $1
*** HOLE CARDS ***
The magic MD: folds 
Poker9803: folds 
An1an1: raises $1 to $2
SorinS28: folds 
Nazareno1999: folds 
charlesL404: calls $1
*** FLOP *** [3d 6c 5d]
charlesL404: checks 
An1an1: checks 
*** TURN *** [3d 6c 5d] [Qh]
charlesL404: checks 
An1an1: bets $1.28
charlesL404: calls $1.28
*** RIVER *** [3d 6c 5d Qh] [3c]
charlesL404: checks 
An1an1: checks 
*** SHOW DOWN ***
charlesL404: shows [8s 2d] (a pair of Threes)
An1an1: shows [Kd 7d] (a pair of Threes - King kicker)
An1an1 collected $6.71 from pot
*** SUMMARY ***
Total pot $7.06 | Rake $0.35 
Board [3d 6c 5d Qh 3c]
Seat 1: Poker9803 folded before Flop (didn't bet)
Seat 2: An1an1 showed [Kd 7d] and won ($6.71) with a pair of Threes
Seat 3: SorinS28 (button) folded before Flop (didn't bet)
Seat 4: Nazareno1999 (small blind) folded before Flop
Seat 5: charlesL404 (big blind) showed [8s 2d] and lost with a pair of Threes
Seat 6: The magic MD folded before Flop (didn't bet)



PokerStars Hand #254422774212:  Hold'em No Limit ($0.50/$1.00 USD) - 2025/01/17 23:29:27 WET [2025/01/17 18:29:27 ET]
Table 'Majuba III' 6-max Seat #4 is the button
Seat 1: Poker9803 ($100 in chips) 
Seat 2: An1an1 ($124.29 in chips) 
Seat 3: SorinS28 ($100 in chips) 
Seat 4: Nazareno1999 ($154.39 in chips) 
Seat 5: charlesL404 ($75.92 in chips) 
Seat 6: The magic MD ($11.50 in chips) 
charlesL404: posts small blind $0.50
The magic MD: posts big blind $1
*** HOLE CARDS ***
Poker9803: folds 
An1an1: folds 
SorinS28: raises $1.30 to $2.30
Nazareno1999: folds 
charlesL404: calls $1.80
The magic MD: calls $1.30
*** FLOP *** [8h 3h 8s]
charlesL404: bets $5
The magic MD: folds 
SorinS28: folds 
Uncalled bet ($5) returned to charlesL404
charlesL404 collected $6.56 from pot
*** SUMMARY ***
Total pot $6.90 | Rake $0.34 
Board [8h 3h 8s]
Seat 1: Poker9803 folded before Flop (didn't bet)
Seat 2: An1an1 folded before Flop (didn't bet)
Seat 3: SorinS28 folded on the Flop
Seat 4: Nazareno1999 (button) folded before Flop (didn't bet)
Seat 5: charlesL404 (small blind) collected ($6.56)
Seat 6: The magic MD (big blind) folded on the Flop



PokerStars Hand #254422786038:  Hold'em No Limit ($0.50/$1.00 USD) - 2025/01/17 23:30:09 WET [2025/01/17 18:30:09 ET]
Table 'Majuba III' 6-max Seat #5 is the button
Seat 1: Poker9803 ($100 in chips) 
Seat 2: An1an1 ($124.29 in chips) 
Seat 3: SorinS28 ($100 in chips) 
Seat 4: Nazareno1999 ($154.39 in chips) 
Seat 5: charlesL404 ($80.18 in chips) 
Seat 6: The magic MD ($11.50 in chips) 
The magic MD: posts small blind $0.50
Poker9803: posts big blind $1
*** HOLE CARDS ***
An1an1: folds 
SorinS28: folds 
Nazareno1999: folds 
charlesL404: folds 
The magic MD: folds 
Uncalled bet ($0.50) returned to Poker9803
Poker9803 collected $1 from pot
Poker9803: doesn't show hand 
*** SUMMARY ***
Total pot $1 | Rake $0 
Seat 1: Poker9803 (big blind) collected ($1)
Seat 2: An1an1 folded before Flop (didn't bet)
Seat 3: SorinS28 folded before Flop (didn't bet)
Seat 4: Nazareno1999 folded before Flop (didn't bet)
Seat 5: charlesL404 (button) folded before Flop (didn't bet)
Seat 6: The magic MD (small blind) folded before Flop



PokerStars Hand #254422789748:  Hold'em No Limit ($0.50/$1.00 USD) - 2025/01/17 23:30:22 WET [2025/01/17 18:30:22 ET]
Table 'Majuba III' 6-max Seat #6 is the button
Seat 5: charlesL404 ($80.18 in chips) is sitting out
Seat 1: Poker9803 ($100.50 in chips) 
Seat 2: An1an1 ($124.29 in chips) 
Seat 3: SorinS28 ($100 in chips) 
Seat 4: Nazareno1999 ($154.39 in chips) 
Seat 6: The magic MD ($11.50 in chips) 
Poker9803: posts small blind $0.50
An1an1: posts big blind $1
*** HOLE CARDS ***
SorinS28: raises $1.02 to $2.02
Nazareno1999: folds 
The magic MD: folds 
Poker9803: folds 
An1an1: folds 
Uncalled bet ($1.02) returned to SorinS28
SorinS28 collected $2.50 from pot
SorinS28: doesn't show hand 
*** SUMMARY ***
Total pot $2.50 | Rake $0 
Seat 5: charlesL404
Seat 1: Poker9803 (small blind) folded before Flop
Seat 2: An1an1 (big blind) folded before Flop
Seat 3: SorinS28 collected ($2.50)
Seat 4: Nazareno1999 folded before Flop (didn't bet)
Seat 6: The magic MD (button) folded before Flop (didn't bet)



PokerStars Hand #254422792683:  Hold'em No Limit ($0.50/$1.00 USD) - 2025/01/17 23:30:33 WET [2025/01/17 18:30:33 ET]
Table 'Majuba III' 6-max Seat #1 is the button
Seat 5: charlesL404 ($80.18 in chips) is sitting out
Seat 1: Poker9803 ($100 in chips) 
Seat 2: An1an1 ($123.29 in chips) 
Seat 3: SorinS28 ($101.50 in chips) 
Seat 4: Nazareno1999 ($154.39 in chips) 
Seat 6: The magic MD ($11.50 in chips) 
An1an1: posts small blind $0.50
SorinS28: posts big blind $1
*** HOLE CARDS ***
Nazareno1999: raises $1.20 to $2.20
The magic MD: calls $2.20
Poker9803: folds 
An1an1: folds 
SorinS28: folds 
*** FLOP *** [6h Th Js]
Nazareno1999: bets $2.80
The magic MD: raises $2.80 to $5.60
Nazareno1999: calls $2.80
*** TURN *** [6h Th Js] [Tc]
Nazareno1999: bets $5.36
The magic MD: calls $3.70 and is all-in
Uncalled bet ($1.66) returned to Nazareno1999
*** RIVER *** [6h Th Js Tc] [6d]
*** SHOW DOWN ***
Nazareno1999: shows [Qd Kc] (two pair, Tens and Sixes)
The magic MD: shows [Jd Td] (a full house, Tens full of Jacks)
The magic MD collected $23.28 from pot
*** SUMMARY ***
Total pot $24.50 | Rake $1.22 
Board [6h Th Js Tc 6d]
Seat 5: charlesL404
Seat 1: Poker9803 (button) folded before Flop (didn't bet)
Seat 2: An1an1 (small blind) folded before Flop
Seat 3: SorinS28 (big blind) folded before Flop
Seat 4: Nazareno1999 showed [Qd Kc] and lost with two pair, Tens and Sixes
Seat 6: The magic MD showed [Jd Td] and won ($23.28) with a full house, Tens full of Jacks



PokerStars Hand #254422804256:  Hold'em No Limit ($0.50/$1.00 USD) - 2025/01/17 23:31:14 WET [2025/01/17 18:31:14 ET]
Table 'Majuba III' 6-max Seat #2 is the button
Seat 1: Poker9803 ($100 in chips) 
Seat 2: An1an1 ($122.79 in chips) 
Seat 3: SorinS28 ($100.50 in chips) 
Seat 4: Nazareno1999 ($142.89 in chips) 
Seat 5: charlesL404 ($80.18 in chips) 
Seat 6: The magic MD ($23.28 in chips) 
SorinS28: posts small blind $0.50
Nazareno1999: posts big blind $1
*** HOLE CARDS ***
charlesL404: raises $2 to $3
The magic MD: folds 
Poker9803: folds 
An1an1: raises $6 to $9
SorinS28: folds 
Nazareno1999: folds 
charlesL404: raises $7 to $16
An1an1: calls $7
*** FLOP *** [3s 7c As]
charlesL404: bets $7
An1an1: folds 
Uncalled bet ($7) returned to charlesL404
charlesL404 collected $31.82 from pot
*** SUMMARY ***
Total pot $33.50 | Rake $1.68 
Board [3s 7c As]
Seat 1: Poker9803 folded before Flop (didn't bet)
Seat 2: An1an1 (button) folded on the Flop
Seat 3: SorinS28 (small blind) folded before Flop
Seat 4: Nazareno1999 (big blind) folded before Flop
Seat 5: charlesL404 collected ($31.82)
Seat 6: The magic MD folded before Flop (didn't bet)



PokerStars Hand #254422818439:  Hold'em No Limit ($0.50/$1.00 USD) - 2025/01/17 23:32:06 WET [2025/01/17 18:32:06 ET]
Table 'Majuba III' 6-max Seat #3 is the button
Seat 1: Poker9803 ($100 in chips) 
Seat 2: An1an1 ($106.79 in chips) 
Seat 3: SorinS28 ($100 in chips) 
Seat 4: Nazareno1999 ($141.89 in chips) 
Seat 5: charlesL404 ($96 in chips) 
Seat 6: The magic MD ($23.28 in chips) 
Nazareno1999: posts small blind $0.50
charlesL404: posts big blind $1
*** HOLE CARDS ***
The magic MD: folds 
Poker9803: folds 
An1an1: folds 
SorinS28: raises $1.50 to $2.50
Nazareno1999: calls $2
charlesL404: calls $1.50
*** FLOP *** [Js Ac 4s]
Nazareno1999: checks 
charlesL404: checks 
SorinS28: bets $1.99
Nazareno1999: calls $1.99
charlesL404: calls $1.99
*** TURN *** [Js Ac 4s] [4c]
Nazareno1999: checks 
charlesL404: checks 
SorinS28: checks 
*** RIVER *** [Js Ac 4s 4c] [3d]
Nazareno1999: checks 
charlesL404: checks 
SorinS28: checks 
*** SHOW DOWN ***
Nazareno1999: shows [Kh Td] (a pair of Fours)
charlesL404: mucks hand 
SorinS28: shows [6c Ah] (two pair, Aces and Fours)
SorinS28 collected $12.80 from pot
*** SUMMARY ***
Total pot $13.47 | Rake $0.67 
Board [Js Ac 4s 4c 3d]
Seat 1: Poker9803 folded before Flop (didn't bet)
Seat 2: An1an1 folded before Flop (didn't bet)
Seat 3: SorinS28 (button) showed [6c Ah] and won ($12.80) with two pair, Aces and Fours
Seat 4: Nazareno1999 (small blind) showed [Kh Td] and lost with a pair of Fours
Seat 5: charlesL404 (big blind) mucked
Seat 6: The magic MD folded before Flop (didn't bet)



PokerStars Hand #254422834705:  Hold'em No Limit ($0.50/$1.00 USD) - 2025/01/17 23:33:06 WET [2025/01/17 18:33:06 ET]
Table 'Majuba III' 6-max Seat #4 is the button
Seat 1: Poker9803 ($100 in chips) 
Seat 2: An1an1 ($106.79 in chips) 
Seat 3: SorinS28 ($108.31 in chips) 
Seat 4: Nazareno1999 ($137.40 in chips) 
Seat 5: charlesL404 ($91.51 in chips) 
Seat 6: The magic MD ($23.28 in chips) 
charlesL404: posts small blind $0.50
The magic MD: posts big blind $1
*** HOLE CARDS ***
Poker9803: folds 
An1an1: raises $1 to $2
SorinS28: raises $4.50 to $6.50
Nazareno1999: folds 
charlesL404: folds 
The magic MD: folds 
An1an1: folds 
Uncalled bet ($4.50) returned to SorinS28
SorinS28 collected $5.50 from pot
SorinS28: doesn't show hand 
*** SUMMARY ***
Total pot $5.50 | Rake $0 
Seat 1: Poker9803 folded before Flop (didn't bet)
Seat 2: An1an1 folded before Flop
Seat 3: SorinS28 collected ($5.50)
Seat 4: Nazareno1999 (button) folded before Flop (didn't bet)
Seat 5: charlesL404 (small blind) folded before Flop
Seat 6: The magic MD (big blind) folded before Flop



PokerStars Hand #254422842158:  Hold'em No Limit ($0.50/$1.00 USD) - 2025/01/17 23:33:32 WET [2025/01/17 18:33:32 ET]
Table 'Majuba III' 6-max Seat #5 is the button
Seat 1: Poker9803 ($100 in chips) 
Seat 2: An1an1 ($104.79 in chips) 
Seat 3: SorinS28 ($111.81 in chips) 
Seat 4: Nazareno1999 ($137.40 in chips) 
Seat 5: charlesL404 ($91.01 in chips) 
Seat 6: The magic MD ($22.28 in chips) 
The magic MD: posts small blind $0.50
Poker9803: posts big blind $1
*** HOLE CARDS ***
An1an1: raises $1 to $2
SorinS28: folds 
Nazareno1999: folds 
charlesL404: calls $2
The magic MD: raises $4 to $6
Poker9803: folds 
An1an1: folds 
charlesL404: calls $4
*** FLOP *** [3d 7s Td]
The magic MD: bets $7.13
charlesL404: calls $7.13
*** TURN *** [3d 7s Td] [2h]
The magic MD: bets $9.15 and is all-in
charlesL404: folds 
Uncalled bet ($9.15) returned to The magic MD
The magic MD collected $27.80 from pot
*** SUMMARY ***
Total pot $29.26 | Rake $1.46 
Board [3d 7s Td 2h]
Seat 1: Poker9803 (big blind) folded before Flop
Seat 2: An1an1 folded before Flop
Seat 3: SorinS28 folded before Flop (didn't bet)
Seat 4: Nazareno1999 folded before Flop (didn't bet)
Seat 5: charlesL404 (button) folded on the Turn
Seat 6: The magic MD (small blind) collected ($27.80)



PokerStars Hand #254422854608:  Hold'em No Limit ($0.50/$1.00 USD) - 2025/01/17 23:34:18 WET [2025/01/17 18:34:18 ET]
Table 'Majuba III' 6-max Seat #6 is the button
Seat 1: Poker9803 ($100 in chips) 
Seat 2: An1an1 ($102.79 in chips) 
Seat 3: SorinS28 ($111.81 in chips) 
Seat 4: Nazareno1999 ($137.40 in chips) 
Seat 5: charlesL404 ($77.88 in chips) 
Seat 6: The magic MD ($36.95 in chips) 
Poker9803: posts small blind $0.50
An1an1: posts big blind $1
*** HOLE CARDS ***
SorinS28: folds 
Nazareno1999: folds 
charlesL404: folds 
The magic MD: raises $1 to $2
Poker9803: raises $8 to $10
An1an1: folds 
The magic MD: folds 
Uncalled bet ($8) returned to Poker9803
Poker9803 collected $5 from pot
Poker9803: doesn't show hand 
*** SUMMARY ***
Total pot $5 | Rake $0 
Seat 1: Poker9803 (small blind) collected ($5)
Seat 2: An1an1 (big blind) folded before Flop
Seat 3: SorinS28 folded before Flop (didn't bet)
Seat 4: Nazareno1999 folded before Flop (didn't bet)
Seat 5: charlesL404 folded before Flop (didn't bet)
Seat 6: The magic MD (button) folded before Flop



PokerStars Hand #254422860007:  Hold'em No Limit ($0.50/$1.00 USD) - 2025/01/17 23:34:38 WET [2025/01/17 18:34:38 ET]
Table 'Majuba III' 6-max Seat #1 is the button
Seat 1: Poker9803 ($103 in chips) 
Seat 2: An1an1 ($101.79 in chips) 
Seat 3: SorinS28 ($111.81 in chips) 
Seat 4: Nazareno1999 ($137.40 in chips) 
Seat 5: charlesL404 ($77.88 in chips) 
Seat 6: The magic MD ($34.95 in chips) 
An1an1: posts small blind $0.50
SorinS28: posts big blind $1
*** HOLE CARDS ***
Nazareno1999: folds 
charlesL404: raises $2 to $3
The magic MD: folds 
Poker9803: folds 
An1an1: folds 
SorinS28: raises $11 to $14
charlesL404: calls $11
*** FLOP *** [4c 3d 7c]
SorinS28: bets $18.14
charlesL404: calls $18.14
*** TURN *** [4c 3d 7c] [5h]
SorinS28: checks 
charlesL404: bets $45.74 and is all-in
SorinS28: calls $45.74
*** RIVER *** [4c 3d 7c 5h] [4d]
*** SHOW DOWN ***
SorinS28: shows [Qs Qh] (two pair, Queens and Fours)
charlesL404: shows [5d Td] (two pair, Fives and Fours)
SorinS28 collected $153.76 from pot
*** SUMMARY ***
Total pot $156.26 | Rake $2.50 
Board [4c 3d 7c 5h 4d]
Seat 1: Poker9803 (button) folded before Flop (didn't bet)
Seat 2: An1an1 (small blind) folded before Flop
Seat 3: SorinS28 (big blind) showed [Qs Qh] and won ($153.76) with two pair, Queens and Fours
Seat 4: Nazareno1999 folded before Flop (didn't bet)
Seat 5: charlesL404 showed [5d Td] and lost with two pair, Fives and Fours
Seat 6: The magic MD folded before Flop (didn't bet)



PokerStars Hand #254422886014:  Hold'em No Limit ($0.50/$1.00 USD) - 2025/01/17 23:36:13 WET [2025/01/17 18:36:13 ET]
Table 'Majuba III' 6-max Seat #2 is the button
Seat 5: charlesL404 ($0 in chips) is sitting out
Seat 1: Poker9803 ($103 in chips) 
Seat 2: An1an1 ($101.29 in chips) 
Seat 3: SorinS28 ($187.69 in chips) 
Seat 4: Nazareno1999 ($137.40 in chips) 
Seat 6: The magic MD ($34.95 in chips) 
SorinS28: posts small blind $0.50
Nazareno1999: posts big blind $1
*** HOLE CARDS ***
The magic MD: raises $1 to $2
Poker9803: folds 
An1an1: folds 
SorinS28: folds 
charlesL404 leaves the table
Nazareno1999: raises $6.50 to $8.50
The magic MD: folds 
Uncalled bet ($6.50) returned to Nazareno1999
Nazareno1999 collected $4.50 from pot
Nazareno1999: doesn't show hand 
*** SUMMARY ***
Total pot $4.50 | Rake $0 
Seat 5: charlesL404
Seat 1: Poker9803 folded before Flop (didn't bet)
Seat 2: An1an1 (button) folded before Flop (didn't bet)
Seat 3: SorinS28 (small blind) folded before Flop
Seat 4: Nazareno1999 (big blind) collected ($4.50)
Seat 6: The magic MD folded before Flop



PokerStars Hand #254422892858:  Hold'em No Limit ($0.50/$1.00 USD) - 2025/01/17 23:36:38 WET [2025/01/17 18:36:38 ET]
Table 'Majuba III' 6-max Seat #3 is the button
Seat 1: Poker9803 ($103 in chips) 
Seat 2: An1an1 ($101.29 in chips) 
Seat 3: SorinS28 ($187.19 in chips) 
Seat 4: Nazareno1999 ($139.90 in chips) 
Seat 6: The magic MD ($32.95 in chips) 
Nazareno1999: posts small blind $0.50
The magic MD: posts big blind $1
*** HOLE CARDS ***
Poker9803: raises $1 to $2
An1an1: folds 
p0pa4poker joins the table at seat #5 
SorinS28: raises $5 to $7
Nazareno1999: folds 
The magic MD: folds 
Poker9803: folds 
Uncalled bet ($5) returned to SorinS28
SorinS28 collected $5.50 from pot
SorinS28: doesn't show hand 
*** SUMMARY ***
Total pot $5.50 | Rake $0 
Seat 1: Poker9803 folded before Flop
Seat 2: An1an1 folded before Flop (didn't bet)
Seat 3: SorinS28 (button) collected ($5.50)
Seat 4: Nazareno1999 (small blind) folded before Flop
Seat 6: The magic MD (big blind) folded before Flop



