PokerStars Hand #254414557862:  Hold'em No Limit ($0.50/$1.00 USD) - 2025/01/17 14:57:53 WET [2025/01/17 9:57:53 ET]
Table 'Garumna IV' 6-max Seat #2 is the button
Seat 1: ponchua ($100 in chips) 
Seat 2: lolen8 ($84.64 in chips) 
Seat 3: Poker9803 ($100 in chips) 
Seat 4: Rysiff ($100 in chips) 
Seat 5: gudrozd ($100 in chips) 
Seat 6: Joker007r ($100 in chips) 
Poker9803: posts small blind $0.50
Rysiff: posts big blind $1
*** HOLE CARDS ***
gudrozd: folds 
Joker007r: folds 
ponchua: folds 
lolen8: calls $1
Poker9803: folds 
Rysiff: checks 
*** FLOP *** [Kd 4d Qs]
Rysiff: checks 
lolen8: checks 
*** TURN *** [Kd 4d Qs] [4h]
Rysiff: checks 
lolen8: bets $1.19
Rysiff: folds 
Uncalled bet ($1.19) returned to lolen8
lolen8 collected $2.38 from pot
lolen8: doesn't show hand 
*** SUMMARY ***
Total pot $2.50 | Rake $0.12 
Board [Kd 4d Qs 4h]
Seat 1: ponchua folded before Flop (didn't bet)
Seat 2: lolen8 (button) collected ($2.38)
Seat 3: Poker9803 (small blind) folded before Flop
Seat 4: Rysiff (big blind) folded on the Turn
Seat 5: gudrozd folded before Flop (didn't bet)
Seat 6: Joker007r folded before Flop (didn't bet)



PokerStars Hand #254414565885:  Hold'em No Limit ($0.50/$1.00 USD) - 2025/01/17 14:58:45 WET [2025/01/17 9:58:45 ET]
Table 'Garumna IV' 6-max Seat #3 is the button
Seat 1: ponchua ($100 in chips) 
Seat 2: lolen8 ($86.02 in chips) 
Seat 3: Poker9803 ($100 in chips) 
Seat 4: Rysiff ($100 in chips) 
Seat 5: gudrozd ($100 in chips) 
Seat 6: Joker007r ($100 in chips) 
Rysiff: posts small blind $0.50
gudrozd: posts big blind $1
*** HOLE CARDS ***
Joker007r: folds 
ponchua: folds 
lolen8: folds 
Poker9803: folds 
Rysiff: folds 
Uncalled bet ($0.50) returned to gudrozd
gudrozd collected $1 from pot
gudrozd: doesn't show hand 
*** SUMMARY ***
Total pot $1 | Rake $0 
Seat 1: ponchua folded before Flop (didn't bet)
Seat 2: lolen8 folded before Flop (didn't bet)
Seat 3: Poker9803 (button) folded before Flop (didn't bet)
Seat 4: Rysiff (small blind) folded before Flop
Seat 5: gudrozd (big blind) collected ($1)
Seat 6: Joker007r folded before Flop (didn't bet)



PokerStars Hand #254414567579:  Hold'em No Limit ($0.50/$1.00 USD) - 2025/01/17 14:58:56 WET [2025/01/17 9:58:56 ET]
Table 'Garumna IV' 6-max Seat #4 is the button
Seat 1: ponchua ($100 in chips) 
Seat 2: lolen8 ($86.02 in chips) 
Seat 3: Poker9803 ($100 in chips) 
Seat 4: Rysiff ($100 in chips) 
Seat 5: gudrozd ($100.50 in chips) 
Seat 6: Joker007r ($100 in chips) 
gudrozd: posts small blind $0.50
Joker007r: posts big blind $1
*** HOLE CARDS ***
ponchua: folds 
lolen8: folds 
Poker9803: folds 
Rysiff: folds 
gudrozd: folds 
Uncalled bet ($0.50) returned to Joker007r
Joker007r collected $1 from pot
Joker007r: doesn't show hand 
*** SUMMARY ***
Total pot $1 | Rake $0 
Seat 1: ponchua folded before Flop (didn't bet)
Seat 2: lolen8 folded before Flop (didn't bet)
Seat 3: Poker9803 folded before Flop (didn't bet)
Seat 4: Rysiff (button) folded before Flop (didn't bet)
Seat 5: gudrozd (small blind) folded before Flop
Seat 6: Joker007r (big blind) collected ($1)



PokerStars Hand #254414569797:  Hold'em No Limit ($0.50/$1.00 USD) - 2025/01/17 14:59:10 WET [2025/01/17 9:59:10 ET]
Table 'Garumna IV' 6-max Seat #5 is the button
Seat 1: ponchua ($100 in chips) is sitting out
Seat 2: lolen8 ($86.02 in chips) 
Seat 3: Poker9803 ($100 in chips) 
Seat 4: Rysiff ($100 in chips) 
Seat 5: gudrozd ($100 in chips) 
Seat 6: Joker007r ($100.50 in chips) 
Joker007r: posts small blind $0.50
ponchua: is sitting out 
lolen8: posts big blind $1
*** HOLE CARDS ***
ponchua leaves the table
Poker9803: raises $1.50 to $2.50
Rysiff: folds 
gudrozd: folds 
GuigaMan joins the table at seat #1 
Joker007r: folds 
lolen8: calls $1.50
*** FLOP *** [2c 5s Ad]
lolen8: checks 
Poker9803: checks 
*** TURN *** [2c 5s Ad] [8h]
lolen8: bets $5.22
Poker9803: folds 
Uncalled bet ($5.22) returned to lolen8
lolen8 collected $5.22 from pot
lolen8: doesn't show hand 
*** SUMMARY ***
Total pot $5.50 | Rake $0.28 
Board [2c 5s Ad 8h]
Seat 1: ponchua
Seat 2: lolen8 (big blind) collected ($5.22)
Seat 3: Poker9803 folded on the Turn
Seat 4: Rysiff folded before Flop (didn't bet)
Seat 5: gudrozd (button) folded before Flop (didn't bet)
Seat 6: Joker007r (small blind) folded before Flop



PokerStars Hand #254414573876:  Hold'em No Limit ($0.50/$1.00 USD) - 2025/01/17 14:59:36 WET [2025/01/17 9:59:36 ET]
Table 'Garumna IV' 6-max Seat #6 is the button
Seat 1: GuigaMan ($100 in chips) is sitting out
Seat 2: lolen8 ($88.74 in chips) 
Seat 3: Poker9803 ($100 in chips) 
Seat 4: Rysiff ($100 in chips) 
Seat 5: gudrozd ($100 in chips) 
Seat 6: Joker007r ($100 in chips) 
lolen8: posts small blind $0.50
Poker9803: posts big blind $1
*** HOLE CARDS ***
Rysiff: raises $1.50 to $2.50
gudrozd: folds 
Joker007r: folds 
lolen8: folds 
Poker9803: folds 
Uncalled bet ($1.50) returned to Rysiff
Rysiff collected $2.50 from pot
Rysiff: doesn't show hand 
*** SUMMARY ***
Total pot $2.50 | Rake $0 
Seat 1: GuigaMan
Seat 2: lolen8 (small blind) folded before Flop
Seat 3: Poker9803 (big blind) folded before Flop
Seat 4: Rysiff collected ($2.50)
Seat 5: gudrozd folded before Flop (didn't bet)
Seat 6: Joker007r (button) folded before Flop (didn't bet)



PokerStars Hand #254414575527:  Hold'em No Limit ($0.50/$1.00 USD) - 2025/01/17 14:59:46 WET [2025/01/17 9:59:46 ET]
Table 'Garumna IV' 6-max Seat #2 is the button
Seat 1: GuigaMan ($100 in chips) is sitting out
Seat 2: lolen8 ($88.24 in chips) 
Seat 3: Poker9803 ($100 in chips) 
Seat 4: Rysiff ($101.50 in chips) 
Seat 5: gudrozd ($100 in chips) 
Seat 6: Joker007r ($100 in chips) 
Poker9803: posts small blind $0.50
Rysiff: posts big blind $1
GuigaMan: sits out 
*** HOLE CARDS ***
gudrozd: folds 
Joker007r: folds 
lolen8: calls $1
Poker9803: raises $3.50 to $4.50
Rysiff: folds 
lolen8: folds 
Uncalled bet ($3.50) returned to Poker9803
Poker9803 collected $3 from pot
Poker9803: doesn't show hand 
*** SUMMARY ***
Total pot $3 | Rake $0 
Seat 1: GuigaMan
Seat 2: lolen8 (button) folded before Flop
Seat 3: Poker9803 (small blind) collected ($3)
Seat 4: Rysiff (big blind) folded before Flop
Seat 5: gudrozd folded before Flop (didn't bet)
Seat 6: Joker007r folded before Flop (didn't bet)



PokerStars Hand #254414578463:  Hold'em No Limit ($0.50/$1.00 USD) - 2025/01/17 15:00:05 WET [2025/01/17 10:00:05 ET]
Table 'Garumna IV' 6-max Seat #3 is the button
Seat 1: GuigaMan ($100 in chips) is sitting out
Seat 2: lolen8 ($87.24 in chips) 
Seat 3: Poker9803 ($102 in chips) 
Seat 4: Rysiff ($100.50 in chips) 
Seat 5: gudrozd ($100 in chips) 
Seat 6: Joker007r ($100 in chips) 
Rysiff: posts small blind $0.50
gudrozd: posts big blind $1
GuigaMan: sits out 
*** HOLE CARDS ***
Joker007r: folds 
lolen8: folds 
Poker9803: folds 
Rysiff: raises $2 to $3
gudrozd: raises $6 to $9
Rysiff: folds 
Uncalled bet ($6) returned to gudrozd
gudrozd collected $6 from pot
gudrozd: doesn't show hand 
*** SUMMARY ***
Total pot $6 | Rake $0 
Seat 1: GuigaMan
Seat 2: lolen8 folded before Flop (didn't bet)
Seat 3: Poker9803 (button) folded before Flop (didn't bet)
Seat 4: Rysiff (small blind) folded before Flop
Seat 5: gudrozd (big blind) collected ($6)
Seat 6: Joker007r folded before Flop (didn't bet)



PokerStars Hand #254414581651:  Hold'em No Limit ($0.50/$1.00 USD) - 2025/01/17 15:00:25 WET [2025/01/17 10:00:25 ET]
Table 'Garumna IV' 6-max Seat #4 is the button
Seat 1: GuigaMan ($100 in chips) is sitting out
Seat 2: lolen8 ($87.24 in chips) 
Seat 3: Poker9803 ($102 in chips) 
Seat 4: Rysiff ($100 in chips) 
Seat 5: gudrozd ($103 in chips) 
Seat 6: Joker007r ($100 in chips) 
gudrozd: posts small blind $0.50
Joker007r: posts big blind $1
GuigaMan: sits out 
*** HOLE CARDS ***
lolen8: calls $1
Poker9803: raises $2.50 to $3.50
Rysiff: folds 
gudrozd: folds 
Joker007r: folds 
lolen8: folds 
Uncalled bet ($2.50) returned to Poker9803
Poker9803 collected $3.50 from pot
Poker9803: doesn't show hand 
*** SUMMARY ***
Total pot $3.50 | Rake $0 
Seat 1: GuigaMan
Seat 2: lolen8 folded before Flop
Seat 3: Poker9803 collected ($3.50)
Seat 4: Rysiff (button) folded before Flop (didn't bet)
Seat 5: gudrozd (small blind) folded before Flop
Seat 6: Joker007r (big blind) folded before Flop



PokerStars Hand #254414585156:  Hold'em No Limit ($0.50/$1.00 USD) - 2025/01/17 15:00:46 WET [2025/01/17 10:00:46 ET]
Table 'Garumna IV' 6-max Seat #5 is the button
Seat 1: GuigaMan ($100 in chips) 
Seat 2: lolen8 ($86.24 in chips) 
Seat 3: Poker9803 ($104.50 in chips) 
Seat 4: Rysiff ($100 in chips) 
Seat 5: gudrozd ($102.50 in chips) 
Seat 6: Joker007r ($100 in chips) 
Joker007r: posts small blind $0.50
GuigaMan: posts big blind $1
*** HOLE CARDS ***
lolen8: folds 
Poker9803: folds 
Rysiff: raises $1.50 to $2.50
gudrozd: folds 
Joker007r: folds 
GuigaMan: folds 
Uncalled bet ($1.50) returned to Rysiff
Rysiff collected $2.50 from pot
Rysiff: doesn't show hand 
*** SUMMARY ***
Total pot $2.50 | Rake $0 
Seat 1: GuigaMan (big blind) folded before Flop
Seat 2: lolen8 folded before Flop (didn't bet)
Seat 3: Poker9803 folded before Flop (didn't bet)
Seat 4: Rysiff collected ($2.50)
Seat 5: gudrozd (button) folded before Flop (didn't bet)
Seat 6: Joker007r (small blind) folded before Flop



PokerStars Hand #254414588763:  Hold'em No Limit ($0.50/$1.00 USD) - 2025/01/17 15:01:06 WET [2025/01/17 10:01:06 ET]
Table 'Garumna IV' 6-max Seat #6 is the button
Seat 1: GuigaMan ($100 in chips) 
Seat 2: lolen8 ($86.24 in chips) 
Seat 3: Poker9803 ($104.50 in chips) 
Seat 4: Rysiff ($101.50 in chips) 
Seat 5: gudrozd ($102.50 in chips) 
Seat 6: Joker007r ($100 in chips) 
GuigaMan: posts small blind $0.50
lolen8: posts big blind $1
*** HOLE CARDS ***
Poker9803: folds 
Rysiff: raises $1.50 to $2.50
gudrozd: folds 
Joker007r: folds 
GuigaMan: raises $8.50 to $11
lolen8: folds 
Rysiff: raises $13 to $24
GuigaMan: folds 
Uncalled bet ($13) returned to Rysiff
Rysiff collected $23 from pot
Rysiff: doesn't show hand 
*** SUMMARY ***
Total pot $23 | Rake $0 
Seat 1: GuigaMan (small blind) folded before Flop
Seat 2: lolen8 (big blind) folded before Flop
Seat 3: Poker9803 folded before Flop (didn't bet)
Seat 4: Rysiff collected ($23)
Seat 5: gudrozd folded before Flop (didn't bet)
Seat 6: Joker007r (button) folded before Flop (didn't bet)



PokerStars Hand #254414595454:  Hold'em No Limit ($0.50/$1.00 USD) - 2025/01/17 15:01:41 WET [2025/01/17 10:01:41 ET]
Table 'Garumna IV' 6-max Seat #1 is the button
Seat 1: GuigaMan ($100 in chips) 
Seat 2: lolen8 ($85.24 in chips) 
Seat 3: Poker9803 ($104.50 in chips) 
Seat 4: Rysiff ($113.50 in chips) 
Seat 5: gudrozd ($102.50 in chips) 
Seat 6: Joker007r ($100 in chips) 
lolen8: posts small blind $0.50
Poker9803: posts big blind $1
*** HOLE CARDS ***
Rysiff: raises $1.50 to $2.50
gudrozd: folds 
Joker007r: folds 
GuigaMan: folds 
lolen8: calls $2
Poker9803: folds 
*** FLOP *** [Kc 5d 5c]
lolen8: bets $1
Rysiff: raises $6.16 to $7.16
lolen8: folds 
Uncalled bet ($6.16) returned to Rysiff
Rysiff collected $7.60 from pot
Rysiff: doesn't show hand 
*** SUMMARY ***
Total pot $8 | Rake $0.40 
Board [Kc 5d 5c]
Seat 1: GuigaMan (button) folded before Flop (didn't bet)
Seat 2: lolen8 (small blind) folded on the Flop
Seat 3: Poker9803 (big blind) folded before Flop
Seat 4: Rysiff collected ($7.60)
Seat 5: gudrozd folded before Flop (didn't bet)
Seat 6: Joker007r folded before Flop (didn't bet)



PokerStars Hand #254414603233:  Hold'em No Limit ($0.50/$1.00 USD) - 2025/01/17 15:02:23 WET [2025/01/17 10:02:23 ET]
Table 'Garumna IV' 6-max Seat #2 is the button
Seat 4: Rysiff ($117.60 in chips) is sitting out
Seat 1: GuigaMan ($100 in chips) 
Seat 2: lolen8 ($81.74 in chips) 
Seat 3: Poker9803 ($103.50 in chips) 
Seat 5: gudrozd ($102.50 in chips) 
Seat 6: Joker007r ($100 in chips) 
Poker9803: posts small blind $0.50
Rysiff: is sitting out 
gudrozd: posts big blind $1
*** HOLE CARDS ***
Joker007r: folds 
GuigaMan: folds 
lolen8: folds 
Poker9803: folds 
Uncalled bet ($0.50) returned to gudrozd
gudrozd collected $1 from pot
gudrozd: doesn't show hand 
*** SUMMARY ***
Total pot $1 | Rake $0 
Seat 4: Rysiff
Seat 1: GuigaMan folded before Flop (didn't bet)
Seat 2: lolen8 (button) folded before Flop (didn't bet)
Seat 3: Poker9803 (small blind) folded before Flop
Seat 5: gudrozd (big blind) collected ($1)
Seat 6: Joker007r folded before Flop (didn't bet)



PokerStars Hand #254414604562:  Hold'em No Limit ($0.50/$1.00 USD) - 2025/01/17 15:02:30 WET [2025/01/17 10:02:30 ET]
Table 'Garumna IV' 6-max Seat #3 is the button
Seat 4: Rysiff ($117.60 in chips) is sitting out
Seat 1: GuigaMan ($100 in chips) 
Seat 2: lolen8 ($81.74 in chips) 
Seat 3: Poker9803 ($103 in chips) 
Seat 5: gudrozd ($103 in chips) 
Seat 6: Joker007r ($100 in chips) 
gudrozd: posts small blind $0.50
Joker007r: posts big blind $1
*** HOLE CARDS ***
Rysiff leaves the table
GuigaMan: folds 
shem minns joins the table at seat #4 
shem minns is disconnected 
lolen8: calls $1
Poker9803: folds 
gudrozd: raises $4 to $5
Joker007r: folds 
lolen8: folds 
Uncalled bet ($4) returned to gudrozd
gudrozd collected $3 from pot
gudrozd: doesn't show hand 
*** SUMMARY ***
Total pot $3 | Rake $0 
Seat 4: Rysiff
Seat 1: GuigaMan folded before Flop (didn't bet)
Seat 2: lolen8 folded before Flop
Seat 3: Poker9803 (button) folded before Flop (didn't bet)
Seat 5: gudrozd (small blind) collected ($3)
Seat 6: Joker007r (big blind) folded before Flop



PokerStars Hand #254414608631:  Hold'em No Limit ($0.50/$1.00 USD) - 2025/01/17 15:02:52 WET [2025/01/17 10:02:52 ET]
Table 'Garumna IV' 6-max Seat #5 is the button
Seat 1: GuigaMan ($100 in chips) 
Seat 2: lolen8 ($80.74 in chips) 
Seat 3: Poker9803 ($103 in chips) 
Seat 4: shem minns ($10 in chips) 
Seat 5: gudrozd ($105 in chips) 
Seat 6: Joker007r ($100 in chips) 
Joker007r: posts small blind $0.50
GuigaMan: posts big blind $1
shem minns: posts big blind $1
*** HOLE CARDS ***
lolen8: raises $1 to $2
Poker9803: folds 
shem minns: folds 
gudrozd: calls $2
Joker007r: folds 
GuigaMan: calls $1
*** FLOP *** [7h 9c 8h]
GuigaMan: checks 
lolen8: bets $1
gudrozd: folds 
GuigaMan: raises $6 to $7
lolen8: calls $6
*** TURN *** [7h 9c 8h] [6c]
GuigaMan: bets $15.32
lolen8: raises $51.06 to $66.38
GuigaMan: raises $24.62 to $91 and is all-in
lolen8: calls $5.36 and is all-in
Uncalled bet ($19.26) returned to GuigaMan
*** RIVER *** [7h 9c 8h 6c] [3c]
*** SHOW DOWN ***
GuigaMan: shows [Ts Jc] (a straight, Seven to Jack)
lolen8: shows [Qc Td] (a straight, Six to Ten)
GuigaMan collected $162.48 from pot
*** SUMMARY ***
Total pot $164.98 | Rake $2.50 
Board [7h 9c 8h 6c 3c]
Seat 1: GuigaMan (big blind) showed [Ts Jc] and won ($162.48) with a straight, Seven to Jack
Seat 2: lolen8 showed [Qc Td] and lost with a straight, Six to Ten
Seat 3: Poker9803 folded before Flop (didn't bet)
Seat 4: shem minns folded before Flop (didn't bet)
Seat 5: gudrozd (button) folded on the Flop
Seat 6: Joker007r (small blind) folded before Flop



PokerStars Hand #254414622253:  Hold'em No Limit ($0.50/$1.00 USD) - 2025/01/17 15:04:01 WET [2025/01/17 10:04:01 ET]
Table 'Garumna IV' 6-max Seat #6 is the button
Seat 2: lolen8 ($0 in chips) is sitting out
Seat 1: GuigaMan ($181.74 in chips) 
Seat 3: Poker9803 ($103 in chips) 
Seat 4: shem minns ($9 in chips) 
Seat 5: gudrozd ($103 in chips) 
Seat 6: Joker007r ($100 in chips) 
GuigaMan: posts small blind $0.50
Poker9803: posts big blind $1
*** HOLE CARDS ***
shem minns: folds 
gudrozd: folds 
Joker007r: folds 
GuigaMan: folds 
Uncalled bet ($0.50) returned to Poker9803
Poker9803 collected $1 from pot
Poker9803: doesn't show hand 
*** SUMMARY ***
Total pot $1 | Rake $0 
Seat 2: lolen8
Seat 1: GuigaMan (small blind) folded before Flop
Seat 3: Poker9803 (big blind) collected ($1)
Seat 4: shem minns folded before Flop (didn't bet)
Seat 5: gudrozd folded before Flop (didn't bet)
Seat 6: Joker007r (button) folded before Flop (didn't bet)



PokerStars Hand #254414624370:  Hold'em No Limit ($0.50/$1.00 USD) - 2025/01/17 15:04:12 WET [2025/01/17 10:04:12 ET]
Table 'Garumna IV' 6-max Seat #1 is the button
Seat 2: lolen8 ($0 in chips) is sitting out
Seat 1: GuigaMan ($181.24 in chips) 
Seat 3: Poker9803 ($103.50 in chips) 
Seat 4: shem minns ($9 in chips) 
Seat 5: gudrozd ($103 in chips) 
Seat 6: Joker007r ($100 in chips) 
Poker9803: posts small blind $0.50
shem minns: posts big blind $1
*** HOLE CARDS ***
lolen8 leaves the table
gudrozd: folds 
Joker007r: folds 
GuigaMan: raises $1.10 to $2.10
Poker9803: folds 
shem minns: raises $6.90 to $9 and is all-in
GuigaMan: calls $6.90
*** FLOP *** [Qc Td 5c]
*** TURN *** [Qc Td 5c] [3c]
*** RIVER *** [Qc Td 5c 3c] [3s]
*** SHOW DOWN ***
shem minns: shows [9c 8h] (a pair of Threes)
GuigaMan: shows [4c 4h] (two pair, Fours and Threes)
GuigaMan collected $17.58 from pot
*** SUMMARY ***
Total pot $18.50 | Rake $0.92 
Board [Qc Td 5c 3c 3s]
Seat 2: lolen8
Seat 1: GuigaMan (button) showed [4c 4h] and won ($17.58) with two pair, Fours and Threes
Seat 3: Poker9803 (small blind) folded before Flop
Seat 4: shem minns (big blind) showed [9c 8h] and lost with a pair of Threes
Seat 5: gudrozd folded before Flop (didn't bet)
Seat 6: Joker007r folded before Flop (didn't bet)



PokerStars Hand #254414628632:  Hold'em No Limit ($0.50/$1.00 USD) - 2025/01/17 15:04:35 WET [2025/01/17 10:04:35 ET]
Table 'Garumna IV' 6-max Seat #3 is the button
Seat 4: shem minns ($0 in chips) is sitting out
Seat 1: GuigaMan ($189.82 in chips) 
Seat 3: Poker9803 ($103 in chips) 
Seat 5: gudrozd ($103 in chips) 
Seat 6: Joker007r ($100 in chips) 
gudrozd: posts small blind $0.50
Joker007r: posts big blind $1
*** HOLE CARDS ***
GuigaMan: folds 
Poker9803: folds 
gudrozd: raises $2 to $3
Joker007r: calls $2
*** FLOP *** [Qs 9c Td]
shem minns leaves the table
gudrozd: checks 
Joker007r: bets $3.80
gudrozd: folds 
Uncalled bet ($3.80) returned to Joker007r
Joker007r collected $5.70 from pot
Joker007r: doesn't show hand 
gudrozd leaves the table
*** SUMMARY ***
Total pot $6 | Rake $0.30 
Board [Qs 9c Td]
Seat 4: shem minns
Seat 1: GuigaMan folded before Flop (didn't bet)
Seat 3: Poker9803 (button) folded before Flop (didn't bet)
Seat 5: gudrozd (small blind) folded on the Flop
Seat 6: Joker007r (big blind) collected ($5.70)



PokerStars Hand #254414634676:  Hold'em No Limit ($0.50/$1.00 USD) - 2025/01/17 15:05:05 WET [2025/01/17 10:05:05 ET]
Table 'Garumna IV' 6-max Seat #1 is the button
Seat 3: Poker9803 ($103 in chips) is sitting out
Seat 1: GuigaMan ($189.82 in chips) 
Seat 6: Joker007r ($102.70 in chips) 
GuigaMan: posts small blind $0.50
Poker9803: is sitting out 
Joker007r: posts big blind $1
*** HOLE CARDS ***
Poker9803 leaves the table
GuigaMan: raises $1.10 to $2.10
Joker007r: raises $7.90 to $10
GuigaMan: folds 
Uncalled bet ($7.90) returned to Joker007r
Joker007r collected $4.20 from pot
Joker007r: doesn't show hand 
*** SUMMARY ***
Total pot $4.20 | Rake $0 
Seat 3: Poker9803
Seat 1: GuigaMan (button) (small blind) folded before Flop
Seat 6: Joker007r (big blind) collected ($4.20)



PokerStars Hand #254414650037:  Hold'em No Limit ($0.50/$1.00 USD) - 2025/01/17 15:06:24 WET [2025/01/17 10:06:24 ET]
Table 'Garumna IV' 6-max Seat #2 is the button
Seat 1: andutu34 ($100 in chips) 
Seat 2: whlzor ($100 in chips) 
Seat 4: JorgeP1895 ($51.22 in chips) 
Seat 5: Burlica2013 ($100 in chips) 
Seat 6: gudrozd ($100 in chips) 
JorgeP1895: posts small blind $0.50
Burlica2013: posts big blind $1
*** HOLE CARDS ***
raduraducu31 joins the table at seat #3 
gudrozd: folds 
raduraducu31 is disconnected 
andutu34: folds 
whlzor: raises $2 to $3
JorgeP1895: folds 
Burlica2013: folds 
Uncalled bet ($2) returned to whlzor
whlzor collected $2.50 from pot
whlzor: doesn't show hand 
*** SUMMARY ***
Total pot $2.50 | Rake $0 
Seat 1: andutu34 folded before Flop (didn't bet)
Seat 2: whlzor (button) collected ($2.50)
Seat 4: JorgeP1895 (small blind) folded before Flop
Seat 5: Burlica2013 (big blind) folded before Flop
Seat 6: gudrozd folded before Flop (didn't bet)



PokerStars Hand #254414653953:  Hold'em No Limit ($0.50/$1.00 USD) - 2025/01/17 15:06:44 WET [2025/01/17 10:06:44 ET]
Table 'Garumna IV' 6-max Seat #4 is the button
Seat 1: andutu34 ($100 in chips) 
Seat 2: whlzor ($101.50 in chips) 
Seat 3: raduraducu31 ($10 in chips) 
Seat 4: JorgeP1895 ($50.72 in chips) 
Seat 5: Burlica2013 ($100 in chips) 
Seat 6: gudrozd ($100 in chips) 
Burlica2013: posts small blind $0.50
gudrozd: posts big blind $1
raduraducu31: posts big blind $1
*** HOLE CARDS ***
andutu34: folds 
whlzor: folds 
raduraducu31: checks 
JorgeP1895: folds 
Burlica2013: folds 
gudrozd: checks 
*** FLOP *** [5h Ac 7c]
gudrozd: checks 
raduraducu31: checks 
*** TURN *** [5h Ac 7c] [Kd]
gudrozd: checks 
raduraducu31: bets $1
gudrozd: folds 
Uncalled bet ($1) returned to raduraducu31
raduraducu31 collected $2.38 from pot
*** SUMMARY ***
Total pot $2.50 | Rake $0.12 
Board [5h Ac 7c Kd]
Seat 1: andutu34 folded before Flop (didn't bet)
Seat 2: whlzor folded before Flop (didn't bet)
Seat 3: raduraducu31 collected ($2.38)
Seat 4: JorgeP1895 (button) folded before Flop (didn't bet)
Seat 5: Burlica2013 (small blind) folded before Flop
Seat 6: gudrozd (big blind) folded on the Turn



PokerStars Hand #254414661671:  Hold'em No Limit ($0.50/$1.00 USD) - 2025/01/17 15:07:23 WET [2025/01/17 10:07:23 ET]
Table 'Garumna IV' 6-max Seat #5 is the button
Seat 1: andutu34 ($100 in chips) 
Seat 2: whlzor ($101.50 in chips) 
Seat 3: raduraducu31 ($11.38 in chips) 
Seat 4: JorgeP1895 ($50.72 in chips) 
Seat 5: Burlica2013 ($100 in chips) 
Seat 6: gudrozd ($100 in chips) 
gudrozd: posts small blind $0.50
andutu34: posts big blind $1
*** HOLE CARDS ***
whlzor: raises $1.50 to $2.50
raduraducu31: folds 
JorgeP1895: folds 
Burlica2013: folds 
gudrozd: folds 
andutu34: folds 
Uncalled bet ($1.50) returned to whlzor
whlzor collected $2.50 from pot
whlzor: doesn't show hand 
*** SUMMARY ***
Total pot $2.50 | Rake $0 
Seat 1: andutu34 (big blind) folded before Flop
Seat 2: whlzor collected ($2.50)
Seat 3: raduraducu31 folded before Flop (didn't bet)
Seat 4: JorgeP1895 folded before Flop (didn't bet)
Seat 5: Burlica2013 (button) folded before Flop (didn't bet)
Seat 6: gudrozd (small blind) folded before Flop



PokerStars Hand #254414664224:  Hold'em No Limit ($0.50/$1.00 USD) - 2025/01/17 15:07:37 WET [2025/01/17 10:07:37 ET]
Table 'Garumna IV' 6-max Seat #6 is the button
Seat 2: whlzor ($103 in chips) is sitting out
Seat 1: andutu34 ($100 in chips) 
Seat 3: raduraducu31 ($11.38 in chips) 
Seat 4: JorgeP1895 ($50.72 in chips) 
Seat 5: Burlica2013 ($100 in chips) 
Seat 6: gudrozd ($100 in chips) 
andutu34: posts small blind $0.50
whlzor: is sitting out 
raduraducu31: posts big blind $1
*** HOLE CARDS ***
JorgeP1895: folds 
Burlica2013: folds 
gudrozd: raises $1.50 to $2.50
andutu34: folds 
raduraducu31: calls $1.50
*** FLOP *** [6s Ks Qc]
raduraducu31: checks 
gudrozd: bets $1.30
raduraducu31: calls $1.30
*** TURN *** [6s Ks Qc] [9h]
raduraducu31: checks 
gudrozd: checks 
*** RIVER *** [6s Ks Qc 9h] [Tc]
raduraducu31: checks 
gudrozd: checks 
*** SHOW DOWN ***
raduraducu31: shows [Kh 2h] (a pair of Kings)
gudrozd: mucks hand 
raduraducu31 collected $7.70 from pot
*** SUMMARY ***
Total pot $8.10 | Rake $0.40 
Board [6s Ks Qc 9h Tc]
Seat 2: whlzor
Seat 1: andutu34 (small blind) folded before Flop
Seat 3: raduraducu31 (big blind) showed [Kh 2h] and won ($7.70) with a pair of Kings
Seat 4: JorgeP1895 folded before Flop (didn't bet)
Seat 5: Burlica2013 folded before Flop (didn't bet)
Seat 6: gudrozd (button) mucked



PokerStars Hand #254414673463:  Hold'em No Limit ($0.50/$1.00 USD) - 2025/01/17 15:08:24 WET [2025/01/17 10:08:24 ET]
Table 'Garumna IV' 6-max Seat #1 is the button
Seat 2: whlzor ($103 in chips) is sitting out
Seat 1: andutu34 ($100 in chips) 
Seat 3: raduraducu31 ($15.28 in chips) 
Seat 4: JorgeP1895 ($50.72 in chips) 
Seat 5: Burlica2013 ($100 in chips) 
Seat 6: gudrozd ($100 in chips) 
raduraducu31: posts small blind $0.50
JorgeP1895: posts big blind $1
*** HOLE CARDS ***
Burlica2013: folds 
gudrozd: folds 
andutu34: folds 
raduraducu31: calls $0.50
JorgeP1895: raises $2 to $3
raduraducu31: calls $2
*** FLOP *** [Ah 3s 4c]
raduraducu31: checks 
JorgeP1895: checks 
*** TURN *** [Ah 3s 4c] [4s]
raduraducu31: bets $1
JorgeP1895: calls $1
*** RIVER *** [Ah 3s 4c 4s] [7c]
raduraducu31: checks 
JorgeP1895: checks 
*** SHOW DOWN ***
raduraducu31: shows [8d 6d] (a pair of Fours)
JorgeP1895: shows [7h Kh] (two pair, Sevens and Fours)
JorgeP1895 collected $7.60 from pot
*** SUMMARY ***
Total pot $8 | Rake $0.40 
Board [Ah 3s 4c 4s 7c]
Seat 2: whlzor
Seat 1: andutu34 (button) folded before Flop (didn't bet)
Seat 3: raduraducu31 (small blind) showed [8d 6d] and lost with a pair of Fours
Seat 4: JorgeP1895 (big blind) showed [7h Kh] and won ($7.60) with two pair, Sevens and Fours
Seat 5: Burlica2013 folded before Flop (didn't bet)
Seat 6: gudrozd folded before Flop (didn't bet)



PokerStars Hand #254414678707:  Hold'em No Limit ($0.50/$1.00 USD) - 2025/01/17 15:08:51 WET [2025/01/17 10:08:51 ET]
Table 'Garumna IV' 6-max Seat #3 is the button
Seat 2: whlzor ($103 in chips) is sitting out
Seat 1: andutu34 ($100 in chips) 
Seat 3: raduraducu31 ($11.28 in chips) 
Seat 4: JorgeP1895 ($54.32 in chips) 
Seat 5: Burlica2013 ($100 in chips) 
Seat 6: gudrozd ($100 in chips) 
JorgeP1895: posts small blind $0.50
Burlica2013: posts big blind $1
whlzor: sits out 
*** HOLE CARDS ***
gudrozd: folds 
andutu34: folds 
raduraducu31: calls $1
JorgeP1895: calls $0.50
Burlica2013: checks 
*** FLOP *** [5s 6s 8s]
JorgeP1895: checks 
Burlica2013: checks 
raduraducu31: checks 
*** TURN *** [5s 6s 8s] [Jc]
JorgeP1895: bets $1
Burlica2013: raises $2.43 to $3.43
raduraducu31: folds 
JorgeP1895: folds 
Uncalled bet ($2.43) returned to Burlica2013
Burlica2013 collected $4.75 from pot
Burlica2013: doesn't show hand 
*** SUMMARY ***
Total pot $5 | Rake $0.25 
Board [5s 6s 8s Jc]
Seat 2: whlzor
Seat 1: andutu34 folded before Flop (didn't bet)
Seat 3: raduraducu31 (button) folded on the Turn
Seat 4: JorgeP1895 (small blind) folded on the Turn
Seat 5: Burlica2013 (big blind) collected ($4.75)
Seat 6: gudrozd folded before Flop (didn't bet)



PokerStars Hand #254414685249:  Hold'em No Limit ($0.50/$1.00 USD) - 2025/01/17 15:09:26 WET [2025/01/17 10:09:26 ET]
Table 'Garumna IV' 6-max Seat #4 is the button
Seat 2: whlzor ($103 in chips) is sitting out
Seat 1: andutu34 ($100 in chips) 
Seat 3: raduraducu31 ($10.28 in chips) 
Seat 4: JorgeP1895 ($52.32 in chips) 
Seat 5: Burlica2013 ($102.75 in chips) 
Seat 6: gudrozd ($100 in chips) 
Burlica2013: posts small blind $0.50
gudrozd: posts big blind $1
whlzor: sits out 
*** HOLE CARDS ***
andutu34: folds 
raduraducu31: folds 
JorgeP1895: raises $2 to $3
Burlica2013: folds 
gudrozd: folds 
Uncalled bet ($2) returned to JorgeP1895
JorgeP1895 collected $2.50 from pot
*** SUMMARY ***
Total pot $2.50 | Rake $0 
Seat 2: whlzor
Seat 1: andutu34 folded before Flop (didn't bet)
Seat 3: raduraducu31 folded before Flop (didn't bet)
Seat 4: JorgeP1895 (button) collected ($2.50)
Seat 5: Burlica2013 (small blind) folded before Flop
Seat 6: gudrozd (big blind) folded before Flop



PokerStars Hand #254414687779:  Hold'em No Limit ($0.50/$1.00 USD) - 2025/01/17 15:09:39 WET [2025/01/17 10:09:39 ET]
Table 'Garumna IV' 6-max Seat #5 is the button
Seat 2: whlzor ($103 in chips) is sitting out
Seat 1: andutu34 ($100 in chips) 
Seat 3: raduraducu31 ($10.28 in chips) 
Seat 4: JorgeP1895 ($53.82 in chips) 
Seat 5: Burlica2013 ($102.25 in chips) 
Seat 6: gudrozd ($100 in chips) 
gudrozd: posts small blind $0.50
andutu34: posts big blind $1
whlzor: sits out 
*** HOLE CARDS ***
raduraducu31: folds 
JorgeP1895: calls $1
Burlica2013: folds 
gudrozd: raises $4 to $5
andutu34: calls $4
JorgeP1895: calls $4
*** FLOP *** [3s Ah 2c]
gudrozd: checks 
andutu34: bets $3.56
JorgeP1895: calls $3.56
gudrozd: folds 
*** TURN *** [3s Ah 2c] [8d]
andutu34: checks 
JorgeP1895: bets $9
andutu34: folds 
Uncalled bet ($9) returned to JorgeP1895
JorgeP1895 collected $21.01 from pot
*** SUMMARY ***
Total pot $22.12 | Rake $1.11 
Board [3s Ah 2c 8d]
Seat 2: whlzor
Seat 1: andutu34 (big blind) folded on the Turn
Seat 3: raduraducu31 folded before Flop (didn't bet)
Seat 4: JorgeP1895 collected ($21.01)
Seat 5: Burlica2013 (button) folded before Flop (didn't bet)
Seat 6: gudrozd (small blind) folded on the Flop



PokerStars Hand #254414704479:  Hold'em No Limit ($0.50/$1.00 USD) - 2025/01/17 15:11:05 WET [2025/01/17 10:11:05 ET]
Table 'Garumna IV' 6-max Seat #6 is the button
Seat 1: andutu34 ($100 in chips) 
Seat 2: whlzor ($103 in chips) 
Seat 3: raduraducu31 ($10.28 in chips) 
Seat 4: JorgeP1895 ($66.27 in chips) 
Seat 5: Burlica2013 ($102.25 in chips) 
Seat 6: gudrozd ($100 in chips) 
andutu34: posts small blind $0.50
whlzor: posts big blind $1
*** HOLE CARDS ***
raduraducu31: folds 
JorgeP1895: folds 
Burlica2013: folds 
gudrozd: folds 
andutu34: raises $2 to $3
whlzor: folds 
Uncalled bet ($2) returned to andutu34
andutu34 collected $2 from pot
andutu34: doesn't show hand 
*** SUMMARY ***
Total pot $2 | Rake $0 
Seat 1: andutu34 (small blind) collected ($2)
Seat 2: whlzor (big blind) folded before Flop
Seat 3: raduraducu31 folded before Flop (didn't bet)
Seat 4: JorgeP1895 folded before Flop (didn't bet)
Seat 5: Burlica2013 folded before Flop (didn't bet)
Seat 6: gudrozd (button) folded before Flop (didn't bet)



PokerStars Hand #254414706601:  Hold'em No Limit ($0.50/$1.00 USD) - 2025/01/17 15:11:16 WET [2025/01/17 10:11:16 ET]
Table 'Garumna IV' 6-max Seat #1 is the button
Seat 1: andutu34 ($101 in chips) 
Seat 2: whlzor ($102 in chips) 
Seat 3: raduraducu31 ($10.28 in chips) 
Seat 4: JorgeP1895 ($66.27 in chips) 
Seat 5: Burlica2013 ($102.25 in chips) 
Seat 6: gudrozd ($100 in chips) 
whlzor: posts small blind $0.50
raduraducu31: posts big blind $1
*** HOLE CARDS ***
JorgeP1895: folds 
Burlica2013: folds 
gudrozd: folds 
andutu34: folds 
whlzor: raises $66 to $67
raduraducu31: calls $9.28 and is all-in
Uncalled bet ($56.72) returned to whlzor
*** FLOP *** [Ks 9h 5c]
*** TURN *** [Ks 9h 5c] [Th]
*** RIVER *** [Ks 9h 5c Th] [7d]
*** SHOW DOWN ***
whlzor: shows [2d Ac] (high card Ace)
raduraducu31: shows [Qh Jh] (a straight, Nine to King)
raduraducu31 collected $19.53 from pot
*** SUMMARY ***
Total pot $20.56 | Rake $1.03 
Board [Ks 9h 5c Th 7d]
Seat 1: andutu34 (button) folded before Flop (didn't bet)
Seat 2: whlzor (small blind) showed [2d Ac] and lost with high card Ace
Seat 3: raduraducu31 (big blind) showed [Qh Jh] and won ($19.53) with a straight, Nine to King
Seat 4: JorgeP1895 folded before Flop (didn't bet)
Seat 5: Burlica2013 folded before Flop (didn't bet)
Seat 6: gudrozd folded before Flop (didn't bet)



PokerStars Hand #254414711753:  Hold'em No Limit ($0.50/$1.00 USD) - 2025/01/17 15:11:42 WET [2025/01/17 10:11:42 ET]
Table 'Garumna IV' 6-max Seat #2 is the button
Seat 1: andutu34 ($101 in chips) 
Seat 2: whlzor ($100 in chips) 
Seat 3: raduraducu31 ($19.53 in chips) 
Seat 4: JorgeP1895 ($66.27 in chips) 
Seat 5: Burlica2013 ($102.25 in chips) 
Seat 6: gudrozd ($100 in chips) 
raduraducu31: posts small blind $0.50
JorgeP1895: posts big blind $1
*** HOLE CARDS ***
Burlica2013: raises $1.20 to $2.20
gudrozd: folds 
andutu34: folds 
whlzor: folds 
raduraducu31: calls $1.70
JorgeP1895: folds 
*** FLOP *** [3d Td 8s]
raduraducu31: checks 
Burlica2013: bets $1.69
raduraducu31: calls $1.69
*** TURN *** [3d Td 8s] [3s]
raduraducu31: checks 
Burlica2013: checks 
*** RIVER *** [3d Td 8s 3s] [Qh]
raduraducu31: bets $1
Burlica2013: raises $19 to $20
raduraducu31: folds [Ad]
Uncalled bet ($19) returned to Burlica2013
Burlica2013 collected $10.24 from pot
Burlica2013: doesn't show hand 
*** SUMMARY ***
Total pot $10.78 | Rake $0.54 
Board [3d Td 8s 3s Qh]
Seat 1: andutu34 folded before Flop (didn't bet)
Seat 2: whlzor (button) folded before Flop (didn't bet)
Seat 3: raduraducu31 (small blind) folded on the River
Seat 4: JorgeP1895 (big blind) folded before Flop
Seat 5: Burlica2013 collected ($10.24)
Seat 6: gudrozd folded before Flop (didn't bet)



PokerStars Hand #254414720295:  Hold'em No Limit ($0.50/$1.00 USD) - 2025/01/17 15:12:26 WET [2025/01/17 10:12:26 ET]
Table 'Garumna IV' 6-max Seat #3 is the button
Seat 1: andutu34 ($101 in chips) 
Seat 2: whlzor ($100 in chips) 
Seat 3: raduraducu31 ($14.64 in chips) 
Seat 4: JorgeP1895 ($65.27 in chips) 
Seat 5: Burlica2013 ($107.60 in chips) 
Seat 6: gudrozd ($100 in chips) 
JorgeP1895: posts small blind $0.50
Burlica2013: posts big blind $1
*** HOLE CARDS ***
gudrozd: folds 
andutu34: raises $1 to $2
whlzor: folds 
raduraducu31: folds 
JorgeP1895: calls $1.50
Burlica2013: folds 
*** FLOP *** [6s 7h Js]
JorgeP1895: checks 
andutu34: bets $3.56
JorgeP1895: calls $3.56
*** TURN *** [6s 7h Js] [2c]
JorgeP1895: checks 
andutu34: bets $11.63
JorgeP1895: calls $11.63
*** RIVER *** [6s 7h Js 2c] [3s]
JorgeP1895: checks 
andutu34: bets $16.81
JorgeP1895: raises $19.81 to $36.62
andutu34: calls $19.81
*** SHOW DOWN ***
JorgeP1895: shows [4s 5c] (a straight, Three to Seven)
andutu34: mucks hand 
JorgeP1895 collected $106.12 from pot
*** SUMMARY ***
Total pot $108.62 | Rake $2.50 
Board [6s 7h Js 2c 3s]
Seat 1: andutu34 mucked
Seat 2: whlzor folded before Flop (didn't bet)
Seat 3: raduraducu31 (button) folded before Flop (didn't bet)
Seat 4: JorgeP1895 (small blind) showed [4s 5c] and won ($106.12) with a straight, Three to Seven
Seat 5: Burlica2013 (big blind) folded before Flop
Seat 6: gudrozd folded before Flop (didn't bet)



PokerStars Hand #254414741199:  Hold'em No Limit ($0.50/$1.00 USD) - 2025/01/17 15:14:13 WET [2025/01/17 10:14:13 ET]
Table 'Garumna IV' 6-max Seat #4 is the button
Seat 6: gudrozd ($100 in chips) is sitting out
Seat 1: andutu34 ($100 in chips) 
Seat 2: whlzor ($100 in chips) 
Seat 3: raduraducu31 ($14.64 in chips) 
Seat 4: JorgeP1895 ($117.58 in chips) 
Seat 5: Burlica2013 ($106.60 in chips) 
Burlica2013: posts small blind $0.50
gudrozd: is sitting out 
andutu34: posts big blind $1
*** HOLE CARDS ***
whlzor: folds 
whlzor leaves the table
gudrozd leaves the table
raduraducu31: calls $1
JorgeP1895: calls $1
yzuk joins the table at seat #2 
Joker007r joins the table at seat #6 
Burlica2013: calls $0.50
andutu34: checks 
*** FLOP *** [Qh Ad 8d]
Burlica2013: checks 
andutu34: checks 
raduraducu31: bets $1
JorgeP1895: folds 
Burlica2013: raises $2.90 to $3.90
andutu34: folds 
raduraducu31: calls $2.90
*** TURN *** [Qh Ad 8d] [9d]
Burlica2013: checks 
raduraducu31: checks 
*** RIVER *** [Qh Ad 8d 9d] [5d]
Burlica2013: checks 
raduraducu31: checks 
*** SHOW DOWN ***
Burlica2013: shows [Ah 2s] (a pair of Aces)
raduraducu31: mucks hand 
Burlica2013 collected $11.21 from pot
*** SUMMARY ***
Total pot $11.80 | Rake $0.59 
Board [Qh Ad 8d 9d 5d]
Seat 6: gudrozd
Seat 1: andutu34 (big blind) folded on the Flop
Seat 2: whlzor folded before Flop (didn't bet)
Seat 3: raduraducu31 mucked
Seat 4: JorgeP1895 (button) folded on the Flop
Seat 5: Burlica2013 (small blind) showed [Ah 2s] and won ($11.21) with a pair of Aces



PokerStars Hand #254414754012:  Hold'em No Limit ($0.50/$1.00 USD) - 2025/01/17 15:15:18 WET [2025/01/17 10:15:18 ET]
Table 'Garumna IV' 6-max Seat #5 is the button
Seat 6: Joker007r ($104.80 in chips) is sitting out
Seat 1: andutu34 ($100 in chips) 
Seat 2: yzuk ($100 in chips) 
Seat 3: raduraducu31 ($9.74 in chips) 
Seat 4: JorgeP1895 ($116.58 in chips) 
Seat 5: Burlica2013 ($112.91 in chips) 
andutu34: posts small blind $0.50
yzuk: posts big blind $1
*** HOLE CARDS ***
raduraducu31: folds 
JorgeP1895: folds 
Burlica2013: raises $1.45 to $2.45
andutu34: folds 
yzuk: calls $1.45
*** FLOP *** [2s 9c Ad]
yzuk: checks 
Burlica2013: bets $1.69
yzuk: raises $4.34 to $6.03
Burlica2013: calls $4.34
*** TURN *** [2s 9c Ad] [Qh]
yzuk: checks 
Burlica2013: checks 
*** RIVER *** [2s 9c Ad Qh] [4h]
yzuk: bets $5.64
Burlica2013: calls $5.64
*** SHOW DOWN ***
yzuk: shows [Tc Ah] (a pair of Aces)
Burlica2013: mucks hand 
yzuk collected $27.30 from pot
*** SUMMARY ***
Total pot $28.74 | Rake $1.44 
Board [2s 9c Ad Qh 4h]
Seat 6: Joker007r
Seat 1: andutu34 (small blind) folded before Flop
Seat 2: yzuk (big blind) showed [Tc Ah] and won ($27.30) with a pair of Aces
Seat 3: raduraducu31 folded before Flop (didn't bet)
Seat 4: JorgeP1895 folded before Flop (didn't bet)
Seat 5: Burlica2013 (button) mucked



PokerStars Hand #254414773070:  Hold'em No Limit ($0.50/$1.00 USD) - 2025/01/17 15:16:52 WET [2025/01/17 10:16:52 ET]
Table 'Garumna IV' 6-max Seat #1 is the button
Seat 6: Joker007r ($104.80 in chips) is sitting out
Seat 1: andutu34 ($100 in chips) 
Seat 2: yzuk ($113.18 in chips) 
Seat 3: raduraducu31 ($9.74 in chips) 
Seat 4: JorgeP1895 ($116.58 in chips) 
Seat 5: Burlica2013 ($100 in chips) 
yzuk: posts small blind $0.50
raduraducu31: posts big blind $1
Joker007r: sits out 
*** HOLE CARDS ***
JorgeP1895: calls $1
Burlica2013: raises $1.75 to $2.75
andutu34: folds 
yzuk: folds 
raduraducu31: calls $1.75
JorgeP1895: calls $1.75
*** FLOP *** [Td 6d 4h]
raduraducu31: checks 
JorgeP1895: bets $4.16
Burlica2013: calls $4.16
raduraducu31: raises $2.83 to $6.99 and is all-in
JorgeP1895: calls $2.83
Burlica2013: calls $2.83
*** TURN *** [Td 6d 4h] [Jc]
JorgeP1895: bets $14.12
Burlica2013: folds 
Uncalled bet ($14.12) returned to JorgeP1895
*** RIVER *** [Td 6d 4h Jc] [8c]
*** SHOW DOWN ***
raduraducu31: shows [As 4d] (a pair of Fours)
JorgeP1895: shows [Tc Jh] (two pair, Jacks and Tens)
JorgeP1895 collected $28.23 from pot
*** SUMMARY ***
Total pot $29.72 | Rake $1.49 
Board [Td 6d 4h Jc 8c]
Seat 6: Joker007r
Seat 1: andutu34 (button) folded before Flop (didn't bet)
Seat 2: yzuk (small blind) folded before Flop
Seat 3: raduraducu31 (big blind) showed [As 4d] and lost with a pair of Fours
Seat 4: JorgeP1895 showed [Tc Jh] and won ($28.23) with two pair, Jacks and Tens
Seat 5: Burlica2013 folded on the Turn



PokerStars Hand #254414789024:  Hold'em No Limit ($0.50/$1.00 USD) - 2025/01/17 15:18:09 WET [2025/01/17 10:18:09 ET]
Table 'Garumna IV' 6-max Seat #2 is the button
Seat 3: raduraducu31 ($0 in chips) is sitting out
Seat 6: Joker007r ($104.80 in chips) is sitting out
Seat 1: andutu34 ($100 in chips) 
Seat 2: yzuk ($112.68 in chips) 
Seat 4: JorgeP1895 ($135.07 in chips) 
Seat 5: Burlica2013 ($100 in chips) 
JorgeP1895: posts small blind $0.50
Burlica2013: posts big blind $1
Joker007r: sits out 
*** HOLE CARDS ***
andutu34: folds 
yzuk: raises $1.50 to $2.50
JorgeP1895: folds 
Burlica2013: calls $1.50
*** FLOP *** [5h 6c Ad]
Burlica2013: checks 
yzuk: checks 
*** TURN *** [5h 6c Ad] [7s]
Burlica2013: bets $3.92
yzuk: folds 
Uncalled bet ($3.92) returned to Burlica2013
Burlica2013 collected $5.22 from pot
Burlica2013: doesn't show hand 
*** SUMMARY ***
Total pot $5.50 | Rake $0.28 
Board [5h 6c Ad 7s]
Seat 3: raduraducu31
Seat 6: Joker007r
Seat 1: andutu34 folded before Flop (didn't bet)
Seat 2: yzuk (button) folded on the Turn
Seat 4: JorgeP1895 (small blind) folded before Flop
Seat 5: Burlica2013 (big blind) collected ($5.22)



PokerStars Hand #254414794451:  Hold'em No Limit ($0.50/$1.00 USD) - 2025/01/17 15:18:36 WET [2025/01/17 10:18:36 ET]
Table 'Garumna IV' 6-max Seat #4 is the button
Seat 1: andutu34 ($100 in chips) 
Seat 2: yzuk ($110.18 in chips) 
Seat 3: raduraducu31 ($10 in chips) 
Seat 4: JorgeP1895 ($134.57 in chips) 
Seat 5: Burlica2013 ($102.72 in chips) 
Seat 6: Joker007r ($104.80 in chips) 
Burlica2013: posts small blind $0.50
Joker007r: posts big blind $1
raduraducu31: posts small blind $0.50
*** HOLE CARDS ***
andutu34: folds 
yzuk: folds 
raduraducu31: calls $1
JorgeP1895: raises $2 to $3
Burlica2013: folds 
Joker007r: folds 
raduraducu31: calls $2
*** FLOP *** [5d Qc Qd]
raduraducu31: checks 
JorgeP1895: checks 
*** TURN *** [5d Qc Qd] [6h]
raduraducu31: checks 
JorgeP1895: checks 
*** RIVER *** [5d Qc Qd 6h] [3c]
raduraducu31: bets $3.80
JorgeP1895: folds 
Uncalled bet ($3.80) returned to raduraducu31
raduraducu31 collected $7.60 from pot
*** SUMMARY ***
Total pot $8 | Rake $0.40 
Board [5d Qc Qd 6h 3c]
Seat 1: andutu34 folded before Flop (didn't bet)
Seat 2: yzuk folded before Flop (didn't bet)
Seat 3: raduraducu31 collected ($7.60)
Seat 4: JorgeP1895 (button) folded on the River
Seat 5: Burlica2013 (small blind) folded before Flop
Seat 6: Joker007r (big blind) folded before Flop



PokerStars Hand #254414802033:  Hold'em No Limit ($0.50/$1.00 USD) - 2025/01/17 15:19:12 WET [2025/01/17 10:19:12 ET]
Table 'Garumna IV' 6-max Seat #5 is the button
Seat 1: andutu34 ($100 in chips) 
Seat 2: yzuk ($110.18 in chips) 
Seat 3: raduraducu31 ($14.10 in chips) 
Seat 4: JorgeP1895 ($131.57 in chips) 
Seat 5: Burlica2013 ($102.22 in chips) 
Seat 6: Joker007r ($103.80 in chips) 
Joker007r: posts small blind $0.50
andutu34: posts big blind $1
*** HOLE CARDS ***
yzuk: folds 
raduraducu31: folds 
JorgeP1895: folds 
Burlica2013: raises $1.45 to $2.45
Joker007r: folds 
andutu34: folds 
Uncalled bet ($1.45) returned to Burlica2013
Burlica2013 collected $2.50 from pot
Burlica2013: doesn't show hand 
*** SUMMARY ***
Total pot $2.50 | Rake $0 
Seat 1: andutu34 (big blind) folded before Flop
Seat 2: yzuk folded before Flop (didn't bet)
Seat 3: raduraducu31 folded before Flop (didn't bet)
Seat 4: JorgeP1895 folded before Flop (didn't bet)
Seat 5: Burlica2013 (button) collected ($2.50)
Seat 6: Joker007r (small blind) folded before Flop



PokerStars Hand #254414806017:  Hold'em No Limit ($0.50/$1.00 USD) - 2025/01/17 15:19:31 WET [2025/01/17 10:19:31 ET]
Table 'Garumna IV' 6-max Seat #6 is the button
Seat 1: andutu34 ($100 in chips) 
Seat 2: yzuk ($110.18 in chips) 
Seat 3: raduraducu31 ($14.10 in chips) 
Seat 4: JorgeP1895 ($131.57 in chips) 
Seat 5: Burlica2013 ($103.72 in chips) 
Seat 6: Joker007r ($103.30 in chips) 
andutu34: posts small blind $0.50
yzuk: posts big blind $1
*** HOLE CARDS ***
raduraducu31: folds 
JorgeP1895: calls $1
Burlica2013: raises $2 to $3
Joker007r: folds 
andutu34: folds 
yzuk: folds 
JorgeP1895: calls $2
*** FLOP *** [9c 4s 2s]
JorgeP1895: checks 
Burlica2013: bets $2.35
JorgeP1895: calls $2.35
*** TURN *** [9c 4s 2s] [5s]
JorgeP1895: checks 
Burlica2013: checks 
*** RIVER *** [9c 4s 2s 5s] [Jh]
JorgeP1895: checks 
Burlica2013: checks 
*** SHOW DOWN ***
JorgeP1895: shows [4d 2d] (two pair, Fours and Deuces)
Burlica2013: mucks hand 
JorgeP1895 collected $11.59 from pot
*** SUMMARY ***
Total pot $12.20 | Rake $0.61 
Board [9c 4s 2s 5s Jh]
Seat 1: andutu34 (small blind) folded before Flop
Seat 2: yzuk (big blind) folded before Flop
Seat 3: raduraducu31 folded before Flop (didn't bet)
Seat 4: JorgeP1895 showed [4d 2d] and won ($11.59) with two pair, Fours and Deuces
Seat 5: Burlica2013 mucked
Seat 6: Joker007r (button) folded before Flop (didn't bet)



PokerStars Hand #254414814588:  Hold'em No Limit ($0.50/$1.00 USD) - 2025/01/17 15:20:13 WET [2025/01/17 10:20:13 ET]
Table 'Garumna IV' 6-max Seat #1 is the button
Seat 1: andutu34 ($100 in chips) 
Seat 2: yzuk ($109.18 in chips) 
Seat 3: raduraducu31 ($14.10 in chips) 
Seat 4: JorgeP1895 ($137.81 in chips) 
Seat 5: Burlica2013 ($100 in chips) 
Seat 6: Joker007r ($103.30 in chips) 
yzuk: posts small blind $0.50
raduraducu31: posts big blind $1
*** HOLE CARDS ***
JorgeP1895: folds 
Burlica2013: folds 
Joker007r: folds 
andutu34: raises $1.49 to $2.49
yzuk: raises $10.01 to $12.50
raduraducu31: folds 
andutu34: folds 
Uncalled bet ($10.01) returned to yzuk
yzuk collected $5.98 from pot
yzuk: doesn't show hand 
*** SUMMARY ***
Total pot $5.98 | Rake $0 
Seat 1: andutu34 (button) folded before Flop
Seat 2: yzuk (small blind) collected ($5.98)
Seat 3: raduraducu31 (big blind) folded before Flop
Seat 4: JorgeP1895 folded before Flop (didn't bet)
Seat 5: Burlica2013 folded before Flop (didn't bet)
Seat 6: Joker007r folded before Flop (didn't bet)



PokerStars Hand #254414821811:  Hold'em No Limit ($0.50/$1.00 USD) - 2025/01/17 15:20:47 WET [2025/01/17 10:20:47 ET]
Table 'Garumna IV' 6-max Seat #2 is the button
Seat 1: andutu34 ($100 in chips) 
Seat 2: yzuk ($112.67 in chips) 
Seat 3: raduraducu31 ($13.10 in chips) 
Seat 4: JorgeP1895 ($137.81 in chips) 
Seat 5: Burlica2013 ($100 in chips) 
Seat 6: Joker007r ($103.30 in chips) 
raduraducu31: posts small blind $0.50
JorgeP1895: posts big blind $1
*** HOLE CARDS ***
Burlica2013: folds 
Joker007r: folds 
andutu34: folds 
yzuk: raises $1.50 to $2.50
raduraducu31: calls $2
JorgeP1895: folds 
*** FLOP *** [Kh Ks 9h]
raduraducu31: checks 
yzuk: checks 
*** TURN *** [Kh Ks 9h] [7s]
raduraducu31: bets $2.85
yzuk: folds 
Uncalled bet ($2.85) returned to raduraducu31
raduraducu31 collected $5.70 from pot
*** SUMMARY ***
Total pot $6 | Rake $0.30 
Board [Kh Ks 9h 7s]
Seat 1: andutu34 folded before Flop (didn't bet)
Seat 2: yzuk (button) folded on the Turn
Seat 3: raduraducu31 (small blind) collected ($5.70)
Seat 4: JorgeP1895 (big blind) folded before Flop
Seat 5: Burlica2013 folded before Flop (didn't bet)
Seat 6: Joker007r folded before Flop (didn't bet)



PokerStars Hand #254414826696:  Hold'em No Limit ($0.50/$1.00 USD) - 2025/01/17 15:21:11 WET [2025/01/17 10:21:11 ET]
Table 'Garumna IV' 6-max Seat #3 is the button
Seat 1: andutu34 ($100 in chips) 
Seat 2: yzuk ($110.17 in chips) 
Seat 3: raduraducu31 ($16.30 in chips) 
Seat 4: JorgeP1895 ($136.81 in chips) 
Seat 5: Burlica2013 ($100 in chips) 
Seat 6: Joker007r ($103.30 in chips) 
JorgeP1895: posts small blind $0.50
Burlica2013: posts big blind $1
*** HOLE CARDS ***
Joker007r: folds 
andutu34: folds 
yzuk: folds 
raduraducu31: folds 
JorgeP1895: folds 
Uncalled bet ($0.50) returned to Burlica2013
Burlica2013 collected $1 from pot
Burlica2013: doesn't show hand 
*** SUMMARY ***
Total pot $1 | Rake $0 
Seat 1: andutu34 folded before Flop (didn't bet)
Seat 2: yzuk folded before Flop (didn't bet)
Seat 3: raduraducu31 (button) folded before Flop (didn't bet)
Seat 4: JorgeP1895 (small blind) folded before Flop
Seat 5: Burlica2013 (big blind) collected ($1)
Seat 6: Joker007r folded before Flop (didn't bet)



PokerStars Hand #254414828474:  Hold'em No Limit ($0.50/$1.00 USD) - 2025/01/17 15:21:20 WET [2025/01/17 10:21:20 ET]
Table 'Garumna IV' 6-max Seat #4 is the button
Seat 1: andutu34 ($100 in chips) 
Seat 2: yzuk ($110.17 in chips) 
Seat 3: raduraducu31 ($16.30 in chips) 
Seat 4: JorgeP1895 ($136.31 in chips) 
Seat 5: Burlica2013 ($100.50 in chips) 
Seat 6: Joker007r ($103.30 in chips) 
Burlica2013: posts small blind $0.50
Joker007r: posts big blind $1
*** HOLE CARDS ***
andutu34: folds 
yzuk: folds 
raduraducu31: calls $1
JorgeP1895: folds 
Burlica2013: folds 
Joker007r: checks 
*** FLOP *** [3s As 4h]
Joker007r: checks 
raduraducu31: checks 
*** TURN *** [3s As 4h] [6c]
Joker007r: checks 
raduraducu31: checks 
*** RIVER *** [3s As 4h 6c] [3d]
Joker007r: checks 
raduraducu31: checks 
*** SHOW DOWN ***
Joker007r: shows [Qs 8d] (a pair of Threes)
raduraducu31: mucks hand 
Joker007r collected $2.38 from pot
*** SUMMARY ***
Total pot $2.50 | Rake $0.12 
Board [3s As 4h 6c 3d]
Seat 1: andutu34 folded before Flop (didn't bet)
Seat 2: yzuk folded before Flop (didn't bet)
Seat 3: raduraducu31 mucked
Seat 4: JorgeP1895 (button) folded before Flop (didn't bet)
Seat 5: Burlica2013 (small blind) folded before Flop
Seat 6: Joker007r (big blind) showed [Qs 8d] and won ($2.38) with a pair of Threes



PokerStars Hand #254414832584:  Hold'em No Limit ($0.50/$1.00 USD) - 2025/01/17 15:21:40 WET [2025/01/17 10:21:40 ET]
Table 'Garumna IV' 6-max Seat #5 is the button
Seat 1: andutu34 ($100 in chips) 
Seat 2: yzuk ($110.17 in chips) 
Seat 3: raduraducu31 ($15.30 in chips) 
Seat 4: JorgeP1895 ($136.31 in chips) 
Seat 5: Burlica2013 ($100 in chips) 
Seat 6: Joker007r ($104.68 in chips) 
Joker007r: posts small blind $0.50
andutu34: posts big blind $1
*** HOLE CARDS ***
yzuk: folds 
raduraducu31: calls $1
JorgeP1895: calls $1
Burlica2013: folds 
Joker007r: folds 
andutu34: checks 
*** FLOP *** [Ad 9s 5c]
andutu34: checks 
raduraducu31: bets $1
JorgeP1895: folds 
andutu34: calls $1
*** TURN *** [Ad 9s 5c] [5h]
andutu34: checks 
raduraducu31: bets $1
andutu34: raises $2.50 to $3.50
raduraducu31: calls $2.50
*** RIVER *** [Ad 9s 5c 5h] [Kd]
andutu34: bets $10.50
raduraducu31: calls $9.80 and is all-in
Uncalled bet ($0.70) returned to andutu34
*** SHOW DOWN ***
andutu34: shows [5d 3s] (three of a kind, Fives)
raduraducu31: shows [Js Ac] (two pair, Aces and Fives)
andutu34 collected $30.50 from pot
*** SUMMARY ***
Total pot $32.10 | Rake $1.60 
Board [Ad 9s 5c 5h Kd]
Seat 1: andutu34 (big blind) showed [5d 3s] and won ($30.50) with three of a kind, Fives
Seat 2: yzuk folded before Flop (didn't bet)
Seat 3: raduraducu31 showed [Js Ac] and lost with two pair, Aces and Fives
Seat 4: JorgeP1895 folded on the Flop
Seat 5: Burlica2013 (button) folded before Flop (didn't bet)
Seat 6: Joker007r (small blind) folded before Flop



PokerStars Hand #254414839602:  Hold'em No Limit ($0.50/$1.00 USD) - 2025/01/17 15:22:13 WET [2025/01/17 10:22:13 ET]
Table 'Garumna IV' 6-max Seat #6 is the button
Seat 3: raduraducu31 ($0 in chips) is sitting out
Seat 1: andutu34 ($115.20 in chips) 
Seat 2: yzuk ($110.17 in chips) 
Seat 4: JorgeP1895 ($135.31 in chips) 
Seat 5: Burlica2013 ($100 in chips) 
Seat 6: Joker007r ($104.18 in chips) 
andutu34: posts small blind $0.50
yzuk: posts big blind $1
*** HOLE CARDS ***
JorgeP1895: folds 
Burlica2013: folds 
Joker007r: raises $1.50 to $2.50
andutu34: folds 
yzuk: folds 
Uncalled bet ($1.50) returned to Joker007r
Joker007r collected $2.50 from pot
Joker007r: doesn't show hand 
*** SUMMARY ***
Total pot $2.50 | Rake $0 
Seat 3: raduraducu31
Seat 1: andutu34 (small blind) folded before Flop
Seat 2: yzuk (big blind) folded before Flop
Seat 4: JorgeP1895 folded before Flop (didn't bet)
Seat 5: Burlica2013 folded before Flop (didn't bet)
Seat 6: Joker007r (button) collected ($2.50)



PokerStars Hand #254414842171:  Hold'em No Limit ($0.50/$1.00 USD) - 2025/01/17 15:22:26 WET [2025/01/17 10:22:26 ET]
Table 'Garumna IV' 6-max Seat #1 is the button
Seat 1: andutu34 ($114.70 in chips) 
Seat 2: yzuk ($109.17 in chips) 
Seat 3: raduraducu31 ($33.58 in chips) 
Seat 4: JorgeP1895 ($135.31 in chips) 
Seat 5: Burlica2013 ($100 in chips) 
Seat 6: Joker007r ($105.68 in chips) 
yzuk: posts small blind $0.50
raduraducu31: posts big blind $1
*** HOLE CARDS ***
JorgeP1895: calls $1
Burlica2013: folds 
Joker007r: raises $2.50 to $3.50
andutu34: folds 
yzuk: folds 
raduraducu31: folds 
JorgeP1895: calls $2.50
*** FLOP *** [4d 3s Kh]
JorgeP1895: checks 
Joker007r: checks 
*** TURN *** [4d 3s Kh] [8c]
JorgeP1895: checks 
Joker007r: checks 
*** RIVER *** [4d 3s Kh 8c] [7h]
JorgeP1895: bets $4.04
Joker007r: calls $4.04
*** SHOW DOWN ***
JorgeP1895: shows [Ah 2h] (high card Ace)
Joker007r: shows [Ac Tc] (high card Ace - King+Ten kicker)
Joker007r collected $15.75 from pot
*** SUMMARY ***
Total pot $16.58 | Rake $0.83 
Board [4d 3s Kh 8c 7h]
Seat 1: andutu34 (button) folded before Flop (didn't bet)
Seat 2: yzuk (small blind) folded before Flop
Seat 3: raduraducu31 (big blind) folded before Flop
Seat 4: JorgeP1895 showed [Ah 2h] and lost with high card Ace
Seat 5: Burlica2013 folded before Flop (didn't bet)
Seat 6: Joker007r showed [Ac Tc] and won ($15.75) with high card Ace



PokerStars Hand #254414851186:  Hold'em No Limit ($0.50/$1.00 USD) - 2025/01/17 15:23:09 WET [2025/01/17 10:23:09 ET]
Table 'Garumna IV' 6-max Seat #2 is the button
Seat 1: andutu34 ($114.70 in chips) 
Seat 2: yzuk ($108.67 in chips) 
Seat 3: raduraducu31 ($32.58 in chips) 
Seat 4: JorgeP1895 ($127.77 in chips) 
Seat 5: Burlica2013 ($100 in chips) 
Seat 6: Joker007r ($113.89 in chips) 
raduraducu31: posts small blind $0.50
JorgeP1895: posts big blind $1
*** HOLE CARDS ***
Burlica2013: folds 
Joker007r: folds 
andutu34: raises $1.30 to $2.30
yzuk: folds 
raduraducu31: folds 
JorgeP1895: calls $1.30
*** FLOP *** [3c Qs 4d]
JorgeP1895: checks 
andutu34: bets $1.21
JorgeP1895: calls $1.21
*** TURN *** [3c Qs 4d] [4s]
JorgeP1895: checks 
andutu34: checks 
*** RIVER *** [3c Qs 4d 4s] [6h]
JorgeP1895: checks 
andutu34: checks 
*** SHOW DOWN ***
JorgeP1895: shows [Js Ac] (a pair of Fours)
andutu34: shows [3h Ah] (two pair, Fours and Threes)
andutu34 collected $7.14 from pot
*** SUMMARY ***
Total pot $7.52 | Rake $0.38 
Board [3c Qs 4d 4s 6h]
Seat 1: andutu34 showed [3h Ah] and won ($7.14) with two pair, Fours and Threes
Seat 2: yzuk (button) folded before Flop (didn't bet)
Seat 3: raduraducu31 (small blind) folded before Flop
Seat 4: JorgeP1895 (big blind) showed [Js Ac] and lost with a pair of Fours
Seat 5: Burlica2013 folded before Flop (didn't bet)
Seat 6: Joker007r folded before Flop (didn't bet)



PokerStars Hand #254414859401:  Hold'em No Limit ($0.50/$1.00 USD) - 2025/01/17 15:23:48 WET [2025/01/17 10:23:48 ET]
Table 'Garumna IV' 6-max Seat #3 is the button
Seat 1: andutu34 ($118.33 in chips) 
Seat 2: yzuk ($108.67 in chips) 
Seat 3: raduraducu31 ($32.08 in chips) 
Seat 4: JorgeP1895 ($124.26 in chips) 
Seat 5: Burlica2013 ($100 in chips) 
Seat 6: Joker007r ($113.89 in chips) 
JorgeP1895: posts small blind $0.50
Burlica2013: posts big blind $1
*** HOLE CARDS ***
Joker007r: folds 
andutu34: folds 
yzuk: raises $1.50 to $2.50
raduraducu31: folds 
JorgeP1895: calls $2
Burlica2013: calls $1.50
*** FLOP *** [Ks 3d Kd]
JorgeP1895: checks 
Burlica2013: checks 
yzuk: bets $2.42
JorgeP1895: folds 
Burlica2013: folds 
Uncalled bet ($2.42) returned to yzuk
yzuk collected $7.12 from pot
yzuk: doesn't show hand 
*** SUMMARY ***
Total pot $7.50 | Rake $0.38 
Board [Ks 3d Kd]
Seat 1: andutu34 folded before Flop (didn't bet)
Seat 2: yzuk collected ($7.12)
Seat 3: raduraducu31 (button) folded before Flop (didn't bet)
Seat 4: JorgeP1895 (small blind) folded on the Flop
Seat 5: Burlica2013 (big blind) folded on the Flop
Seat 6: Joker007r folded before Flop (didn't bet)



PokerStars Hand #254414868611:  Hold'em No Limit ($0.50/$1.00 USD) - 2025/01/17 15:24:32 WET [2025/01/17 10:24:32 ET]
Table 'Garumna IV' 6-max Seat #4 is the button
Seat 1: andutu34 ($118.33 in chips) 
Seat 2: yzuk ($113.29 in chips) 
Seat 3: raduraducu31 ($32.08 in chips) 
Seat 4: JorgeP1895 ($121.76 in chips) 
Seat 5: Burlica2013 ($100 in chips) 
Seat 6: Joker007r ($113.89 in chips) 
Burlica2013: posts small blind $0.50
Joker007r: posts big blind $1
*** HOLE CARDS ***
andutu34: folds 
yzuk: folds 
raduraducu31: calls $1
JorgeP1895: folds 
JorgeP1895 leaves the table
andutu34 leaves the table
Burlica2013: folds 
Joker007r: checks 
*** FLOP *** [2d 9s 2c]
Joker007r: checks 
raduraducu31: checks 
*** TURN *** [2d 9s 2c] [7c]
Joker007r: checks 
raduraducu31: bets $1
Joker007r: folds 
Uncalled bet ($1) returned to raduraducu31
raduraducu31 collected $2.38 from pot
*** SUMMARY ***
Total pot $2.50 | Rake $0.12 
Board [2d 9s 2c 7c]
Seat 1: andutu34 folded before Flop (didn't bet)
Seat 2: yzuk folded before Flop (didn't bet)
Seat 3: raduraducu31 collected ($2.38)
Seat 4: JorgeP1895 (button) folded before Flop (didn't bet)
Seat 5: Burlica2013 (small blind) folded before Flop
Seat 6: Joker007r (big blind) folded on the Turn



PokerStars Hand #254414875298:  Hold'em No Limit ($0.50/$1.00 USD) - 2025/01/17 15:25:03 WET [2025/01/17 10:25:03 ET]
Table 'Garumna IV' 6-max Seat #5 is the button
Seat 2: yzuk ($113.29 in chips) 
Seat 3: raduraducu31 ($33.46 in chips) 
Seat 5: Burlica2013 ($100 in chips) 
Seat 6: Joker007r ($112.89 in chips) 
Joker007r: posts small blind $0.50
yzuk: posts big blind $1
*** HOLE CARDS ***
raduraducu31: folds 
Burlica2013: raises $1.45 to $2.45
Joker007r: folds 
yzuk: folds 
Uncalled bet ($1.45) returned to Burlica2013
Burlica2013 collected $2.50 from pot
Burlica2013: doesn't show hand 
BGS013 joins the table at seat #4 
*** SUMMARY ***
Total pot $2.50 | Rake $0 
Seat 2: yzuk (big blind) folded before Flop
Seat 3: raduraducu31 folded before Flop (didn't bet)
Seat 5: Burlica2013 (button) collected ($2.50)
Seat 6: Joker007r (small blind) folded before Flop



PokerStars Hand #254414877508:  Hold'em No Limit ($0.50/$1.00 USD) - 2025/01/17 15:25:14 WET [2025/01/17 10:25:14 ET]
Table 'Garumna IV' 6-max Seat #6 is the button
Seat 4: BGS013 ($100 in chips) is sitting out
Seat 2: yzuk ($112.29 in chips) 
Seat 3: raduraducu31 ($33.46 in chips) 
Seat 5: Burlica2013 ($101.50 in chips) 
Seat 6: Joker007r ($112.39 in chips) 
yzuk: posts small blind $0.50
raduraducu31: posts big blind $1
BGS013: sits out 
*** HOLE CARDS ***
Burlica2013: raises $1.25 to $2.25
Joker007r: folds 
yzuk: folds 
raduraducu31: folds 
Uncalled bet ($1.25) returned to Burlica2013
Burlica2013 collected $2.50 from pot
Burlica2013: doesn't show hand 
*** SUMMARY ***
Total pot $2.50 | Rake $0 
Seat 4: BGS013
Seat 2: yzuk (small blind) folded before Flop
Seat 3: raduraducu31 (big blind) folded before Flop
Seat 5: Burlica2013 collected ($2.50)
Seat 6: Joker007r (button) folded before Flop (didn't bet)



PokerStars Hand #254414879792:  Hold'em No Limit ($0.50/$1.00 USD) - 2025/01/17 15:25:25 WET [2025/01/17 10:25:25 ET]
Table 'Garumna IV' 6-max Seat #2 is the button
Seat 2: yzuk ($111.79 in chips) 
Seat 3: raduraducu31 ($32.46 in chips) 
Seat 4: BGS013 ($100 in chips) 
Seat 5: Burlica2013 ($103 in chips) 
Seat 6: Joker007r ($112.39 in chips) 
raduraducu31: posts small blind $0.50
BGS013: posts big blind $1
*** HOLE CARDS ***
Burlica2013: folds 
gig.gyty joins the table at seat #1 
Burlica2013 leaves the table
Joker007r: raises $1.38 to $2.38
yzuk: folds 
vikonda85 joins the table at seat #5 
raduraducu31: calls $1.88
BGS013: folds 
*** FLOP *** [5c 5d 4c]
raduraducu31: checks 
Joker007r: bets $3.65
raduraducu31: folds 
Uncalled bet ($3.65) returned to Joker007r
Joker007r collected $5.47 from pot
Joker007r: doesn't show hand 
*** SUMMARY ***
Total pot $5.76 | Rake $0.29 
Board [5c 5d 4c]
Seat 2: yzuk (button) folded before Flop (didn't bet)
Seat 3: raduraducu31 (small blind) folded on the Flop
Seat 4: BGS013 (big blind) folded before Flop
Seat 5: Burlica2013 folded before Flop (didn't bet)
Seat 6: Joker007r collected ($5.47)



PokerStars Hand #254414885545:  Hold'em No Limit ($0.50/$1.00 USD) - 2025/01/17 15:25:52 WET [2025/01/17 10:25:52 ET]
Table 'Garumna IV' 6-max Seat #3 is the button
Seat 1: gig.gyty ($100 in chips) is sitting out
Seat 2: yzuk ($111.79 in chips) 
Seat 3: raduraducu31 ($30.08 in chips) 
Seat 4: BGS013 ($100 in chips) 
Seat 5: vikonda85 ($100 in chips) 
Seat 6: Joker007r ($115.48 in chips) 
BGS013: posts small blind $0.50
vikonda85: posts big blind $1
gig.gyty: sits out 
*** HOLE CARDS ***
Joker007r: folds 
yzuk: folds 
raduraducu31: calls $1
BGS013: folds 
vikonda85: raises $99 to $100 and is all-in
raduraducu31: folds 
Uncalled bet ($99) returned to vikonda85
vikonda85 collected $2.50 from pot
vikonda85: doesn't show hand 
*** SUMMARY ***
Total pot $2.50 | Rake $0 
Seat 1: gig.gyty
Seat 2: yzuk folded before Flop (didn't bet)
Seat 3: raduraducu31 (button) folded before Flop
Seat 4: BGS013 (small blind) folded before Flop
Seat 5: vikonda85 (big blind) collected ($2.50)
Seat 6: Joker007r folded before Flop (didn't bet)



PokerStars Hand #254414889116:  Hold'em No Limit ($0.50/$1.00 USD) - 2025/01/17 15:26:09 WET [2025/01/17 10:26:09 ET]
Table 'Garumna IV' 6-max Seat #4 is the button
Seat 1: gig.gyty ($100 in chips) is sitting out
Seat 2: yzuk ($111.79 in chips) 
Seat 3: raduraducu31 ($29.08 in chips) 
Seat 4: BGS013 ($100 in chips) 
Seat 5: vikonda85 ($101.50 in chips) 
Seat 6: Joker007r ($115.48 in chips) 
vikonda85: posts small blind $0.50
Joker007r: posts big blind $1
gig.gyty: sits out 
*** HOLE CARDS ***
yzuk: raises $1.50 to $2.50
raduraducu31: folds 
BGS013: folds 
vikonda85: folds 
Joker007r: raises $8.50 to $11
yzuk: folds 
Uncalled bet ($8.50) returned to Joker007r
Joker007r collected $5.50 from pot
Joker007r: doesn't show hand 
*** SUMMARY ***
Total pot $5.50 | Rake $0 
Seat 1: gig.gyty
Seat 2: yzuk folded before Flop
Seat 3: raduraducu31 folded before Flop (didn't bet)
Seat 4: BGS013 (button) folded before Flop (didn't bet)
Seat 5: vikonda85 (small blind) folded before Flop
Seat 6: Joker007r (big blind) collected ($5.50)



PokerStars Hand #254414893815:  Hold'em No Limit ($0.50/$1.00 USD) - 2025/01/17 15:26:31 WET [2025/01/17 10:26:31 ET]
Table 'Garumna IV' 6-max Seat #5 is the button
Seat 1: gig.gyty ($100 in chips) 
Seat 2: yzuk ($109.29 in chips) 
Seat 3: raduraducu31 ($29.08 in chips) 
Seat 4: BGS013 ($100 in chips) 
Seat 5: vikonda85 ($101 in chips) 
Seat 6: Joker007r ($118.48 in chips) 
Joker007r: posts small blind $0.50
gig.gyty: posts big blind $1
*** HOLE CARDS ***
yzuk: folds 
raduraducu31: folds 
BGS013: folds 
vikonda85: folds 
yzuk leaves the table
Joker007r: folds 
Uncalled bet ($0.50) returned to gig.gyty
gig.gyty collected $1 from pot
gig.gyty: doesn't show hand 
*** SUMMARY ***
Total pot $1 | Rake $0 
Seat 1: gig.gyty (big blind) collected ($1)
Seat 2: yzuk folded before Flop (didn't bet)
Seat 3: raduraducu31 folded before Flop (didn't bet)
Seat 4: BGS013 folded before Flop (didn't bet)
Seat 5: vikonda85 (button) folded before Flop (didn't bet)
Seat 6: Joker007r (small blind) folded before Flop



PokerStars Hand #254414895939:  Hold'em No Limit ($0.50/$1.00 USD) - 2025/01/17 15:26:41 WET [2025/01/17 10:26:41 ET]
Table 'Garumna IV' 6-max Seat #6 is the button
Seat 1: gig.gyty ($100.50 in chips) 
Seat 3: raduraducu31 ($29.08 in chips) 
Seat 4: BGS013 ($100 in chips) 
Seat 5: vikonda85 ($101 in chips) 
Seat 6: Joker007r ($117.98 in chips) 
gig.gyty: posts small blind $0.50
raduraducu31: posts big blind $1
*** HOLE CARDS ***
BGS013: folds 
vikonda85: folds 
Joker007r: raises $1.50 to $2.50
gig.gyty: folds 
raduraducu31: folds 
Uncalled bet ($1.50) returned to Joker007r
Joker007r collected $2.50 from pot
Joker007r: doesn't show hand 
*** SUMMARY ***
Total pot $2.50 | Rake $0 
Seat 1: gig.gyty (small blind) folded before Flop
Seat 3: raduraducu31 (big blind) folded before Flop
Seat 4: BGS013 folded before Flop (didn't bet)
Seat 5: vikonda85 folded before Flop (didn't bet)
Seat 6: Joker007r (button) collected ($2.50)



PokerStars Hand #254414902212:  Hold'em No Limit ($0.50/$1.00 USD) - 2025/01/17 15:27:11 WET [2025/01/17 10:27:11 ET]
Table 'Garumna IV' 6-max Seat #1 is the button
Seat 1: gig.gyty ($100 in chips) 
Seat 3: raduraducu31 ($28.08 in chips) 
Seat 4: BGS013 ($100 in chips) 
Seat 5: vikonda85 ($101 in chips) 
Seat 6: Joker007r ($119.48 in chips) 
raduraducu31: posts small blind $0.50
BGS013: posts big blind $1
*** HOLE CARDS ***
vikonda85: raises $1.50 to $2.50
Joker007r: folds 
gig.gyty: calls $2.50
raduraducu31: folds 
Rdalonso joins the table at seat #2 
BGS013: calls $1.50
*** FLOP *** [Ad 4c 3d]
BGS013: checks 
vikonda85: bets $2.51
gig.gyty: folds 
BGS013: folds 
Uncalled bet ($2.51) returned to vikonda85
vikonda85 collected $7.60 from pot
vikonda85: doesn't show hand 
*** SUMMARY ***
Total pot $8 | Rake $0.40 
Board [Ad 4c 3d]
Seat 1: gig.gyty (button) folded on the Flop
Seat 3: raduraducu31 (small blind) folded before Flop
Seat 4: BGS013 (big blind) folded on the Flop
Seat 5: vikonda85 collected ($7.60)
Seat 6: Joker007r folded before Flop (didn't bet)



PokerStars Hand #254414911529:  Hold'em No Limit ($0.50/$1.00 USD) - 2025/01/17 15:27:55 WET [2025/01/17 10:27:55 ET]
Table 'Garumna IV' 6-max Seat #3 is the button
Seat 2: Rdalonso ($100 in chips) is sitting out
Seat 1: gig.gyty ($100 in chips) 
Seat 3: raduraducu31 ($27.58 in chips) 
Seat 4: BGS013 ($100 in chips) 
Seat 5: vikonda85 ($106.10 in chips) 
Seat 6: Joker007r ($119.48 in chips) 
BGS013: posts small blind $0.50
vikonda85: posts big blind $1
Rdalonso: sits out 
*** HOLE CARDS ***
Joker007r: raises $2 to $3
gig.gyty: folds 
raduraducu31: folds 
BGS013: folds 
vikonda85: folds 
Uncalled bet ($2) returned to Joker007r
Joker007r collected $2.50 from pot
Joker007r: doesn't show hand 
*** SUMMARY ***
Total pot $2.50 | Rake $0 
Seat 2: Rdalonso
Seat 1: gig.gyty folded before Flop (didn't bet)
Seat 3: raduraducu31 (button) folded before Flop (didn't bet)
Seat 4: BGS013 (small blind) folded before Flop
Seat 5: vikonda85 (big blind) folded before Flop
Seat 6: Joker007r collected ($2.50)



PokerStars Hand #254414914169:  Hold'em No Limit ($0.50/$1.00 USD) - 2025/01/17 15:28:07 WET [2025/01/17 10:28:07 ET]
Table 'Garumna IV' 6-max Seat #4 is the button
Seat 2: Rdalonso ($100 in chips) is sitting out
Seat 1: gig.gyty ($100 in chips) 
Seat 3: raduraducu31 ($27.58 in chips) 
Seat 4: BGS013 ($100 in chips) 
Seat 5: vikonda85 ($105.10 in chips) 
Seat 6: Joker007r ($120.98 in chips) 
vikonda85: posts small blind $0.50
Joker007r: posts big blind $1
Rdalonso: sits out 
*** HOLE CARDS ***
gig.gyty: raises $1.25 to $2.25
raduraducu31: folds 
BGS013: folds 
vikonda85: folds 
Joker007r: folds 
Uncalled bet ($1.25) returned to gig.gyty
gig.gyty collected $2.50 from pot
gig.gyty: doesn't show hand 
*** SUMMARY ***
Total pot $2.50 | Rake $0 
Seat 2: Rdalonso
Seat 1: gig.gyty collected ($2.50)
Seat 3: raduraducu31 folded before Flop (didn't bet)
Seat 4: BGS013 (button) folded before Flop (didn't bet)
Seat 5: vikonda85 (small blind) folded before Flop
Seat 6: Joker007r (big blind) folded before Flop



PokerStars Hand #254414917422:  Hold'em No Limit ($0.50/$1.00 USD) - 2025/01/17 15:28:22 WET [2025/01/17 10:28:22 ET]
Table 'Garumna IV' 6-max Seat #5 is the button
Seat 2: Rdalonso ($100 in chips) is sitting out
Seat 1: gig.gyty ($101.50 in chips) 
Seat 3: raduraducu31 ($27.58 in chips) 
Seat 4: BGS013 ($100 in chips) 
Seat 5: vikonda85 ($104.60 in chips) 
Seat 6: Joker007r ($119.98 in chips) 
Joker007r: posts small blind $0.50
gig.gyty: posts big blind $1
Rdalonso: sits out 
*** HOLE CARDS ***
raduraducu31: calls $1
BGS013: folds 
vikonda85: folds 
Joker007r: raises $2.50 to $3.50
gig.gyty: folds 
raduraducu31: calls $2.50
*** FLOP *** [4s 6c Th]
Joker007r: checks 
raduraducu31: bets $1
Joker007r: raises $5 to $6
raduraducu31: folds 
Uncalled bet ($5) returned to Joker007r
Joker007r collected $9.50 from pot
Joker007r: doesn't show hand 
*** SUMMARY ***
Total pot $10 | Rake $0.50 
Board [4s 6c Th]
Seat 2: Rdalonso
Seat 1: gig.gyty (big blind) folded before Flop
Seat 3: raduraducu31 folded on the Flop
Seat 4: BGS013 folded before Flop (didn't bet)
Seat 5: vikonda85 (button) folded before Flop (didn't bet)
Seat 6: Joker007r (small blind) collected ($9.50)



PokerStars Hand #254414956533:  Hold'em No Limit ($0.50/$1.00 USD) - 2025/01/17 15:31:24 WET [2025/01/17 10:31:24 ET]
Table 'Garumna IV' 6-max Seat #4 is the button
Seat 1: gig.gyty ($105.05 in chips) 
Seat 2: Rdalonso ($100 in chips) 
Seat 3: raduraducu31 ($32.93 in chips) 
Seat 4: BGS013 ($100.50 in chips) 
Seat 5: vikonda85 ($100 in chips) 
Seat 6: Joker007r ($135.83 in chips) 
vikonda85: posts small blind $0.50
Joker007r: posts big blind $1
*** HOLE CARDS ***
gig.gyty: folds 
Rdalonso: raises $1.50 to $2.50
raduraducu31: folds 
BGS013: folds 
vikonda85: calls $2
Joker007r: folds 
*** FLOP *** [Ah Td Jd]
vikonda85: checks 
Rdalonso: bets $1.88
vikonda85: folds 
Uncalled bet ($1.88) returned to Rdalonso
Rdalonso collected $5.70 from pot
Rdalonso: doesn't show hand 
*** SUMMARY ***
Total pot $6 | Rake $0.30 
Board [Ah Td Jd]
Seat 1: gig.gyty folded before Flop (didn't bet)
Seat 2: Rdalonso collected ($5.70)
Seat 3: raduraducu31 folded before Flop (didn't bet)
Seat 4: BGS013 (button) folded before Flop (didn't bet)
Seat 5: vikonda85 (small blind) folded on the Flop
Seat 6: Joker007r (big blind) folded before Flop



PokerStars Hand #254414964160:  Hold'em No Limit ($0.50/$1.00 USD) - 2025/01/17 15:31:59 WET [2025/01/17 10:31:59 ET]
Table 'Garumna IV' 6-max Seat #5 is the button
Seat 1: gig.gyty ($105.05 in chips) 
Seat 2: Rdalonso ($103.20 in chips) 
Seat 3: raduraducu31 ($32.93 in chips) 
Seat 4: BGS013 ($100.50 in chips) 
Seat 5: vikonda85 ($100 in chips) 
Seat 6: Joker007r ($134.83 in chips) 
Joker007r: posts small blind $0.50
gig.gyty: posts big blind $1
*** HOLE CARDS ***
Rdalonso: folds 
raduraducu31: folds 
BGS013 has timed out
BGS013: folds 
vikonda85: raises $1.50 to $2.50
Joker007r: folds 
gig.gyty: calls $1.50
*** FLOP *** [Jh Ks 7c]
gig.gyty: checks 
vikonda85: bets $1.72
gig.gyty: folds 
Uncalled bet ($1.72) returned to vikonda85
vikonda85 collected $5.22 from pot
vikonda85: doesn't show hand 
*** SUMMARY ***
Total pot $5.50 | Rake $0.28 
Board [Jh Ks 7c]
Seat 1: gig.gyty (big blind) folded on the Flop
Seat 2: Rdalonso folded before Flop (didn't bet)
Seat 3: raduraducu31 folded before Flop (didn't bet)
Seat 4: BGS013 folded before Flop (didn't bet)
Seat 5: vikonda85 (button) collected ($5.22)
Seat 6: Joker007r (small blind) folded before Flop



PokerStars Hand #254414974436:  Hold'em No Limit ($0.50/$1.00 USD) - 2025/01/17 15:32:48 WET [2025/01/17 10:32:48 ET]
Table 'Garumna IV' 6-max Seat #6 is the button
Seat 1: gig.gyty ($102.55 in chips) 
Seat 2: Rdalonso ($103.20 in chips) 
Seat 3: raduraducu31 ($32.93 in chips) 
Seat 4: BGS013 ($100.50 in chips) 
Seat 5: vikonda85 ($102.72 in chips) 
Seat 6: Joker007r ($134.33 in chips) 
gig.gyty: posts small blind $0.50
Rdalonso: posts big blind $1
*** HOLE CARDS ***
raduraducu31: folds 
BGS013: raises $1 to $2
vikonda85: folds 
Joker007r: folds 
gig.gyty: folds 
Rdalonso: folds 
Uncalled bet ($1) returned to BGS013
BGS013 collected $2.50 from pot
BGS013: doesn't show hand 
*** SUMMARY ***
Total pot $2.50 | Rake $0 
Seat 1: gig.gyty (small blind) folded before Flop
Seat 2: Rdalonso (big blind) folded before Flop
Seat 3: raduraducu31 folded before Flop (didn't bet)
Seat 4: BGS013 collected ($2.50)
Seat 5: vikonda85 folded before Flop (didn't bet)
Seat 6: Joker007r (button) folded before Flop (didn't bet)



PokerStars Hand #254414977887:  Hold'em No Limit ($0.50/$1.00 USD) - 2025/01/17 15:33:04 WET [2025/01/17 10:33:04 ET]
Table 'Garumna IV' 6-max Seat #1 is the button
Seat 1: gig.gyty ($102.05 in chips) 
Seat 2: Rdalonso ($102.20 in chips) 
Seat 3: raduraducu31 ($32.93 in chips) 
Seat 4: BGS013 ($102 in chips) 
Seat 5: vikonda85 ($102.72 in chips) 
Seat 6: Joker007r ($134.33 in chips) 
Rdalonso: posts small blind $0.50
raduraducu31: posts big blind $1
*** HOLE CARDS ***
BGS013: folds 
vikonda85: folds 
Joker007r: raises $1.50 to $2.50
gig.gyty: raises $5.50 to $8
Rdalonso: folds 
raduraducu31: folds 
Joker007r: calls $5.50
*** FLOP *** [Jc 8d 9d]
Joker007r: checks 
gig.gyty: bets $12
Joker007r: raises $24 to $36
gig.gyty: raises $58.05 to $94.05 and is all-in
Joker007r: folds 
Uncalled bet ($58.05) returned to gig.gyty
gig.gyty collected $87 from pot
gig.gyty: doesn't show hand 
*** SUMMARY ***
Total pot $89.50 | Rake $2.50 
Board [Jc 8d 9d]
Seat 1: gig.gyty (button) collected ($87)
Seat 2: Rdalonso (small blind) folded before Flop
Seat 3: raduraducu31 (big blind) folded before Flop
Seat 4: BGS013 folded before Flop (didn't bet)
Seat 5: vikonda85 folded before Flop (didn't bet)
Seat 6: Joker007r folded on the Flop



PokerStars Hand #254414993510:  Hold'em No Limit ($0.50/$1.00 USD) - 2025/01/17 15:34:17 WET [2025/01/17 10:34:17 ET]
Table 'Garumna IV' 6-max Seat #2 is the button
Seat 1: gig.gyty ($145.05 in chips) 
Seat 2: Rdalonso ($101.70 in chips) 
Seat 3: raduraducu31 ($31.93 in chips) 
Seat 4: BGS013 ($102 in chips) 
Seat 5: vikonda85 ($102.72 in chips) 
Seat 6: Joker007r ($100 in chips) 
raduraducu31: posts small blind $0.50
BGS013: posts big blind $1
*** HOLE CARDS ***
vikonda85: raises $1.50 to $2.50
Joker007r: raises $5 to $7.50
gig.gyty: folds 
Rdalonso: folds 
raduraducu31: folds 
BGS013: folds 
vikonda85: raises $15 to $22.50
Joker007r: folds 
Uncalled bet ($15) returned to vikonda85
vikonda85 collected $16.50 from pot
vikonda85: doesn't show hand 
*** SUMMARY ***
Total pot $16.50 | Rake $0 
Seat 1: gig.gyty folded before Flop (didn't bet)
Seat 2: Rdalonso (button) folded before Flop (didn't bet)
Seat 3: raduraducu31 (small blind) folded before Flop
Seat 4: BGS013 (big blind) folded before Flop
Seat 5: vikonda85 collected ($16.50)
Seat 6: Joker007r folded before Flop



PokerStars Hand #254415004267:  Hold'em No Limit ($0.50/$1.00 USD) - 2025/01/17 15:35:08 WET [2025/01/17 10:35:08 ET]
Table 'Garumna IV' 6-max Seat #3 is the button
Seat 1: gig.gyty ($145.05 in chips) 
Seat 2: Rdalonso ($101.70 in chips) 
Seat 3: raduraducu31 ($31.43 in chips) 
Seat 4: BGS013 ($101 in chips) 
Seat 5: vikonda85 ($111.72 in chips) 
Seat 6: Joker007r ($100 in chips) 
BGS013: posts small blind $0.50
vikonda85: posts big blind $1
*** HOLE CARDS ***
Joker007r: folds 
gig.gyty: folds 
Rdalonso: folds 
raduraducu31: folds 
BGS013: folds 
Uncalled bet ($0.50) returned to vikonda85
vikonda85 collected $1 from pot
vikonda85: doesn't show hand 
*** SUMMARY ***
Total pot $1 | Rake $0 
Seat 1: gig.gyty folded before Flop (didn't bet)
Seat 2: Rdalonso folded before Flop (didn't bet)
Seat 3: raduraducu31 (button) folded before Flop (didn't bet)
Seat 4: BGS013 (small blind) folded before Flop
Seat 5: vikonda85 (big blind) collected ($1)
Seat 6: Joker007r folded before Flop (didn't bet)



PokerStars Hand #254415006789:  Hold'em No Limit ($0.50/$1.00 USD) - 2025/01/17 15:35:19 WET [2025/01/17 10:35:19 ET]
Table 'Garumna IV' 6-max Seat #4 is the button
Seat 1: gig.gyty ($145.05 in chips) 
Seat 2: Rdalonso ($101.70 in chips) 
Seat 3: raduraducu31 ($31.43 in chips) 
Seat 4: BGS013 ($100.50 in chips) 
Seat 5: vikonda85 ($112.22 in chips) 
Seat 6: Joker007r ($100 in chips) 
vikonda85: posts small blind $0.50
Joker007r: posts big blind $1
*** HOLE CARDS ***
gig.gyty: raises $1.25 to $2.25
Rdalonso: folds 
raduraducu31: folds 
BGS013: folds 
vikonda85: folds 
Joker007r: folds 
Uncalled bet ($1.25) returned to gig.gyty
gig.gyty collected $2.50 from pot
gig.gyty: doesn't show hand 
*** SUMMARY ***
Total pot $2.50 | Rake $0 
Seat 1: gig.gyty collected ($2.50)
Seat 2: Rdalonso folded before Flop (didn't bet)
Seat 3: raduraducu31 folded before Flop (didn't bet)
Seat 4: BGS013 (button) folded before Flop (didn't bet)
Seat 5: vikonda85 (small blind) folded before Flop
Seat 6: Joker007r (big blind) folded before Flop



PokerStars Hand #254415011122:  Hold'em No Limit ($0.50/$1.00 USD) - 2025/01/17 15:35:40 WET [2025/01/17 10:35:40 ET]
Table 'Garumna IV' 6-max Seat #5 is the button
Seat 1: gig.gyty ($146.55 in chips) is sitting out
Seat 2: Rdalonso ($101.70 in chips) 
Seat 3: raduraducu31 ($31.43 in chips) 
Seat 4: BGS013 ($100.50 in chips) 
Seat 5: vikonda85 ($111.72 in chips) 
Seat 6: Joker007r ($100 in chips) 
Joker007r: posts small blind $0.50
gig.gyty: is sitting out 
Rdalonso: posts big blind $1
*** HOLE CARDS ***
gig.gyty leaves the table
raduraducu31: folds 
BGS013: folds 
vikonda85: raises $1.50 to $2.50
Joker007r: folds 
Rdalonso: folds 
Uncalled bet ($1.50) returned to vikonda85
vikonda85 collected $2.50 from pot
vikonda85: doesn't show hand 
*** SUMMARY ***
Total pot $2.50 | Rake $0 
Seat 1: gig.gyty
Seat 2: Rdalonso (big blind) folded before Flop
Seat 3: raduraducu31 folded before Flop (didn't bet)
Seat 4: BGS013 folded before Flop (didn't bet)
Seat 5: vikonda85 (button) collected ($2.50)
Seat 6: Joker007r (small blind) folded before Flop



PokerStars Hand #254415017213:  Hold'em No Limit ($0.50/$1.00 USD) - 2025/01/17 15:36:08 WET [2025/01/17 10:36:08 ET]
Table 'Garumna IV' 6-max Seat #6 is the button
Seat 2: Rdalonso ($100.70 in chips) 
Seat 3: raduraducu31 ($31.43 in chips) 
Seat 4: BGS013 ($100.50 in chips) 
Seat 5: vikonda85 ($113.22 in chips) 
Seat 6: Joker007r ($100 in chips) 
Rdalonso: posts small blind $0.50
raduraducu31: posts big blind $1
*** HOLE CARDS ***
BGS013: raises $1 to $2
vikonda85: folds 
Joker007r: raises $5 to $7
Rdalonso: folds 
raduraducu31: folds 
BGS013: folds 
Uncalled bet ($5) returned to Joker007r
Joker007r collected $5.50 from pot
Joker007r: doesn't show hand 
*** SUMMARY ***
Total pot $5.50 | Rake $0 
Seat 2: Rdalonso (small blind) folded before Flop
Seat 3: raduraducu31 (big blind) folded before Flop
Seat 4: BGS013 folded before Flop
Seat 5: vikonda85 folded before Flop (didn't bet)
Seat 6: Joker007r (button) collected ($5.50)



PokerStars Hand #254415020355:  Hold'em No Limit ($0.50/$1.00 USD) - 2025/01/17 15:36:23 WET [2025/01/17 10:36:23 ET]
Table 'Garumna IV' 6-max Seat #2 is the button
Seat 2: Rdalonso ($100.20 in chips) 
Seat 3: raduraducu31 ($30.43 in chips) 
Seat 4: BGS013 ($100 in chips) 
Seat 5: vikonda85 ($113.22 in chips) 
Seat 6: Joker007r ($103.50 in chips) 
raduraducu31: posts small blind $0.50
BGS013: posts big blind $1
*** HOLE CARDS ***
vikonda85: folds 
Joker007r: folds 
shem minns joins the table at seat #1 
shem minns is disconnected 
Rdalonso: raises $1.50 to $2.50
raduraducu31: calls $2
BGS013: raises $10.50 to $13
Rdalonso: folds 
raduraducu31: calls $10.50
*** FLOP *** [Qc 9h Ts]
raduraducu31: checks 
BGS013: checks 
*** TURN *** [Qc 9h Ts] [Qs]
raduraducu31: bets $13.54
BGS013: raises $13.54 to $27.08
raduraducu31: calls $3.89 and is all-in
Uncalled bet ($9.65) returned to BGS013
*** RIVER *** [Qc 9h Ts Qs] [Js]
*** SHOW DOWN ***
raduraducu31: shows [Kh Jd] (a straight, Nine to King)
BGS013: shows [Td Ac] (two pair, Queens and Tens)
raduraducu31 collected $60.86 from pot
*** SUMMARY ***
Total pot $63.36 | Rake $2.50 
Board [Qc 9h Ts Qs Js]
Seat 2: Rdalonso (button) folded before Flop
Seat 3: raduraducu31 (small blind) showed [Kh Jd] and won ($60.86) with a straight, Nine to King
Seat 4: BGS013 (big blind) showed [Td Ac] and lost with two pair, Queens and Tens
Seat 5: vikonda85 folded before Flop (didn't bet)
Seat 6: Joker007r folded before Flop (didn't bet)



PokerStars Hand #254415032025:  Hold'em No Limit ($0.50/$1.00 USD) - 2025/01/17 15:37:17 WET [2025/01/17 10:37:17 ET]
Table 'Garumna IV' 6-max Seat #3 is the button
Seat 5: vikonda85 ($113.22 in chips) is sitting out
Seat 1: shem minns ($10.85 in chips) 
Seat 2: Rdalonso ($100 in chips) 
Seat 3: raduraducu31 ($60.86 in chips) 
Seat 4: BGS013 ($100 in chips) 
Seat 6: Joker007r ($103.50 in chips) 
BGS013: posts small blind $0.50
vikonda85: is sitting out 
Joker007r: posts big blind $1
shem minns: posts big blind $1
*** HOLE CARDS ***
shem minns: raises $9.85 to $10.85 and is all-in
vikonda85 leaves the table
Rdalonso: folds 
raduraducu31: folds 
BGS013: folds 
Joker007r: folds 
Uncalled bet ($9.85) returned to shem minns
tintin641 joins the table at seat #5 
shem minns collected $2.50 from pot
*** SUMMARY ***
Total pot $2.50 | Rake $0 
Seat 5: vikonda85
Seat 1: shem minns collected ($2.50)
Seat 2: Rdalonso folded before Flop (didn't bet)
Seat 3: raduraducu31 (button) folded before Flop (didn't bet)
Seat 4: BGS013 (small blind) folded before Flop
Seat 6: Joker007r (big blind) folded before Flop



PokerStars Hand #254415036125:  Hold'em No Limit ($0.50/$1.00 USD) - 2025/01/17 15:37:36 WET [2025/01/17 10:37:36 ET]
Table 'Garumna IV' 6-max Seat #4 is the button
Seat 5: tintin641 ($100 in chips) is sitting out
Seat 1: shem minns ($12.35 in chips) 
Seat 2: Rdalonso ($100 in chips) 
Seat 3: raduraducu31 ($60.86 in chips) 
Seat 4: BGS013 ($100 in chips) 
Seat 6: Joker007r ($102.50 in chips) 
Joker007r: posts small blind $0.50
shem minns: posts big blind $1
*** HOLE CARDS ***
Rdalonso: raises $1.50 to $2.50
raduraducu31: folds 
BGS013: folds 
Joker007r: folds 
shem minns: calls $1.50
*** FLOP *** [Ah 9h Ks]
shem minns: checks 
Rdalonso: bets $1.72
shem minns: folds 
Uncalled bet ($1.72) returned to Rdalonso
Rdalonso collected $5.22 from pot
Rdalonso: doesn't show hand 
*** SUMMARY ***
Total pot $5.50 | Rake $0.28 
Board [Ah 9h Ks]
Seat 5: tintin641
Seat 1: shem minns (big blind) folded on the Flop
Seat 2: Rdalonso collected ($5.22)
Seat 3: raduraducu31 folded before Flop (didn't bet)
Seat 4: BGS013 (button) folded before Flop (didn't bet)
Seat 6: Joker007r (small blind) folded before Flop



PokerStars Hand #254415042455:  Hold'em No Limit ($0.50/$1.00 USD) - 2025/01/17 15:38:05 WET [2025/01/17 10:38:05 ET]
Table 'Garumna IV' 6-max Seat #6 is the button
Seat 5: tintin641 ($100 in chips) is sitting out
Seat 1: shem minns ($9.85 in chips) 
Seat 2: Rdalonso ($102.72 in chips) 
Seat 3: raduraducu31 ($60.86 in chips) 
Seat 4: BGS013 ($100 in chips) 
Seat 6: Joker007r ($102 in chips) 
shem minns: posts small blind $0.50
Rdalonso: posts big blind $1
tintin641: sits out 
*** HOLE CARDS ***
raduraducu31: folds 
BGS013: folds 
Joker007r: raises $1.50 to $2.50
shem minns: folds 
Rdalonso: calls $1.50
*** FLOP *** [2c Ad Jh]
Rdalonso: checks 
Joker007r: bets $1.72
Rdalonso: folds 
Uncalled bet ($1.72) returned to Joker007r
Joker007r collected $5.22 from pot
Joker007r: doesn't show hand 
*** SUMMARY ***
Total pot $5.50 | Rake $0.28 
Board [2c Ad Jh]
Seat 5: tintin641
Seat 1: shem minns (small blind) folded before Flop
Seat 2: Rdalonso (big blind) folded on the Flop
Seat 3: raduraducu31 folded before Flop (didn't bet)
Seat 4: BGS013 folded before Flop (didn't bet)
Seat 6: Joker007r (button) collected ($5.22)



PokerStars Hand #254415049502:  Hold'em No Limit ($0.50/$1.00 USD) - 2025/01/17 15:38:38 WET [2025/01/17 10:38:38 ET]
Table 'Garumna IV' 6-max Seat #1 is the button
Seat 5: tintin641 ($100 in chips) is sitting out
Seat 1: shem minns ($9.35 in chips) 
Seat 2: Rdalonso ($100.22 in chips) 
Seat 3: raduraducu31 ($60.86 in chips) 
Seat 4: BGS013 ($100 in chips) 
Seat 6: Joker007r ($104.72 in chips) 
Rdalonso: posts small blind $0.50
raduraducu31: posts big blind $1
tintin641: sits out 
*** HOLE CARDS ***
BGS013: folds 
Joker007r: raises $1.50 to $2.50
shem minns: folds 
Rdalonso: folds 
raduraducu31: calls $1.50
*** FLOP *** [Qh Th 6h]
raduraducu31: checks 
Joker007r: bets $3.48
raduraducu31: calls $3.48
*** TURN *** [Qh Th 6h] [5s]
raduraducu31: checks 
Joker007r: bets $8.64
raduraducu31: folds [Jh]
Uncalled bet ($8.64) returned to Joker007r
Joker007r collected $11.84 from pot
Joker007r: doesn't show hand 
*** SUMMARY ***
Total pot $12.46 | Rake $0.62 
Board [Qh Th 6h 5s]
Seat 5: tintin641
Seat 1: shem minns (button) folded before Flop (didn't bet)
Seat 2: Rdalonso (small blind) folded before Flop
Seat 3: raduraducu31 (big blind) folded on the Turn
Seat 4: BGS013 folded before Flop (didn't bet)
Seat 6: Joker007r collected ($11.84)



PokerStars Hand #254415059313:  Hold'em No Limit ($0.50/$1.00 USD) - 2025/01/17 15:39:23 WET [2025/01/17 10:39:23 ET]
Table 'Garumna IV' 6-max Seat #2 is the button
Seat 5: tintin641 ($100 in chips) is sitting out
Seat 1: shem minns ($9.35 in chips) 
Seat 2: Rdalonso ($100 in chips) 
Seat 3: raduraducu31 ($54.88 in chips) 
Seat 4: BGS013 ($100 in chips) 
Seat 6: Joker007r ($110.58 in chips) 
raduraducu31: posts small blind $0.50
BGS013: posts big blind $1
tintin641: sits out 
*** HOLE CARDS ***
Joker007r: folds 
shem minns: raises $8.35 to $9.35 and is all-in
Rdalonso: folds 
raduraducu31: folds 
BGS013: calls $8.35
*** FLOP *** [Ad 2d 4s]
*** TURN *** [Ad 2d 4s] [6h]
*** RIVER *** [Ad 2d 4s 6h] [Qd]
*** SHOW DOWN ***
BGS013: shows [Qs Qh] (three of a kind, Queens)
shem minns: shows [9d Th] (high card Ace)
BGS013 collected $18.24 from pot
*** SUMMARY ***
Total pot $19.20 | Rake $0.96 
Board [Ad 2d 4s 6h Qd]
Seat 5: tintin641
Seat 1: shem minns showed [9d Th] and lost with high card Ace
Seat 2: Rdalonso (button) folded before Flop (didn't bet)
Seat 3: raduraducu31 (small blind) folded before Flop
Seat 4: BGS013 (big blind) showed [Qs Qh] and won ($18.24) with three of a kind, Queens
Seat 6: Joker007r folded before Flop (didn't bet)



PokerStars Hand #254415063909:  Hold'em No Limit ($0.50/$1.00 USD) - 2025/01/17 15:39:45 WET [2025/01/17 10:39:45 ET]
Table 'Garumna IV' 6-max Seat #3 is the button
Seat 1: shem minns ($0 in chips) is sitting out
Seat 2: Rdalonso ($100 in chips) 
Seat 3: raduraducu31 ($54.38 in chips) 
Seat 4: BGS013 ($108.89 in chips) 
Seat 5: tintin641 ($100 in chips) 
Seat 6: Joker007r ($110.58 in chips) 
BGS013: posts small blind $0.50
tintin641: posts big blind $1
*** HOLE CARDS ***
Joker007r: folds 
Rdalonso: folds 
raduraducu31: folds 
BGS013: folds 
Uncalled bet ($0.50) returned to tintin641
tintin641 collected $1 from pot
tintin641: doesn't show hand 
*** SUMMARY ***
Total pot $1 | Rake $0 
Seat 1: shem minns
Seat 2: Rdalonso folded before Flop (didn't bet)
Seat 3: raduraducu31 (button) folded before Flop (didn't bet)
Seat 4: BGS013 (small blind) folded before Flop
Seat 5: tintin641 (big blind) collected ($1)
Seat 6: Joker007r folded before Flop (didn't bet)



PokerStars Hand #254415065722:  Hold'em No Limit ($0.50/$1.00 USD) - 2025/01/17 15:39:53 WET [2025/01/17 10:39:53 ET]
Table 'Garumna IV' 6-max Seat #4 is the button
Seat 1: shem minns ($0 in chips) is sitting out
Seat 2: Rdalonso ($100 in chips) 
Seat 3: raduraducu31 ($54.38 in chips) 
Seat 4: BGS013 ($108.39 in chips) 
Seat 5: tintin641 ($100.50 in chips) 
Seat 6: Joker007r ($110.58 in chips) 
tintin641: posts small blind $0.50
Joker007r: posts big blind $1
*** HOLE CARDS ***
shem minns is disconnected 
Rdalonso: folds 
raduraducu31: folds 
BGS013: raises $1.50 to $2.50
tintin641: folds 
Joker007r: folds 
Uncalled bet ($1.50) returned to BGS013
BGS013 collected $2.50 from pot
BGS013: doesn't show hand 
*** SUMMARY ***
Total pot $2.50 | Rake $0 
Seat 1: shem minns
Seat 2: Rdalonso folded before Flop (didn't bet)
Seat 3: raduraducu31 folded before Flop (didn't bet)
Seat 4: BGS013 (button) collected ($2.50)
Seat 5: tintin641 (small blind) folded before Flop
Seat 6: Joker007r (big blind) folded before Flop



PokerStars Hand #254415068799:  Hold'em No Limit ($0.50/$1.00 USD) - 2025/01/17 15:40:07 WET [2025/01/17 10:40:07 ET]
Table 'Garumna IV' 6-max Seat #5 is the button
Seat 1: shem minns ($0 in chips) is sitting out
Seat 2: Rdalonso ($100 in chips) 
Seat 3: raduraducu31 ($54.38 in chips) 
Seat 4: BGS013 ($109.89 in chips) 
Seat 5: tintin641 ($100 in chips) 
Seat 6: Joker007r ($109.58 in chips) 
Joker007r: posts small blind $0.50
Rdalonso: posts big blind $1
*** HOLE CARDS ***
raduraducu31: raises $1 to $2
BGS013: folds 
tintin641: folds 
Joker007r: folds 
Rdalonso: calls $1
*** FLOP *** [6c 7d Ts]
Rdalonso: checks 
raduraducu31: bets $2
Rdalonso: raises $4.14 to $6.14
raduraducu31: folds 
Uncalled bet ($4.14) returned to Rdalonso
Rdalonso collected $8.08 from pot
Rdalonso: doesn't show hand 
*** SUMMARY ***
Total pot $8.50 | Rake $0.42 
Board [6c 7d Ts]
Seat 1: shem minns
Seat 2: Rdalonso (big blind) collected ($8.08)
Seat 3: raduraducu31 folded on the Flop
Seat 4: BGS013 folded before Flop (didn't bet)
Seat 5: tintin641 (button) folded before Flop (didn't bet)
Seat 6: Joker007r (small blind) folded before Flop



PokerStars Hand #254415083460:  Hold'em No Limit ($0.50/$1.00 USD) - 2025/01/17 15:41:16 WET [2025/01/17 10:41:16 ET]
Table 'Garumna IV' 6-max Seat #6 is the button
Seat 1: shem minns ($0 in chips) is sitting out
Seat 2: Rdalonso ($104.08 in chips) 
Seat 3: raduraducu31 ($50.38 in chips) 
Seat 4: BGS013 ($109.89 in chips) 
Seat 5: tintin641 ($100 in chips) 
Seat 6: Joker007r ($109.08 in chips) 
Rdalonso: posts small blind $0.50
raduraducu31: posts big blind $1
*** HOLE CARDS ***
BGS013: folds 
tintin641: folds 
Joker007r: raises $1.50 to $2.50
Rdalonso: folds 
raduraducu31: calls $1.50
*** FLOP *** [2c 4h 2h]
raduraducu31: checks 
Joker007r: bets $1.72
raduraducu31: calls $1.72
*** TURN *** [2c 4h 2h] [3h]
raduraducu31: checks 
Joker007r: checks 
*** RIVER *** [2c 4h 2h 3h] [Ks]
raduraducu31: bets $2
Joker007r: folds 
Uncalled bet ($2) returned to raduraducu31
raduraducu31 collected $8.49 from pot
*** SUMMARY ***
Total pot $8.94 | Rake $0.45 
Board [2c 4h 2h 3h Ks]
Seat 1: shem minns
Seat 2: Rdalonso (small blind) folded before Flop
Seat 3: raduraducu31 (big blind) collected ($8.49)
Seat 4: BGS013 folded before Flop (didn't bet)
Seat 5: tintin641 folded before Flop (didn't bet)
Seat 6: Joker007r (button) folded on the River



PokerStars Hand #254415090657:  Hold'em No Limit ($0.50/$1.00 USD) - 2025/01/17 15:41:49 WET [2025/01/17 10:41:49 ET]
Table 'Garumna IV' 6-max Seat #2 is the button
Seat 1: shem minns ($0 in chips) is sitting out
Seat 2: Rdalonso ($103.58 in chips) 
Seat 3: raduraducu31 ($54.65 in chips) 
Seat 4: BGS013 ($109.89 in chips) 
Seat 5: tintin641 ($100 in chips) 
Seat 6: Joker007r ($104.86 in chips) 
raduraducu31: posts small blind $0.50
BGS013: posts big blind $1
*** HOLE CARDS ***
tintin641: folds 
Joker007r: folds 
Rdalonso: raises $1.50 to $2.50
raduraducu31: folds 
BGS013: folds 
Uncalled bet ($1.50) returned to Rdalonso
Rdalonso collected $2.50 from pot
Rdalonso: doesn't show hand 
*** SUMMARY ***
Total pot $2.50 | Rake $0 
Seat 1: shem minns
Seat 2: Rdalonso (button) collected ($2.50)
Seat 3: raduraducu31 (small blind) folded before Flop
Seat 4: BGS013 (big blind) folded before Flop
Seat 5: tintin641 folded before Flop (didn't bet)
Seat 6: Joker007r folded before Flop (didn't bet)



PokerStars Hand #254415094404:  Hold'em No Limit ($0.50/$1.00 USD) - 2025/01/17 15:42:06 WET [2025/01/17 10:42:06 ET]
Table 'Garumna IV' 6-max Seat #3 is the button
Seat 1: shem minns ($0 in chips) is sitting out
Seat 2: Rdalonso ($105.08 in chips) 
Seat 3: raduraducu31 ($54.15 in chips) 
Seat 4: BGS013 ($108.89 in chips) 
Seat 5: tintin641 ($100 in chips) 
Seat 6: Joker007r ($104.86 in chips) 
BGS013: posts small blind $0.50
tintin641: posts big blind $1
*** HOLE CARDS ***
Joker007r: folds 
Rdalonso: folds 
raduraducu31: folds 
BGS013: raises $2 to $3
tintin641: raises $7 to $10
BGS013: raises $13.50 to $23.50
tintin641: calls $13.50
*** FLOP *** [Qd 9h 3h]
shem minns leaves the table
BGS013: bets $11.61
tintin641: calls $11.61
*** TURN *** [Qd 9h 3h] [7c]
BGS013: checks 
tintin641: checks 
*** RIVER *** [Qd 9h 3h 7c] [6s]
fataleggs13 joins the table at seat #1 
BGS013: bets $73.78 and is all-in
tintin641: calls $64.89 and is all-in
Uncalled bet ($8.89) returned to BGS013
*** SHOW DOWN ***
BGS013: shows [Kd Kc] (a pair of Kings)
tintin641: shows [Qh Th] (a pair of Queens)
BGS013 collected $197.50 from pot
*** SUMMARY ***
Total pot $200 | Rake $2.50 
Board [Qd 9h 3h 7c 6s]
Seat 1: shem minns
Seat 2: Rdalonso folded before Flop (didn't bet)
Seat 3: raduraducu31 (button) folded before Flop (didn't bet)
Seat 4: BGS013 (small blind) showed [Kd Kc] and won ($197.50) with a pair of Kings
Seat 5: tintin641 (big blind) showed [Qh Th] and lost with a pair of Queens
Seat 6: Joker007r folded before Flop (didn't bet)



PokerStars Hand #254415116623:  Hold'em No Limit ($0.50/$1.00 USD) - 2025/01/17 15:43:48 WET [2025/01/17 10:43:48 ET]
Table 'Garumna IV' 6-max Seat #4 is the button
Seat 1: fataleggs13 ($75 in chips) is sitting out
Seat 2: Rdalonso ($105.08 in chips) 
Seat 3: raduraducu31 ($54.15 in chips) 
Seat 4: BGS013 ($206.39 in chips) 
Seat 5: tintin641 ($100 in chips) 
Seat 6: Joker007r ($104.86 in chips) 
tintin641: posts small blind $0.50
Joker007r: posts big blind $1
fataleggs13: sits out 
*** HOLE CARDS ***
Rdalonso: folds 
raduraducu31: calls $1
BGS013: raises $3.50 to $4.50
tintin641: folds 
Joker007r: folds 
raduraducu31: calls $3.50
*** FLOP *** [7c 3h 8c]
raduraducu31: checks 
BGS013: bets $2.59
raduraducu31: calls $2.59
*** TURN *** [7c 3h 8c] [9d]
raduraducu31: checks 
BGS013: checks 
*** RIVER *** [7c 3h 8c 9d] [Ts]
raduraducu31: bets $7.45
BGS013: folds 
Uncalled bet ($7.45) returned to raduraducu31
raduraducu31 collected $14.90 from pot
*** SUMMARY ***
Total pot $15.68 | Rake $0.78 
Board [7c 3h 8c 9d Ts]
Seat 1: fataleggs13
Seat 2: Rdalonso folded before Flop (didn't bet)
Seat 3: raduraducu31 collected ($14.90)
Seat 4: BGS013 (button) folded on the River
Seat 5: tintin641 (small blind) folded before Flop
Seat 6: Joker007r (big blind) folded before Flop



PokerStars Hand #254415129020:  Hold'em No Limit ($0.50/$1.00 USD) - 2025/01/17 15:44:46 WET [2025/01/17 10:44:46 ET]
Table 'Garumna IV' 6-max Seat #5 is the button
Seat 1: fataleggs13 ($75 in chips) 
Seat 2: Rdalonso ($105.08 in chips) 
Seat 3: raduraducu31 ($61.96 in chips) 
Seat 4: BGS013 ($199.30 in chips) 
Seat 5: tintin641 ($100 in chips) 
Seat 6: Joker007r ($103.86 in chips) 
Joker007r: posts small blind $0.50
fataleggs13: posts big blind $1
*** HOLE CARDS ***
Rdalonso: folds 
raduraducu31: folds 
BGS013: folds 
tintin641: raises $1.50 to $2.50
Joker007r: folds 
fataleggs13: folds 
Uncalled bet ($1.50) returned to tintin641
tintin641 collected $2.50 from pot
tintin641: doesn't show hand 
*** SUMMARY ***
Total pot $2.50 | Rake $0 
Seat 1: fataleggs13 (big blind) folded before Flop
Seat 2: Rdalonso folded before Flop (didn't bet)
Seat 3: raduraducu31 folded before Flop (didn't bet)
Seat 4: BGS013 folded before Flop (didn't bet)
Seat 5: tintin641 (button) collected ($2.50)
Seat 6: Joker007r (small blind) folded before Flop



PokerStars Hand #254415136862:  Hold'em No Limit ($0.50/$1.00 USD) - 2025/01/17 15:45:22 WET [2025/01/17 10:45:22 ET]
Table 'Garumna IV' 6-max Seat #6 is the button
Seat 1: fataleggs13 ($75 in chips) 
Seat 2: Rdalonso ($105.08 in chips) 
Seat 3: raduraducu31 ($61.96 in chips) 
Seat 4: BGS013 ($199.30 in chips) 
Seat 5: tintin641 ($101.50 in chips) 
Seat 6: Joker007r ($103.36 in chips) 
fataleggs13: posts small blind $0.50
Rdalonso: posts big blind $1
*** HOLE CARDS ***
raduraducu31: folds 
BGS013: folds 
tintin641: folds 
Joker007r: raises $1.50 to $2.50
fataleggs13: folds 
Rdalonso: folds 
Uncalled bet ($1.50) returned to Joker007r
Joker007r collected $2.50 from pot
Joker007r: doesn't show hand 
*** SUMMARY ***
Total pot $2.50 | Rake $0 
Seat 1: fataleggs13 (small blind) folded before Flop
Seat 2: Rdalonso (big blind) folded before Flop
Seat 3: raduraducu31 folded before Flop (didn't bet)
Seat 4: BGS013 folded before Flop (didn't bet)
Seat 5: tintin641 folded before Flop (didn't bet)
Seat 6: Joker007r (button) collected ($2.50)



PokerStars Hand #254415140409:  Hold'em No Limit ($0.50/$1.00 USD) - 2025/01/17 15:45:38 WET [2025/01/17 10:45:38 ET]
Table 'Garumna IV' 6-max Seat #1 is the button
Seat 1: fataleggs13 ($75 in chips) 
Seat 2: Rdalonso ($104.08 in chips) 
Seat 3: raduraducu31 ($61.96 in chips) 
Seat 4: BGS013 ($199.30 in chips) 
Seat 5: tintin641 ($101.50 in chips) 
Seat 6: Joker007r ($104.86 in chips) 
Rdalonso: posts small blind $0.50
raduraducu31: posts big blind $1
*** HOLE CARDS ***
BGS013: folds 
tintin641: raises $1.50 to $2.50
Joker007r: folds 
fataleggs13: folds 
Rdalonso: folds 
raduraducu31: calls $1.50
*** FLOP *** [Ts 5d Ah]
raduraducu31: checks 
tintin641: bets $1.72
raduraducu31: folds 
Uncalled bet ($1.72) returned to tintin641
tintin641 collected $5.22 from pot
tintin641: doesn't show hand 
*** SUMMARY ***
Total pot $5.50 | Rake $0.28 
Board [Ts 5d Ah]
Seat 1: fataleggs13 (button) folded before Flop (didn't bet)
Seat 2: Rdalonso (small blind) folded before Flop
Seat 3: raduraducu31 (big blind) folded on the Flop
Seat 4: BGS013 folded before Flop (didn't bet)
Seat 5: tintin641 collected ($5.22)
Seat 6: Joker007r folded before Flop (didn't bet)



PokerStars Hand #254415150505:  Hold'em No Limit ($0.50/$1.00 USD) - 2025/01/17 15:46:24 WET [2025/01/17 10:46:24 ET]
Table 'Garumna IV' 6-max Seat #2 is the button
Seat 1: fataleggs13 ($75 in chips) 
Seat 2: Rdalonso ($103.58 in chips) 
Seat 3: raduraducu31 ($59.46 in chips) 
Seat 4: BGS013 ($199.30 in chips) 
Seat 5: tintin641 ($104.22 in chips) 
Seat 6: Joker007r ($104.86 in chips) 
raduraducu31: posts small blind $0.50
BGS013: posts big blind $1
*** HOLE CARDS ***
tintin641: folds 
Joker007r: folds 
fataleggs13: folds 
Rdalonso: folds 
raduraducu31: calls $0.50
BGS013: raises $3.50 to $4.50
raduraducu31: calls $3.50
*** FLOP *** [6c Tc 3s]
raduraducu31: checks 
BGS013: bets $2.22
raduraducu31: calls $2.22
*** TURN *** [6c Tc 3s] [Qd]
raduraducu31: checks 
BGS013: checks 
*** RIVER *** [6c Tc 3s Qd] [As]
raduraducu31: checks 
BGS013: checks 
*** SHOW DOWN ***
raduraducu31: shows [4c 5h] (high card Ace)
BGS013: shows [4s 6s] (a pair of Sixes)
BGS013 collected $12.77 from pot
*** SUMMARY ***
Total pot $13.44 | Rake $0.67 
Board [6c Tc 3s Qd As]
Seat 1: fataleggs13 folded before Flop (didn't bet)
Seat 2: Rdalonso (button) folded before Flop (didn't bet)
Seat 3: raduraducu31 (small blind) showed [4c 5h] and lost with high card Ace
Seat 4: BGS013 (big blind) showed [4s 6s] and won ($12.77) with a pair of Sixes
Seat 5: tintin641 folded before Flop (didn't bet)
Seat 6: Joker007r folded before Flop (didn't bet)



PokerStars Hand #254415160815:  Hold'em No Limit ($0.50/$1.00 USD) - 2025/01/17 15:47:12 WET [2025/01/17 10:47:12 ET]
Table 'Garumna IV' 6-max Seat #3 is the button
Seat 1: fataleggs13 ($75 in chips) 
Seat 2: Rdalonso ($103.58 in chips) 
Seat 3: raduraducu31 ($52.74 in chips) 
Seat 4: BGS013 ($205.35 in chips) 
Seat 5: tintin641 ($104.22 in chips) 
Seat 6: Joker007r ($104.86 in chips) 
BGS013: posts small blind $0.50
tintin641: posts big blind $1
*** HOLE CARDS ***
Joker007r: folds 
fataleggs13: raises $1.20 to $2.20
Rdalonso: folds 
raduraducu31: calls $2.20
BGS013: folds 
tintin641: folds 
*** FLOP *** [7d Ad Jc]
fataleggs13: bets $1.96
raduraducu31: calls $1.96
*** TURN *** [7d Ad Jc] [Th]
fataleggs13: bets $7
raduraducu31: calls $7
*** RIVER *** [7d Ad Jc Th] [8c]
fataleggs13: bets $16.97
raduraducu31: folds [As]
Uncalled bet ($16.97) returned to fataleggs13
fataleggs13 collected $22.63 from pot
fataleggs13: doesn't show hand 
*** SUMMARY ***
Total pot $23.82 | Rake $1.19 
Board [7d Ad Jc Th 8c]
Seat 1: fataleggs13 collected ($22.63)
Seat 2: Rdalonso folded before Flop (didn't bet)
Seat 3: raduraducu31 (button) folded on the River
Seat 4: BGS013 (small blind) folded before Flop
Seat 5: tintin641 (big blind) folded before Flop
Seat 6: Joker007r folded before Flop (didn't bet)



PokerStars Hand #254415170767:  Hold'em No Limit ($0.50/$1.00 USD) - 2025/01/17 15:47:57 WET [2025/01/17 10:47:57 ET]
Table 'Garumna IV' 6-max Seat #4 is the button
Seat 1: fataleggs13 ($86.47 in chips) 
Seat 2: Rdalonso ($103.58 in chips) 
Seat 3: raduraducu31 ($41.58 in chips) 
Seat 4: BGS013 ($204.85 in chips) 
Seat 5: tintin641 ($103.22 in chips) 
Seat 6: Joker007r ($104.86 in chips) 
tintin641: posts small blind $0.50
Joker007r: posts big blind $1
*** HOLE CARDS ***
fataleggs13: raises $1.20 to $2.20
Rdalonso: folds 
raduraducu31: folds 
BGS013: folds 
tintin641: folds 
Joker007r: folds 
Uncalled bet ($1.20) returned to fataleggs13
fataleggs13 collected $2.50 from pot
fataleggs13: doesn't show hand 
*** SUMMARY ***
Total pot $2.50 | Rake $0 
Seat 1: fataleggs13 collected ($2.50)
Seat 2: Rdalonso folded before Flop (didn't bet)
Seat 3: raduraducu31 folded before Flop (didn't bet)
Seat 4: BGS013 (button) folded before Flop (didn't bet)
Seat 5: tintin641 (small blind) folded before Flop
Seat 6: Joker007r (big blind) folded before Flop



PokerStars Hand #254415175076:  Hold'em No Limit ($0.50/$1.00 USD) - 2025/01/17 15:48:17 WET [2025/01/17 10:48:17 ET]
Table 'Garumna IV' 6-max Seat #5 is the button
Seat 1: fataleggs13 ($87.97 in chips) 
Seat 2: Rdalonso ($103.58 in chips) 
Seat 3: raduraducu31 ($41.58 in chips) 
Seat 4: BGS013 ($204.85 in chips) 
Seat 5: tintin641 ($102.72 in chips) 
Seat 6: Joker007r ($103.86 in chips) 
Joker007r: posts small blind $0.50
fataleggs13: posts big blind $1
*** HOLE CARDS ***
Rdalonso: folds 
raduraducu31: calls $1
BGS013: folds 
tintin641: raises $3 to $4
Joker007r: folds 
fataleggs13: folds 
raduraducu31: calls $3
*** FLOP *** [Kd 2s As]
raduraducu31: checks 
tintin641: bets $2.98
raduraducu31: folds 
Uncalled bet ($2.98) returned to tintin641
tintin641 collected $9.02 from pot
tintin641: doesn't show hand 
*** SUMMARY ***
Total pot $9.50 | Rake $0.48 
Board [Kd 2s As]
Seat 1: fataleggs13 (big blind) folded before Flop
Seat 2: Rdalonso folded before Flop (didn't bet)
Seat 3: raduraducu31 folded on the Flop
Seat 4: BGS013 folded before Flop (didn't bet)
Seat 5: tintin641 (button) collected ($9.02)
Seat 6: Joker007r (small blind) folded before Flop



PokerStars Hand #254415183482:  Hold'em No Limit ($0.50/$1.00 USD) - 2025/01/17 15:48:55 WET [2025/01/17 10:48:55 ET]
Table 'Garumna IV' 6-max Seat #6 is the button
Seat 1: fataleggs13 ($86.97 in chips) 
Seat 2: Rdalonso ($103.58 in chips) 
Seat 3: raduraducu31 ($37.58 in chips) 
Seat 4: BGS013 ($204.85 in chips) 
Seat 5: tintin641 ($107.74 in chips) 
Seat 6: Joker007r ($103.36 in chips) 
fataleggs13: posts small blind $0.50
Rdalonso: posts big blind $1
*** HOLE CARDS ***
raduraducu31: folds 
BGS013: raises $1 to $2
tintin641: folds 
Joker007r: folds 
fataleggs13: raises $7 to $9
Rdalonso: folds 
BGS013: calls $7
*** FLOP *** [6h 7h Ad]
fataleggs13: checks 
BGS013: checks 
*** TURN *** [6h 7h Ad] [7c]
fataleggs13: bets $9.39
BGS013: calls $9.39
*** RIVER *** [6h 7h Ad 7c] [4h]
fataleggs13: checks 
BGS013: checks 
*** SHOW DOWN ***
fataleggs13: shows [Kh Ks] (two pair, Kings and Sevens)
BGS013: mucks hand 
fataleggs13 collected $35.89 from pot
*** SUMMARY ***
Total pot $37.78 | Rake $1.89 
Board [6h 7h Ad 7c 4h]
Seat 1: fataleggs13 (small blind) showed [Kh Ks] and won ($35.89) with two pair, Kings and Sevens
Seat 2: Rdalonso (big blind) folded before Flop
Seat 3: raduraducu31 folded before Flop (didn't bet)
Seat 4: BGS013 mucked
Seat 5: tintin641 folded before Flop (didn't bet)
Seat 6: Joker007r (button) folded before Flop (didn't bet)



PokerStars Hand #254415197068:  Hold'em No Limit ($0.50/$1.00 USD) - 2025/01/17 15:49:58 WET [2025/01/17 10:49:58 ET]
Table 'Garumna IV' 6-max Seat #1 is the button
Seat 1: fataleggs13 ($104.47 in chips) 
Seat 2: Rdalonso ($102.58 in chips) 
Seat 3: raduraducu31 ($37.58 in chips) 
Seat 4: BGS013 ($186.46 in chips) 
Seat 5: tintin641 ($107.74 in chips) 
Seat 6: Joker007r ($103.36 in chips) 
Rdalonso: posts small blind $0.50
raduraducu31: posts big blind $1
*** HOLE CARDS ***
BGS013: folds 
tintin641: folds 
Joker007r: folds 
fataleggs13: folds 
Rdalonso: folds 
Uncalled bet ($0.50) returned to raduraducu31
raduraducu31 collected $1 from pot
*** SUMMARY ***
Total pot $1 | Rake $0 
Seat 1: fataleggs13 (button) folded before Flop (didn't bet)
Seat 2: Rdalonso (small blind) folded before Flop
Seat 3: raduraducu31 (big blind) collected ($1)
Seat 4: BGS013 folded before Flop (didn't bet)
Seat 5: tintin641 folded before Flop (didn't bet)
Seat 6: Joker007r folded before Flop (didn't bet)



PokerStars Hand #254415203630:  Hold'em No Limit ($0.50/$1.00 USD) - 2025/01/17 15:50:27 WET [2025/01/17 10:50:27 ET]
Table 'Garumna IV' 6-max Seat #2 is the button
Seat 1: fataleggs13 ($104.47 in chips) 
Seat 2: Rdalonso ($102.08 in chips) 
Seat 3: raduraducu31 ($38.08 in chips) 
Seat 4: BGS013 ($186.46 in chips) 
Seat 5: tintin641 ($107.74 in chips) 
Seat 6: Joker007r ($103.36 in chips) 
raduraducu31: posts small blind $0.50
BGS013: posts big blind $1
*** HOLE CARDS ***
tintin641: folds 
Joker007r: folds 
fataleggs13: folds 
Rdalonso: raises $1.50 to $2.50
raduraducu31: folds 
BGS013: folds 
Uncalled bet ($1.50) returned to Rdalonso
Rdalonso collected $2.50 from pot
Rdalonso: doesn't show hand 
*** SUMMARY ***
Total pot $2.50 | Rake $0 
Seat 1: fataleggs13 folded before Flop (didn't bet)
Seat 2: Rdalonso (button) collected ($2.50)
Seat 3: raduraducu31 (small blind) folded before Flop
Seat 4: BGS013 (big blind) folded before Flop
Seat 5: tintin641 folded before Flop (didn't bet)
Seat 6: Joker007r folded before Flop (didn't bet)



PokerStars Hand #254415208479:  Hold'em No Limit ($0.50/$1.00 USD) - 2025/01/17 15:50:49 WET [2025/01/17 10:50:49 ET]
Table 'Garumna IV' 6-max Seat #3 is the button
Seat 1: fataleggs13 ($104.47 in chips) 
Seat 2: Rdalonso ($103.58 in chips) 
Seat 3: raduraducu31 ($37.58 in chips) 
Seat 4: BGS013 ($185.46 in chips) 
Seat 5: tintin641 ($107.74 in chips) 
Seat 6: Joker007r ($103.36 in chips) 
BGS013: posts small blind $0.50
tintin641: posts big blind $1
*** HOLE CARDS ***
Joker007r: folds 
fataleggs13: folds 
Rdalonso: folds 
raduraducu31: calls $1
BGS013: folds 
tintin641: checks 
*** FLOP *** [Qh 6s 3h]
tintin641: checks 
raduraducu31: checks 
*** TURN *** [Qh 6s 3h] [Jh]
tintin641: checks 
raduraducu31: bets $1
tintin641: folds 
Uncalled bet ($1) returned to raduraducu31
raduraducu31 collected $2.38 from pot
*** SUMMARY ***
Total pot $2.50 | Rake $0.12 
Board [Qh 6s 3h Jh]
Seat 1: fataleggs13 folded before Flop (didn't bet)
Seat 2: Rdalonso folded before Flop (didn't bet)
Seat 3: raduraducu31 (button) collected ($2.38)
Seat 4: BGS013 (small blind) folded before Flop
Seat 5: tintin641 (big blind) folded on the Turn
Seat 6: Joker007r folded before Flop (didn't bet)



PokerStars Hand #254415217144:  Hold'em No Limit ($0.50/$1.00 USD) - 2025/01/17 15:51:29 WET [2025/01/17 10:51:29 ET]
Table 'Garumna IV' 6-max Seat #4 is the button
Seat 1: fataleggs13 ($104.47 in chips) 
Seat 2: Rdalonso ($103.58 in chips) 
Seat 3: raduraducu31 ($38.96 in chips) 
Seat 4: BGS013 ($184.96 in chips) 
Seat 5: tintin641 ($106.74 in chips) 
Seat 6: Joker007r ($103.36 in chips) 
tintin641: posts small blind $0.50
Joker007r: posts big blind $1
*** HOLE CARDS ***
fataleggs13: folds 
Rdalonso: folds 
raduraducu31: calls $1
BGS013: raises $3.50 to $4.50
tintin641: folds 
Joker007r: folds 
raduraducu31: folds 
Uncalled bet ($3.50) returned to BGS013
BGS013 collected $3.50 from pot
BGS013: doesn't show hand 
*** SUMMARY ***
Total pot $3.50 | Rake $0 
Seat 1: fataleggs13 folded before Flop (didn't bet)
Seat 2: Rdalonso folded before Flop (didn't bet)
Seat 3: raduraducu31 folded before Flop
Seat 4: BGS013 (button) collected ($3.50)
Seat 5: tintin641 (small blind) folded before Flop
Seat 6: Joker007r (big blind) folded before Flop



PokerStars Hand #254415222928:  Hold'em No Limit ($0.50/$1.00 USD) - 2025/01/17 15:51:56 WET [2025/01/17 10:51:56 ET]
Table 'Garumna IV' 6-max Seat #5 is the button
Seat 1: fataleggs13 ($104.47 in chips) 
Seat 2: Rdalonso ($103.58 in chips) 
Seat 3: raduraducu31 ($37.96 in chips) 
Seat 4: BGS013 ($187.46 in chips) 
Seat 5: tintin641 ($106.24 in chips) 
Seat 6: Joker007r ($102.36 in chips) 
Joker007r: posts small blind $0.50
fataleggs13: posts big blind $1
*** HOLE CARDS ***
Rdalonso: raises $1.50 to $2.50
raduraducu31: folds 
BGS013: folds 
tintin641: raises $5 to $7.50
Joker007r: folds 
fataleggs13: folds 
Rdalonso: folds 
Uncalled bet ($5) returned to tintin641
tintin641 collected $6.50 from pot
tintin641: doesn't show hand 
*** SUMMARY ***
Total pot $6.50 | Rake $0 
Seat 1: fataleggs13 (big blind) folded before Flop
Seat 2: Rdalonso folded before Flop
Seat 3: raduraducu31 folded before Flop (didn't bet)
Seat 4: BGS013 folded before Flop (didn't bet)
Seat 5: tintin641 (button) collected ($6.50)
Seat 6: Joker007r (small blind) folded before Flop



PokerStars Hand #254415482706:  Hold'em No Limit ($0.50/$1.00 USD) - 2025/01/17 16:12:48 WET [2025/01/17 11:12:48 ET]
Table 'Garumna IV' 6-max Seat #3 is the button
Seat 6: Joker007r ($101.50 in chips) is sitting out
Seat 1: fataleggs13 ($168.80 in chips) 
Seat 2: Rdalonso ($102.40 in chips) 
Seat 3: raduraducu31 ($43.41 in chips) 
Seat 4: BGS013 ($363.95 in chips) 
Seat 5: tintin641 ($104 in chips) 
BGS013: posts small blind $0.50
tintin641: posts big blind $1
*** HOLE CARDS ***
fataleggs13: folds 
Rdalonso: raises $1.50 to $2.50
raduraducu31: calls $2.50
BGS013: folds 
tintin641: folds 
*** FLOP *** [2d 2h 4d]
Rdalonso: checks 
raduraducu31: bets $3
Rdalonso: raises $6.09 to $9.09
raduraducu31: calls $6.09
*** TURN *** [2d 2h 4d] [Ah]
Rdalonso: bets $35.25
raduraducu31: folds 
Uncalled bet ($35.25) returned to Rdalonso
Rdalonso collected $23.45 from pot
Rdalonso: doesn't show hand 
*** SUMMARY ***
Total pot $24.68 | Rake $1.23 
Board [2d 2h 4d Ah]
Seat 6: Joker007r
Seat 1: fataleggs13 folded before Flop (didn't bet)
Seat 2: Rdalonso collected ($23.45)
Seat 3: raduraducu31 (button) folded on the Turn
Seat 4: BGS013 (small blind) folded before Flop
Seat 5: tintin641 (big blind) folded before Flop



PokerStars Hand #254415227745:  Hold'em No Limit ($0.50/$1.00 USD) - 2025/01/17 15:52:18 WET [2025/01/17 10:52:18 ET]
Table 'Garumna IV' 6-max Seat #6 is the button
Seat 1: fataleggs13 ($103.47 in chips) 
Seat 2: Rdalonso ($101.08 in chips) 
Seat 3: raduraducu31 ($37.96 in chips) 
Seat 4: BGS013 ($187.46 in chips) 
Seat 5: tintin641 ($110.24 in chips) 
Seat 6: Joker007r ($101.86 in chips) 
fataleggs13: posts small blind $0.50
Rdalonso: posts big blind $1
*** HOLE CARDS ***
raduraducu31: calls $1
BGS013: folds 
tintin641: folds 
Joker007r: folds 
fataleggs13: calls $0.50
Rdalonso: checks 
*** FLOP *** [8d 3c Kd]
fataleggs13: bets $1.48
Rdalonso: folds 
raduraducu31: calls $1.48
*** TURN *** [8d 3c Kd] [Jc]
fataleggs13: checks 
raduraducu31: checks 
*** RIVER *** [8d 3c Kd Jc] [Qh]
fataleggs13: checks 
raduraducu31: bets $3
fataleggs13: folds 
Uncalled bet ($3) returned to raduraducu31
raduraducu31 collected $5.66 from pot
*** SUMMARY ***
Total pot $5.96 | Rake $0.30 
Board [8d 3c Kd Jc Qh]
Seat 1: fataleggs13 (small blind) folded on the River
Seat 2: Rdalonso (big blind) folded on the Flop
Seat 3: raduraducu31 collected ($5.66)
Seat 4: BGS013 folded before Flop (didn't bet)
Seat 5: tintin641 folded before Flop (didn't bet)
Seat 6: Joker007r (button) folded before Flop (didn't bet)



PokerStars Hand #254415242983:  Hold'em No Limit ($0.50/$1.00 USD) - 2025/01/17 15:53:29 WET [2025/01/17 10:53:29 ET]
Table 'Garumna IV' 6-max Seat #1 is the button
Seat 1: fataleggs13 ($100.99 in chips) 
Seat 2: Rdalonso ($100.08 in chips) 
Seat 3: raduraducu31 ($41.14 in chips) 
Seat 4: BGS013 ($187.46 in chips) 
Seat 5: tintin641 ($110.24 in chips) 
Seat 6: Joker007r ($101.86 in chips) 
Rdalonso: posts small blind $0.50
raduraducu31: posts big blind $1
*** HOLE CARDS ***
BGS013: folds 
tintin641: raises $1.50 to $2.50
Joker007r: folds 
fataleggs13: folds 
Rdalonso: folds 
raduraducu31: calls $1.50
*** FLOP *** [8c 9s 4h]
raduraducu31: bets $1
tintin641: calls $1
*** TURN *** [8c 9s 4h] [3h]
raduraducu31: bets $1
tintin641: calls $1
*** RIVER *** [8c 9s 4h 3h] [Js]
raduraducu31: bets $3
tintin641: calls $3
*** SHOW DOWN ***
raduraducu31: shows [Qs Qh] (a pair of Queens)
tintin641: mucks hand 
raduraducu31 collected $14.72 from pot
*** SUMMARY ***
Total pot $15.50 | Rake $0.78 
Board [8c 9s 4h 3h Js]
Seat 1: fataleggs13 (button) folded before Flop (didn't bet)
Seat 2: Rdalonso (small blind) folded before Flop
Seat 3: raduraducu31 (big blind) showed [Qs Qh] and won ($14.72) with a pair of Queens
Seat 4: BGS013 folded before Flop (didn't bet)
Seat 5: tintin641 mucked
Seat 6: Joker007r folded before Flop (didn't bet)



PokerStars Hand #254415256993:  Hold'em No Limit ($0.50/$1.00 USD) - 2025/01/17 15:54:32 WET [2025/01/17 10:54:32 ET]
Table 'Garumna IV' 6-max Seat #2 is the button
Seat 1: fataleggs13 ($100.99 in chips) 
Seat 2: Rdalonso ($100 in chips) 
Seat 3: raduraducu31 ($48.36 in chips) 
Seat 4: BGS013 ($187.46 in chips) 
Seat 5: tintin641 ($102.74 in chips) 
Seat 6: Joker007r ($101.86 in chips) 
raduraducu31: posts small blind $0.50
BGS013: posts big blind $1
*** HOLE CARDS ***
tintin641: folds 
Joker007r: raises $2 to $3
fataleggs13: folds 
Rdalonso: folds 
raduraducu31: calls $2.50
BGS013: folds 
*** FLOP *** [9c Ts 8d]
raduraducu31: checks 
Joker007r: bets $4.43
raduraducu31: calls $4.43
*** TURN *** [9c Ts 8d] [3s]
raduraducu31: checks 
Joker007r: bets $10.05
raduraducu31: folds 
Uncalled bet ($10.05) returned to Joker007r
Joker007r collected $15.07 from pot
Joker007r: doesn't show hand 
*** SUMMARY ***
Total pot $15.86 | Rake $0.79 
Board [9c Ts 8d 3s]
Seat 1: fataleggs13 folded before Flop (didn't bet)
Seat 2: Rdalonso (button) folded before Flop (didn't bet)
Seat 3: raduraducu31 (small blind) folded on the Turn
Seat 4: BGS013 (big blind) folded before Flop
Seat 5: tintin641 folded before Flop (didn't bet)
Seat 6: Joker007r collected ($15.07)



PokerStars Hand #254415266856:  Hold'em No Limit ($0.50/$1.00 USD) - 2025/01/17 15:55:21 WET [2025/01/17 10:55:21 ET]
Table 'Garumna IV' 6-max Seat #3 is the button
Seat 1: fataleggs13 ($100.99 in chips) 
Seat 2: Rdalonso ($100 in chips) 
Seat 3: raduraducu31 ($40.93 in chips) 
Seat 4: BGS013 ($186.46 in chips) 
Seat 5: tintin641 ($102.74 in chips) 
Seat 6: Joker007r ($109.50 in chips) 
BGS013: posts small blind $0.50
tintin641: posts big blind $1
*** HOLE CARDS ***
Joker007r: folds 
fataleggs13: raises $1.20 to $2.20
Rdalonso: folds 
raduraducu31: calls $2.20
BGS013: folds 
tintin641: folds 
*** FLOP *** [Tc 5c Th]
fataleggs13: bets $2.91
raduraducu31: calls $2.91
*** TURN *** [Tc 5c Th] [6h]
fataleggs13: bets $8.35
raduraducu31: calls $8.35
*** RIVER *** [Tc 5c Th 6h] [4h]
fataleggs13: checks 
raduraducu31: bets $9
fataleggs13: raises $70.50 to $79.50
raduraducu31: calls $18.47 and is all-in
Uncalled bet ($52.03) returned to fataleggs13
*** SHOW DOWN ***
fataleggs13: shows [Qs Qc] (two pair, Queens and Tens)
raduraducu31: shows [5h 5d] (a full house, Fives full of Tens)
raduraducu31 collected $80.86 from pot
*** SUMMARY ***
Total pot $83.36 | Rake $2.50 
Board [Tc 5c Th 6h 4h]
Seat 1: fataleggs13 showed [Qs Qc] and lost with two pair, Queens and Tens
Seat 2: Rdalonso folded before Flop (didn't bet)
Seat 3: raduraducu31 (button) showed [5h 5d] and won ($80.86) with a full house, Fives full of Tens
Seat 4: BGS013 (small blind) folded before Flop
Seat 5: tintin641 (big blind) folded before Flop
Seat 6: Joker007r folded before Flop (didn't bet)



PokerStars Hand #254415274144:  Hold'em No Limit ($0.50/$1.00 USD) - 2025/01/17 15:56:06 WET [2025/01/17 10:56:06 ET]
Table 'Garumna IV' 6-max Seat #4 is the button
Seat 1: fataleggs13 ($75 in chips) 
Seat 2: Rdalonso ($100 in chips) 
Seat 3: raduraducu31 ($80.86 in chips) 
Seat 4: BGS013 ($185.96 in chips) 
Seat 5: tintin641 ($101.74 in chips) 
Seat 6: Joker007r ($109.50 in chips) 
tintin641: posts small blind $0.50
Joker007r: posts big blind $1
*** HOLE CARDS ***
fataleggs13: folds 
Rdalonso: raises $1.50 to $2.50
raduraducu31: folds 
BGS013: raises $5.50 to $8
tintin641: folds 
Joker007r: folds 
Rdalonso: folds 
Uncalled bet ($5.50) returned to BGS013
BGS013 collected $6.50 from pot
BGS013: doesn't show hand 
*** SUMMARY ***
Total pot $6.50 | Rake $0 
Seat 1: fataleggs13 folded before Flop (didn't bet)
Seat 2: Rdalonso folded before Flop
Seat 3: raduraducu31 folded before Flop (didn't bet)
Seat 4: BGS013 (button) collected ($6.50)
Seat 5: tintin641 (small blind) folded before Flop
Seat 6: Joker007r (big blind) folded before Flop



PokerStars Hand #254415277634:  Hold'em No Limit ($0.50/$1.00 USD) - 2025/01/17 15:56:27 WET [2025/01/17 10:56:27 ET]
Table 'Garumna IV' 6-max Seat #5 is the button
Seat 1: fataleggs13 ($75 in chips) 
Seat 2: Rdalonso ($100 in chips) 
Seat 3: raduraducu31 ($80.86 in chips) 
Seat 4: BGS013 ($189.96 in chips) 
Seat 5: tintin641 ($101.24 in chips) 
Seat 6: Joker007r ($108.50 in chips) 
Joker007r: posts small blind $0.50
fataleggs13: posts big blind $1
*** HOLE CARDS ***
Rdalonso: folds 
raduraducu31: folds 
BGS013: folds 
tintin641: raises $1.50 to $2.50
Joker007r: raises $8.50 to $11
fataleggs13: raises $20.50 to $31.50
tintin641: folds 
Joker007r: raises $77 to $108.50 and is all-in
fataleggs13: calls $43.50 and is all-in
Uncalled bet ($33.50) returned to Joker007r
*** FIRST FLOP *** [9s Jd Ac]
*** FIRST TURN *** [9s Jd Ac] [9c]
*** FIRST RIVER *** [9s Jd Ac 9c] [5h]
*** SECOND FLOP *** [8d 7c 2s]
*** SECOND TURN *** [8d 7c 2s] [3c]
*** SECOND RIVER *** [8d 7c 2s 3c] [Ah]
*** FIRST SHOW DOWN ***
Joker007r: shows [Kd Ks] (two pair, Kings and Nines)
fataleggs13: shows [Qd As] (two pair, Aces and Nines)
fataleggs13 collected $75 from pot
*** SECOND SHOW DOWN ***
Joker007r: shows [Kd Ks] (a pair of Kings)
fataleggs13: shows [Qd As] (a pair of Aces)
fataleggs13 collected $75 from pot
*** SUMMARY ***
Total pot $152.50 | Rake $2.50 
Hand was run twice
FIRST Board [9s Jd Ac 9c 5h]
SECOND Board [8d 7c 2s 3c Ah]
Seat 1: fataleggs13 (big blind) showed [Qd As] and won ($75) with two pair, Aces and Nines, and won ($75) with a pair of Aces
Seat 2: Rdalonso folded before Flop (didn't bet)
Seat 3: raduraducu31 folded before Flop (didn't bet)
Seat 4: BGS013 folded before Flop (didn't bet)
Seat 5: tintin641 (button) folded before Flop
Seat 6: Joker007r (small blind) showed [Kd Ks] and lost with two pair, Kings and Nines, and lost with a pair of Kings



PokerStars Hand #254415284615:  Hold'em No Limit ($0.50/$1.00 USD) - 2025/01/17 15:57:09 WET [2025/01/17 10:57:09 ET]
Table 'Garumna IV' 6-max Seat #6 is the button
Seat 1: fataleggs13 ($150 in chips) 
Seat 2: Rdalonso ($100 in chips) 
Seat 3: raduraducu31 ($80.86 in chips) 
Seat 4: BGS013 ($189.96 in chips) 
Seat 5: tintin641 ($100 in chips) 
Seat 6: Joker007r ($100 in chips) 
fataleggs13: posts small blind $0.50
Rdalonso: posts big blind $1
*** HOLE CARDS ***
raduraducu31: calls $1
BGS013: folds 
tintin641: folds 
Joker007r: raises $2.50 to $3.50
fataleggs13: folds 
Rdalonso: folds 
raduraducu31: calls $2.50
*** FLOP *** [4h 3d 2h]
raduraducu31: checks 
Joker007r: bets $2.67
raduraducu31: folds 
Uncalled bet ($2.67) returned to Joker007r
Joker007r collected $8.08 from pot
Joker007r: doesn't show hand 
*** SUMMARY ***
Total pot $8.50 | Rake $0.42 
Board [4h 3d 2h]
Seat 1: fataleggs13 (small blind) folded before Flop
Seat 2: Rdalonso (big blind) folded before Flop
Seat 3: raduraducu31 folded on the Flop
Seat 4: BGS013 folded before Flop (didn't bet)
Seat 5: tintin641 folded before Flop (didn't bet)
Seat 6: Joker007r (button) collected ($8.08)



PokerStars Hand #254415289536:  Hold'em No Limit ($0.50/$1.00 USD) - 2025/01/17 15:57:39 WET [2025/01/17 10:57:39 ET]
Table 'Garumna IV' 6-max Seat #1 is the button
Seat 1: fataleggs13 ($149.50 in chips) 
Seat 2: Rdalonso ($100 in chips) 
Seat 3: raduraducu31 ($77.36 in chips) 
Seat 4: BGS013 ($189.96 in chips) 
Seat 5: tintin641 ($100 in chips) 
Seat 6: Joker007r ($104.58 in chips) 
Rdalonso: posts small blind $0.50
raduraducu31: posts big blind $1
*** HOLE CARDS ***
BGS013: folds 
tintin641: folds 
Joker007r: folds 
fataleggs13: folds 
Rdalonso: folds 
Uncalled bet ($0.50) returned to raduraducu31
raduraducu31 collected $1 from pot
*** SUMMARY ***
Total pot $1 | Rake $0 
Seat 1: fataleggs13 (button) folded before Flop (didn't bet)
Seat 2: Rdalonso (small blind) folded before Flop
Seat 3: raduraducu31 (big blind) collected ($1)
Seat 4: BGS013 folded before Flop (didn't bet)
Seat 5: tintin641 folded before Flop (didn't bet)
Seat 6: Joker007r folded before Flop (didn't bet)



PokerStars Hand #254415291153:  Hold'em No Limit ($0.50/$1.00 USD) - 2025/01/17 15:57:48 WET [2025/01/17 10:57:48 ET]
Table 'Garumna IV' 6-max Seat #2 is the button
Seat 1: fataleggs13 ($149.50 in chips) 
Seat 2: Rdalonso ($100 in chips) 
Seat 3: raduraducu31 ($77.86 in chips) 
Seat 4: BGS013 ($189.96 in chips) 
Seat 5: tintin641 ($100 in chips) 
Seat 6: Joker007r ($104.58 in chips) 
raduraducu31: posts small blind $0.50
BGS013: posts big blind $1
*** HOLE CARDS ***
tintin641: folds 
Joker007r: folds 
fataleggs13: raises $1.20 to $2.20
Rdalonso: folds 
raduraducu31: calls $1.70
BGS013: folds 
*** FLOP *** [6s Qh 8c]
raduraducu31: bets $2
fataleggs13: calls $2
*** TURN *** [6s Qh 8c] [Ac]
raduraducu31: bets $3
fataleggs13: calls $3
*** RIVER *** [6s Qh 8c Ac] [7d]
raduraducu31: checks 
fataleggs13: bets $10.97
raduraducu31: calls $10.97
*** SHOW DOWN ***
fataleggs13: shows [7s Qs] (two pair, Queens and Sevens)
raduraducu31: mucks hand 
fataleggs13 collected $35.47 from pot
*** SUMMARY ***
Total pot $37.34 | Rake $1.87 
Board [6s Qh 8c Ac 7d]
Seat 1: fataleggs13 showed [7s Qs] and won ($35.47) with two pair, Queens and Sevens
Seat 2: Rdalonso (button) folded before Flop (didn't bet)
Seat 3: raduraducu31 (small blind) mucked
Seat 4: BGS013 (big blind) folded before Flop
Seat 5: tintin641 folded before Flop (didn't bet)
Seat 6: Joker007r folded before Flop (didn't bet)



PokerStars Hand #254415299269:  Hold'em No Limit ($0.50/$1.00 USD) - 2025/01/17 15:58:36 WET [2025/01/17 10:58:36 ET]
Table 'Garumna IV' 6-max Seat #3 is the button
Seat 1: fataleggs13 ($166.80 in chips) 
Seat 2: Rdalonso ($100 in chips) 
Seat 3: raduraducu31 ($59.69 in chips) 
Seat 4: BGS013 ($188.96 in chips) 
Seat 5: tintin641 ($100 in chips) 
Seat 6: Joker007r ($104.58 in chips) 
BGS013: posts small blind $0.50
tintin641: posts big blind $1
*** HOLE CARDS ***
Joker007r: raises $2 to $3
fataleggs13: folds 
Rdalonso: folds 
raduraducu31: folds 
BGS013: folds 
tintin641: folds 
Uncalled bet ($2) returned to Joker007r
Joker007r collected $2.50 from pot
Joker007r: doesn't show hand 
*** SUMMARY ***
Total pot $2.50 | Rake $0 
Seat 1: fataleggs13 folded before Flop (didn't bet)
Seat 2: Rdalonso folded before Flop (didn't bet)
Seat 3: raduraducu31 (button) folded before Flop (didn't bet)
Seat 4: BGS013 (small blind) folded before Flop
Seat 5: tintin641 (big blind) folded before Flop
Seat 6: Joker007r collected ($2.50)



PokerStars Hand #254415301764:  Hold'em No Limit ($0.50/$1.00 USD) - 2025/01/17 15:58:50 WET [2025/01/17 10:58:50 ET]
Table 'Garumna IV' 6-max Seat #4 is the button
Seat 1: fataleggs13 ($166.80 in chips) 
Seat 2: Rdalonso ($100 in chips) 
Seat 3: raduraducu31 ($59.69 in chips) 
Seat 4: BGS013 ($188.46 in chips) 
Seat 5: tintin641 ($100 in chips) 
Seat 6: Joker007r ($106.08 in chips) 
tintin641: posts small blind $0.50
Joker007r: posts big blind $1
*** HOLE CARDS ***
fataleggs13: raises $1.20 to $2.20
Rdalonso: folds 
raduraducu31: calls $2.20
BGS013: folds 
tintin641: folds 
Joker007r: calls $1.20
*** FLOP *** [5c Js Jh]
Joker007r: checks 
fataleggs13: bets $3.50
raduraducu31: calls $3.50
Joker007r: folds 
*** TURN *** [5c Js Jh] [Ad]
fataleggs13: bets $10.05
raduraducu31: folds 
Uncalled bet ($10.05) returned to fataleggs13
fataleggs13 collected $13.40 from pot
fataleggs13: doesn't show hand 
*** SUMMARY ***
Total pot $14.10 | Rake $0.70 
Board [5c Js Jh Ad]
Seat 1: fataleggs13 collected ($13.40)
Seat 2: Rdalonso folded before Flop (didn't bet)
Seat 3: raduraducu31 folded on the Turn
Seat 4: BGS013 (button) folded before Flop (didn't bet)
Seat 5: tintin641 (small blind) folded before Flop
Seat 6: Joker007r (big blind) folded on the Flop



PokerStars Hand #254415308146:  Hold'em No Limit ($0.50/$1.00 USD) - 2025/01/17 15:59:28 WET [2025/01/17 10:59:28 ET]
Table 'Garumna IV' 6-max Seat #5 is the button
Seat 1: fataleggs13 ($174.50 in chips) 
Seat 2: Rdalonso ($100 in chips) 
Seat 3: raduraducu31 ($53.99 in chips) 
Seat 4: BGS013 ($188.46 in chips) 
Seat 5: tintin641 ($100 in chips) 
Seat 6: Joker007r ($103.88 in chips) 
Joker007r: posts small blind $0.50
fataleggs13: posts big blind $1
*** HOLE CARDS ***
Rdalonso: folds 
raduraducu31: calls $1
BGS013: folds 
tintin641: folds 
Joker007r: raises $4 to $5
fataleggs13: folds 
raduraducu31: folds 
Uncalled bet ($4) returned to Joker007r
Joker007r collected $3 from pot
Joker007r: doesn't show hand 
*** SUMMARY ***
Total pot $3 | Rake $0 
Seat 1: fataleggs13 (big blind) folded before Flop
Seat 2: Rdalonso folded before Flop (didn't bet)
Seat 3: raduraducu31 folded before Flop
Seat 4: BGS013 folded before Flop (didn't bet)
Seat 5: tintin641 (button) folded before Flop (didn't bet)
Seat 6: Joker007r (small blind) collected ($3)



PokerStars Hand #254415311396:  Hold'em No Limit ($0.50/$1.00 USD) - 2025/01/17 15:59:47 WET [2025/01/17 10:59:47 ET]
Table 'Garumna IV' 6-max Seat #6 is the button
Seat 1: fataleggs13 ($173.50 in chips) 
Seat 2: Rdalonso ($100 in chips) 
Seat 3: raduraducu31 ($52.99 in chips) 
Seat 4: BGS013 ($188.46 in chips) 
Seat 5: tintin641 ($100 in chips) 
Seat 6: Joker007r ($105.88 in chips) 
fataleggs13: posts small blind $0.50
Rdalonso: posts big blind $1
*** HOLE CARDS ***
raduraducu31: folds 
BGS013: raises $1 to $2
tintin641: folds 
Joker007r: folds 
fataleggs13: folds 
Rdalonso: raises $8 to $10
BGS013: folds 
Uncalled bet ($8) returned to Rdalonso
Rdalonso collected $4.50 from pot
Rdalonso: doesn't show hand 
*** SUMMARY ***
Total pot $4.50 | Rake $0 
Seat 1: fataleggs13 (small blind) folded before Flop
Seat 2: Rdalonso (big blind) collected ($4.50)
Seat 3: raduraducu31 folded before Flop (didn't bet)
Seat 4: BGS013 folded before Flop
Seat 5: tintin641 folded before Flop (didn't bet)
Seat 6: Joker007r (button) folded before Flop (didn't bet)



PokerStars Hand #254415315350:  Hold'em No Limit ($0.50/$1.00 USD) - 2025/01/17 16:00:09 WET [2025/01/17 11:00:09 ET]
Table 'Garumna IV' 6-max Seat #1 is the button
Seat 1: fataleggs13 ($173 in chips) 
Seat 2: Rdalonso ($102.50 in chips) 
Seat 3: raduraducu31 ($52.99 in chips) 
Seat 4: BGS013 ($186.46 in chips) 
Seat 5: tintin641 ($100 in chips) 
Seat 6: Joker007r ($105.88 in chips) 
Rdalonso: posts small blind $0.50
raduraducu31: posts big blind $1
*** HOLE CARDS ***
BGS013: raises $1 to $2
tintin641: folds 
Joker007r: folds 
fataleggs13: folds 
Rdalonso: folds 
raduraducu31: calls $1
*** FLOP *** [Js 7h 7s]
raduraducu31: checks 
BGS013: bets $1.11
raduraducu31: folds 
Uncalled bet ($1.11) returned to BGS013
BGS013 collected $4.28 from pot
BGS013: doesn't show hand 
*** SUMMARY ***
Total pot $4.50 | Rake $0.22 
Board [Js 7h 7s]
Seat 1: fataleggs13 (button) folded before Flop (didn't bet)
Seat 2: Rdalonso (small blind) folded before Flop
Seat 3: raduraducu31 (big blind) folded on the Flop
Seat 4: BGS013 collected ($4.28)
Seat 5: tintin641 folded before Flop (didn't bet)
Seat 6: Joker007r folded before Flop (didn't bet)



PokerStars Hand #254415319412:  Hold'em No Limit ($0.50/$1.00 USD) - 2025/01/17 16:00:32 WET [2025/01/17 11:00:32 ET]
Table 'Garumna IV' 6-max Seat #2 is the button
Seat 1: fataleggs13 ($173 in chips) 
Seat 2: Rdalonso ($102 in chips) 
Seat 3: raduraducu31 ($50.99 in chips) 
Seat 4: BGS013 ($188.74 in chips) 
Seat 5: tintin641 ($100 in chips) 
Seat 6: Joker007r ($105.88 in chips) 
raduraducu31: posts small blind $0.50
BGS013: posts big blind $1
*** HOLE CARDS ***
tintin641: folds 
Joker007r: folds 
fataleggs13: folds 
Rdalonso: raises $1.50 to $2.50
raduraducu31: calls $2
BGS013: folds 
*** FLOP *** [Ks Ac 3s]
raduraducu31: checks 
Rdalonso: bets $1.88
raduraducu31: calls $1.88
*** TURN *** [Ks Ac 3s] [7h]
raduraducu31: checks 
Rdalonso: bets $6.12
raduraducu31: calls $6.12
*** RIVER *** [Ks Ac 3s 7h] [Td]
raduraducu31: checks 
Rdalonso: bets $15.68
raduraducu31: calls $15.68
*** SHOW DOWN ***
Rdalonso: shows [9c 8c] (high card Ace)
raduraducu31: shows [Ad 4s] (a pair of Aces)
raduraducu31 collected $50.86 from pot
*** SUMMARY ***
Total pot $53.36 | Rake $2.50 
Board [Ks Ac 3s 7h Td]
Seat 1: fataleggs13 folded before Flop (didn't bet)
Seat 2: Rdalonso (button) showed [9c 8c] and lost with high card Ace
Seat 3: raduraducu31 (small blind) showed [Ad 4s] and won ($50.86) with a pair of Aces
Seat 4: BGS013 (big blind) folded before Flop
Seat 5: tintin641 folded before Flop (didn't bet)
Seat 6: Joker007r folded before Flop (didn't bet)



PokerStars Hand #254415333124:  Hold'em No Limit ($0.50/$1.00 USD) - 2025/01/17 16:01:38 WET [2025/01/17 11:01:38 ET]
Table 'Garumna IV' 6-max Seat #3 is the button
Seat 1: fataleggs13 ($173 in chips) 
Seat 2: Rdalonso ($100 in chips) 
Seat 3: raduraducu31 ($75.67 in chips) 
Seat 4: BGS013 ($187.74 in chips) 
Seat 5: tintin641 ($100 in chips) 
Seat 6: Joker007r ($105.88 in chips) 
BGS013: posts small blind $0.50
tintin641: posts big blind $1
*** HOLE CARDS ***
Joker007r: folds 
fataleggs13: raises $1.20 to $2.20
Rdalonso: raises $5.30 to $7.50
raduraducu31: folds 
BGS013: folds 
tintin641: folds 
fataleggs13: folds 
Uncalled bet ($5.30) returned to Rdalonso
Rdalonso collected $5.90 from pot
Rdalonso: doesn't show hand 
*** SUMMARY ***
Total pot $5.90 | Rake $0 
Seat 1: fataleggs13 folded before Flop
Seat 2: Rdalonso collected ($5.90)
Seat 3: raduraducu31 (button) folded before Flop (didn't bet)
Seat 4: BGS013 (small blind) folded before Flop
Seat 5: tintin641 (big blind) folded before Flop
Seat 6: Joker007r folded before Flop (didn't bet)



PokerStars Hand #254415339014:  Hold'em No Limit ($0.50/$1.00 USD) - 2025/01/17 16:02:05 WET [2025/01/17 11:02:05 ET]
Table 'Garumna IV' 6-max Seat #4 is the button
Seat 1: fataleggs13 ($170.80 in chips) 
Seat 2: Rdalonso ($103.70 in chips) 
Seat 3: raduraducu31 ($75.67 in chips) 
Seat 4: BGS013 ($187.24 in chips) 
Seat 5: tintin641 ($100 in chips) 
Seat 6: Joker007r ($105.88 in chips) 
tintin641: posts small blind $0.50
Joker007r: posts big blind $1
*** HOLE CARDS ***
fataleggs13: folds 
Rdalonso: folds 
raduraducu31: calls $1
BGS013: raises $3.50 to $4.50
tintin641: folds 
Joker007r: folds 
raduraducu31: calls $3.50
*** FLOP *** [6h 5c Jd]
raduraducu31: checks 
BGS013: bets $2.59
raduraducu31: calls $2.59
*** TURN *** [6h 5c Jd] [Ad]
raduraducu31: checks 
BGS013: bets $11.62
raduraducu31: folds 
Uncalled bet ($11.62) returned to BGS013
BGS013 collected $14.90 from pot
BGS013: doesn't show hand 
*** SUMMARY ***
Total pot $15.68 | Rake $0.78 
Board [6h 5c Jd Ad]
Seat 1: fataleggs13 folded before Flop (didn't bet)
Seat 2: Rdalonso folded before Flop (didn't bet)
Seat 3: raduraducu31 folded on the Turn
Seat 4: BGS013 (button) collected ($14.90)
Seat 5: tintin641 (small blind) folded before Flop
Seat 6: Joker007r (big blind) folded before Flop



PokerStars Hand #254415349185:  Hold'em No Limit ($0.50/$1.00 USD) - 2025/01/17 16:02:52 WET [2025/01/17 11:02:52 ET]
Table 'Garumna IV' 6-max Seat #5 is the button
Seat 1: fataleggs13 ($170.80 in chips) 
Seat 2: Rdalonso ($103.70 in chips) 
Seat 3: raduraducu31 ($68.58 in chips) 
Seat 4: BGS013 ($195.05 in chips) 
Seat 5: tintin641 ($100 in chips) 
Seat 6: Joker007r ($104.88 in chips) 
Joker007r: posts small blind $0.50
fataleggs13: posts big blind $1
*** HOLE CARDS ***
Rdalonso: folds 
raduraducu31: calls $1
BGS013: folds 
tintin641: raises $3 to $4
Joker007r: folds 
fataleggs13: folds 
raduraducu31: calls $3
*** FLOP *** [4s 8d Js]
raduraducu31: checks 
tintin641: bets $6.77
raduraducu31: folds 
Uncalled bet ($6.77) returned to tintin641
tintin641 collected $9.02 from pot
tintin641: doesn't show hand 
*** SUMMARY ***
Total pot $9.50 | Rake $0.48 
Board [4s 8d Js]
Seat 1: fataleggs13 (big blind) folded before Flop
Seat 2: Rdalonso folded before Flop (didn't bet)
Seat 3: raduraducu31 folded on the Flop
Seat 4: BGS013 folded before Flop (didn't bet)
Seat 5: tintin641 (button) collected ($9.02)
Seat 6: Joker007r (small blind) folded before Flop



PokerStars Hand #254415358153:  Hold'em No Limit ($0.50/$1.00 USD) - 2025/01/17 16:03:32 WET [2025/01/17 11:03:32 ET]
Table 'Garumna IV' 6-max Seat #6 is the button
Seat 1: fataleggs13 ($169.80 in chips) 
Seat 2: Rdalonso ($103.70 in chips) 
Seat 3: raduraducu31 ($64.58 in chips) 
Seat 4: BGS013 ($195.05 in chips) 
Seat 5: tintin641 ($105.02 in chips) 
Seat 6: Joker007r ($104.38 in chips) 
fataleggs13: posts small blind $0.50
Rdalonso: posts big blind $1
*** HOLE CARDS ***
raduraducu31: folds 
BGS013: raises $1 to $2
tintin641: folds 
Joker007r: raises $5 to $7
fataleggs13: folds 
Rdalonso: folds 
BGS013: calls $5
*** FLOP *** [6h 4d 2h]
BGS013: bets $3.83
Joker007r: raises $11.64 to $15.47
BGS013: calls $11.64
*** TURN *** [6h 4d 2h] [5h]
BGS013: bets $13
Joker007r: calls $13
*** RIVER *** [6h 4d 2h 5h] [4h]
BGS013: checks 
Joker007r: checks 
*** SHOW DOWN ***
BGS013: shows [Qh Kh] (a flush, King high)
Joker007r: mucks hand 
BGS013 collected $69.94 from pot
*** SUMMARY ***
Total pot $72.44 | Rake $2.50 
Board [6h 4d 2h 5h 4h]
Seat 1: fataleggs13 (small blind) folded before Flop
Seat 2: Rdalonso (big blind) folded before Flop
Seat 3: raduraducu31 folded before Flop (didn't bet)
Seat 4: BGS013 showed [Qh Kh] and won ($69.94) with a flush, King high
Seat 5: tintin641 folded before Flop (didn't bet)
Seat 6: Joker007r (button) mucked



PokerStars Hand #254415375896:  Hold'em No Limit ($0.50/$1.00 USD) - 2025/01/17 16:04:51 WET [2025/01/17 11:04:51 ET]
Table 'Garumna IV' 6-max Seat #1 is the button
Seat 1: fataleggs13 ($169.30 in chips) 
Seat 2: Rdalonso ($102.70 in chips) 
Seat 3: raduraducu31 ($64.58 in chips) 
Seat 4: BGS013 ($229.52 in chips) 
Seat 5: tintin641 ($105.02 in chips) 
Seat 6: Joker007r ($100 in chips) 
Rdalonso: posts small blind $0.50
raduraducu31: posts big blind $1
*** HOLE CARDS ***
BGS013: folds 
tintin641: folds 
Joker007r: raises $1.50 to $2.50
fataleggs13: raises $5 to $7.50
Rdalonso: folds 
raduraducu31: folds 
Joker007r: folds 
Uncalled bet ($5) returned to fataleggs13
fataleggs13 collected $6.50 from pot
fataleggs13: doesn't show hand 
*** SUMMARY ***
Total pot $6.50 | Rake $0 
Seat 1: fataleggs13 (button) collected ($6.50)
Seat 2: Rdalonso (small blind) folded before Flop
Seat 3: raduraducu31 (big blind) folded before Flop
Seat 4: BGS013 folded before Flop (didn't bet)
Seat 5: tintin641 folded before Flop (didn't bet)
Seat 6: Joker007r folded before Flop



PokerStars Hand #254415380298:  Hold'em No Limit ($0.50/$1.00 USD) - 2025/01/17 16:05:11 WET [2025/01/17 11:05:11 ET]
Table 'Garumna IV' 6-max Seat #2 is the button
Seat 1: fataleggs13 ($173.30 in chips) 
Seat 2: Rdalonso ($102.20 in chips) 
Seat 3: raduraducu31 ($63.58 in chips) 
Seat 4: BGS013 ($229.52 in chips) 
Seat 5: tintin641 ($105.02 in chips) 
Seat 6: Joker007r ($100 in chips) 
raduraducu31: posts small blind $0.50
BGS013: posts big blind $1
*** HOLE CARDS ***
tintin641: folds 
Joker007r: folds 
fataleggs13: folds 
Rdalonso: raises $1.50 to $2.50
raduraducu31: calls $2
BGS013: folds 
*** FLOP *** [7c 4s 8d]
raduraducu31: checks 
Rdalonso: checks 
*** TURN *** [7c 4s 8d] [Ad]
raduraducu31: checks 
Rdalonso: bets $4.28
raduraducu31: folds 
Uncalled bet ($4.28) returned to Rdalonso
Rdalonso collected $5.70 from pot
Rdalonso: doesn't show hand 
*** SUMMARY ***
Total pot $6 | Rake $0.30 
Board [7c 4s 8d Ad]
Seat 1: fataleggs13 folded before Flop (didn't bet)
Seat 2: Rdalonso (button) collected ($5.70)
Seat 3: raduraducu31 (small blind) folded on the Turn
Seat 4: BGS013 (big blind) folded before Flop
Seat 5: tintin641 folded before Flop (didn't bet)
Seat 6: Joker007r folded before Flop (didn't bet)



PokerStars Hand #254415390864:  Hold'em No Limit ($0.50/$1.00 USD) - 2025/01/17 16:05:58 WET [2025/01/17 11:05:58 ET]
Table 'Garumna IV' 6-max Seat #3 is the button
Seat 1: fataleggs13 ($173.30 in chips) 
Seat 2: Rdalonso ($105.40 in chips) 
Seat 3: raduraducu31 ($61.08 in chips) 
Seat 4: BGS013 ($228.52 in chips) 
Seat 5: tintin641 ($105.02 in chips) 
Seat 6: Joker007r ($100 in chips) 
BGS013: posts small blind $0.50
tintin641: posts big blind $1
*** HOLE CARDS ***
Joker007r: folds 
fataleggs13: folds 
Rdalonso: folds 
raduraducu31: folds 
BGS013: folds 
Uncalled bet ($0.50) returned to tintin641
tintin641 collected $1 from pot
tintin641: doesn't show hand 
*** SUMMARY ***
Total pot $1 | Rake $0 
Seat 1: fataleggs13 folded before Flop (didn't bet)
Seat 2: Rdalonso folded before Flop (didn't bet)
Seat 3: raduraducu31 (button) folded before Flop (didn't bet)
Seat 4: BGS013 (small blind) folded before Flop
Seat 5: tintin641 (big blind) collected ($1)
Seat 6: Joker007r folded before Flop (didn't bet)



PokerStars Hand #254415392732:  Hold'em No Limit ($0.50/$1.00 USD) - 2025/01/17 16:06:07 WET [2025/01/17 11:06:07 ET]
Table 'Garumna IV' 6-max Seat #4 is the button
Seat 1: fataleggs13 ($173.30 in chips) 
Seat 2: Rdalonso ($105.40 in chips) 
Seat 3: raduraducu31 ($61.08 in chips) 
Seat 4: BGS013 ($228.02 in chips) 
Seat 5: tintin641 ($105.52 in chips) 
Seat 6: Joker007r ($100 in chips) 
tintin641: posts small blind $0.50
Joker007r: posts big blind $1
*** HOLE CARDS ***
fataleggs13: raises $1.20 to $2.20
Rdalonso: folds 
raduraducu31: folds 
BGS013: folds 
tintin641: folds 
Joker007r: folds 
Uncalled bet ($1.20) returned to fataleggs13
fataleggs13 collected $2.50 from pot
fataleggs13: doesn't show hand 
*** SUMMARY ***
Total pot $2.50 | Rake $0 
Seat 1: fataleggs13 collected ($2.50)
Seat 2: Rdalonso folded before Flop (didn't bet)
Seat 3: raduraducu31 folded before Flop (didn't bet)
Seat 4: BGS013 (button) folded before Flop (didn't bet)
Seat 5: tintin641 (small blind) folded before Flop
Seat 6: Joker007r (big blind) folded before Flop



PokerStars Hand #254415397241:  Hold'em No Limit ($0.50/$1.00 USD) - 2025/01/17 16:06:27 WET [2025/01/17 11:06:27 ET]
Table 'Garumna IV' 6-max Seat #5 is the button
Seat 1: fataleggs13 ($174.80 in chips) 
Seat 2: Rdalonso ($105.40 in chips) 
Seat 3: raduraducu31 ($61.08 in chips) 
Seat 4: BGS013 ($228.02 in chips) 
Seat 5: tintin641 ($105.02 in chips) 
Seat 6: Joker007r ($100 in chips) 
Joker007r: posts small blind $0.50
fataleggs13: posts big blind $1
*** HOLE CARDS ***
Rdalonso: folds 
raduraducu31: calls $1
BGS013: raises $3.50 to $4.50
tintin641: folds 
Joker007r: folds 
fataleggs13: folds 
raduraducu31: calls $3.50
*** FLOP *** [Jd Th Qd]
raduraducu31: checks 
BGS013: bets $2.59
raduraducu31: calls $2.59
*** TURN *** [Jd Th Qd] [5h]
raduraducu31: checks 
BGS013: checks 
*** RIVER *** [Jd Th Qd 5h] [Jh]
raduraducu31: bets $1
BGS013: raises $9.30 to $10.30
raduraducu31: calls $9.30
*** SHOW DOWN ***
BGS013: shows [Jc Kh] (three of a kind, Jacks)
raduraducu31: mucks hand 
BGS013 collected $34.47 from pot
*** SUMMARY ***
Total pot $36.28 | Rake $1.81 
Board [Jd Th Qd 5h Jh]
Seat 1: fataleggs13 (big blind) folded before Flop
Seat 2: Rdalonso folded before Flop (didn't bet)
Seat 3: raduraducu31 mucked
Seat 4: BGS013 showed [Jc Kh] and won ($34.47) with three of a kind, Jacks
Seat 5: tintin641 (button) folded before Flop (didn't bet)
Seat 6: Joker007r (small blind) folded before Flop



PokerStars Hand #254415407811:  Hold'em No Limit ($0.50/$1.00 USD) - 2025/01/17 16:07:14 WET [2025/01/17 11:07:14 ET]
Table 'Garumna IV' 6-max Seat #6 is the button
Seat 1: fataleggs13 ($173.80 in chips) 
Seat 2: Rdalonso ($105.40 in chips) 
Seat 3: raduraducu31 ($43.69 in chips) 
Seat 4: BGS013 ($245.10 in chips) 
Seat 5: tintin641 ($105.02 in chips) 
Seat 6: Joker007r ($100 in chips) 
fataleggs13: posts small blind $0.50
Rdalonso: posts big blind $1
*** HOLE CARDS ***
raduraducu31: folds 
BGS013: folds 
tintin641: raises $1.50 to $2.50
Joker007r: folds 
fataleggs13: raises $8.50 to $11
Rdalonso: folds 
tintin641: folds 
Uncalled bet ($8.50) returned to fataleggs13
fataleggs13 collected $6 from pot
fataleggs13: doesn't show hand 
*** SUMMARY ***
Total pot $6 | Rake $0 
Seat 1: fataleggs13 (small blind) collected ($6)
Seat 2: Rdalonso (big blind) folded before Flop
Seat 3: raduraducu31 folded before Flop (didn't bet)
Seat 4: BGS013 folded before Flop (didn't bet)
Seat 5: tintin641 folded before Flop
Seat 6: Joker007r (button) folded before Flop (didn't bet)



PokerStars Hand #254415414251:  Hold'em No Limit ($0.50/$1.00 USD) - 2025/01/17 16:07:42 WET [2025/01/17 11:07:42 ET]
Table 'Garumna IV' 6-max Seat #1 is the button
Seat 1: fataleggs13 ($177.30 in chips) 
Seat 2: Rdalonso ($104.40 in chips) 
Seat 3: raduraducu31 ($43.69 in chips) 
Seat 4: BGS013 ($245.10 in chips) 
Seat 5: tintin641 ($102.52 in chips) 
Seat 6: Joker007r ($100 in chips) 
Rdalonso: posts small blind $0.50
raduraducu31: posts big blind $1
*** HOLE CARDS ***
BGS013: folds 
tintin641: raises $1.50 to $2.50
Joker007r: folds 
fataleggs13: folds 
Rdalonso: folds 
raduraducu31: calls $1.50
*** FLOP *** [5d 7h Kh]
raduraducu31: checks 
tintin641: checks 
*** TURN *** [5d 7h Kh] [6c]
raduraducu31: checks 
tintin641: checks 
*** RIVER *** [5d 7h Kh 6c] [4c]
raduraducu31: bets $2.61
tintin641: folds 
Uncalled bet ($2.61) returned to raduraducu31
raduraducu31 collected $5.22 from pot
*** SUMMARY ***
Total pot $5.50 | Rake $0.28 
Board [5d 7h Kh 6c 4c]
Seat 1: fataleggs13 (button) folded before Flop (didn't bet)
Seat 2: Rdalonso (small blind) folded before Flop
Seat 3: raduraducu31 (big blind) collected ($5.22)
Seat 4: BGS013 folded before Flop (didn't bet)
Seat 5: tintin641 folded on the River
Seat 6: Joker007r folded before Flop (didn't bet)



PokerStars Hand #254415426333:  Hold'em No Limit ($0.50/$1.00 USD) - 2025/01/17 16:08:36 WET [2025/01/17 11:08:36 ET]
Table 'Garumna IV' 6-max Seat #2 is the button
Seat 1: fataleggs13 ($177.30 in chips) 
Seat 2: Rdalonso ($103.90 in chips) 
Seat 3: raduraducu31 ($46.41 in chips) 
Seat 4: BGS013 ($245.10 in chips) 
Seat 5: tintin641 ($100.02 in chips) 
Seat 6: Joker007r ($100 in chips) 
raduraducu31: posts small blind $0.50
BGS013: posts big blind $1
*** HOLE CARDS ***
tintin641: folds 
Joker007r has timed out
Joker007r: folds 
fataleggs13: folds 
Rdalonso: folds 
raduraducu31: calls $0.50
BGS013: raises $3.50 to $4.50
raduraducu31: folds 
Uncalled bet ($3.50) returned to BGS013
BGS013 collected $2 from pot
BGS013: doesn't show hand 
*** SUMMARY ***
Total pot $2 | Rake $0 
Seat 1: fataleggs13 folded before Flop (didn't bet)
Seat 2: Rdalonso (button) folded before Flop (didn't bet)
Seat 3: raduraducu31 (small blind) folded before Flop
Seat 4: BGS013 (big blind) collected ($2)
Seat 5: tintin641 folded before Flop (didn't bet)
Seat 6: Joker007r folded before Flop (didn't bet)



PokerStars Hand #254415433818:  Hold'em No Limit ($0.50/$1.00 USD) - 2025/01/17 16:09:10 WET [2025/01/17 11:09:10 ET]
Table 'Garumna IV' 6-max Seat #3 is the button
Seat 6: Joker007r ($100 in chips) is sitting out
Seat 1: fataleggs13 ($177.30 in chips) 
Seat 2: Rdalonso ($103.90 in chips) 
Seat 3: raduraducu31 ($45.41 in chips) 
Seat 4: BGS013 ($246.10 in chips) 
Seat 5: tintin641 ($100.02 in chips) 
BGS013: posts small blind $0.50
tintin641: posts big blind $1
*** HOLE CARDS ***
fataleggs13: raises $1.20 to $2.20
Rdalonso: folds 
raduraducu31: folds 
BGS013: raises $8.80 to $11
tintin641: folds 
fataleggs13: calls $8.80
*** FLOP *** [Ah 2s 8s]
BGS013: checks 
fataleggs13: checks 
*** TURN *** [Ah 2s 8s] [Th]
BGS013: bets $7
fataleggs13: folds 
Uncalled bet ($7) returned to BGS013
BGS013 collected $21.85 from pot
BGS013: doesn't show hand 
*** SUMMARY ***
Total pot $23 | Rake $1.15 
Board [Ah 2s 8s Th]
Seat 6: Joker007r
Seat 1: fataleggs13 folded on the Turn
Seat 2: Rdalonso folded before Flop (didn't bet)
Seat 3: raduraducu31 (button) folded before Flop (didn't bet)
Seat 4: BGS013 (small blind) collected ($21.85)
Seat 5: tintin641 (big blind) folded before Flop



PokerStars Hand #254415449994:  Hold'em No Limit ($0.50/$1.00 USD) - 2025/01/17 16:10:22 WET [2025/01/17 11:10:22 ET]
Table 'Garumna IV' 6-max Seat #4 is the button
Seat 1: fataleggs13 ($166.30 in chips) 
Seat 2: Rdalonso ($103.90 in chips) 
Seat 3: raduraducu31 ($45.41 in chips) 
Seat 4: BGS013 ($256.95 in chips) 
Seat 5: tintin641 ($100 in chips) 
Seat 6: Joker007r ($100 in chips) 
tintin641: posts small blind $0.50
Joker007r: posts big blind $1
*** HOLE CARDS ***
fataleggs13: folds 
Rdalonso: folds 
raduraducu31: folds 
BGS013: raises $1.50 to $2.50
tintin641: raises $8.50 to $11
Joker007r: raises $12 to $23
BGS013: raises $233.95 to $256.95 and is all-in
tintin641: folds 
Joker007r: calls $77 and is all-in
Uncalled bet ($156.95) returned to BGS013
*** FLOP *** [Kd Ac Jd]
*** TURN *** [Kd Ac Jd] [2h]
*** RIVER *** [Kd Ac Jd 2h] [Kh]
*** SHOW DOWN ***
Joker007r: shows [Qh Qd] (two pair, Kings and Queens)
BGS013: shows [Ks Ad] (a full house, Kings full of Aces)
BGS013 collected $208.50 from pot
*** SUMMARY ***
Total pot $211 | Rake $2.50 
Board [Kd Ac Jd 2h Kh]
Seat 1: fataleggs13 folded before Flop (didn't bet)
Seat 2: Rdalonso folded before Flop (didn't bet)
Seat 3: raduraducu31 folded before Flop (didn't bet)
Seat 4: BGS013 (button) showed [Ks Ad] and won ($208.50) with a full house, Kings full of Aces
Seat 5: tintin641 (small blind) folded before Flop
Seat 6: Joker007r (big blind) showed [Qh Qd] and lost with two pair, Kings and Queens



PokerStars Hand #254415460739:  Hold'em No Limit ($0.50/$1.00 USD) - 2025/01/17 16:11:10 WET [2025/01/17 11:11:10 ET]
Table 'Garumna IV' 6-max Seat #5 is the button
Seat 1: fataleggs13 ($166.30 in chips) 
Seat 2: Rdalonso ($103.90 in chips) 
Seat 3: raduraducu31 ($45.41 in chips) 
Seat 4: BGS013 ($365.45 in chips) 
Seat 5: tintin641 ($100 in chips) 
Seat 6: Joker007r ($100 in chips) 
Joker007r: posts small blind $0.50
fataleggs13: posts big blind $1
*** HOLE CARDS ***
Rdalonso: folds 
raduraducu31: folds 
BGS013: raises $1.50 to $2.50
tintin641: raises $5 to $7.50
Joker007r: folds 
fataleggs13: folds 
BGS013: folds 
Uncalled bet ($5) returned to tintin641
tintin641 collected $6.50 from pot
tintin641: doesn't show hand 
*** SUMMARY ***
Total pot $6.50 | Rake $0 
Seat 1: fataleggs13 (big blind) folded before Flop
Seat 2: Rdalonso folded before Flop (didn't bet)
Seat 3: raduraducu31 folded before Flop (didn't bet)
Seat 4: BGS013 folded before Flop
Seat 5: tintin641 (button) collected ($6.50)
Seat 6: Joker007r (small blind) folded before Flop



PokerStars Hand #254415465773:  Hold'em No Limit ($0.50/$1.00 USD) - 2025/01/17 16:11:33 WET [2025/01/17 11:11:33 ET]
Table 'Garumna IV' 6-max Seat #6 is the button
Seat 1: fataleggs13 ($165.30 in chips) 
Seat 2: Rdalonso ($103.90 in chips) 
Seat 3: raduraducu31 ($45.41 in chips) 
Seat 4: BGS013 ($362.95 in chips) 
Seat 5: tintin641 ($104 in chips) 
Seat 6: Joker007r ($100 in chips) 
fataleggs13: posts small blind $0.50
Rdalonso: posts big blind $1
*** HOLE CARDS ***
raduraducu31: folds 
BGS013: folds 
tintin641: folds 
Joker007r: raises $1.50 to $2.50
fataleggs13: raises $9 to $11.50
Rdalonso: folds 
Joker007r: folds 
Uncalled bet ($9) returned to fataleggs13
fataleggs13 collected $6 from pot
fataleggs13: doesn't show hand 
*** SUMMARY ***
Total pot $6 | Rake $0 
Seat 1: fataleggs13 (small blind) collected ($6)
Seat 2: Rdalonso (big blind) folded before Flop
Seat 3: raduraducu31 folded before Flop (didn't bet)
Seat 4: BGS013 folded before Flop (didn't bet)
Seat 5: tintin641 folded before Flop (didn't bet)
Seat 6: Joker007r (button) folded before Flop



PokerStars Hand #254415471572:  Hold'em No Limit ($0.50/$1.00 USD) - 2025/01/17 16:11:59 WET [2025/01/17 11:11:59 ET]
Table 'Garumna IV' 6-max Seat #1 is the button
Seat 1: fataleggs13 ($168.80 in chips) 
Seat 2: Rdalonso ($102.90 in chips) 
Seat 3: raduraducu31 ($45.41 in chips) 
Seat 4: BGS013 ($362.95 in chips) 
Seat 5: tintin641 ($104 in chips) 
Seat 6: Joker007r ($100 in chips) 
Rdalonso: posts small blind $0.50
raduraducu31: posts big blind $1
*** HOLE CARDS ***
BGS013: folds 
tintin641: folds 
Joker007r: raises $1.50 to $2.50
fataleggs13: folds 
Rdalonso: folds 
raduraducu31: folds 
Uncalled bet ($1.50) returned to Joker007r
Joker007r collected $2.50 from pot
Joker007r: doesn't show hand 
*** SUMMARY ***
Total pot $2.50 | Rake $0 
Seat 1: fataleggs13 (button) folded before Flop (didn't bet)
Seat 2: Rdalonso (small blind) folded before Flop
Seat 3: raduraducu31 (big blind) folded before Flop
Seat 4: BGS013 folded before Flop (didn't bet)
Seat 5: tintin641 folded before Flop (didn't bet)
Seat 6: Joker007r collected ($2.50)



PokerStars Hand #254415476109:  Hold'em No Limit ($0.50/$1.00 USD) - 2025/01/17 16:12:19 WET [2025/01/17 11:12:19 ET]
Table 'Garumna IV' 6-max Seat #2 is the button
Seat 1: fataleggs13 ($168.80 in chips) 
Seat 2: Rdalonso ($102.40 in chips) 
Seat 3: raduraducu31 ($44.41 in chips) 
Seat 4: BGS013 ($362.95 in chips) 
Seat 5: tintin641 ($104 in chips) 
Seat 6: Joker007r ($101.50 in chips) 
raduraducu31: posts small blind $0.50
BGS013: posts big blind $1
*** HOLE CARDS ***
tintin641: folds 
Joker007r has timed out
Joker007r: folds 
Joker007r is disconnected 
fataleggs13: folds 
Rdalonso: folds 
raduraducu31: calls $0.50
BGS013: raises $3.50 to $4.50
raduraducu31: folds 
Uncalled bet ($3.50) returned to BGS013
BGS013 collected $2 from pot
BGS013: doesn't show hand 
*** SUMMARY ***
Total pot $2 | Rake $0 
Seat 1: fataleggs13 folded before Flop (didn't bet)
Seat 2: Rdalonso (button) folded before Flop (didn't bet)
Seat 3: raduraducu31 (small blind) folded before Flop
Seat 4: BGS013 (big blind) collected ($2)
Seat 5: tintin641 folded before Flop (didn't bet)
Seat 6: Joker007r folded before Flop (didn't bet)



PokerStars Hand #254415493801:  Hold'em No Limit ($0.50/$1.00 USD) - 2025/01/17 16:13:37 WET [2025/01/17 11:13:37 ET]
Table 'Garumna IV' 6-max Seat #4 is the button
Seat 6: Joker007r ($101.50 in chips) is sitting out
Seat 1: fataleggs13 ($168.80 in chips) 
Seat 2: Rdalonso ($114.26 in chips) 
Seat 3: raduraducu31 ($31.82 in chips) 
Seat 4: BGS013 ($363.45 in chips) 
Seat 5: tintin641 ($103 in chips) 
tintin641: posts small blind $0.50
fataleggs13: posts big blind $1
*** HOLE CARDS ***
Rdalonso: folds 
raduraducu31: calls $1
BGS013: folds 
tintin641: calls $0.50
fataleggs13: checks 
*** FLOP *** [2h 8h Qs]
tintin641: checks 
fataleggs13: checks 
raduraducu31: checks 
*** TURN *** [2h 8h Qs] [3c]
tintin641: checks 
fataleggs13: checks 
raduraducu31: checks 
*** RIVER *** [2h 8h Qs 3c] [Ks]
tintin641: bets $2.14
fataleggs13: calls $2.14
raduraducu31: folds 
*** SHOW DOWN ***
tintin641: shows [9c 7d] (high card King)
fataleggs13: shows [Kh 4s] (a pair of Kings)
fataleggs13 collected $6.92 from pot
*** SUMMARY ***
Total pot $7.28 | Rake $0.36 
Board [2h 8h Qs 3c Ks]
Seat 6: Joker007r
Seat 1: fataleggs13 (big blind) showed [Kh 4s] and won ($6.92) with a pair of Kings
Seat 2: Rdalonso folded before Flop (didn't bet)
Seat 3: raduraducu31 folded on the River
Seat 4: BGS013 (button) folded before Flop (didn't bet)
Seat 5: tintin641 (small blind) showed [9c 7d] and lost with high card King



PokerStars Hand #254415506721:  Hold'em No Limit ($0.50/$1.00 USD) - 2025/01/17 16:14:34 WET [2025/01/17 11:14:34 ET]
Table 'Garumna IV' 6-max Seat #5 is the button
Seat 6: Joker007r ($101.50 in chips) is sitting out
Seat 1: fataleggs13 ($172.58 in chips) 
Seat 2: Rdalonso ($114.26 in chips) 
Seat 3: raduraducu31 ($30.82 in chips) 
Seat 4: BGS013 ($363.45 in chips) 
Seat 5: tintin641 ($100 in chips) 
fataleggs13: posts small blind $0.50
Rdalonso: posts big blind $1
*** HOLE CARDS ***
raduraducu31: calls $1
BGS013: folds 
tintin641: folds 
fataleggs13: folds 
Rdalonso: raises $4 to $5
raduraducu31: calls $4
*** FLOP *** [Ah Jd 3d]
Rdalonso: bets $3.29
raduraducu31: raises $3.29 to $6.58
Rdalonso: calls $3.29
*** TURN *** [Ah Jd 3d] [6d]
Rdalonso: checks 
raduraducu31: bets $19.24 and is all-in
Rdalonso: calls $19.24
*** RIVER *** [Ah Jd 3d 6d] [Ks]
*** SHOW DOWN ***
Rdalonso: shows [Ts Ac] (a pair of Aces)
raduraducu31: shows [As 3h] (two pair, Aces and Threes)
raduraducu31 collected $59.64 from pot
*** SUMMARY ***
Total pot $62.14 | Rake $2.50 
Board [Ah Jd 3d 6d Ks]
Seat 6: Joker007r
Seat 1: fataleggs13 (small blind) folded before Flop
Seat 2: Rdalonso (big blind) showed [Ts Ac] and lost with a pair of Aces
Seat 3: raduraducu31 showed [As 3h] and won ($59.64) with two pair, Aces and Threes
Seat 4: BGS013 folded before Flop (didn't bet)
Seat 5: tintin641 (button) folded before Flop (didn't bet)



PokerStars Hand #254415519718:  Hold'em No Limit ($0.50/$1.00 USD) - 2025/01/17 16:15:30 WET [2025/01/17 11:15:30 ET]
Table 'Garumna IV' 6-max Seat #1 is the button
Seat 6: Joker007r ($101.50 in chips) is sitting out
Seat 1: fataleggs13 ($172.08 in chips) 
Seat 2: Rdalonso ($100 in chips) 
Seat 3: raduraducu31 ($59.64 in chips) 
Seat 4: BGS013 ($363.45 in chips) 
Seat 5: tintin641 ($100 in chips) 
Rdalonso: posts small blind $0.50
raduraducu31: posts big blind $1
*** HOLE CARDS ***
BGS013: folds 
tintin641: folds 
fataleggs13: raises $1.50 to $2.50
Rdalonso: folds 
raduraducu31: calls $1.50
*** FLOP *** [5s 6h Jh]
raduraducu31: checks 
fataleggs13: bets $1.83
raduraducu31: folds 
Uncalled bet ($1.83) returned to fataleggs13
fataleggs13 collected $5.22 from pot
fataleggs13: doesn't show hand 
*** SUMMARY ***
Total pot $5.50 | Rake $0.28 
Board [5s 6h Jh]
Seat 6: Joker007r
Seat 1: fataleggs13 (button) collected ($5.22)
Seat 2: Rdalonso (small blind) folded before Flop
Seat 3: raduraducu31 (big blind) folded on the Flop
Seat 4: BGS013 folded before Flop (didn't bet)
Seat 5: tintin641 folded before Flop (didn't bet)



PokerStars Hand #254415524342:  Hold'em No Limit ($0.50/$1.00 USD) - 2025/01/17 16:15:50 WET [2025/01/17 11:15:50 ET]
Table 'Garumna IV' 6-max Seat #2 is the button
Seat 6: Joker007r ($101.50 in chips) is sitting out
Seat 1: fataleggs13 ($174.80 in chips) 
Seat 2: Rdalonso ($100 in chips) 
Seat 3: raduraducu31 ($57.14 in chips) 
Seat 4: BGS013 ($363.45 in chips) 
Seat 5: tintin641 ($100 in chips) 
raduraducu31: posts small blind $0.50
BGS013: posts big blind $1
*** HOLE CARDS ***
tintin641: folds 
fataleggs13: folds 
Rdalonso: raises $1.50 to $2.50
raduraducu31: calls $2
BGS013: folds 
*** FLOP *** [8d Th 2d]
raduraducu31: checks 
Rdalonso: bets $1.88
raduraducu31: folds 
Uncalled bet ($1.88) returned to Rdalonso
Rdalonso collected $5.70 from pot
Rdalonso: doesn't show hand 
*** SUMMARY ***
Total pot $6 | Rake $0.30 
Board [8d Th 2d]
Seat 6: Joker007r
Seat 1: fataleggs13 folded before Flop (didn't bet)
Seat 2: Rdalonso (button) collected ($5.70)
Seat 3: raduraducu31 (small blind) folded on the Flop
Seat 4: BGS013 (big blind) folded before Flop
Seat 5: tintin641 folded before Flop (didn't bet)



PokerStars Hand #254415529818:  Hold'em No Limit ($0.50/$1.00 USD) - 2025/01/17 16:16:15 WET [2025/01/17 11:16:15 ET]
Table 'Garumna IV' 6-max Seat #3 is the button
Seat 6: Joker007r ($101.50 in chips) is sitting out
Seat 1: fataleggs13 ($174.80 in chips) 
Seat 2: Rdalonso ($103.20 in chips) 
Seat 3: raduraducu31 ($54.64 in chips) 
Seat 4: BGS013 ($362.45 in chips) 
Seat 5: tintin641 ($100 in chips) 
BGS013: posts small blind $0.50
tintin641: posts big blind $1
*** HOLE CARDS ***
fataleggs13: folds 
Rdalonso: folds 
raduraducu31: folds 
BGS013: folds 
Uncalled bet ($0.50) returned to tintin641
tintin641 collected $1 from pot
tintin641: doesn't show hand 
*** SUMMARY ***
Total pot $1 | Rake $0 
Seat 6: Joker007r
Seat 1: fataleggs13 folded before Flop (didn't bet)
Seat 2: Rdalonso folded before Flop (didn't bet)
Seat 3: raduraducu31 (button) folded before Flop (didn't bet)
Seat 4: BGS013 (small blind) folded before Flop
Seat 5: tintin641 (big blind) collected ($1)



PokerStars Hand #254415531995:  Hold'em No Limit ($0.50/$1.00 USD) - 2025/01/17 16:16:25 WET [2025/01/17 11:16:25 ET]
Table 'Garumna IV' 6-max Seat #4 is the button
Seat 6: Joker007r ($101.50 in chips) is sitting out
Seat 1: fataleggs13 ($174.80 in chips) 
Seat 2: Rdalonso ($103.20 in chips) 
Seat 3: raduraducu31 ($54.64 in chips) 
Seat 4: BGS013 ($361.95 in chips) 
Seat 5: tintin641 ($100.50 in chips) 
tintin641: posts small blind $0.50
fataleggs13: posts big blind $1
*** HOLE CARDS ***
Rdalonso: folds 
raduraducu31: raises $1 to $2
BGS013: calls $2
tintin641: folds 
fataleggs13: calls $1
*** FLOP *** [6c Th 4d]
fataleggs13: checks 
raduraducu31: bets $4
BGS013: folds 
fataleggs13: folds 
Uncalled bet ($4) returned to raduraducu31
raduraducu31 collected $6.18 from pot
*** SUMMARY ***
Total pot $6.50 | Rake $0.32 
Board [6c Th 4d]
Seat 6: Joker007r
Seat 1: fataleggs13 (big blind) folded on the Flop
Seat 2: Rdalonso folded before Flop (didn't bet)
Seat 3: raduraducu31 collected ($6.18)
Seat 4: BGS013 (button) folded on the Flop
Seat 5: tintin641 (small blind) folded before Flop



PokerStars Hand #254415540977:  Hold'em No Limit ($0.50/$1.00 USD) - 2025/01/17 16:17:04 WET [2025/01/17 11:17:04 ET]
Table 'Garumna IV' 6-max Seat #5 is the button
Seat 6: Joker007r ($101.50 in chips) is sitting out
Seat 1: fataleggs13 ($172.80 in chips) 
Seat 2: Rdalonso ($103.20 in chips) 
Seat 3: raduraducu31 ($58.82 in chips) 
Seat 4: BGS013 ($359.95 in chips) 
Seat 5: tintin641 ($100 in chips) 
fataleggs13: posts small blind $0.50
Rdalonso: posts big blind $1
*** HOLE CARDS ***
raduraducu31: folds 
BGS013: folds 
tintin641: folds 
fataleggs13: raises $2 to $3
Rdalonso: calls $2
*** FLOP *** [4s Kc 7c]
fataleggs13: checks 
Rdalonso: checks 
*** TURN *** [4s Kc 7c] [6d]
fataleggs13: checks 
Rdalonso: checks 
*** RIVER *** [4s Kc 7c 6d] [Jh]
fataleggs13: checks 
Rdalonso: checks 
*** SHOW DOWN ***
fataleggs13: shows [Tc Ad] (high card Ace)
Rdalonso: mucks hand 
fataleggs13 collected $5.70 from pot
*** SUMMARY ***
Total pot $6 | Rake $0.30 
Board [4s Kc 7c 6d Jh]
Seat 6: Joker007r
Seat 1: fataleggs13 (small blind) showed [Tc Ad] and won ($5.70) with high card Ace
Seat 2: Rdalonso (big blind) mucked
Seat 3: raduraducu31 folded before Flop (didn't bet)
Seat 4: BGS013 folded before Flop (didn't bet)
Seat 5: tintin641 (button) folded before Flop (didn't bet)



PokerStars Hand #254415549327:  Hold'em No Limit ($0.50/$1.00 USD) - 2025/01/17 16:17:41 WET [2025/01/17 11:17:41 ET]
Table 'Garumna IV' 6-max Seat #1 is the button
Seat 6: Joker007r ($101.50 in chips) is sitting out
Seat 1: fataleggs13 ($175.50 in chips) 
Seat 2: Rdalonso ($100.20 in chips) 
Seat 3: raduraducu31 ($58.82 in chips) 
Seat 4: BGS013 ($359.95 in chips) 
Seat 5: tintin641 ($100 in chips) 
Rdalonso: posts small blind $0.50
raduraducu31: posts big blind $1
Joker007r: sits out 
*** HOLE CARDS ***
BGS013: raises $1 to $2
tintin641: folds 
fataleggs13: folds 
Rdalonso: folds 
raduraducu31: calls $1
*** FLOP *** [3c 2s 6h]
raduraducu31: checks 
BGS013: bets $1.11
raduraducu31: folds 
Uncalled bet ($1.11) returned to BGS013
BGS013 collected $4.28 from pot
BGS013: doesn't show hand 
*** SUMMARY ***
Total pot $4.50 | Rake $0.22 
Board [3c 2s 6h]
Seat 6: Joker007r
Seat 1: fataleggs13 (button) folded before Flop (didn't bet)
Seat 2: Rdalonso (small blind) folded before Flop
Seat 3: raduraducu31 (big blind) folded on the Flop
Seat 4: BGS013 collected ($4.28)
Seat 5: tintin641 folded before Flop (didn't bet)



PokerStars Hand #254415554996:  Hold'em No Limit ($0.50/$1.00 USD) - 2025/01/17 16:18:06 WET [2025/01/17 11:18:06 ET]
Table 'Garumna IV' 6-max Seat #2 is the button
Seat 6: Joker007r ($101.50 in chips) is sitting out
Seat 1: fataleggs13 ($175.50 in chips) 
Seat 2: Rdalonso ($100 in chips) 
Seat 3: raduraducu31 ($56.82 in chips) 
Seat 4: BGS013 ($362.23 in chips) 
Seat 5: tintin641 ($100 in chips) 
raduraducu31: posts small blind $0.50
BGS013: posts big blind $1
Joker007r: sits out 
*** HOLE CARDS ***
tintin641: folds 
fataleggs13: folds 
Rdalonso: folds 
raduraducu31: folds 
Uncalled bet ($0.50) returned to BGS013
BGS013 collected $1 from pot
BGS013: doesn't show hand 
*** SUMMARY ***
Total pot $1 | Rake $0 
Seat 6: Joker007r
Seat 1: fataleggs13 folded before Flop (didn't bet)
Seat 2: Rdalonso (button) folded before Flop (didn't bet)
Seat 3: raduraducu31 (small blind) folded before Flop
Seat 4: BGS013 (big blind) collected ($1)
Seat 5: tintin641 folded before Flop (didn't bet)



PokerStars Hand #254415557828:  Hold'em No Limit ($0.50/$1.00 USD) - 2025/01/17 16:18:18 WET [2025/01/17 11:18:18 ET]
Table 'Garumna IV' 6-max Seat #3 is the button
Seat 6: Joker007r ($101.50 in chips) is sitting out
Seat 1: fataleggs13 ($175.50 in chips) 
Seat 2: Rdalonso ($100 in chips) 
Seat 3: raduraducu31 ($56.32 in chips) 
Seat 4: BGS013 ($362.73 in chips) 
Seat 5: tintin641 ($100 in chips) 
BGS013: posts small blind $0.50
tintin641: posts big blind $1
Joker007r: sits out 
*** HOLE CARDS ***
fataleggs13: folds 
Rdalonso: raises $1.50 to $2.50
raduraducu31: folds 
raduraducu31 leaves the table
BGS013: folds 
tintin641: folds 
Uncalled bet ($1.50) returned to Rdalonso
Rdalonso collected $2.50 from pot
Rdalonso: doesn't show hand 
*** SUMMARY ***
Total pot $2.50 | Rake $0 
Seat 6: Joker007r
Seat 1: fataleggs13 folded before Flop (didn't bet)
Seat 2: Rdalonso collected ($2.50)
Seat 3: raduraducu31 (button) folded before Flop (didn't bet)
Seat 4: BGS013 (small blind) folded before Flop
Seat 5: tintin641 (big blind) folded before Flop



PokerStars Hand #254415561636:  Hold'em No Limit ($0.50/$1.00 USD) - 2025/01/17 16:18:35 WET [2025/01/17 11:18:35 ET]
Table 'Garumna IV' 6-max Seat #4 is the button
Seat 1: fataleggs13 ($175.50 in chips) 
Seat 2: Rdalonso ($101.50 in chips) 
Seat 4: BGS013 ($362.23 in chips) 
Seat 5: tintin641 ($100 in chips) 
Seat 6: Joker007r ($101.50 in chips) 
tintin641: posts small blind $0.50
Joker007r: posts big blind $1
*** HOLE CARDS ***
fataleggs13: raises $1 to $2
Rdalonso: folds 
BGS013: raises $5 to $7
tintin641: folds 
Joker007r: folds 
fataleggs13: folds 
Uncalled bet ($5) returned to BGS013
BGS013 collected $5.50 from pot
BGS013: doesn't show hand 
*** SUMMARY ***
Total pot $5.50 | Rake $0 
Seat 1: fataleggs13 folded before Flop
Seat 2: Rdalonso folded before Flop (didn't bet)
Seat 4: BGS013 (button) collected ($5.50)
Seat 5: tintin641 (small blind) folded before Flop
Seat 6: Joker007r (big blind) folded before Flop



PokerStars Hand #254415571628:  Hold'em No Limit ($0.50/$1.00 USD) - 2025/01/17 16:19:18 WET [2025/01/17 11:19:18 ET]
Table 'Garumna IV' 6-max Seat #6 is the button
Seat 3: YeeesMan ($100 in chips) is sitting out
Seat 4: nastja336 ($100 in chips) 
Seat 6: Joker007r ($100.50 in chips) 
Joker007r: posts small blind $0.50
nastja336: posts big blind $1
*** HOLE CARDS ***
ptolejmus joins the table at seat #2 
Joker007r: raises $1.50 to $2.50
nastja336: raises $9.50 to $12
Joker007r: folds 
Uncalled bet ($9.50) returned to nastja336
nastja336 collected $5 from pot
nastja336: doesn't show hand 
*** SUMMARY ***
Total pot $5 | Rake $0 
Seat 3: YeeesMan
Seat 4: nastja336 (big blind) collected ($5)
Seat 6: Joker007r (button) (small blind) folded before Flop



PokerStars Hand #254415574459:  Hold'em No Limit ($0.50/$1.00 USD) - 2025/01/17 16:19:31 WET [2025/01/17 11:19:31 ET]
Table 'Garumna IV' 6-max Seat #4 is the button
Seat 3: YeeesMan ($100 in chips) is sitting out
Seat 2: ptolejmus ($10 in chips) 
Seat 4: nastja336 ($102.50 in chips) 
Seat 6: Joker007r ($100 in chips) 
Joker007r: posts small blind $0.50
ptolejmus: posts big blind $1
*** HOLE CARDS ***
nastja336: folds 
Joker007r: folds 
Uncalled bet ($0.50) returned to ptolejmus
ptolejmus collected $1 from pot
*** SUMMARY ***
Total pot $1 | Rake $0 
Seat 3: YeeesMan
Seat 2: ptolejmus (big blind) collected ($1)
Seat 4: nastja336 (button) folded before Flop (didn't bet)
Seat 6: Joker007r (small blind) folded before Flop



PokerStars Hand #254415575963:  Hold'em No Limit ($0.50/$1.00 USD) - 2025/01/17 16:19:37 WET [2025/01/17 11:19:37 ET]
Table 'Garumna IV' 6-max Seat #6 is the button
Seat 3: YeeesMan ($100 in chips) is sitting out
Seat 2: ptolejmus ($10.50 in chips) 
Seat 4: nastja336 ($102.50 in chips) 
Seat 6: Joker007r ($100 in chips) 
ptolejmus: posts small blind $0.50
nastja336: posts big blind $1
*** HOLE CARDS ***
Joker007r: raises $1.50 to $2.50
YeeesMan leaves the table
ptolejmus: raises $8 to $10.50 and is all-in
nastja336: folds 
Joker007r: calls $8
*** FIRST FLOP *** [4c 3c Kh]
*** FIRST TURN *** [4c 3c Kh] [3s]
*** FIRST RIVER *** [4c 3c Kh 3s] [2s]
*** SECOND FLOP *** [6h Qc 8c]
*** SECOND TURN *** [6h Qc 8c] [5c]
*** SECOND RIVER *** [6h Qc 8c 5c] [Jh]
*** FIRST SHOW DOWN ***
ptolejmus: shows [Ts Qs] (a pair of Threes)
Joker007r: shows [Ac Jd] (a pair of Threes - Ace kicker)
Joker007r collected $10.50 from pot
*** SECOND SHOW DOWN ***
ptolejmus: shows [Ts Qs] (a pair of Queens)
Joker007r: shows [Ac Jd] (a pair of Jacks)
ptolejmus collected $10.50 from pot
*** SUMMARY ***
Total pot $22 | Rake $1 
Hand was run twice
FIRST Board [4c 3c Kh 3s 2s]
SECOND Board [6h Qc 8c 5c Jh]
Seat 3: YeeesMan
Seat 2: ptolejmus (small blind) showed [Ts Qs] and lost with a pair of Threes, and won ($10.50) with a pair of Queens
Seat 4: nastja336 (big blind) folded before Flop
Seat 6: Joker007r (button) showed [Ac Jd] and won ($10.50) with a pair of Threes, and lost with a pair of Jacks



PokerStars Hand #254415582970:  Hold'em No Limit ($0.50/$1.00 USD) - 2025/01/17 16:20:08 WET [2025/01/17 11:20:08 ET]
Table 'Garumna IV' 6-max Seat #2 is the button
Seat 2: ptolejmus ($10.50 in chips) 
Seat 4: nastja336 ($101.50 in chips) 
Seat 6: Joker007r ($100 in chips) 
nastja336: posts small blind $0.50
Joker007r: posts big blind $1
*** HOLE CARDS ***
ptolejmus: folds 
nastja336: folds 
Uncalled bet ($0.50) returned to Joker007r
Joker007r collected $1 from pot
Joker007r: doesn't show hand 
*** SUMMARY ***
Total pot $1 | Rake $0 
Seat 2: ptolejmus (button) folded before Flop (didn't bet)
Seat 4: nastja336 (small blind) folded before Flop
Seat 6: Joker007r (big blind) collected ($1)



PokerStars Hand #254415643463:  Hold'em No Limit ($0.50/$1.00 USD) - 2025/01/17 16:24:31 WET [2025/01/17 11:24:31 ET]
Table 'Garumna IV' 6-max Seat #3 is the button
Seat 2: Supermegopro ($100 in chips) 
Seat 3: AlexPinsk1 ($100 in chips) 
Seat 5: crist_89870 ($100 in chips) 
Seat 6: Joker007r ($100.50 in chips) 
crist_89870: posts small blind $0.50
Joker007r: posts big blind $1
*** HOLE CARDS ***
Supermegopro: folds 
AlexPinsk1: raises $1.50 to $2.50
crist_89870: folds 
Joker007r: raises $8.50 to $11
Dearic99 joins the table at seat #1 
Zvst joins the table at seat #4 
AlexPinsk1: calls $8.50
*** FLOP *** [As 6d 4c]
Joker007r: bets $7.10
AlexPinsk1: calls $7.10
*** TURN *** [As 6d 4c] [Kc]
Joker007r: checks 
AlexPinsk1: checks 
*** RIVER *** [As 6d 4c Kc] [3h]
Joker007r: bets $11.78
AlexPinsk1: folds 
Uncalled bet ($11.78) returned to Joker007r
Joker007r collected $35.70 from pot
Joker007r: doesn't show hand 
*** SUMMARY ***
Total pot $36.70 | Rake $1 
Board [As 6d 4c Kc 3h]
Seat 2: Supermegopro folded before Flop (didn't bet)
Seat 3: AlexPinsk1 (button) folded on the River
Seat 5: crist_89870 (small blind) folded before Flop
Seat 6: Joker007r (big blind) collected ($35.70)



PokerStars Hand #254415666261:  Hold'em No Limit ($0.50/$1.00 USD) - 2025/01/17 16:26:11 WET [2025/01/17 11:26:11 ET]
Table 'Garumna IV' 6-max Seat #5 is the button
Seat 4: Zvst ($10 in chips) is sitting out
Seat 1: Dearic99 ($100 in chips) 
Seat 2: Supermegopro ($100 in chips) 
Seat 3: AlexPinsk1 ($100 in chips) 
Seat 5: crist_89870 ($100 in chips) 
Seat 6: Joker007r ($118.10 in chips) 
Joker007r: posts small blind $0.50
Dearic99: posts big blind $1
Zvst: sits out 
*** HOLE CARDS ***
Supermegopro: folds 
AlexPinsk1: folds 
crist_89870: raises $1.50 to $2.50
Joker007r: folds 
Dearic99: folds 
Uncalled bet ($1.50) returned to crist_89870
crist_89870 collected $2.50 from pot
crist_89870: doesn't show hand 
*** SUMMARY ***
Total pot $2.50 | Rake $0 
Seat 4: Zvst
Seat 1: Dearic99 (big blind) folded before Flop
Seat 2: Supermegopro folded before Flop (didn't bet)
Seat 3: AlexPinsk1 folded before Flop (didn't bet)
Seat 5: crist_89870 (button) collected ($2.50)
Seat 6: Joker007r (small blind) folded before Flop



PokerStars Hand #254415669342:  Hold'em No Limit ($0.50/$1.00 USD) - 2025/01/17 16:26:25 WET [2025/01/17 11:26:25 ET]
Table 'Garumna IV' 6-max Seat #6 is the button
Seat 4: Zvst ($10 in chips) is sitting out
Seat 1: Dearic99 ($100 in chips) 
Seat 2: Supermegopro ($100 in chips) 
Seat 3: AlexPinsk1 ($100 in chips) 
Seat 5: crist_89870 ($101.50 in chips) 
Seat 6: Joker007r ($117.60 in chips) 
Dearic99: posts small blind $0.50
Supermegopro: posts big blind $1
Zvst: sits out 
*** HOLE CARDS ***
AlexPinsk1: folds 
crist_89870: folds 
Joker007r: raises $1.50 to $2.50
Dearic99: folds 
Supermegopro: calls $1.50
*** FLOP *** [2s 5s Th]
Supermegopro: checks 
Joker007r: bets $1.72
Supermegopro: folds 
Uncalled bet ($1.72) returned to Joker007r
Joker007r collected $5.22 from pot
Joker007r: doesn't show hand 
*** SUMMARY ***
Total pot $5.50 | Rake $0.28 
Board [2s 5s Th]
Seat 4: Zvst
Seat 1: Dearic99 (small blind) folded before Flop
Seat 2: Supermegopro (big blind) folded on the Flop
Seat 3: AlexPinsk1 folded before Flop (didn't bet)
Seat 5: crist_89870 folded before Flop (didn't bet)
Seat 6: Joker007r (button) collected ($5.22)



PokerStars Hand #254415675158:  Hold'em No Limit ($0.50/$1.00 USD) - 2025/01/17 16:26:50 WET [2025/01/17 11:26:50 ET]
Table 'Garumna IV' 6-max Seat #1 is the button
Seat 3: AlexPinsk1 ($100 in chips) is sitting out
Seat 1: Dearic99 ($100 in chips) 
Seat 2: Supermegopro ($100 in chips) 
Seat 4: Zvst ($10 in chips) 
Seat 5: crist_89870 ($101.50 in chips) 
Seat 6: Joker007r ($120.32 in chips) 
Supermegopro: posts small blind $0.50
AlexPinsk1: is sitting out 
Zvst: posts big blind $1
*** HOLE CARDS ***
crist_89870: folds 
Joker007r: folds 
AlexPinsk1 leaves the table
Dearic99: raises $1.50 to $2.50
Supermegopro: folds 
Zvst: folds 
Uncalled bet ($1.50) returned to Dearic99
Dearic99 collected $2.50 from pot
Dearic99: doesn't show hand 
*** SUMMARY ***
Total pot $2.50 | Rake $0 
Seat 3: AlexPinsk1
Seat 1: Dearic99 (button) collected ($2.50)
Seat 2: Supermegopro (small blind) folded before Flop
Seat 4: Zvst (big blind) folded before Flop
Seat 5: crist_89870 folded before Flop (didn't bet)
Seat 6: Joker007r folded before Flop (didn't bet)



PokerStars Hand #254415679033:  Hold'em No Limit ($0.50/$1.00 USD) - 2025/01/17 16:27:07 WET [2025/01/17 11:27:07 ET]
Table 'Garumna IV' 6-max Seat #2 is the button
Seat 1: Dearic99 ($101.50 in chips) 
Seat 2: Supermegopro ($100 in chips) 
Seat 4: Zvst ($10 in chips) 
Seat 5: crist_89870 ($101.50 in chips) 
Seat 6: Joker007r ($120.32 in chips) 
Zvst: posts small blind $0.50
crist_89870: posts big blind $1
*** HOLE CARDS ***
Joker007r: folds 
Dearic99: folds 
Ysiven joins the table at seat #3 
Supermegopro: folds 
Zvst: folds 
Uncalled bet ($0.50) returned to crist_89870
crist_89870 collected $1 from pot
crist_89870: doesn't show hand 
*** SUMMARY ***
Total pot $1 | Rake $0 
Seat 1: Dearic99 folded before Flop (didn't bet)
Seat 2: Supermegopro (button) folded before Flop (didn't bet)
Seat 4: Zvst (small blind) folded before Flop
Seat 5: crist_89870 (big blind) collected ($1)
Seat 6: Joker007r folded before Flop (didn't bet)



PokerStars Hand #254415683002:  Hold'em No Limit ($0.50/$1.00 USD) - 2025/01/17 16:27:24 WET [2025/01/17 11:27:24 ET]
Table 'Garumna IV' 6-max Seat #4 is the button
Seat 3: Ysiven ($100 in chips) is sitting out
Seat 1: Dearic99 ($101.50 in chips) 
Seat 2: Supermegopro ($100 in chips) 
Seat 4: Zvst ($10 in chips) 
Seat 5: crist_89870 ($102 in chips) 
Seat 6: Joker007r ($120.32 in chips) 
crist_89870: posts small blind $0.50
Joker007r: posts big blind $1
Ysiven: sits out 
*** HOLE CARDS ***
Dearic99: folds 
Supermegopro: raises $1.50 to $2.50
Zvst: folds 
crist_89870: folds 
Joker007r: folds 
Uncalled bet ($1.50) returned to Supermegopro
Supermegopro collected $2.50 from pot
Supermegopro: doesn't show hand 
*** SUMMARY ***
Total pot $2.50 | Rake $0 
Seat 3: Ysiven
Seat 1: Dearic99 folded before Flop (didn't bet)
Seat 2: Supermegopro collected ($2.50)
Seat 4: Zvst (button) folded before Flop (didn't bet)
Seat 5: crist_89870 (small blind) folded before Flop
Seat 6: Joker007r (big blind) folded before Flop



PokerStars Hand #254415687618:  Hold'em No Limit ($0.50/$1.00 USD) - 2025/01/17 16:27:44 WET [2025/01/17 11:27:44 ET]
Table 'Garumna IV' 6-max Seat #5 is the button
Seat 3: Ysiven ($100 in chips) is sitting out
Seat 1: Dearic99 ($101.50 in chips) 
Seat 2: Supermegopro ($101.50 in chips) 
Seat 4: Zvst ($10 in chips) 
Seat 5: crist_89870 ($101.50 in chips) 
Seat 6: Joker007r ($119.32 in chips) 
Joker007r: posts small blind $0.50
Dearic99: posts big blind $1
Ysiven: sits out 
*** HOLE CARDS ***
Supermegopro: raises $1.50 to $2.50
Zvst: folds 
crist_89870: folds 
Joker007r: folds 
Dearic99: folds 
Uncalled bet ($1.50) returned to Supermegopro
Supermegopro collected $2.50 from pot
Supermegopro: doesn't show hand 
*** SUMMARY ***
Total pot $2.50 | Rake $0 
Seat 3: Ysiven
Seat 1: Dearic99 (big blind) folded before Flop
Seat 2: Supermegopro collected ($2.50)
Seat 4: Zvst folded before Flop (didn't bet)
Seat 5: crist_89870 (button) folded before Flop (didn't bet)
Seat 6: Joker007r (small blind) folded before Flop



PokerStars Hand #254415692118:  Hold'em No Limit ($0.50/$1.00 USD) - 2025/01/17 16:28:03 WET [2025/01/17 11:28:03 ET]
Table 'Garumna IV' 6-max Seat #6 is the button
Seat 3: Ysiven ($100 in chips) is sitting out
Seat 1: Dearic99 ($100.50 in chips) 
Seat 2: Supermegopro ($103 in chips) 
Seat 4: Zvst ($10 in chips) 
Seat 5: crist_89870 ($101.50 in chips) 
Seat 6: Joker007r ($118.82 in chips) 
Dearic99: posts small blind $0.50
Supermegopro: posts big blind $1
Ysiven: sits out 
*** HOLE CARDS ***
Zvst: folds 
crist_89870: folds 
Joker007r: folds 
Dearic99: raises $2 to $3
Supermegopro: folds 
Uncalled bet ($2) returned to Dearic99
Dearic99 collected $2 from pot
Dearic99: doesn't show hand 
*** SUMMARY ***
Total pot $2 | Rake $0 
Seat 3: Ysiven
Seat 1: Dearic99 (small blind) collected ($2)
Seat 2: Supermegopro (big blind) folded before Flop
Seat 4: Zvst folded before Flop (didn't bet)
Seat 5: crist_89870 folded before Flop (didn't bet)
Seat 6: Joker007r (button) folded before Flop (didn't bet)



PokerStars Hand #254415694998:  Hold'em No Limit ($0.50/$1.00 USD) - 2025/01/17 16:28:16 WET [2025/01/17 11:28:16 ET]
Table 'Garumna IV' 6-max Seat #1 is the button
Seat 1: Dearic99 ($101.50 in chips) 
Seat 2: Supermegopro ($102 in chips) 
Seat 3: Ysiven ($100 in chips) 
Seat 4: Zvst ($10 in chips) 
Seat 5: crist_89870 ($101.50 in chips) 
Seat 6: Joker007r ($118.82 in chips) 
Supermegopro: posts small blind $0.50
Ysiven: posts big blind $1
*** HOLE CARDS ***
Zvst: folds 
Zvst leaves the table
crist_89870: folds 
Joker007r: folds 
Dearic99: raises $1 to $2
Supermegopro: folds 
Ysiven: calls $1
*** FLOP *** [Ac 3h Ah]
Ysiven: checks 
Dearic99: bets $2.14
Ysiven: calls $2.14
*** TURN *** [Ac 3h Ah] [6s]
Ysiven: checks 
Dearic99: bets $6.26
Ysiven: folds 
Uncalled bet ($6.26) returned to Dearic99
Dearic99 collected $8.34 from pot
Dearic99: doesn't show hand 
*** SUMMARY ***
Total pot $8.78 | Rake $0.44 
Board [Ac 3h Ah 6s]
Seat 1: Dearic99 (button) collected ($8.34)
Seat 2: Supermegopro (small blind) folded before Flop
Seat 3: Ysiven (big blind) folded on the Turn
Seat 4: Zvst folded before Flop (didn't bet)
Seat 5: crist_89870 folded before Flop (didn't bet)
Seat 6: Joker007r folded before Flop (didn't bet)



PokerStars Hand #254415707341:  Hold'em No Limit ($0.50/$1.00 USD) - 2025/01/17 16:29:10 WET [2025/01/17 11:29:10 ET]
Table 'Garumna IV' 6-max Seat #2 is the button
Seat 1: Dearic99 ($105.70 in chips) 
Seat 2: Supermegopro ($101.50 in chips) 
Seat 3: Ysiven ($100 in chips) 
Seat 5: crist_89870 ($101.50 in chips) 
Seat 6: Joker007r ($118.82 in chips) 
Ysiven: posts small blind $0.50
crist_89870: posts big blind $1
*** HOLE CARDS ***
Joker007r: raises $2 to $3
Dearic99: folds 
Supermegopro: calls $3
Ysiven: folds 
crist_89870: raises $11.50 to $14.50
Joker007r: folds 
Supermegopro: folds 
Uncalled bet ($11.50) returned to crist_89870
crist_89870 collected $9.50 from pot
crist_89870: doesn't show hand 
*** SUMMARY ***
Total pot $9.50 | Rake $0 
Seat 1: Dearic99 folded before Flop (didn't bet)
Seat 2: Supermegopro (button) folded before Flop
Seat 3: Ysiven (small blind) folded before Flop
Seat 5: crist_89870 (big blind) collected ($9.50)
Seat 6: Joker007r folded before Flop



PokerStars Hand #254415712351:  Hold'em No Limit ($0.50/$1.00 USD) - 2025/01/17 16:29:32 WET [2025/01/17 11:29:32 ET]
Table 'Garumna IV' 6-max Seat #3 is the button
Seat 6: Joker007r ($115.82 in chips) is sitting out
Seat 1: Dearic99 ($105.70 in chips) 
Seat 2: Supermegopro ($100 in chips) 
Seat 3: Ysiven ($100 in chips) 
Seat 5: crist_89870 ($108 in chips) 
crist_89870: posts small blind $0.50
Joker007r: is sitting out 
Dearic99: posts big blind $1
*** HOLE CARDS ***
Supermegopro: folds 
Joker007r leaves the table
Supermegopro leaves the table
Ysiven: folds 
crist_89870: folds 
Uncalled bet ($0.50) returned to Dearic99
Dearic99 collected $1 from pot
Dearic99: doesn't show hand 
*** SUMMARY ***
Total pot $1 | Rake $0 
Seat 6: Joker007r
Seat 1: Dearic99 (big blind) collected ($1)
Seat 2: Supermegopro folded before Flop (didn't bet)
Seat 3: Ysiven (button) folded before Flop (didn't bet)
Seat 5: crist_89870 (small blind) folded before Flop



PokerStars Hand #254415715670:  Hold'em No Limit ($0.50/$1.00 USD) - 2025/01/17 16:29:47 WET [2025/01/17 11:29:47 ET]
Table 'Garumna IV' 6-max Seat #5 is the button
Seat 1: Dearic99 ($106.20 in chips) 
Seat 3: Ysiven ($100 in chips) 
Seat 5: crist_89870 ($107.50 in chips) 
Dearic99: posts small blind $0.50
Ysiven: posts big blind $1
*** HOLE CARDS ***
crist_89870: folds 
Dearic99: folds 
Uncalled bet ($0.50) returned to Ysiven
Ysiven collected $1 from pot
Ysiven: doesn't show hand 
*** SUMMARY ***
Total pot $1 | Rake $0 
Seat 1: Dearic99 (small blind) folded before Flop
Seat 3: Ysiven (big blind) collected ($1)
Seat 5: crist_89870 (button) folded before Flop (didn't bet)



PokerStars Hand #254415719913:  Hold'em No Limit ($0.50/$1.00 USD) - 2025/01/17 16:30:04 WET [2025/01/17 11:30:04 ET]
Table 'Garumna IV' 6-max Seat #1 is the button
Seat 1: Dearic99 ($105.70 in chips) 
Seat 3: Ysiven ($100.50 in chips) 
Seat 5: crist_89870 ($107.50 in chips) 
Ysiven: posts small blind $0.50
crist_89870: posts big blind $1
*** HOLE CARDS ***
Dearic99: raises $1 to $2
Ysiven: folds 
crist_89870: raises $8.50 to $10.50
Dearic99: raises $12.50 to $23
crist_89870: calls $12.50
*** FLOP *** [3c 4s 6h]
crist_89870: checks 
Dearic99: checks 
*** TURN *** [3c 4s 6h] [7d]
crist_89870: checks 
Dearic99: checks 
*** RIVER *** [3c 4s 6h 7d] [9s]
crist_89870: bets $22.75
Dearic99: folds 
Uncalled bet ($22.75) returned to crist_89870
crist_89870 collected $45.50 from pot
crist_89870: doesn't show hand 
*** SUMMARY ***
Total pot $46.50 | Rake $1 
Board [3c 4s 6h 7d 9s]
Seat 1: Dearic99 (button) folded on the River
Seat 3: Ysiven (small blind) folded before Flop
Seat 5: crist_89870 (big blind) collected ($45.50)



PokerStars Hand #254415737686:  Hold'em No Limit ($0.50/$1.00 USD) - 2025/01/17 16:31:21 WET [2025/01/17 11:31:21 ET]
Table 'Garumna IV' 6-max Seat #5 is the button
Seat 1: Dearic99 ($100 in chips) is sitting out
Seat 3: Ysiven ($100 in chips) 
Seat 5: crist_89870 ($130 in chips) 
crist_89870: posts small blind $0.50
Dearic99: is sitting out 
Ysiven: posts big blind $1
*** HOLE CARDS ***
crist_89870: raises $1.50 to $2.50
Dearic99 leaves the table
Ysiven: calls $1.50
*** FLOP *** [Ad Kh 5d]
Ysiven: checks 
crist_89870: bets $3.14
Ysiven: calls $3.14
*** TURN *** [Ad Kh 5d] [Tc]
Ysiven: checks 
crist_89870: checks 
*** RIVER *** [Ad Kh 5d Tc] [6c]
Ysiven: checks 
crist_89870: bets $12.86
Ysiven: folds 
Uncalled bet ($12.86) returned to crist_89870
crist_89870 collected $10.72 from pot
crist_89870: doesn't show hand 
*** SUMMARY ***
Total pot $11.28 | Rake $0.56 
Board [Ad Kh 5d Tc 6c]
Seat 1: Dearic99
Seat 3: Ysiven (big blind) folded on the River
Seat 5: crist_89870 (button) (small blind) collected ($10.72)



