PokerStars Hand #254413055682:  Hold'em No Limit ($0.50/$1.00 USD) - 2025/01/17 12:27:12 WET [2025/01/17 7:27:12 ET]
Table 'Pongola III' 6-max Seat #5 is the button
Seat 6: Supermegopro ($100 in chips) is sitting out
Seat 1: Nicedaymybro ($100 in chips) 
Seat 4: b2k-Snick ($100 in chips) 
Seat 5: GuigaMan ($100 in chips) 
Nicedaymybro: posts small blind $0.50
b2k-Snick: posts big blind $1
*** HOLE CARDS ***
GuigaMan: folds 
Kristo 914 joins the table at seat #3 
Nicedaymybro: folds 
Uncalled bet ($0.50) returned to b2k-Snick
b2k-Snick collected $1 from pot
b2k-Snick: doesn't show hand 
*** SUMMARY ***
Total pot $1 | Rake $0 
Seat 6: Supermegopro
Seat 1: Nicedaymybro (small blind) folded before Flop
Seat 4: b2k-Snick (big blind) collected ($1)
Seat 5: GuigaMan (button) folded before Flop (didn't bet)



PokerStars Hand #254413056852:  Hold'em No Limit ($0.50/$1.00 USD) - 2025/01/17 12:27:21 WET [2025/01/17 7:27:21 ET]
Table 'Pongola III' 6-max Seat #1 is the button
Seat 3: Kristo 914 ($100 in chips) is sitting out
Seat 5: GuigaMan ($100 in chips) is sitting out
Seat 1: Nicedaymybro ($100 in chips) 
Seat 4: b2k-Snick ($100.50 in chips) 
Seat 6: Supermegopro ($100 in chips) 
b2k-Snick: posts small blind $0.50
GuigaMan: is sitting out 
Supermegopro: posts big blind $1
*** HOLE CARDS ***
Nicedaymybro: folds 
b2k-Snick: raises $2 to $3
Supermegopro: calls $2
*** FLOP *** [Qh 8h 2c]
b2k-Snick: checks 
Supermegopro: checks 
*** TURN *** [Qh 8h 2c] [Th]
b2k-Snick: bets $3.64
Supermegopro: folds 
Uncalled bet ($3.64) returned to b2k-Snick
b2k-Snick collected $5.70 from pot
b2k-Snick: doesn't show hand 
*** SUMMARY ***
Total pot $6 | Rake $0.30 
Board [Qh 8h 2c Th]
Seat 3: Kristo 914
Seat 5: GuigaMan
Seat 1: Nicedaymybro (button) folded before Flop (didn't bet)
Seat 4: b2k-Snick (small blind) collected ($5.70)
Seat 6: Supermegopro (big blind) folded on the Turn



PokerStars Hand #254413062135:  Hold'em No Limit ($0.50/$1.00 USD) - 2025/01/17 12:27:58 WET [2025/01/17 7:27:58 ET]
Table 'Pongola III' 6-max Seat #4 is the button
Seat 3: Kristo 914 ($100 in chips) is sitting out
Seat 5: GuigaMan ($100 in chips) is sitting out
Seat 1: Nicedaymybro ($100 in chips) 
Seat 4: b2k-Snick ($103.20 in chips) 
Seat 6: Supermegopro ($100 in chips) 
Supermegopro: posts small blind $0.50
Nicedaymybro: posts big blind $1
Kristo 914: sits out 
*** HOLE CARDS ***
b2k-Snick: raises $1.50 to $2.50
Supermegopro: calls $2
Nicedaymybro: calls $1.50
*** FLOP *** [4c 4d Ac]
Supermegopro: checks 
Nicedaymybro: checks 
b2k-Snick: bets $2.35
Supermegopro: calls $2.35
Nicedaymybro: calls $2.35
*** TURN *** [4c 4d Ac] [Jh]
Supermegopro: checks 
Nicedaymybro: checks 
b2k-Snick: checks 
*** RIVER *** [4c 4d Ac Jh] [6c]
Supermegopro: checks 
Nicedaymybro: checks 
b2k-Snick: checks 
*** SHOW DOWN ***
Supermegopro: shows [7d 7c] (two pair, Sevens and Fours)
Nicedaymybro: shows [Th As] (two pair, Aces and Fours)
b2k-Snick: mucks hand 
Nicedaymybro collected $13.82 from pot
*** SUMMARY ***
Total pot $14.55 | Rake $0.73 
Board [4c 4d Ac Jh 6c]
Seat 3: Kristo 914
Seat 5: GuigaMan
Seat 1: Nicedaymybro (big blind) showed [Th As] and won ($13.82) with two pair, Aces and Fours
Seat 4: b2k-Snick (button) mucked
Seat 6: Supermegopro (small blind) showed [7d 7c] and lost with two pair, Sevens and Fours



PokerStars Hand #254413069162:  Hold'em No Limit ($0.50/$1.00 USD) - 2025/01/17 12:28:48 WET [2025/01/17 7:28:48 ET]
Table 'Pongola III' 6-max Seat #6 is the button
Seat 5: GuigaMan ($100 in chips) is sitting out
Seat 1: Nicedaymybro ($108.97 in chips) 
Seat 3: Kristo 914 ($100 in chips) 
Seat 4: b2k-Snick ($100 in chips) 
Seat 6: Supermegopro ($100 in chips) 
Nicedaymybro: posts small blind $0.50
Kristo 914: posts big blind $1
*** HOLE CARDS ***
b2k-Snick: folds 
b2k-Snick leaves the table
Supermegopro: folds 
Nicedaymybro: raises $2 to $3
Kristo 914: folds 
Uncalled bet ($2) returned to Nicedaymybro
Nicedaymybro collected $2 from pot
Nicedaymybro: doesn't show hand 
*** SUMMARY ***
Total pot $2 | Rake $0 
Seat 5: GuigaMan
Seat 1: Nicedaymybro (small blind) collected ($2)
Seat 3: Kristo 914 (big blind) folded before Flop
Seat 4: b2k-Snick folded before Flop (didn't bet)
Seat 6: Supermegopro (button) folded before Flop (didn't bet)



PokerStars Hand #254413071852:  Hold'em No Limit ($0.50/$1.00 USD) - 2025/01/17 12:29:07 WET [2025/01/17 7:29:07 ET]
Table 'Pongola III' 6-max Seat #1 is the button
Seat 5: GuigaMan ($100 in chips) is sitting out
Seat 1: Nicedaymybro ($109.97 in chips) 
Seat 3: Kristo 914 ($100 in chips) 
Seat 6: Supermegopro ($100 in chips) 
Kristo 914: posts small blind $0.50
GuigaMan: is sitting out 
Supermegopro: posts big blind $1
*** HOLE CARDS ***
Nicedaymybro: folds 
Kristo 914: folds 
Uncalled bet ($0.50) returned to Supermegopro
Supermegopro collected $1 from pot
Supermegopro: doesn't show hand 
*** SUMMARY ***
Total pot $1 | Rake $0 
Seat 5: GuigaMan
Seat 1: Nicedaymybro (button) folded before Flop (didn't bet)
Seat 3: Kristo 914 (small blind) folded before Flop
Seat 6: Supermegopro (big blind) collected ($1)



PokerStars Hand #254413073372:  Hold'em No Limit ($0.50/$1.00 USD) - 2025/01/17 12:29:17 WET [2025/01/17 7:29:17 ET]
Table 'Pongola III' 6-max Seat #3 is the button
Seat 5: GuigaMan ($100 in chips) is sitting out
Seat 1: Nicedaymybro ($109.97 in chips) 
Seat 3: Kristo 914 ($100 in chips) 
Seat 6: Supermegopro ($100.50 in chips) 
Supermegopro: posts small blind $0.50
Nicedaymybro: posts big blind $1
*** HOLE CARDS ***
Kristo 914: folds 
Kristo 914 leaves the table
Supermegopro: raises $2 to $3
Nicedaymybro: calls $2
*** FLOP *** [4c Jc 5c]
Supermegopro: bets $2.80
Nicedaymybro: calls $2.80
*** TURN *** [4c Jc 5c] [5s]
Supermegopro: bets $7.35
Nicedaymybro: calls $7.35
*** RIVER *** [4c Jc 5c 5s] [Ts]
Supermegopro: bets $6.32
Nicedaymybro: calls $6.32
*** SHOW DOWN ***
Supermegopro: shows [9c Ac] (a flush, Ace high)
Nicedaymybro: mucks hand 
Supermegopro collected $37.94 from pot
*** SUMMARY ***
Total pot $38.94 | Rake $1 
Board [4c Jc 5c 5s Ts]
Seat 5: GuigaMan
Seat 1: Nicedaymybro (big blind) mucked
Seat 3: Kristo 914 (button) folded before Flop (didn't bet)
Seat 6: Supermegopro (small blind) showed [9c Ac] and won ($37.94) with a flush, Ace high



PokerStars Hand #254413077970:  Hold'em No Limit ($0.50/$1.00 USD) - 2025/01/17 12:29:49 WET [2025/01/17 7:29:49 ET]
Table 'Pongola III' 6-max Seat #1 is the button
Seat 5: GuigaMan ($100 in chips) is sitting out
Seat 1: Nicedaymybro ($100 in chips) 
Seat 6: Supermegopro ($118.97 in chips) 
Nicedaymybro: posts small blind $0.50
Supermegopro: posts big blind $1
*** HOLE CARDS ***
Nicedaymybro: raises $1.50 to $2.50
Supermegopro: folds 
Uncalled bet ($1.50) returned to Nicedaymybro
Nicedaymybro collected $2 from pot
Nicedaymybro: doesn't show hand 
*** SUMMARY ***
Total pot $2 | Rake $0 
Seat 5: GuigaMan
Seat 1: Nicedaymybro (button) (small blind) collected ($2)
Seat 6: Supermegopro (big blind) folded before Flop



PokerStars Hand #254413078826:  Hold'em No Limit ($0.50/$1.00 USD) - 2025/01/17 12:29:55 WET [2025/01/17 7:29:55 ET]
Table 'Pongola III' 6-max Seat #6 is the button
Seat 5: GuigaMan ($100 in chips) is sitting out
Seat 1: Nicedaymybro ($101 in chips) 
Seat 6: Supermegopro ($117.97 in chips) 
Supermegopro: posts small blind $0.50
Nicedaymybro: posts big blind $1
*** HOLE CARDS ***
Supermegopro: raises $2 to $3
Nicedaymybro: folds 
Uncalled bet ($2) returned to Supermegopro
Supermegopro collected $2 from pot
Supermegopro: doesn't show hand 
Nicedaymybro leaves the table
*** SUMMARY ***
Total pot $2 | Rake $0 
Seat 5: GuigaMan
Seat 1: Nicedaymybro (big blind) folded before Flop
Seat 6: Supermegopro (button) (small blind) collected ($2)



PokerStars Hand #254413179621:  Hold'em No Limit ($0.50/$1.00 USD) - 2025/01/17 12:41:15 WET [2025/01/17 7:41:15 ET]
Table 'Pongola III' 6-max Seat #1 is the button
Seat 1: Powerpoint66 ($80 in chips) 
Seat 2: nastja336 ($100 in chips) 
Seat 3: D€est7oye€R ($100 in chips) 
Seat 4: Nicedaymybro ($100 in chips) 
Seat 6: Supermegopro ($118.97 in chips) 
nastja336: posts small blind $0.50
D€est7oye€R: posts big blind $1
*** HOLE CARDS ***
Nicedaymybro: raises $1.50 to $2.50
Kristo 914 joins the table at seat #5 
Supermegopro: raises $5 to $7.50
Powerpoint66: folds 
nastja336: folds 
D€est7oye€R: folds 
Nicedaymybro: folds 
Uncalled bet ($5) returned to Supermegopro
Supermegopro collected $6.50 from pot
Supermegopro: doesn't show hand 
*** SUMMARY ***
Total pot $6.50 | Rake $0 
Seat 1: Powerpoint66 (button) folded before Flop (didn't bet)
Seat 2: nastja336 (small blind) folded before Flop
Seat 3: D€est7oye€R (big blind) folded before Flop
Seat 4: Nicedaymybro folded before Flop
Seat 6: Supermegopro collected ($6.50)



PokerStars Hand #254413181635:  Hold'em No Limit ($0.50/$1.00 USD) - 2025/01/17 12:41:28 WET [2025/01/17 7:41:28 ET]
Table 'Pongola III' 6-max Seat #2 is the button
Seat 5: Kristo 914 ($100 in chips) is sitting out
Seat 1: Powerpoint66 ($80 in chips) 
Seat 2: nastja336 ($100 in chips) 
Seat 3: D€est7oye€R ($100 in chips) 
Seat 4: Nicedaymybro ($100 in chips) 
Seat 6: Supermegopro ($122.97 in chips) 
D€est7oye€R: posts small blind $0.50
Nicedaymybro: posts big blind $1
Kristo 914: sits out 
*** HOLE CARDS ***
Supermegopro: folds 
Powerpoint66: folds 
nastja336: raises $1.50 to $2.50
D€est7oye€R: folds 
Nicedaymybro: folds 
Uncalled bet ($1.50) returned to nastja336
nastja336 collected $2.50 from pot
nastja336: doesn't show hand 
*** SUMMARY ***
Total pot $2.50 | Rake $0 
Seat 5: Kristo 914
Seat 1: Powerpoint66 folded before Flop (didn't bet)
Seat 2: nastja336 (button) collected ($2.50)
Seat 3: D€est7oye€R (small blind) folded before Flop
Seat 4: Nicedaymybro (big blind) folded before Flop
Seat 6: Supermegopro folded before Flop (didn't bet)



PokerStars Hand #254413184167:  Hold'em No Limit ($0.50/$1.00 USD) - 2025/01/17 12:41:45 WET [2025/01/17 7:41:45 ET]
Table 'Pongola III' 6-max Seat #3 is the button
Seat 1: Powerpoint66 ($80 in chips) 
Seat 2: nastja336 ($101.50 in chips) 
Seat 3: D€est7oye€R ($100 in chips) 
Seat 4: Nicedaymybro ($100 in chips) 
Seat 5: Kristo 914 ($100 in chips) 
Seat 6: Supermegopro ($122.97 in chips) 
Nicedaymybro: posts small blind $0.50
Kristo 914: posts big blind $1
*** HOLE CARDS ***
Supermegopro: folds 
Powerpoint66: folds 
nastja336: folds 
D€est7oye€R: folds 
Nicedaymybro: raises $2 to $3
Kristo 914: folds 
Uncalled bet ($2) returned to Nicedaymybro
Nicedaymybro collected $2 from pot
Nicedaymybro: doesn't show hand 
*** SUMMARY ***
Total pot $2 | Rake $0 
Seat 1: Powerpoint66 folded before Flop (didn't bet)
Seat 2: nastja336 folded before Flop (didn't bet)
Seat 3: D€est7oye€R (button) folded before Flop (didn't bet)
Seat 4: Nicedaymybro (small blind) collected ($2)
Seat 5: Kristo 914 (big blind) folded before Flop
Seat 6: Supermegopro folded before Flop (didn't bet)



PokerStars Hand #254413186712:  Hold'em No Limit ($0.50/$1.00 USD) - 2025/01/17 12:42:01 WET [2025/01/17 7:42:01 ET]
Table 'Pongola III' 6-max Seat #4 is the button
Seat 1: Powerpoint66 ($80 in chips) 
Seat 2: nastja336 ($101.50 in chips) 
Seat 3: D€est7oye€R ($100 in chips) 
Seat 4: Nicedaymybro ($101 in chips) 
Seat 5: Kristo 914 ($100 in chips) 
Seat 6: Supermegopro ($122.97 in chips) 
Kristo 914: posts small blind $0.50
Supermegopro: posts big blind $1
*** HOLE CARDS ***
Powerpoint66: folds 
nastja336: folds 
D€est7oye€R: folds 
Nicedaymybro: raises $1.50 to $2.50
Kristo 914: folds 
Supermegopro: folds 
Uncalled bet ($1.50) returned to Nicedaymybro
Nicedaymybro collected $2.50 from pot
Nicedaymybro: doesn't show hand 
*** SUMMARY ***
Total pot $2.50 | Rake $0 
Seat 1: Powerpoint66 folded before Flop (didn't bet)
Seat 2: nastja336 folded before Flop (didn't bet)
Seat 3: D€est7oye€R folded before Flop (didn't bet)
Seat 4: Nicedaymybro (button) collected ($2.50)
Seat 5: Kristo 914 (small blind) folded before Flop
Seat 6: Supermegopro (big blind) folded before Flop



PokerStars Hand #254413190030:  Hold'em No Limit ($0.50/$1.00 USD) - 2025/01/17 12:42:23 WET [2025/01/17 7:42:23 ET]
Table 'Pongola III' 6-max Seat #5 is the button
Seat 1: Powerpoint66 ($80 in chips) 
Seat 2: nastja336 ($101.50 in chips) 
Seat 3: D€est7oye€R ($100 in chips) 
Seat 4: Nicedaymybro ($102.50 in chips) 
Seat 5: Kristo 914 ($100 in chips) 
Seat 6: Supermegopro ($121.97 in chips) 
Supermegopro: posts small blind $0.50
Powerpoint66: posts big blind $1
*** HOLE CARDS ***
nastja336: folds 
D€est7oye€R: folds 
Nicedaymybro: folds 
Kristo 914: folds 
Supermegopro: raises $2 to $3
Powerpoint66: folds 
Uncalled bet ($2) returned to Supermegopro
Supermegopro collected $2 from pot
Supermegopro: doesn't show hand 
*** SUMMARY ***
Total pot $2 | Rake $0 
Seat 1: Powerpoint66 (big blind) folded before Flop
Seat 2: nastja336 folded before Flop (didn't bet)
Seat 3: D€est7oye€R folded before Flop (didn't bet)
Seat 4: Nicedaymybro folded before Flop (didn't bet)
Seat 5: Kristo 914 (button) folded before Flop (didn't bet)
Seat 6: Supermegopro (small blind) collected ($2)



PokerStars Hand #254413192415:  Hold'em No Limit ($0.50/$1.00 USD) - 2025/01/17 12:42:38 WET [2025/01/17 7:42:38 ET]
Table 'Pongola III' 6-max Seat #6 is the button
Seat 1: Powerpoint66 ($79 in chips) 
Seat 2: nastja336 ($101.50 in chips) 
Seat 3: D€est7oye€R ($100 in chips) 
Seat 4: Nicedaymybro ($102.50 in chips) 
Seat 5: Kristo 914 ($100 in chips) 
Seat 6: Supermegopro ($122.97 in chips) 
Powerpoint66: posts small blind $0.50
nastja336: posts big blind $1
*** HOLE CARDS ***
D€est7oye€R: folds 
Nicedaymybro: folds 
Kristo 914: folds 
Supermegopro: folds 
Powerpoint66: folds 
Uncalled bet ($0.50) returned to nastja336
nastja336 collected $1 from pot
nastja336: doesn't show hand 
*** SUMMARY ***
Total pot $1 | Rake $0 
Seat 1: Powerpoint66 (small blind) folded before Flop
Seat 2: nastja336 (big blind) collected ($1)
Seat 3: D€est7oye€R folded before Flop (didn't bet)
Seat 4: Nicedaymybro folded before Flop (didn't bet)
Seat 5: Kristo 914 folded before Flop (didn't bet)
Seat 6: Supermegopro (button) folded before Flop (didn't bet)



PokerStars Hand #254413194079:  Hold'em No Limit ($0.50/$1.00 USD) - 2025/01/17 12:42:49 WET [2025/01/17 7:42:49 ET]
Table 'Pongola III' 6-max Seat #1 is the button
Seat 3: D€est7oye€R ($100 in chips) is sitting out
Seat 1: Powerpoint66 ($78.50 in chips) 
Seat 2: nastja336 ($102 in chips) 
Seat 4: Nicedaymybro ($102.50 in chips) 
Seat 5: Kristo 914 ($100 in chips) 
Seat 6: Supermegopro ($122.97 in chips) 
nastja336: posts small blind $0.50
D€est7oye€R: is sitting out 
Nicedaymybro: posts big blind $1
*** HOLE CARDS ***
D€est7oye€R leaves the table
Kristo 914: raises $1.40 to $2.40
Supermegopro: folds 
Powerpoint66: folds 
nastja336: folds 
Nicedaymybro: folds 
Uncalled bet ($1.40) returned to Kristo 914
Kristo 914 collected $2.50 from pot
Kristo 914: doesn't show hand 
*** SUMMARY ***
Total pot $2.50 | Rake $0 
Seat 3: D€est7oye€R
Seat 1: Powerpoint66 (button) folded before Flop (didn't bet)
Seat 2: nastja336 (small blind) folded before Flop
Seat 4: Nicedaymybro (big blind) folded before Flop
Seat 5: Kristo 914 collected ($2.50)
Seat 6: Supermegopro folded before Flop (didn't bet)



PokerStars Hand #254413197221:  Hold'em No Limit ($0.50/$1.00 USD) - 2025/01/17 12:43:10 WET [2025/01/17 7:43:10 ET]
Table 'Pongola III' 6-max Seat #2 is the button
Seat 1: Powerpoint66 ($78.50 in chips) 
Seat 2: nastja336 ($101.50 in chips) 
Seat 4: Nicedaymybro ($101.50 in chips) 
Seat 5: Kristo 914 ($101.50 in chips) 
Seat 6: Supermegopro ($122.97 in chips) 
Nicedaymybro: posts small blind $0.50
Kristo 914: posts big blind $1
*** HOLE CARDS ***
Supermegopro: folds 
Powerpoint66: folds 
nastja336: folds 
Nicedaymybro: folds 
Uncalled bet ($0.50) returned to Kristo 914
Kristo 914 collected $1 from pot
Kristo 914: doesn't show hand 
*** SUMMARY ***
Total pot $1 | Rake $0 
Seat 1: Powerpoint66 folded before Flop (didn't bet)
Seat 2: nastja336 (button) folded before Flop (didn't bet)
Seat 4: Nicedaymybro (small blind) folded before Flop
Seat 5: Kristo 914 (big blind) collected ($1)
Seat 6: Supermegopro folded before Flop (didn't bet)



PokerStars Hand #254413199811:  Hold'em No Limit ($0.50/$1.00 USD) - 2025/01/17 12:43:27 WET [2025/01/17 7:43:27 ET]
Table 'Pongola III' 6-max Seat #4 is the button
Seat 1: Powerpoint66 ($78.50 in chips) 
Seat 2: nastja336 ($101.50 in chips) 
Seat 4: Nicedaymybro ($101 in chips) 
Seat 5: Kristo 914 ($102 in chips) 
Seat 6: Supermegopro ($122.97 in chips) 
Kristo 914: posts small blind $0.50
Supermegopro: posts big blind $1
*** HOLE CARDS ***
Powerpoint66: folds 
nastja336: folds 
Nicedaymybro: folds 
Kristo 914: folds 
Uncalled bet ($0.50) returned to Supermegopro
Supermegopro collected $1 from pot
Supermegopro: doesn't show hand 
*** SUMMARY ***
Total pot $1 | Rake $0 
Seat 1: Powerpoint66 folded before Flop (didn't bet)
Seat 2: nastja336 folded before Flop (didn't bet)
Seat 4: Nicedaymybro (button) folded before Flop (didn't bet)
Seat 5: Kristo 914 (small blind) folded before Flop
Seat 6: Supermegopro (big blind) collected ($1)



PokerStars Hand #254413201832:  Hold'em No Limit ($0.50/$1.00 USD) - 2025/01/17 12:43:41 WET [2025/01/17 7:43:41 ET]
Table 'Pongola III' 6-max Seat #5 is the button
Seat 1: Powerpoint66 ($78.50 in chips) 
Seat 2: nastja336 ($101.50 in chips) 
Seat 4: Nicedaymybro ($101 in chips) 
Seat 5: Kristo 914 ($101.50 in chips) 
Seat 6: Supermegopro ($123.47 in chips) 
Supermegopro: posts small blind $0.50
Powerpoint66: posts big blind $1
*** HOLE CARDS ***
nastja336: folds 
Nicedaymybro: folds 
Haalleluja joins the table at seat #3 
Haalleluja is disconnected 
Kristo 914: folds 
Supermegopro: folds 
Uncalled bet ($0.50) returned to Powerpoint66
Powerpoint66 collected $1 from pot
*** SUMMARY ***
Total pot $1 | Rake $0 
Seat 1: Powerpoint66 (big blind) collected ($1)
Seat 2: nastja336 folded before Flop (didn't bet)
Seat 4: Nicedaymybro folded before Flop (didn't bet)
Seat 5: Kristo 914 (button) folded before Flop (didn't bet)
Seat 6: Supermegopro (small blind) folded before Flop



PokerStars Hand #254413203802:  Hold'em No Limit ($0.50/$1.00 USD) - 2025/01/17 12:43:54 WET [2025/01/17 7:43:54 ET]
Table 'Pongola III' 6-max Seat #6 is the button
Seat 2: nastja336 ($101.50 in chips) is sitting out
Seat 1: Powerpoint66 ($79 in chips) 
Seat 3: Haalleluja ($100 in chips) 
Seat 4: Nicedaymybro ($101 in chips) 
Seat 5: Kristo 914 ($101.50 in chips) 
Seat 6: Supermegopro ($122.97 in chips) 
Powerpoint66: posts small blind $0.50
nastja336: is sitting out 
Haalleluja: posts big blind $1
*** HOLE CARDS ***
Nicedaymybro: folds 
nastja336 leaves the table
Kristo 914: raises $1.40 to $2.40
Supermegopro: folds 
Powerpoint66: folds 
Haalleluja: raises $5.40 to $7.80
Kristo 914: calls $5.40
*** FLOP *** [4d Kd 8h]
Haalleluja: bets $33
Kristo 914: raises $60.70 to $93.70 and is all-in
Haalleluja: calls $59.20 and is all-in
Uncalled bet ($1.50) returned to Kristo 914
*** TURN *** [4d Kd 8h] [5d]
*** RIVER *** [4d Kd 8h 5d] [7c]
*** SHOW DOWN ***
Haalleluja: shows [Ac As] (a pair of Aces)
Kristo 914: shows [Ks Qc] (a pair of Kings)
Haalleluja collected $198 from pot
*** SUMMARY ***
Total pot $200.50 | Rake $2.50 
Board [4d Kd 8h 5d 7c]
Seat 2: nastja336
Seat 1: Powerpoint66 (small blind) folded before Flop
Seat 3: Haalleluja (big blind) showed [Ac As] and won ($198) with a pair of Aces
Seat 4: Nicedaymybro folded before Flop (didn't bet)
Seat 5: Kristo 914 showed [Ks Qc] and lost with a pair of Kings
Seat 6: Supermegopro (button) folded before Flop (didn't bet)



PokerStars Hand #254413210048:  Hold'em No Limit ($0.50/$1.00 USD) - 2025/01/17 12:44:35 WET [2025/01/17 7:44:35 ET]
Table 'Pongola III' 6-max Seat #1 is the button
Seat 1: Powerpoint66 ($78.50 in chips) 
Seat 3: Haalleluja ($198 in chips) 
Seat 4: Nicedaymybro ($101 in chips) 
Seat 5: Kristo 914 ($100 in chips) 
Seat 6: Supermegopro ($122.97 in chips) 
Haalleluja: posts small blind $0.50
Nicedaymybro: posts big blind $1
*** HOLE CARDS ***
Kristo 914: folds 
Supermegopro: folds 
Powerpoint66: calls $1
Haalleluja: folds 
Nicedaymybro: checks 
*** FLOP *** [Jc 5h 9s]
Nicedaymybro: bets $1
Powerpoint66: folds 
Uncalled bet ($1) returned to Nicedaymybro
Nicedaymybro collected $2.38 from pot
Nicedaymybro: doesn't show hand 
*** SUMMARY ***
Total pot $2.50 | Rake $0.12 
Board [Jc 5h 9s]
Seat 1: Powerpoint66 (button) folded on the Flop
Seat 3: Haalleluja (small blind) folded before Flop
Seat 4: Nicedaymybro (big blind) collected ($2.38)
Seat 5: Kristo 914 folded before Flop (didn't bet)
Seat 6: Supermegopro folded before Flop (didn't bet)



PokerStars Hand #254413212516:  Hold'em No Limit ($0.50/$1.00 USD) - 2025/01/17 12:44:53 WET [2025/01/17 7:44:53 ET]
Table 'Pongola III' 6-max Seat #3 is the button
Seat 1: Powerpoint66 ($77.50 in chips) 
Seat 3: Haalleluja ($197.50 in chips) 
Seat 4: Nicedaymybro ($102.38 in chips) 
Seat 5: Kristo 914 ($100 in chips) 
Seat 6: Supermegopro ($122.97 in chips) 
Nicedaymybro: posts small blind $0.50
Kristo 914: posts big blind $1
*** HOLE CARDS ***
GuigaMan joins the table at seat #2 
Supermegopro: folds 
Powerpoint66: folds 
Haalleluja: folds 
Nicedaymybro: raises $2 to $3
Kristo 914: folds 
Uncalled bet ($2) returned to Nicedaymybro
Nicedaymybro collected $2 from pot
Nicedaymybro: doesn't show hand 
*** SUMMARY ***
Total pot $2 | Rake $0 
Seat 1: Powerpoint66 folded before Flop (didn't bet)
Seat 3: Haalleluja (button) folded before Flop (didn't bet)
Seat 4: Nicedaymybro (small blind) collected ($2)
Seat 5: Kristo 914 (big blind) folded before Flop
Seat 6: Supermegopro folded before Flop (didn't bet)



PokerStars Hand #254413214915:  Hold'em No Limit ($0.50/$1.00 USD) - 2025/01/17 12:45:08 WET [2025/01/17 7:45:08 ET]
Table 'Pongola III' 6-max Seat #4 is the button
Seat 2: GuigaMan ($100 in chips) is sitting out
Seat 1: Powerpoint66 ($77.50 in chips) 
Seat 3: Haalleluja ($197.50 in chips) 
Seat 4: Nicedaymybro ($103.38 in chips) 
Seat 5: Kristo 914 ($100 in chips) 
Seat 6: Supermegopro ($122.97 in chips) 
Kristo 914: posts small blind $0.50
Supermegopro: posts big blind $1
GuigaMan: sits out 
*** HOLE CARDS ***
Powerpoint66: folds 
Haalleluja: folds 
Nicedaymybro: raises $1.50 to $2.50
Kristo 914: folds 
Supermegopro: calls $1.50
*** FLOP *** [Js 3c 5c]
Supermegopro: checks 
Nicedaymybro: bets $1.72
Supermegopro: raises $5.28 to $7
Nicedaymybro: calls $5.28
*** TURN *** [Js 3c 5c] [Qs]
Supermegopro: bets $15.74
Nicedaymybro: calls $15.74
*** RIVER *** [Js 3c 5c Qs] [Jd]
Supermegopro: bets $24.24
Nicedaymybro: calls $24.24
*** SHOW DOWN ***
Supermegopro: shows [8c Jc] (three of a kind, Jacks)
Nicedaymybro: mucks hand 
Supermegopro collected $96.96 from pot
*** SUMMARY ***
Total pot $99.46 | Rake $2.50 
Board [Js 3c 5c Qs Jd]
Seat 2: GuigaMan
Seat 1: Powerpoint66 folded before Flop (didn't bet)
Seat 3: Haalleluja folded before Flop (didn't bet)
Seat 4: Nicedaymybro (button) mucked
Seat 5: Kristo 914 (small blind) folded before Flop
Seat 6: Supermegopro (big blind) showed [8c Jc] and won ($96.96) with three of a kind, Jacks



PokerStars Hand #254413224148:  Hold'em No Limit ($0.50/$1.00 USD) - 2025/01/17 12:46:09 WET [2025/01/17 7:46:09 ET]
Table 'Pongola III' 6-max Seat #5 is the button
Seat 2: GuigaMan ($100 in chips) is sitting out
Seat 1: Powerpoint66 ($77.50 in chips) 
Seat 3: Haalleluja ($197.50 in chips) 
Seat 4: Nicedaymybro ($100 in chips) 
Seat 5: Kristo 914 ($100 in chips) 
Seat 6: Supermegopro ($170.45 in chips) 
Supermegopro: posts small blind $0.50
Powerpoint66: posts big blind $1
GuigaMan: sits out 
*** HOLE CARDS ***
Haalleluja: raises $1 to $2
Nicedaymybro: folds 
Kristo 914: folds 
Supermegopro: folds 
Powerpoint66: calls $1
*** FLOP *** [2s Jc Ad]
Powerpoint66: checks 
Haalleluja: checks 
*** TURN *** [2s Jc Ad] [7h]
Powerpoint66: bets $4.28
Haalleluja: calls $4.28
*** RIVER *** [2s Jc Ad 7h] [9d]
Powerpoint66: bets $5
Haalleluja: raises $10 to $15
Powerpoint66: folds [As]
Uncalled bet ($10) returned to Haalleluja
Haalleluja collected $21.91 from pot
*** SUMMARY ***
Total pot $23.06 | Rake $1.15 
Board [2s Jc Ad 7h 9d]
Seat 2: GuigaMan
Seat 1: Powerpoint66 (big blind) folded on the River
Seat 3: Haalleluja collected ($21.91)
Seat 4: Nicedaymybro folded before Flop (didn't bet)
Seat 5: Kristo 914 (button) folded before Flop (didn't bet)
Seat 6: Supermegopro (small blind) folded before Flop



PokerStars Hand #254413236342:  Hold'em No Limit ($0.50/$1.00 USD) - 2025/01/17 12:47:29 WET [2025/01/17 7:47:29 ET]
Table 'Pongola III' 6-max Seat #6 is the button
Seat 1: Powerpoint66 ($66.22 in chips) 
Seat 2: GuigaMan ($100 in chips) 
Seat 3: Haalleluja ($208.13 in chips) 
Seat 4: Nicedaymybro ($100 in chips) 
Seat 5: Kristo 914 ($100 in chips) 
Seat 6: Supermegopro ($169.95 in chips) 
Powerpoint66: posts small blind $0.50
GuigaMan: posts big blind $1
*** HOLE CARDS ***
Haalleluja: folds 
Nicedaymybro: folds 
Kristo 914: folds 
Supermegopro: folds 
Powerpoint66: calls $0.50
GuigaMan: checks 
*** FLOP *** [Tc 8h 7c]
Powerpoint66: checks 
GuigaMan: checks 
*** TURN *** [Tc 8h 7c] [8c]
Powerpoint66: bets $1.90
GuigaMan: calls $1.90
*** RIVER *** [Tc 8h 7c 8c] [Jd]
Powerpoint66: checks 
GuigaMan: bets $6
Powerpoint66: folds [Ts]
Uncalled bet ($6) returned to GuigaMan
GuigaMan collected $5.51 from pot
*** SUMMARY ***
Total pot $5.80 | Rake $0.29 
Board [Tc 8h 7c 8c Jd]
Seat 1: Powerpoint66 (small blind) folded on the River
Seat 2: GuigaMan (big blind) collected ($5.51)
Seat 3: Haalleluja folded before Flop (didn't bet)
Seat 4: Nicedaymybro folded before Flop (didn't bet)
Seat 5: Kristo 914 folded before Flop (didn't bet)
Seat 6: Supermegopro (button) folded before Flop (didn't bet)



PokerStars Hand #254413241849:  Hold'em No Limit ($0.50/$1.00 USD) - 2025/01/17 12:48:05 WET [2025/01/17 7:48:05 ET]
Table 'Pongola III' 6-max Seat #1 is the button
Seat 1: Powerpoint66 ($63.32 in chips) 
Seat 2: GuigaMan ($102.61 in chips) 
Seat 3: Haalleluja ($208.13 in chips) 
Seat 4: Nicedaymybro ($100 in chips) 
Seat 5: Kristo 914 ($100 in chips) 
Seat 6: Supermegopro ($169.95 in chips) 
GuigaMan: posts small blind $0.50
Haalleluja: posts big blind $1
*** HOLE CARDS ***
Nicedaymybro: folds 
Kristo 914: folds 
Supermegopro: folds 
Powerpoint66: folds 
GuigaMan: folds 
Uncalled bet ($0.50) returned to Haalleluja
Haalleluja collected $1 from pot
*** SUMMARY ***
Total pot $1 | Rake $0 
Seat 1: Powerpoint66 (button) folded before Flop (didn't bet)
Seat 2: GuigaMan (small blind) folded before Flop
Seat 3: Haalleluja (big blind) collected ($1)
Seat 4: Nicedaymybro folded before Flop (didn't bet)
Seat 5: Kristo 914 folded before Flop (didn't bet)
Seat 6: Supermegopro folded before Flop (didn't bet)



PokerStars Hand #254413243438:  Hold'em No Limit ($0.50/$1.00 USD) - 2025/01/17 12:48:16 WET [2025/01/17 7:48:16 ET]
Table 'Pongola III' 6-max Seat #2 is the button
Seat 1: Powerpoint66 ($63.32 in chips) 
Seat 2: GuigaMan ($102.11 in chips) 
Seat 3: Haalleluja ($208.63 in chips) 
Seat 4: Nicedaymybro ($100 in chips) 
Seat 5: Kristo 914 ($100 in chips) 
Seat 6: Supermegopro ($169.95 in chips) 
Haalleluja: posts small blind $0.50
Nicedaymybro: posts big blind $1
*** HOLE CARDS ***
Kristo 914: folds 
Supermegopro: folds 
Powerpoint66: folds 
GuigaMan: folds 
Haalleluja: folds 
Uncalled bet ($0.50) returned to Nicedaymybro
Nicedaymybro collected $1 from pot
Nicedaymybro: doesn't show hand 
*** SUMMARY ***
Total pot $1 | Rake $0 
Seat 1: Powerpoint66 folded before Flop (didn't bet)
Seat 2: GuigaMan (button) folded before Flop (didn't bet)
Seat 3: Haalleluja (small blind) folded before Flop
Seat 4: Nicedaymybro (big blind) collected ($1)
Seat 5: Kristo 914 folded before Flop (didn't bet)
Seat 6: Supermegopro folded before Flop (didn't bet)



PokerStars Hand #254413245051:  Hold'em No Limit ($0.50/$1.00 USD) - 2025/01/17 12:48:26 WET [2025/01/17 7:48:26 ET]
Table 'Pongola III' 6-max Seat #3 is the button
Seat 1: Powerpoint66 ($63.32 in chips) 
Seat 2: GuigaMan ($102.11 in chips) 
Seat 3: Haalleluja ($208.13 in chips) 
Seat 4: Nicedaymybro ($100.50 in chips) 
Seat 5: Kristo 914 ($100 in chips) 
Seat 6: Supermegopro ($169.95 in chips) 
Nicedaymybro: posts small blind $0.50
Kristo 914: posts big blind $1
*** HOLE CARDS ***
Supermegopro: folds 
Powerpoint66: folds 
GuigaMan: raises $1.10 to $2.10
Haalleluja: folds 
Nicedaymybro: folds 
Kristo 914: calls $1.10
*** FLOP *** [7s Ts 9d]
Kristo 914: checks 
GuigaMan: bets $3.35
Kristo 914: calls $3.35
*** TURN *** [7s Ts 9d] [5s]
Kristo 914: checks 
GuigaMan: bets $8.12
Kristo 914: folds 
Uncalled bet ($8.12) returned to GuigaMan
GuigaMan collected $10.83 from pot
*** SUMMARY ***
Total pot $11.40 | Rake $0.57 
Board [7s Ts 9d 5s]
Seat 1: Powerpoint66 folded before Flop (didn't bet)
Seat 2: GuigaMan collected ($10.83)
Seat 3: Haalleluja (button) folded before Flop (didn't bet)
Seat 4: Nicedaymybro (small blind) folded before Flop
Seat 5: Kristo 914 (big blind) folded on the Turn
Seat 6: Supermegopro folded before Flop (didn't bet)



PokerStars Hand #254413253073:  Hold'em No Limit ($0.50/$1.00 USD) - 2025/01/17 12:49:18 WET [2025/01/17 7:49:18 ET]
Table 'Pongola III' 6-max Seat #4 is the button
Seat 1: Powerpoint66 ($63.32 in chips) 
Seat 2: GuigaMan ($107.49 in chips) 
Seat 3: Haalleluja ($208.13 in chips) 
Seat 4: Nicedaymybro ($100 in chips) 
Seat 5: Kristo 914 ($100 in chips) 
Seat 6: Supermegopro ($169.95 in chips) 
Kristo 914: posts small blind $0.50
Supermegopro: posts big blind $1
*** HOLE CARDS ***
Powerpoint66: folds 
GuigaMan: folds 
Haalleluja: raises $1.50 to $2.50
Nicedaymybro: folds 
Kristo 914: folds 
Supermegopro: calls $1.50
*** FLOP *** [2d 3c 8c]
Supermegopro: checks 
Haalleluja: checks 
*** TURN *** [2d 3c 8c] [Tc]
Supermegopro: bets $3.48
Haalleluja: calls $3.48
*** RIVER *** [2d 3c 8c Tc] [2c]
Supermegopro: checks 
Haalleluja: checks 
*** SHOW DOWN ***
Supermegopro: shows [6c 5c] (a flush, Ten high)
Haalleluja: shows [Kc Qd] (a flush, King high)
Haalleluja collected $11.84 from pot
*** SUMMARY ***
Total pot $12.46 | Rake $0.62 
Board [2d 3c 8c Tc 2c]
Seat 1: Powerpoint66 folded before Flop (didn't bet)
Seat 2: GuigaMan folded before Flop (didn't bet)
Seat 3: Haalleluja showed [Kc Qd] and won ($11.84) with a flush, King high
Seat 4: Nicedaymybro (button) folded before Flop (didn't bet)
Seat 5: Kristo 914 (small blind) folded before Flop
Seat 6: Supermegopro (big blind) showed [6c 5c] and lost with a flush, Ten high



PokerStars Hand #254413259115:  Hold'em No Limit ($0.50/$1.00 USD) - 2025/01/17 12:49:57 WET [2025/01/17 7:49:57 ET]
Table 'Pongola III' 6-max Seat #5 is the button
Seat 1: Powerpoint66 ($63.32 in chips) 
Seat 2: GuigaMan ($107.49 in chips) 
Seat 3: Haalleluja ($213.99 in chips) 
Seat 4: Nicedaymybro ($100 in chips) 
Seat 5: Kristo 914 ($100 in chips) 
Seat 6: Supermegopro ($163.97 in chips) 
Supermegopro: posts small blind $0.50
Powerpoint66: posts big blind $1
*** HOLE CARDS ***
GuigaMan: folds 
Haalleluja: folds 
Nicedaymybro: folds 
Kristo 914: folds 
Supermegopro: folds 
Uncalled bet ($0.50) returned to Powerpoint66
Powerpoint66 collected $1 from pot
*** SUMMARY ***
Total pot $1 | Rake $0 
Seat 1: Powerpoint66 (big blind) collected ($1)
Seat 2: GuigaMan folded before Flop (didn't bet)
Seat 3: Haalleluja folded before Flop (didn't bet)
Seat 4: Nicedaymybro folded before Flop (didn't bet)
Seat 5: Kristo 914 (button) folded before Flop (didn't bet)
Seat 6: Supermegopro (small blind) folded before Flop



PokerStars Hand #254413262387:  Hold'em No Limit ($0.50/$1.00 USD) - 2025/01/17 12:50:18 WET [2025/01/17 7:50:18 ET]
Table 'Pongola III' 6-max Seat #6 is the button
Seat 1: Powerpoint66 ($63.82 in chips) 
Seat 2: GuigaMan ($107.49 in chips) 
Seat 3: Haalleluja ($213.99 in chips) 
Seat 4: Nicedaymybro ($100 in chips) 
Seat 5: Kristo 914 ($100 in chips) 
Seat 6: Supermegopro ($163.47 in chips) 
Powerpoint66: posts small blind $0.50
GuigaMan: posts big blind $1
*** HOLE CARDS ***
Haalleluja: folds 
Nicedaymybro: raises $1.50 to $2.50
Kristo 914: raises $5.50 to $8
Supermegopro: folds 
Powerpoint66: folds 
GuigaMan: folds 
Nicedaymybro: folds 
Uncalled bet ($5.50) returned to Kristo 914
Kristo 914 collected $6.50 from pot
Kristo 914: doesn't show hand 
*** SUMMARY ***
Total pot $6.50 | Rake $0 
Seat 1: Powerpoint66 (small blind) folded before Flop
Seat 2: GuigaMan (big blind) folded before Flop
Seat 3: Haalleluja folded before Flop (didn't bet)
Seat 4: Nicedaymybro folded before Flop
Seat 5: Kristo 914 collected ($6.50)
Seat 6: Supermegopro (button) folded before Flop (didn't bet)



PokerStars Hand #254413266281:  Hold'em No Limit ($0.50/$1.00 USD) - 2025/01/17 12:50:43 WET [2025/01/17 7:50:43 ET]
Table 'Pongola III' 6-max Seat #1 is the button
Seat 1: Powerpoint66 ($63.32 in chips) 
Seat 2: GuigaMan ($106.49 in chips) 
Seat 3: Haalleluja ($213.99 in chips) 
Seat 4: Nicedaymybro ($100 in chips) 
Seat 5: Kristo 914 ($104 in chips) 
Seat 6: Supermegopro ($163.47 in chips) 
GuigaMan: posts small blind $0.50
Haalleluja: posts big blind $1
*** HOLE CARDS ***
Nicedaymybro: folds 
Kristo 914: folds 
Supermegopro: folds 
Powerpoint66: folds 
GuigaMan: folds 
Uncalled bet ($0.50) returned to Haalleluja
Haalleluja collected $1 from pot
*** SUMMARY ***
Total pot $1 | Rake $0 
Seat 1: Powerpoint66 (button) folded before Flop (didn't bet)
Seat 2: GuigaMan (small blind) folded before Flop
Seat 3: Haalleluja (big blind) collected ($1)
Seat 4: Nicedaymybro folded before Flop (didn't bet)
Seat 5: Kristo 914 folded before Flop (didn't bet)
Seat 6: Supermegopro folded before Flop (didn't bet)



PokerStars Hand #254413268424:  Hold'em No Limit ($0.50/$1.00 USD) - 2025/01/17 12:50:56 WET [2025/01/17 7:50:56 ET]
Table 'Pongola III' 6-max Seat #2 is the button
Seat 1: Powerpoint66 ($63.32 in chips) 
Seat 2: GuigaMan ($105.99 in chips) 
Seat 3: Haalleluja ($214.49 in chips) 
Seat 4: Nicedaymybro ($100 in chips) 
Seat 5: Kristo 914 ($104 in chips) 
Seat 6: Supermegopro ($163.47 in chips) 
Haalleluja: posts small blind $0.50
Nicedaymybro: posts big blind $1
*** HOLE CARDS ***
Kristo 914: raises $1.40 to $2.40
Supermegopro: folds 
Powerpoint66: folds 
GuigaMan: folds 
Haalleluja: folds 
Nicedaymybro: folds 
Uncalled bet ($1.40) returned to Kristo 914
Kristo 914 collected $2.50 from pot
Kristo 914: doesn't show hand 
*** SUMMARY ***
Total pot $2.50 | Rake $0 
Seat 1: Powerpoint66 folded before Flop (didn't bet)
Seat 2: GuigaMan (button) folded before Flop (didn't bet)
Seat 3: Haalleluja (small blind) folded before Flop
Seat 4: Nicedaymybro (big blind) folded before Flop
Seat 5: Kristo 914 collected ($2.50)
Seat 6: Supermegopro folded before Flop (didn't bet)



PokerStars Hand #254413270543:  Hold'em No Limit ($0.50/$1.00 USD) - 2025/01/17 12:51:10 WET [2025/01/17 7:51:10 ET]
Table 'Pongola III' 6-max Seat #3 is the button
Seat 1: Powerpoint66 ($63.32 in chips) 
Seat 2: GuigaMan ($105.99 in chips) 
Seat 3: Haalleluja ($213.99 in chips) 
Seat 4: Nicedaymybro ($100 in chips) 
Seat 5: Kristo 914 ($105.50 in chips) 
Seat 6: Supermegopro ($163.47 in chips) 
Nicedaymybro: posts small blind $0.50
Kristo 914: posts big blind $1
*** HOLE CARDS ***
Supermegopro: raises $1.50 to $2.50
Powerpoint66: folds 
GuigaMan: folds 
Haalleluja: folds 
Nicedaymybro: folds 
Kristo 914: folds 
Uncalled bet ($1.50) returned to Supermegopro
Supermegopro collected $2.50 from pot
Supermegopro: doesn't show hand 
*** SUMMARY ***
Total pot $2.50 | Rake $0 
Seat 1: Powerpoint66 folded before Flop (didn't bet)
Seat 2: GuigaMan folded before Flop (didn't bet)
Seat 3: Haalleluja (button) folded before Flop (didn't bet)
Seat 4: Nicedaymybro (small blind) folded before Flop
Seat 5: Kristo 914 (big blind) folded before Flop
Seat 6: Supermegopro collected ($2.50)



PokerStars Hand #254413274304:  Hold'em No Limit ($0.50/$1.00 USD) - 2025/01/17 12:51:34 WET [2025/01/17 7:51:34 ET]
Table 'Pongola III' 6-max Seat #4 is the button
Seat 1: Powerpoint66 ($63.32 in chips) 
Seat 2: GuigaMan ($105.99 in chips) 
Seat 3: Haalleluja ($213.99 in chips) 
Seat 4: Nicedaymybro ($100 in chips) 
Seat 5: Kristo 914 ($104.50 in chips) 
Seat 6: Supermegopro ($164.97 in chips) 
Kristo 914: posts small blind $0.50
Supermegopro: posts big blind $1
*** HOLE CARDS ***
Powerpoint66: folds 
GuigaMan: folds 
Haalleluja: folds 
Nicedaymybro: folds 
Kristo 914: folds 
Uncalled bet ($0.50) returned to Supermegopro
Supermegopro collected $1 from pot
Supermegopro: doesn't show hand 
*** SUMMARY ***
Total pot $1 | Rake $0 
Seat 1: Powerpoint66 folded before Flop (didn't bet)
Seat 2: GuigaMan folded before Flop (didn't bet)
Seat 3: Haalleluja folded before Flop (didn't bet)
Seat 4: Nicedaymybro (button) folded before Flop (didn't bet)
Seat 5: Kristo 914 (small blind) folded before Flop
Seat 6: Supermegopro (big blind) collected ($1)



PokerStars Hand #254413276909:  Hold'em No Limit ($0.50/$1.00 USD) - 2025/01/17 12:51:50 WET [2025/01/17 7:51:50 ET]
Table 'Pongola III' 6-max Seat #5 is the button
Seat 1: Powerpoint66 ($63.32 in chips) 
Seat 2: GuigaMan ($105.99 in chips) 
Seat 3: Haalleluja ($213.99 in chips) 
Seat 4: Nicedaymybro ($100 in chips) 
Seat 5: Kristo 914 ($104 in chips) 
Seat 6: Supermegopro ($165.47 in chips) 
Supermegopro: posts small blind $0.50
Powerpoint66: posts big blind $1
*** HOLE CARDS ***
GuigaMan: folds 
Haalleluja: folds 
Nicedaymybro: folds 
Kristo 914: folds 
Supermegopro: raises $1.50 to $2.50
Powerpoint66: folds 
Uncalled bet ($1.50) returned to Supermegopro
Supermegopro collected $2 from pot
Supermegopro: doesn't show hand 
*** SUMMARY ***
Total pot $2 | Rake $0 
Seat 1: Powerpoint66 (big blind) folded before Flop
Seat 2: GuigaMan folded before Flop (didn't bet)
Seat 3: Haalleluja folded before Flop (didn't bet)
Seat 4: Nicedaymybro folded before Flop (didn't bet)
Seat 5: Kristo 914 (button) folded before Flop (didn't bet)
Seat 6: Supermegopro (small blind) collected ($2)



PokerStars Hand #254413282177:  Hold'em No Limit ($0.50/$1.00 USD) - 2025/01/17 12:52:23 WET [2025/01/17 7:52:23 ET]
Table 'Pongola III' 6-max Seat #6 is the button
Seat 1: Powerpoint66 ($62.32 in chips) 
Seat 2: GuigaMan ($105.99 in chips) 
Seat 3: Haalleluja ($213.99 in chips) 
Seat 4: Nicedaymybro ($100 in chips) 
Seat 5: Kristo 914 ($104 in chips) 
Seat 6: Supermegopro ($166.47 in chips) 
Powerpoint66: posts small blind $0.50
GuigaMan: posts big blind $1
*** HOLE CARDS ***
Haalleluja: folds 
Nicedaymybro: folds 
Kristo 914: folds 
Supermegopro: folds 
Powerpoint66: folds 
Uncalled bet ($0.50) returned to GuigaMan
GuigaMan collected $1 from pot
*** SUMMARY ***
Total pot $1 | Rake $0 
Seat 1: Powerpoint66 (small blind) folded before Flop
Seat 2: GuigaMan (big blind) collected ($1)
Seat 3: Haalleluja folded before Flop (didn't bet)
Seat 4: Nicedaymybro folded before Flop (didn't bet)
Seat 5: Kristo 914 folded before Flop (didn't bet)
Seat 6: Supermegopro (button) folded before Flop (didn't bet)



PokerStars Hand #254413285147:  Hold'em No Limit ($0.50/$1.00 USD) - 2025/01/17 12:52:42 WET [2025/01/17 7:52:42 ET]
Table 'Pongola III' 6-max Seat #1 is the button
Seat 1: Powerpoint66 ($61.82 in chips) 
Seat 2: GuigaMan ($106.49 in chips) 
Seat 3: Haalleluja ($213.99 in chips) 
Seat 4: Nicedaymybro ($100 in chips) 
Seat 5: Kristo 914 ($104 in chips) 
Seat 6: Supermegopro ($166.47 in chips) 
GuigaMan: posts small blind $0.50
Haalleluja: posts big blind $1
*** HOLE CARDS ***
Nicedaymybro: folds 
Kristo 914: folds 
Supermegopro: folds 
Powerpoint66: folds 
GuigaMan: folds 
Uncalled bet ($0.50) returned to Haalleluja
Haalleluja collected $1 from pot
*** SUMMARY ***
Total pot $1 | Rake $0 
Seat 1: Powerpoint66 (button) folded before Flop (didn't bet)
Seat 2: GuigaMan (small blind) folded before Flop
Seat 3: Haalleluja (big blind) collected ($1)
Seat 4: Nicedaymybro folded before Flop (didn't bet)
Seat 5: Kristo 914 folded before Flop (didn't bet)
Seat 6: Supermegopro folded before Flop (didn't bet)



PokerStars Hand #254413287770:  Hold'em No Limit ($0.50/$1.00 USD) - 2025/01/17 12:52:59 WET [2025/01/17 7:52:59 ET]
Table 'Pongola III' 6-max Seat #2 is the button
Seat 1: Powerpoint66 ($61.82 in chips) 
Seat 2: GuigaMan ($105.99 in chips) 
Seat 3: Haalleluja ($214.49 in chips) 
Seat 4: Nicedaymybro ($100 in chips) 
Seat 5: Kristo 914 ($104 in chips) 
Seat 6: Supermegopro ($166.47 in chips) 
Haalleluja: posts small blind $0.50
Nicedaymybro: posts big blind $1
*** HOLE CARDS ***
Kristo 914: folds 
Supermegopro: folds 
Powerpoint66: folds 
GuigaMan: raises $1.10 to $2.10
Haalleluja: raises $5.10 to $7.20
Nicedaymybro: folds 
GuigaMan: calls $5.10
*** FLOP *** [Qd 7d As]
Haalleluja: bets $14.63
GuigaMan: raises $84.16 to $98.79 and is all-in
Haalleluja: calls $84.16
*** TURN *** [Qd 7d As] [2c]
*** RIVER *** [Qd 7d As 2c] [4h]
*** SHOW DOWN ***
Haalleluja: shows [Ad Kd] (a pair of Aces)
GuigaMan: shows [Qh 7h] (two pair, Queens and Sevens)
GuigaMan collected $210.48 from pot
*** SUMMARY ***
Total pot $212.98 | Rake $2.50 
Board [Qd 7d As 2c 4h]
Seat 1: Powerpoint66 folded before Flop (didn't bet)
Seat 2: GuigaMan (button) showed [Qh 7h] and won ($210.48) with two pair, Queens and Sevens
Seat 3: Haalleluja (small blind) showed [Ad Kd] and lost with a pair of Aces
Seat 4: Nicedaymybro (big blind) folded before Flop
Seat 5: Kristo 914 folded before Flop (didn't bet)
Seat 6: Supermegopro folded before Flop (didn't bet)



PokerStars Hand #254413295965:  Hold'em No Limit ($0.50/$1.00 USD) - 2025/01/17 12:53:51 WET [2025/01/17 7:53:51 ET]
Table 'Pongola III' 6-max Seat #3 is the button
Seat 1: Powerpoint66 ($61.82 in chips) 
Seat 2: GuigaMan ($210.48 in chips) 
Seat 3: Haalleluja ($108.50 in chips) 
Seat 4: Nicedaymybro ($100 in chips) 
Seat 5: Kristo 914 ($104 in chips) 
Seat 6: Supermegopro ($166.47 in chips) 
Nicedaymybro: posts small blind $0.50
Kristo 914: posts big blind $1
*** HOLE CARDS ***
Supermegopro: raises $1.50 to $2.50
Powerpoint66: folds 
GuigaMan: folds 
Haalleluja: raises $4.50 to $7
Nicedaymybro: folds 
Kristo 914: folds 
Supermegopro: calls $4.50
*** FLOP *** [Kd Qd 8d]
Supermegopro: checks 
Haalleluja: bets $11.36
Supermegopro: calls $11.36
*** TURN *** [Kd Qd 8d] [Qs]
Supermegopro: checks 
Haalleluja: checks 
*** RIVER *** [Kd Qd 8d Qs] [Kc]
Supermegopro: checks 
Haalleluja: bets $90.14 and is all-in
Supermegopro: folds 
Uncalled bet ($90.14) returned to Haalleluja
Haalleluja collected $36.31 from pot
*** SUMMARY ***
Total pot $38.22 | Rake $1.91 
Board [Kd Qd 8d Qs Kc]
Seat 1: Powerpoint66 folded before Flop (didn't bet)
Seat 2: GuigaMan folded before Flop (didn't bet)
Seat 3: Haalleluja (button) collected ($36.31)
Seat 4: Nicedaymybro (small blind) folded before Flop
Seat 5: Kristo 914 (big blind) folded before Flop
Seat 6: Supermegopro folded on the River



PokerStars Hand #254413304018:  Hold'em No Limit ($0.50/$1.00 USD) - 2025/01/17 12:54:43 WET [2025/01/17 7:54:43 ET]
Table 'Pongola III' 6-max Seat #4 is the button
Seat 1: Powerpoint66 ($76.58 in chips) 
Seat 2: GuigaMan ($210.48 in chips) 
Seat 3: Haalleluja ($126.45 in chips) 
Seat 4: Nicedaymybro ($100 in chips) 
Seat 5: Kristo 914 ($103 in chips) 
Seat 6: Supermegopro ($148.11 in chips) 
Kristo 914: posts small blind $0.50
Supermegopro: posts big blind $1
*** HOLE CARDS ***
Powerpoint66: folds 
GuigaMan: raises $1.10 to $2.10
Haalleluja: raises $7.10 to $9.20
Nicedaymybro: folds 
Kristo 914: folds 
Supermegopro: folds 
GuigaMan: calls $7.10
*** FLOP *** [3d Kc 6h]
GuigaMan: checks 
Haalleluja: bets $117.25 and is all-in
GuigaMan: folds 
Uncalled bet ($117.25) returned to Haalleluja
Haalleluja collected $18.90 from pot
*** SUMMARY ***
Total pot $19.90 | Rake $1 
Board [3d Kc 6h]
Seat 1: Powerpoint66 folded before Flop (didn't bet)
Seat 2: GuigaMan folded on the Flop
Seat 3: Haalleluja collected ($18.90)
Seat 4: Nicedaymybro (button) folded before Flop (didn't bet)
Seat 5: Kristo 914 (small blind) folded before Flop
Seat 6: Supermegopro (big blind) folded before Flop



PokerStars Hand #254413309355:  Hold'em No Limit ($0.50/$1.00 USD) - 2025/01/17 12:55:19 WET [2025/01/17 7:55:19 ET]
Table 'Pongola III' 6-max Seat #5 is the button
Seat 1: Powerpoint66 ($76.58 in chips) 
Seat 2: GuigaMan ($201.28 in chips) 
Seat 3: Haalleluja ($136.15 in chips) 
Seat 4: Nicedaymybro ($100 in chips) 
Seat 5: Kristo 914 ($102.50 in chips) 
Seat 6: Supermegopro ($147.11 in chips) 
Supermegopro: posts small blind $0.50
Powerpoint66: posts big blind $1
*** HOLE CARDS ***
GuigaMan: raises $1 to $2
Haalleluja: folds 
Nicedaymybro: folds 
Kristo 914: folds 
Supermegopro: folds 
Powerpoint66: folds 
Uncalled bet ($1) returned to GuigaMan
GuigaMan collected $2.50 from pot
*** SUMMARY ***
Total pot $2.50 | Rake $0 
Seat 1: Powerpoint66 (big blind) folded before Flop
Seat 2: GuigaMan collected ($2.50)
Seat 3: Haalleluja folded before Flop (didn't bet)
Seat 4: Nicedaymybro folded before Flop (didn't bet)
Seat 5: Kristo 914 (button) folded before Flop (didn't bet)
Seat 6: Supermegopro (small blind) folded before Flop



PokerStars Hand #254413311788:  Hold'em No Limit ($0.50/$1.00 USD) - 2025/01/17 12:55:38 WET [2025/01/17 7:55:38 ET]
Table 'Pongola III' 6-max Seat #6 is the button
Seat 1: Powerpoint66 ($75.58 in chips) 
Seat 2: GuigaMan ($202.78 in chips) 
Seat 3: Haalleluja ($136.15 in chips) 
Seat 4: Nicedaymybro ($100 in chips) 
Seat 5: Kristo 914 ($102.50 in chips) 
Seat 6: Supermegopro ($146.61 in chips) 
Powerpoint66: posts small blind $0.50
GuigaMan: posts big blind $1
*** HOLE CARDS ***
Haalleluja: folds 
Nicedaymybro: folds 
Kristo 914: folds 
Supermegopro: folds 
Powerpoint66: folds 
Uncalled bet ($0.50) returned to GuigaMan
GuigaMan collected $1 from pot
*** SUMMARY ***
Total pot $1 | Rake $0 
Seat 1: Powerpoint66 (small blind) folded before Flop
Seat 2: GuigaMan (big blind) collected ($1)
Seat 3: Haalleluja folded before Flop (didn't bet)
Seat 4: Nicedaymybro folded before Flop (didn't bet)
Seat 5: Kristo 914 folded before Flop (didn't bet)
Seat 6: Supermegopro (button) folded before Flop (didn't bet)



PokerStars Hand #254413313688:  Hold'em No Limit ($0.50/$1.00 USD) - 2025/01/17 12:55:53 WET [2025/01/17 7:55:53 ET]
Table 'Pongola III' 6-max Seat #1 is the button
Seat 1: Powerpoint66 ($75.08 in chips) 
Seat 2: GuigaMan ($203.28 in chips) 
Seat 3: Haalleluja ($136.15 in chips) 
Seat 4: Nicedaymybro ($100 in chips) 
Seat 5: Kristo 914 ($102.50 in chips) 
Seat 6: Supermegopro ($146.61 in chips) 
GuigaMan: posts small blind $0.50
Haalleluja: posts big blind $1
*** HOLE CARDS ***
Nicedaymybro: folds 
Kristo 914: folds 
Supermegopro: folds 
Powerpoint66: folds 
GuigaMan: raises $2 to $3
Haalleluja: folds 
Uncalled bet ($2) returned to GuigaMan
GuigaMan collected $2 from pot
*** SUMMARY ***
Total pot $2 | Rake $0 
Seat 1: Powerpoint66 (button) folded before Flop (didn't bet)
Seat 2: GuigaMan (small blind) collected ($2)
Seat 3: Haalleluja (big blind) folded before Flop
Seat 4: Nicedaymybro folded before Flop (didn't bet)
Seat 5: Kristo 914 folded before Flop (didn't bet)
Seat 6: Supermegopro folded before Flop (didn't bet)



PokerStars Hand #254413315342:  Hold'em No Limit ($0.50/$1.00 USD) - 2025/01/17 12:56:05 WET [2025/01/17 7:56:05 ET]
Table 'Pongola III' 6-max Seat #2 is the button
Seat 1: Powerpoint66 ($75.08 in chips) 
Seat 2: GuigaMan ($204.28 in chips) 
Seat 3: Haalleluja ($135.15 in chips) 
Seat 4: Nicedaymybro ($100 in chips) 
Seat 5: Kristo 914 ($102.50 in chips) 
Seat 6: Supermegopro ($146.61 in chips) 
Haalleluja: posts small blind $0.50
Nicedaymybro: posts big blind $1
*** HOLE CARDS ***
Kristo 914: folds 
Supermegopro: folds 
Powerpoint66: folds 
GuigaMan: raises $1.10 to $2.10
Haalleluja: calls $1.60
Nicedaymybro: calls $1.10
*** FLOP *** [Kc Qs 2s]
Haalleluja: checks 
Nicedaymybro: checks 
GuigaMan: bets $3.23
Haalleluja: folds 
Nicedaymybro: folds 
Uncalled bet ($3.23) returned to GuigaMan
GuigaMan collected $5.98 from pot
*** SUMMARY ***
Total pot $6.30 | Rake $0.32 
Board [Kc Qs 2s]
Seat 1: Powerpoint66 folded before Flop (didn't bet)
Seat 2: GuigaMan (button) collected ($5.98)
Seat 3: Haalleluja (small blind) folded on the Flop
Seat 4: Nicedaymybro (big blind) folded on the Flop
Seat 5: Kristo 914 folded before Flop (didn't bet)
Seat 6: Supermegopro folded before Flop (didn't bet)



PokerStars Hand #254413318946:  Hold'em No Limit ($0.50/$1.00 USD) - 2025/01/17 12:56:34 WET [2025/01/17 7:56:34 ET]
Table 'Pongola III' 6-max Seat #3 is the button
Seat 5: Kristo 914 ($102.50 in chips) is sitting out
Seat 1: Powerpoint66 ($75.08 in chips) 
Seat 2: GuigaMan ($208.16 in chips) 
Seat 3: Haalleluja ($133.05 in chips) 
Seat 4: Nicedaymybro ($100 in chips) 
Seat 6: Supermegopro ($146.61 in chips) 
Nicedaymybro: posts small blind $0.50
Kristo 914: is sitting out 
Kristo 914 leaves the table
Supermegopro: posts big blind $1
*** HOLE CARDS ***
Powerpoint66: folds 
GuigaMan: folds 
Haalleluja: raises $2 to $3
Nicedaymybro: folds 
OrioNCOOL joins the table at seat #5 
Supermegopro: folds 
Uncalled bet ($2) returned to Haalleluja
Haalleluja collected $2.50 from pot
*** SUMMARY ***
Total pot $2.50 | Rake $0 
Seat 5: Kristo 914
Seat 1: Powerpoint66 folded before Flop (didn't bet)
Seat 2: GuigaMan folded before Flop (didn't bet)
Seat 3: Haalleluja (button) collected ($2.50)
Seat 4: Nicedaymybro (small blind) folded before Flop
Seat 6: Supermegopro (big blind) folded before Flop



PokerStars Hand #254413321948:  Hold'em No Limit ($0.50/$1.00 USD) - 2025/01/17 12:56:57 WET [2025/01/17 7:56:57 ET]
Table 'Pongola III' 6-max Seat #4 is the button
Seat 5: OrioNCOOL ($100 in chips) is sitting out
Seat 1: Powerpoint66 ($75.08 in chips) 
Seat 2: GuigaMan ($208.16 in chips) 
Seat 3: Haalleluja ($134.55 in chips) 
Seat 4: Nicedaymybro ($100 in chips) 
Seat 6: Supermegopro ($145.61 in chips) 
Supermegopro: posts small blind $0.50
Powerpoint66: posts big blind $1
*** HOLE CARDS ***
GuigaMan: folds 
Haalleluja: folds 
Nicedaymybro: raises $1.50 to $2.50
Supermegopro: folds 
Powerpoint66: calls $1.50
*** FLOP *** [Qd 5c 9d]
Powerpoint66: checks 
Nicedaymybro: bets $2.61
Powerpoint66: calls $2.61
*** TURN *** [Qd 5c 9d] [2s]
Powerpoint66: checks 
Nicedaymybro: checks 
*** RIVER *** [Qd 5c 9d 2s] [6s]
Powerpoint66: checks 
Nicedaymybro: checks 
*** SHOW DOWN ***
Powerpoint66: shows [7s 7d] (a pair of Sevens)
Nicedaymybro: mucks hand 
Powerpoint66 collected $10.04 from pot
*** SUMMARY ***
Total pot $10.72 | Rake $0.68 
Board [Qd 5c 9d 2s 6s]
Seat 5: OrioNCOOL
Seat 1: Powerpoint66 (big blind) showed [7s 7d] and won ($10.04) with a pair of Sevens
Seat 2: GuigaMan folded before Flop (didn't bet)
Seat 3: Haalleluja folded before Flop (didn't bet)
Seat 4: Nicedaymybro (button) mucked
Seat 6: Supermegopro (small blind) folded before Flop



PokerStars Hand #254413325722:  Hold'em No Limit ($0.50/$1.00 USD) - 2025/01/17 12:57:27 WET [2025/01/17 7:57:27 ET]
Table 'Pongola III' 6-max Seat #6 is the button
Seat 5: OrioNCOOL ($100 in chips) is sitting out
Seat 1: Powerpoint66 ($80.01 in chips) 
Seat 2: GuigaMan ($208.16 in chips) 
Seat 3: Haalleluja ($134.55 in chips) 
Seat 4: Nicedaymybro ($100 in chips) 
Seat 6: Supermegopro ($145.11 in chips) 
Powerpoint66: posts small blind $0.50
GuigaMan: posts big blind $1
OrioNCOOL: sits out 
*** HOLE CARDS ***
Haalleluja: folds 
Nicedaymybro: folds 
Supermegopro: raises $1.50 to $2.50
Powerpoint66: folds 
GuigaMan: folds 
Uncalled bet ($1.50) returned to Supermegopro
Supermegopro collected $2.50 from pot
Supermegopro: doesn't show hand 
*** SUMMARY ***
Total pot $2.50 | Rake $0 
Seat 5: OrioNCOOL
Seat 1: Powerpoint66 (small blind) folded before Flop
Seat 2: GuigaMan (big blind) folded before Flop
Seat 3: Haalleluja folded before Flop (didn't bet)
Seat 4: Nicedaymybro folded before Flop (didn't bet)
Seat 6: Supermegopro (button) collected ($2.50)



PokerStars Hand #254413327008:  Hold'em No Limit ($0.50/$1.00 USD) - 2025/01/17 12:57:37 WET [2025/01/17 7:57:37 ET]
Table 'Pongola III' 6-max Seat #1 is the button
Seat 5: OrioNCOOL ($100 in chips) is sitting out
Seat 1: Powerpoint66 ($79.51 in chips) 
Seat 2: GuigaMan ($207.16 in chips) 
Seat 3: Haalleluja ($134.55 in chips) 
Seat 4: Nicedaymybro ($100 in chips) 
Seat 6: Supermegopro ($146.61 in chips) 
GuigaMan: posts small blind $0.50
Haalleluja: posts big blind $1
OrioNCOOL: sits out 
*** HOLE CARDS ***
Nicedaymybro: folds 
Supermegopro: folds 
Powerpoint66: folds 
GuigaMan: folds 
Uncalled bet ($0.50) returned to Haalleluja
Haalleluja collected $1 from pot
*** SUMMARY ***
Total pot $1 | Rake $0 
Seat 5: OrioNCOOL
Seat 1: Powerpoint66 (button) folded before Flop (didn't bet)
Seat 2: GuigaMan (small blind) folded before Flop
Seat 3: Haalleluja (big blind) collected ($1)
Seat 4: Nicedaymybro folded before Flop (didn't bet)
Seat 6: Supermegopro folded before Flop (didn't bet)



PokerStars Hand #254413328035:  Hold'em No Limit ($0.50/$1.00 USD) - 2025/01/17 12:57:46 WET [2025/01/17 7:57:46 ET]
Table 'Pongola III' 6-max Seat #2 is the button
Seat 5: OrioNCOOL ($100 in chips) is sitting out
Seat 1: Powerpoint66 ($79.51 in chips) 
Seat 2: GuigaMan ($206.66 in chips) 
Seat 3: Haalleluja ($135.05 in chips) 
Seat 4: Nicedaymybro ($100 in chips) 
Seat 6: Supermegopro ($146.61 in chips) 
Haalleluja: posts small blind $0.50
Nicedaymybro: posts big blind $1
OrioNCOOL: sits out 
*** HOLE CARDS ***
Supermegopro: folds 
Powerpoint66: folds 
GuigaMan: folds 
Haalleluja: raises $2 to $3
Nicedaymybro: folds 
Uncalled bet ($2) returned to Haalleluja
Haalleluja collected $2 from pot
*** SUMMARY ***
Total pot $2 | Rake $0 
Seat 5: OrioNCOOL
Seat 1: Powerpoint66 folded before Flop (didn't bet)
Seat 2: GuigaMan (button) folded before Flop (didn't bet)
Seat 3: Haalleluja (small blind) collected ($2)
Seat 4: Nicedaymybro (big blind) folded before Flop
Seat 6: Supermegopro folded before Flop (didn't bet)



PokerStars Hand #254413329926:  Hold'em No Limit ($0.50/$1.00 USD) - 2025/01/17 12:58:01 WET [2025/01/17 7:58:01 ET]
Table 'Pongola III' 6-max Seat #3 is the button
Seat 1: Powerpoint66 ($79.51 in chips) 
Seat 2: GuigaMan ($206.66 in chips) 
Seat 3: Haalleluja ($136.05 in chips) 
Seat 4: Nicedaymybro ($100 in chips) 
Seat 5: OrioNCOOL ($100 in chips) 
Seat 6: Supermegopro ($146.61 in chips) 
Nicedaymybro: posts small blind $0.50
OrioNCOOL: posts big blind $1
*** HOLE CARDS ***
Supermegopro: raises $1.50 to $2.50
Powerpoint66: folds 
GuigaMan: folds 
Haalleluja: folds 
Nicedaymybro: folds 
OrioNCOOL: folds 
Uncalled bet ($1.50) returned to Supermegopro
Supermegopro collected $2.50 from pot
Supermegopro: doesn't show hand 
*** SUMMARY ***
Total pot $2.50 | Rake $0 
Seat 1: Powerpoint66 folded before Flop (didn't bet)
Seat 2: GuigaMan folded before Flop (didn't bet)
Seat 3: Haalleluja (button) folded before Flop (didn't bet)
Seat 4: Nicedaymybro (small blind) folded before Flop
Seat 5: OrioNCOOL (big blind) folded before Flop
Seat 6: Supermegopro collected ($2.50)



PokerStars Hand #254413331742:  Hold'em No Limit ($0.50/$1.00 USD) - 2025/01/17 12:58:16 WET [2025/01/17 7:58:16 ET]
Table 'Pongola III' 6-max Seat #4 is the button
Seat 1: Powerpoint66 ($79.51 in chips) 
Seat 2: GuigaMan ($206.66 in chips) 
Seat 3: Haalleluja ($136.05 in chips) 
Seat 4: Nicedaymybro ($100 in chips) 
Seat 5: OrioNCOOL ($100 in chips) 
Seat 6: Supermegopro ($148.11 in chips) 
OrioNCOOL: posts small blind $0.50
Supermegopro: posts big blind $1
*** HOLE CARDS ***
Powerpoint66: folds 
GuigaMan: raises $1.10 to $2.10
Haalleluja: folds 
Nicedaymybro: folds 
OrioNCOOL: folds 
Supermegopro: folds 
Uncalled bet ($1.10) returned to GuigaMan
GuigaMan collected $2.50 from pot
*** SUMMARY ***
Total pot $2.50 | Rake $0 
Seat 1: Powerpoint66 folded before Flop (didn't bet)
Seat 2: GuigaMan collected ($2.50)
Seat 3: Haalleluja folded before Flop (didn't bet)
Seat 4: Nicedaymybro (button) folded before Flop (didn't bet)
Seat 5: OrioNCOOL (small blind) folded before Flop
Seat 6: Supermegopro (big blind) folded before Flop



PokerStars Hand #254413368469:  Hold'em No Limit ($0.50/$1.00 USD) - 2025/01/17 13:02:40 WET [2025/01/17 8:02:40 ET]
Table 'Pongola III' 6-max Seat #2 is the button
Seat 5: OrioNCOOL ($100 in chips) is sitting out
Seat 1: Powerpoint66 ($79.50 in chips) 
Seat 2: GuigaMan ($201.94 in chips) 
Seat 3: Haalleluja ($143.99 in chips) 
Seat 4: Nicedaymybro ($100.78 in chips) 
Seat 6: Supermegopro ($142.61 in chips) 
Haalleluja: posts small blind $0.50
Nicedaymybro: posts big blind $1
*** HOLE CARDS ***
Supermegopro: folds 
Powerpoint66: raises $2.50 to $3.50
GuigaMan: folds 
Haalleluja: folds 
Nicedaymybro: calls $2.50
*** FLOP *** [3d 3s 8d]
Nicedaymybro: checks 
Powerpoint66: bets $4
Nicedaymybro: calls $4
*** TURN *** [3d 3s 8d] [2c]
Nicedaymybro: checks 
Powerpoint66: bets $5
Nicedaymybro: calls $5
*** RIVER *** [3d 3s 8d 2c] [7c]
Nicedaymybro: checks 
Powerpoint66: bets $7
Nicedaymybro: folds 
Uncalled bet ($7) returned to Powerpoint66
Powerpoint66 collected $23.90 from pot
*** SUMMARY ***
Total pot $25.50 | Rake $1.60 
Board [3d 3s 8d 2c 7c]
Seat 5: OrioNCOOL
Seat 1: Powerpoint66 collected ($23.90)
Seat 2: GuigaMan (button) folded before Flop (didn't bet)
Seat 3: Haalleluja (small blind) folded before Flop
Seat 4: Nicedaymybro (big blind) folded on the River
Seat 6: Supermegopro folded before Flop (didn't bet)



PokerStars Hand #254413375389:  Hold'em No Limit ($0.50/$1.00 USD) - 2025/01/17 13:03:23 WET [2025/01/17 8:03:23 ET]
Table 'Pongola III' 6-max Seat #3 is the button
Seat 5: OrioNCOOL ($100 in chips) is sitting out
Seat 1: Powerpoint66 ($90.90 in chips) 
Seat 2: GuigaMan ($201.94 in chips) 
Seat 3: Haalleluja ($143.49 in chips) 
Seat 4: Nicedaymybro ($100 in chips) 
Seat 6: Supermegopro ($142.61 in chips) 
Nicedaymybro: posts small blind $0.50
Supermegopro: posts big blind $1
*** HOLE CARDS ***
Powerpoint66 has timed out
Powerpoint66: folds 
GuigaMan: folds 
Haalleluja: raises $2 to $3
Nicedaymybro: folds 
Supermegopro: calls $2
*** FLOP *** [Ac 4s Jd]
Supermegopro: checks 
Haalleluja: checks 
*** TURN *** [Ac 4s Jd] [9c]
Supermegopro: checks 
Haalleluja: checks 
*** RIVER *** [Ac 4s Jd 9c] [9d]
Supermegopro: bets $1
Haalleluja: folds 
Uncalled bet ($1) returned to Supermegopro
Supermegopro collected $6.18 from pot
Supermegopro: doesn't show hand 
*** SUMMARY ***
Total pot $6.50 | Rake $0.32 
Board [Ac 4s Jd 9c 9d]
Seat 5: OrioNCOOL
Seat 1: Powerpoint66 folded before Flop (didn't bet)
Seat 2: GuigaMan folded before Flop (didn't bet)
Seat 3: Haalleluja (button) folded on the River
Seat 4: Nicedaymybro (small blind) folded before Flop
Seat 6: Supermegopro (big blind) collected ($6.18)



PokerStars Hand #254413384032:  Hold'em No Limit ($0.50/$1.00 USD) - 2025/01/17 13:04:18 WET [2025/01/17 8:04:18 ET]
Table 'Pongola III' 6-max Seat #4 is the button
Seat 3: Haalleluja ($140.49 in chips) is sitting out
Seat 5: OrioNCOOL ($100 in chips) is sitting out
Seat 1: Powerpoint66 ($90.90 in chips) 
Seat 2: GuigaMan ($201.94 in chips) 
Seat 4: Nicedaymybro ($100 in chips) 
Seat 6: Supermegopro ($145.79 in chips) 
Supermegopro: posts small blind $0.50
Powerpoint66: posts big blind $1
*** HOLE CARDS ***
GuigaMan: folds 
Haalleluja leaves the table
Nicedaymybro: folds 
Supermegopro: folds 
Uncalled bet ($0.50) returned to Powerpoint66
Powerpoint66 collected $1 from pot
*** SUMMARY ***
Total pot $1 | Rake $0 
Seat 3: Haalleluja
Seat 5: OrioNCOOL
Seat 1: Powerpoint66 (big blind) collected ($1)
Seat 2: GuigaMan folded before Flop (didn't bet)
Seat 4: Nicedaymybro (button) folded before Flop (didn't bet)
Seat 6: Supermegopro (small blind) folded before Flop



PokerStars Hand #254413385451:  Hold'em No Limit ($0.50/$1.00 USD) - 2025/01/17 13:04:27 WET [2025/01/17 8:04:27 ET]
Table 'Pongola III' 6-max Seat #6 is the button
Seat 5: OrioNCOOL ($100 in chips) is sitting out
Seat 1: Powerpoint66 ($91.40 in chips) 
Seat 2: GuigaMan ($201.94 in chips) 
Seat 4: Nicedaymybro ($100 in chips) 
Seat 6: Supermegopro ($145.29 in chips) 
Powerpoint66: posts small blind $0.50
GuigaMan: posts big blind $1
OrioNCOOL: sits out 
*** HOLE CARDS ***
Nicedaymybro: folds 
Supermegopro: raises $1.50 to $2.50
Powerpoint66: folds 
GuigaMan: calls $1.50
*** FLOP *** [Kd Ks Qc]
GuigaMan: checks 
Supermegopro: checks 
*** TURN *** [Kd Ks Qc] [5d]
GuigaMan: checks 
Supermegopro: checks 
*** RIVER *** [Kd Ks Qc 5d] [2c]
GuigaMan: checks 
Supermegopro: checks 
*** SHOW DOWN ***
GuigaMan: shows [5h 6h] (two pair, Kings and Fives)
Supermegopro: mucks hand 
GuigaMan collected $5.22 from pot
*** SUMMARY ***
Total pot $5.50 | Rake $0.28 
Board [Kd Ks Qc 5d 2c]
Seat 5: OrioNCOOL
Seat 1: Powerpoint66 (small blind) folded before Flop
Seat 2: GuigaMan (big blind) showed [5h 6h] and won ($5.22) with two pair, Kings and Fives
Seat 4: Nicedaymybro folded before Flop (didn't bet)
Seat 6: Supermegopro (button) mucked



PokerStars Hand #254413390239:  Hold'em No Limit ($0.50/$1.00 USD) - 2025/01/17 13:04:57 WET [2025/01/17 8:04:57 ET]
Table 'Pongola III' 6-max Seat #1 is the button
Seat 5: OrioNCOOL ($100 in chips) is sitting out
Seat 1: Powerpoint66 ($90.90 in chips) 
Seat 2: GuigaMan ($204.66 in chips) 
Seat 4: Nicedaymybro ($100 in chips) 
Seat 6: Supermegopro ($142.79 in chips) 
GuigaMan: posts small blind $0.50
Nicedaymybro: posts big blind $1
OrioNCOOL: sits out 
*** HOLE CARDS ***
Supermegopro: raises $1.50 to $2.50
Powerpoint66: folds 
GuigaMan: folds 
Nicedaymybro: raises $8.50 to $11
Supermegopro: calls $8.50
*** FLOP *** [Ad 5s 2h]
Nicedaymybro: bets $7.10
Supermegopro: calls $7.10
*** TURN *** [Ad 5s 2h] [9h]
Nicedaymybro: bets $23.56
Supermegopro: folds 
Uncalled bet ($23.56) returned to Nicedaymybro
Nicedaymybro collected $35.70 from pot
Nicedaymybro: doesn't show hand 
*** SUMMARY ***
Total pot $36.70 | Rake $1 
Board [Ad 5s 2h 9h]
Seat 5: OrioNCOOL
Seat 1: Powerpoint66 (button) folded before Flop (didn't bet)
Seat 2: GuigaMan (small blind) folded before Flop
Seat 4: Nicedaymybro (big blind) collected ($35.70)
Seat 6: Supermegopro folded on the Turn



PokerStars Hand #254413397325:  Hold'em No Limit ($0.50/$1.00 USD) - 2025/01/17 13:05:41 WET [2025/01/17 8:05:41 ET]
Table 'Pongola III' 6-max Seat #2 is the button
Seat 1: Powerpoint66 ($90.90 in chips) 
Seat 2: GuigaMan ($204.16 in chips) 
Seat 4: Nicedaymybro ($117.60 in chips) 
Seat 5: OrioNCOOL ($100 in chips) 
Seat 6: Supermegopro ($124.69 in chips) 
Nicedaymybro: posts small blind $0.50
OrioNCOOL: posts big blind $1
*** HOLE CARDS ***
_Dadarion_ joins the table at seat #3 
_Dadarion_ is disconnected 
Supermegopro: raises $1.50 to $2.50
Powerpoint66: folds 
GuigaMan: folds 
Nicedaymybro: folds 
OrioNCOOL: raises $9.50 to $12
Supermegopro: raises $112.69 to $124.69 and is all-in
OrioNCOOL: calls $88 and is all-in
Uncalled bet ($24.69) returned to Supermegopro
*** FLOP *** [8d 7s As]
*** TURN *** [8d 7s As] [Qc]
*** RIVER *** [8d 7s As Qc] [7c]
*** SHOW DOWN ***
OrioNCOOL: shows [Ad Ac] (a full house, Aces full of Sevens)
Supermegopro: shows [Qd Qh] (a full house, Queens full of Sevens)
OrioNCOOL collected $198 from pot
*** SUMMARY ***
Total pot $200.50 | Rake $2.50 
Board [8d 7s As Qc 7c]
Seat 1: Powerpoint66 folded before Flop (didn't bet)
Seat 2: GuigaMan (button) folded before Flop (didn't bet)
Seat 4: Nicedaymybro (small blind) folded before Flop
Seat 5: OrioNCOOL (big blind) showed [Ad Ac] and won ($198) with a full house, Aces full of Sevens
Seat 6: Supermegopro showed [Qd Qh] and lost with a full house, Queens full of Sevens



PokerStars Hand #254413402200:  Hold'em No Limit ($0.50/$1.00 USD) - 2025/01/17 13:06:11 WET [2025/01/17 8:06:11 ET]
Table 'Pongola III' 6-max Seat #4 is the button
Seat 1: Powerpoint66 ($90.90 in chips) 
Seat 2: GuigaMan ($204.16 in chips) 
Seat 3: _Dadarion_ ($100 in chips) 
Seat 4: Nicedaymybro ($117.10 in chips) 
Seat 5: OrioNCOOL ($198 in chips) 
Seat 6: Supermegopro ($24.69 in chips) 
OrioNCOOL: posts small blind $0.50
Supermegopro: posts big blind $1
_Dadarion_: posts big blind $1
*** HOLE CARDS ***
Powerpoint66: folds 
GuigaMan: folds 
_Dadarion_: checks 
Nicedaymybro: folds 
OrioNCOOL: raises $2.50 to $3.50
Supermegopro: folds 
_Dadarion_ is disconnected 
_Dadarion_ is connected 
_Dadarion_: folds 
Uncalled bet ($2.50) returned to OrioNCOOL
OrioNCOOL collected $3 from pot
OrioNCOOL: doesn't show hand 
*** SUMMARY ***
Total pot $3 | Rake $0 
Seat 1: Powerpoint66 folded before Flop (didn't bet)
Seat 2: GuigaMan folded before Flop (didn't bet)
Seat 3: _Dadarion_ folded before Flop (didn't bet)
Seat 4: Nicedaymybro (button) folded before Flop (didn't bet)
Seat 5: OrioNCOOL (small blind) collected ($3)
Seat 6: Supermegopro (big blind) folded before Flop



PokerStars Hand #254413412013:  Hold'em No Limit ($0.50/$1.00 USD) - 2025/01/17 13:07:13 WET [2025/01/17 8:07:13 ET]
Table 'Pongola III' 6-max Seat #5 is the button
Seat 1: Powerpoint66 ($90.90 in chips) 
Seat 2: GuigaMan ($204.16 in chips) 
Seat 3: _Dadarion_ ($99 in chips) 
Seat 4: Nicedaymybro ($117.10 in chips) 
Seat 5: OrioNCOOL ($200 in chips) 
Seat 6: Supermegopro ($23.69 in chips) 
Supermegopro: posts small blind $0.50
Powerpoint66: posts big blind $1
*** HOLE CARDS ***
GuigaMan: folds 
_Dadarion_: calls $1
Nicedaymybro: folds 
OrioNCOOL: raises $2.50 to $3.50
Supermegopro: folds 
Powerpoint66: folds 
_Dadarion_: calls $2.50
*** FLOP *** [4h 6h 5s]
_Dadarion_: bets $4.04
OrioNCOOL: folds 
Uncalled bet ($4.04) returned to _Dadarion_
_Dadarion_ collected $8.08 from pot
*** SUMMARY ***
Total pot $8.50 | Rake $0.42 
Board [4h 6h 5s]
Seat 1: Powerpoint66 (big blind) folded before Flop
Seat 2: GuigaMan folded before Flop (didn't bet)
Seat 3: _Dadarion_ collected ($8.08)
Seat 4: Nicedaymybro folded before Flop (didn't bet)
Seat 5: OrioNCOOL (button) folded on the Flop
Seat 6: Supermegopro (small blind) folded before Flop



PokerStars Hand #254413418181:  Hold'em No Limit ($0.50/$1.00 USD) - 2025/01/17 13:07:52 WET [2025/01/17 8:07:52 ET]
Table 'Pongola III' 6-max Seat #6 is the button
Seat 1: Powerpoint66 ($89.90 in chips) 
Seat 2: GuigaMan ($204.16 in chips) 
Seat 3: _Dadarion_ ($103.58 in chips) 
Seat 4: Nicedaymybro ($117.10 in chips) 
Seat 5: OrioNCOOL ($196.50 in chips) 
Seat 6: Supermegopro ($23.19 in chips) 
Powerpoint66: posts small blind $0.50
GuigaMan: posts big blind $1
*** HOLE CARDS ***
_Dadarion_: calls $1
Nicedaymybro: folds 
OrioNCOOL: folds 
Supermegopro: folds 
Powerpoint66: folds 
GuigaMan: checks 
*** FLOP *** [3h 4s Ac]
GuigaMan: checks 
_Dadarion_: bets $2.38
GuigaMan: folds 
Uncalled bet ($2.38) returned to _Dadarion_
_Dadarion_ collected $2.38 from pot
*** SUMMARY ***
Total pot $2.50 | Rake $0.12 
Board [3h 4s Ac]
Seat 1: Powerpoint66 (small blind) folded before Flop
Seat 2: GuigaMan (big blind) folded on the Flop
Seat 3: _Dadarion_ collected ($2.38)
Seat 4: Nicedaymybro folded before Flop (didn't bet)
Seat 5: OrioNCOOL folded before Flop (didn't bet)
Seat 6: Supermegopro (button) folded before Flop (didn't bet)



PokerStars Hand #254413422664:  Hold'em No Limit ($0.50/$1.00 USD) - 2025/01/17 13:08:20 WET [2025/01/17 8:08:20 ET]
Table 'Pongola III' 6-max Seat #1 is the button
Seat 1: Powerpoint66 ($89.40 in chips) 
Seat 2: GuigaMan ($203.16 in chips) 
Seat 3: _Dadarion_ ($104.96 in chips) 
Seat 4: Nicedaymybro ($117.10 in chips) 
Seat 5: OrioNCOOL ($196.50 in chips) 
Seat 6: Supermegopro ($23.19 in chips) 
GuigaMan: posts small blind $0.50
_Dadarion_: posts big blind $1
*** HOLE CARDS ***
Nicedaymybro: folds 
OrioNCOOL: raises $1.50 to $2.50
Supermegopro: folds 
Powerpoint66: folds 
GuigaMan: folds 
_Dadarion_: calls $1.50
*** FLOP *** [5d 6h Qd]
_Dadarion_: bets $5.22
OrioNCOOL: folds 
Uncalled bet ($5.22) returned to _Dadarion_
_Dadarion_ collected $5.22 from pot
*** SUMMARY ***
Total pot $5.50 | Rake $0.28 
Board [5d 6h Qd]
Seat 1: Powerpoint66 (button) folded before Flop (didn't bet)
Seat 2: GuigaMan (small blind) folded before Flop
Seat 3: _Dadarion_ (big blind) collected ($5.22)
Seat 4: Nicedaymybro folded before Flop (didn't bet)
Seat 5: OrioNCOOL folded on the Flop
Seat 6: Supermegopro folded before Flop (didn't bet)



PokerStars Hand #254413427197:  Hold'em No Limit ($0.50/$1.00 USD) - 2025/01/17 13:08:49 WET [2025/01/17 8:08:49 ET]
Table 'Pongola III' 6-max Seat #2 is the button
Seat 1: Powerpoint66 ($89.40 in chips) 
Seat 2: GuigaMan ($202.66 in chips) 
Seat 3: _Dadarion_ ($107.68 in chips) 
Seat 4: Nicedaymybro ($117.10 in chips) 
Seat 5: OrioNCOOL ($194 in chips) 
Seat 6: Supermegopro ($23.19 in chips) 
_Dadarion_: posts small blind $0.50
Nicedaymybro: posts big blind $1
*** HOLE CARDS ***
OrioNCOOL: folds 
Supermegopro: raises $1.50 to $2.50
Powerpoint66: folds 
GuigaMan: folds 
_Dadarion_: folds 
Nicedaymybro: folds 
Uncalled bet ($1.50) returned to Supermegopro
Supermegopro collected $2.50 from pot
Supermegopro: doesn't show hand 
*** SUMMARY ***
Total pot $2.50 | Rake $0 
Seat 1: Powerpoint66 folded before Flop (didn't bet)
Seat 2: GuigaMan (button) folded before Flop (didn't bet)
Seat 3: _Dadarion_ (small blind) folded before Flop
Seat 4: Nicedaymybro (big blind) folded before Flop
Seat 5: OrioNCOOL folded before Flop (didn't bet)
Seat 6: Supermegopro collected ($2.50)



PokerStars Hand #254413430304:  Hold'em No Limit ($0.50/$1.00 USD) - 2025/01/17 13:09:09 WET [2025/01/17 8:09:09 ET]
Table 'Pongola III' 6-max Seat #3 is the button
Seat 1: Powerpoint66 ($89.40 in chips) 
Seat 2: GuigaMan ($202.66 in chips) 
Seat 3: _Dadarion_ ($107.18 in chips) 
Seat 4: Nicedaymybro ($116.10 in chips) 
Seat 5: OrioNCOOL ($194 in chips) 
Seat 6: Supermegopro ($24.69 in chips) 
Nicedaymybro: posts small blind $0.50
OrioNCOOL: posts big blind $1
*** HOLE CARDS ***
Supermegopro: raises $1.50 to $2.50
Powerpoint66: folds 
GuigaMan: folds 
_Dadarion_: calls $2.50
Nicedaymybro: folds 
OrioNCOOL: calls $1.50
*** FLOP *** [6s Kd 5h]
OrioNCOOL: checks 
Supermegopro: bets $6
_Dadarion_: calls $6
OrioNCOOL: calls $6
*** TURN *** [6s Kd 5h] [Kc]
OrioNCOOL: checks 
Supermegopro: bets $16.19 and is all-in
_Dadarion_: calls $16.19
OrioNCOOL: folds 
*** RIVER *** [6s Kd 5h Kc] [5c]
*** SHOW DOWN ***
Supermegopro: shows [Ks As] (a full house, Kings full of Fives)
_Dadarion_: shows [2c Ah] (two pair, Kings and Fives)
Supermegopro collected $55.88 from pot
*** SUMMARY ***
Total pot $58.38 | Rake $2.50 
Board [6s Kd 5h Kc 5c]
Seat 1: Powerpoint66 folded before Flop (didn't bet)
Seat 2: GuigaMan folded before Flop (didn't bet)
Seat 3: _Dadarion_ (button) showed [2c Ah] and lost with two pair, Kings and Fives
Seat 4: Nicedaymybro (small blind) folded before Flop
Seat 5: OrioNCOOL (big blind) folded on the Turn
Seat 6: Supermegopro showed [Ks As] and won ($55.88) with a full house, Kings full of Fives



PokerStars Hand #254413435781:  Hold'em No Limit ($0.50/$1.00 USD) - 2025/01/17 13:09:44 WET [2025/01/17 8:09:44 ET]
Table 'Pongola III' 6-max Seat #4 is the button
Seat 1: Powerpoint66 ($89.40 in chips) 
Seat 2: GuigaMan ($202.66 in chips) 
Seat 3: _Dadarion_ ($82.49 in chips) 
Seat 4: Nicedaymybro ($115.60 in chips) 
Seat 5: OrioNCOOL ($185.50 in chips) 
Seat 6: Supermegopro ($55.88 in chips) 
OrioNCOOL: posts small blind $0.50
Supermegopro: posts big blind $1
*** HOLE CARDS ***
Powerpoint66: folds 
GuigaMan: folds 
_Dadarion_: folds 
Nicedaymybro: raises $1.50 to $2.50
OrioNCOOL: folds 
Supermegopro: folds 
Uncalled bet ($1.50) returned to Nicedaymybro
Nicedaymybro collected $2.50 from pot
Nicedaymybro: doesn't show hand 
*** SUMMARY ***
Total pot $2.50 | Rake $0 
Seat 1: Powerpoint66 folded before Flop (didn't bet)
Seat 2: GuigaMan folded before Flop (didn't bet)
Seat 3: _Dadarion_ folded before Flop (didn't bet)
Seat 4: Nicedaymybro (button) collected ($2.50)
Seat 5: OrioNCOOL (small blind) folded before Flop
Seat 6: Supermegopro (big blind) folded before Flop



PokerStars Hand #254413438673:  Hold'em No Limit ($0.50/$1.00 USD) - 2025/01/17 13:10:02 WET [2025/01/17 8:10:02 ET]
Table 'Pongola III' 6-max Seat #5 is the button
Seat 1: Powerpoint66 ($89.40 in chips) 
Seat 2: GuigaMan ($202.66 in chips) 
Seat 3: _Dadarion_ ($82.49 in chips) 
Seat 4: Nicedaymybro ($117.10 in chips) 
Seat 5: OrioNCOOL ($185 in chips) 
Seat 6: Supermegopro ($100 in chips) 
Supermegopro: posts small blind $0.50
Powerpoint66: posts big blind $1
*** HOLE CARDS ***
GuigaMan: folds 
_Dadarion_: raises $1 to $2
Nicedaymybro: folds 
OrioNCOOL: calls $2
Supermegopro: folds 
Powerpoint66: folds 
*** FLOP *** [9d 2s 4c]
_Dadarion_: bets $5.22
OrioNCOOL: calls $5.22
*** TURN *** [9d 2s 4c] [Th]
_Dadarion_: bets $75.27 and is all-in
OrioNCOOL: folds 
Uncalled bet ($75.27) returned to _Dadarion_
_Dadarion_ collected $15.14 from pot
*** SUMMARY ***
Total pot $15.94 | Rake $0.80 
Board [9d 2s 4c Th]
Seat 1: Powerpoint66 (big blind) folded before Flop
Seat 2: GuigaMan folded before Flop (didn't bet)
Seat 3: _Dadarion_ collected ($15.14)
Seat 4: Nicedaymybro folded before Flop (didn't bet)
Seat 5: OrioNCOOL (button) folded on the Turn
Seat 6: Supermegopro (small blind) folded before Flop



PokerStars Hand #254413444269:  Hold'em No Limit ($0.50/$1.00 USD) - 2025/01/17 13:10:37 WET [2025/01/17 8:10:37 ET]
Table 'Pongola III' 6-max Seat #6 is the button
Seat 1: Powerpoint66 ($88.40 in chips) 
Seat 2: GuigaMan ($202.66 in chips) 
Seat 3: _Dadarion_ ($90.41 in chips) 
Seat 4: Nicedaymybro ($117.10 in chips) 
Seat 5: OrioNCOOL ($177.78 in chips) 
Seat 6: Supermegopro ($99.50 in chips) 
Powerpoint66: posts small blind $0.50
GuigaMan: posts big blind $1
*** HOLE CARDS ***
_Dadarion_: folds 
_Dadarion_ leaves the table
Nicedaymybro: raises $1.50 to $2.50
OrioNCOOL: folds 
Supermegopro: folds 
Unipoker11 joins the table at seat #3 
Powerpoint66: calls $2
GuigaMan: folds 
*** FLOP *** [Ac Qh Td]
Powerpoint66: checks 
Nicedaymybro: checks 
*** TURN *** [Ac Qh Td] [As]
Powerpoint66: checks 
Nicedaymybro: bets $1.43
Powerpoint66: folds 
Uncalled bet ($1.43) returned to Nicedaymybro
Nicedaymybro collected $5.70 from pot
Nicedaymybro: doesn't show hand 
*** SUMMARY ***
Total pot $6 | Rake $0.30 
Board [Ac Qh Td As]
Seat 1: Powerpoint66 (small blind) folded on the Turn
Seat 2: GuigaMan (big blind) folded before Flop
Seat 3: _Dadarion_ folded before Flop (didn't bet)
Seat 4: Nicedaymybro collected ($5.70)
Seat 5: OrioNCOOL folded before Flop (didn't bet)
Seat 6: Supermegopro (button) folded before Flop (didn't bet)



PokerStars Hand #254413449257:  Hold'em No Limit ($0.50/$1.00 USD) - 2025/01/17 13:11:09 WET [2025/01/17 8:11:09 ET]
Table 'Pongola III' 6-max Seat #1 is the button
Seat 1: Powerpoint66 ($85.90 in chips) 
Seat 2: GuigaMan ($201.66 in chips) 
Seat 3: Unipoker11 ($100 in chips) 
Seat 4: Nicedaymybro ($120.30 in chips) 
Seat 5: OrioNCOOL ($177.78 in chips) 
Seat 6: Supermegopro ($100 in chips) 
GuigaMan: posts small blind $0.50
Unipoker11: posts big blind $1
*** HOLE CARDS ***
Nicedaymybro: folds 
OrioNCOOL: folds 
Nicedaymybro leaves the table
Supermegopro: folds 
Powerpoint66: folds 
GuigaMan: raises $2 to $3
Unipoker11: folds 
Uncalled bet ($2) returned to GuigaMan
GuigaMan collected $2 from pot
*** SUMMARY ***
Total pot $2 | Rake $0 
Seat 1: Powerpoint66 (button) folded before Flop (didn't bet)
Seat 2: GuigaMan (small blind) collected ($2)
Seat 3: Unipoker11 (big blind) folded before Flop
Seat 4: Nicedaymybro folded before Flop (didn't bet)
Seat 5: OrioNCOOL folded before Flop (didn't bet)
Seat 6: Supermegopro folded before Flop (didn't bet)



PokerStars Hand #254413454614:  Hold'em No Limit ($0.50/$1.00 USD) - 2025/01/17 13:11:43 WET [2025/01/17 8:11:43 ET]
Table 'Pongola III' 6-max Seat #2 is the button
Seat 1: Powerpoint66 ($85.90 in chips) 
Seat 2: GuigaMan ($202.66 in chips) 
Seat 3: Unipoker11 ($100 in chips) 
Seat 5: OrioNCOOL ($177.78 in chips) 
Seat 6: Supermegopro ($100 in chips) 
Unipoker11: posts small blind $0.50
OrioNCOOL: posts big blind $1
*** HOLE CARDS ***
Supermegopro: raises $1.50 to $2.50
ChuckNorrisQ joins the table at seat #4 
Powerpoint66 has timed out
Powerpoint66: folds 
GuigaMan: folds 
Unipoker11: folds 
OrioNCOOL: folds 
Uncalled bet ($1.50) returned to Supermegopro
Supermegopro collected $2.50 from pot
Supermegopro: doesn't show hand 
*** SUMMARY ***
Total pot $2.50 | Rake $0 
Seat 1: Powerpoint66 folded before Flop (didn't bet)
Seat 2: GuigaMan (button) folded before Flop (didn't bet)
Seat 3: Unipoker11 (small blind) folded before Flop
Seat 5: OrioNCOOL (big blind) folded before Flop
Seat 6: Supermegopro collected ($2.50)



PokerStars Hand #254413461165:  Hold'em No Limit ($0.50/$1.00 USD) - 2025/01/17 13:12:24 WET [2025/01/17 8:12:24 ET]
Table 'Pongola III' 6-max Seat #3 is the button
Seat 4: ChuckNorrisQ ($100 in chips) is sitting out
Seat 6: Supermegopro ($101.50 in chips) is sitting out
Seat 1: Powerpoint66 ($85.90 in chips) 
Seat 2: GuigaMan ($202.66 in chips) 
Seat 3: Unipoker11 ($100 in chips) 
Seat 5: OrioNCOOL ($176.78 in chips) 
OrioNCOOL: posts small blind $0.50
Supermegopro: is sitting out 
Powerpoint66: posts big blind $1
*** HOLE CARDS ***
GuigaMan: folds 
Supermegopro leaves the table
Unipoker11: folds 
OrioNCOOL: folds 
Uncalled bet ($0.50) returned to Powerpoint66
Powerpoint66 collected $1 from pot
*** SUMMARY ***
Total pot $1 | Rake $0 
Seat 4: ChuckNorrisQ
Seat 6: Supermegopro
Seat 1: Powerpoint66 (big blind) collected ($1)
Seat 2: GuigaMan folded before Flop (didn't bet)
Seat 3: Unipoker11 (button) folded before Flop (didn't bet)
Seat 5: OrioNCOOL (small blind) folded before Flop



PokerStars Hand #254413462790:  Hold'em No Limit ($0.50/$1.00 USD) - 2025/01/17 13:12:35 WET [2025/01/17 8:12:35 ET]
Table 'Pongola III' 6-max Seat #5 is the button
Seat 4: ChuckNorrisQ ($100 in chips) is sitting out
Seat 1: Powerpoint66 ($86.40 in chips) 
Seat 2: GuigaMan ($202.66 in chips) 
Seat 3: Unipoker11 ($100 in chips) 
Seat 5: OrioNCOOL ($176.28 in chips) 
Powerpoint66: posts small blind $0.50
GuigaMan: posts big blind $1
ChuckNorrisQ: sits out 
*** HOLE CARDS ***
Unipoker11: folds 
OrioNCOOL: folds 
Powerpoint66: folds 
Uncalled bet ($0.50) returned to GuigaMan
GuigaMan collected $1 from pot
*** SUMMARY ***
Total pot $1 | Rake $0 
Seat 4: ChuckNorrisQ
Seat 1: Powerpoint66 (small blind) folded before Flop
Seat 2: GuigaMan (big blind) collected ($1)
Seat 3: Unipoker11 folded before Flop (didn't bet)
Seat 5: OrioNCOOL (button) folded before Flop (didn't bet)



PokerStars Hand #254413464028:  Hold'em No Limit ($0.50/$1.00 USD) - 2025/01/17 13:12:42 WET [2025/01/17 8:12:42 ET]
Table 'Pongola III' 6-max Seat #1 is the button
Seat 4: ChuckNorrisQ ($100 in chips) is sitting out
Seat 1: Powerpoint66 ($85.90 in chips) 
Seat 2: GuigaMan ($203.16 in chips) 
Seat 3: Unipoker11 ($100 in chips) 
Seat 5: OrioNCOOL ($176.28 in chips) 
GuigaMan: posts small blind $0.50
Unipoker11: posts big blind $1
ChuckNorrisQ: sits out 
*** HOLE CARDS ***
OrioNCOOL: raises $1.50 to $2.50
Cle0patr4 joins the table at seat #6 
Powerpoint66 has timed out
Powerpoint66: folds 
GuigaMan: folds 
Unipoker11: folds 
Uncalled bet ($1.50) returned to OrioNCOOL
OrioNCOOL collected $2.50 from pot
OrioNCOOL: doesn't show hand 
*** SUMMARY ***
Total pot $2.50 | Rake $0 
Seat 4: ChuckNorrisQ
Seat 1: Powerpoint66 (button) folded before Flop (didn't bet)
Seat 2: GuigaMan (small blind) folded before Flop
Seat 3: Unipoker11 (big blind) folded before Flop
Seat 5: OrioNCOOL collected ($2.50)



PokerStars Hand #254413468104:  Hold'em No Limit ($0.50/$1.00 USD) - 2025/01/17 13:13:08 WET [2025/01/17 8:13:08 ET]
Table 'Pongola III' 6-max Seat #2 is the button
Seat 1: Powerpoint66 ($85.90 in chips) is sitting out
Seat 6: Cle0patr4 ($100 in chips) is sitting out
Seat 2: GuigaMan ($202.66 in chips) 
Seat 3: Unipoker11 ($100 in chips) 
Seat 4: ChuckNorrisQ ($100 in chips) 
Seat 5: OrioNCOOL ($177.78 in chips) 
Unipoker11: posts small blind $0.50
ChuckNorrisQ: posts big blind $1
Cle0patr4: sits out 
*** HOLE CARDS ***
OrioNCOOL: folds 
GuigaMan: folds 
Unipoker11: raises $2 to $3
ChuckNorrisQ: raises $6 to $9
Unipoker11: calls $6
*** FLOP *** [Ts 6h Td]
Unipoker11: checks 
ChuckNorrisQ: checks 
*** TURN *** [Ts 6h Td] [9h]
Unipoker11: bets $8.55
ChuckNorrisQ: calls $8.55
*** RIVER *** [Ts 6h Td 9h] [8h]
Unipoker11: checks 
ChuckNorrisQ: checks 
*** SHOW DOWN ***
Unipoker11: shows [Ks Qs] (a pair of Tens)
ChuckNorrisQ: shows [Js Jh] (two pair, Jacks and Tens)
ChuckNorrisQ collected $34.10 from pot
*** SUMMARY ***
Total pot $35.10 | Rake $1 
Board [Ts 6h Td 9h 8h]
Seat 1: Powerpoint66
Seat 6: Cle0patr4
Seat 2: GuigaMan (button) folded before Flop (didn't bet)
Seat 3: Unipoker11 (small blind) showed [Ks Qs] and lost with a pair of Tens
Seat 4: ChuckNorrisQ (big blind) showed [Js Jh] and won ($34.10) with two pair, Jacks and Tens
Seat 5: OrioNCOOL folded before Flop (didn't bet)



PokerStars Hand #254413481255:  Hold'em No Limit ($0.50/$1.00 USD) - 2025/01/17 13:14:31 WET [2025/01/17 8:14:31 ET]
Table 'Pongola III' 6-max Seat #3 is the button
Seat 5: OrioNCOOL ($177.78 in chips) is sitting out
Seat 1: Powerpoint66 ($85.90 in chips) 
Seat 2: GuigaMan ($202.66 in chips) 
Seat 3: Unipoker11 ($100 in chips) 
Seat 4: ChuckNorrisQ ($116.55 in chips) 
Seat 6: Cle0patr4 ($100 in chips) 
ChuckNorrisQ: posts small blind $0.50
OrioNCOOL: is sitting out 
Cle0patr4: posts big blind $1
*** HOLE CARDS ***
OrioNCOOL leaves the table
Powerpoint66 has timed out
Powerpoint66: folds 
GuigaMan: raises $1.10 to $2.10
Unipoker11: folds 
ChuckNorrisQ: folds 
Cle0patr4: calls $1.10
*** FLOP *** [9h 4d 7c]
Cle0patr4: checks 
GuigaMan: checks 
*** TURN *** [9h 4d 7c] [Ac]
Cle0patr4: checks 
GuigaMan: checks 
*** RIVER *** [9h 4d 7c Ac] [9d]
Cle0patr4: bets $6.02
GuigaMan: folds 
Uncalled bet ($6.02) returned to Cle0patr4
Cle0patr4 collected $4.46 from pot
Cle0patr4: doesn't show hand 
*** SUMMARY ***
Total pot $4.70 | Rake $0.24 
Board [9h 4d 7c Ac 9d]
Seat 5: OrioNCOOL
Seat 1: Powerpoint66 folded before Flop (didn't bet)
Seat 2: GuigaMan folded on the River
Seat 3: Unipoker11 (button) folded before Flop (didn't bet)
Seat 4: ChuckNorrisQ (small blind) folded before Flop
Seat 6: Cle0patr4 (big blind) collected ($4.46)



PokerStars Hand #254413488379:  Hold'em No Limit ($0.50/$1.00 USD) - 2025/01/17 13:15:15 WET [2025/01/17 8:15:15 ET]
Table 'Pongola III' 6-max Seat #4 is the button
Seat 1: Powerpoint66 ($85.90 in chips) is sitting out
Seat 2: GuigaMan ($200.56 in chips) 
Seat 3: Unipoker11 ($100 in chips) 
Seat 4: ChuckNorrisQ ($116.05 in chips) 
Seat 6: Cle0patr4 ($102.36 in chips) 
Cle0patr4: posts small blind $0.50
GuigaMan: posts big blind $1
*** HOLE CARDS ***
Unipoker11: folds 
ChuckNorrisQ: raises $1.50 to $2.50
Cle0patr4: folds 
franco232315 joins the table at seat #5 
GuigaMan: calls $1.50
*** FLOP *** [7d 5h As]
GuigaMan: checks 
ChuckNorrisQ: checks 
*** TURN *** [7d 5h As] [6c]
GuigaMan: checks 
ChuckNorrisQ: checks 
*** RIVER *** [7d 5h As 6c] [8d]
GuigaMan: bets $6.16
ChuckNorrisQ: calls $6.16
*** SHOW DOWN ***
GuigaMan: shows [9h 9c] (a straight, Five to Nine)
ChuckNorrisQ: shows [9d Ks] (a straight, Five to Nine)
GuigaMan collected $8.47 from pot
ChuckNorrisQ collected $8.46 from pot
*** SUMMARY ***
Total pot $17.82 | Rake $0.89 
Board [7d 5h As 6c 8d]
Seat 1: Powerpoint66
Seat 2: GuigaMan (big blind) showed [9h 9c] and won ($8.47) with a straight, Five to Nine
Seat 3: Unipoker11 folded before Flop (didn't bet)
Seat 4: ChuckNorrisQ (button) showed [9d Ks] and won ($8.46) with a straight, Five to Nine
Seat 6: Cle0patr4 (small blind) folded before Flop



PokerStars Hand #254413496283:  Hold'em No Limit ($0.50/$1.00 USD) - 2025/01/17 13:16:04 WET [2025/01/17 8:16:04 ET]
Table 'Pongola III' 6-max Seat #6 is the button
Seat 1: Powerpoint66 ($85.90 in chips) is sitting out
Seat 5: franco232315 ($100 in chips) is sitting out
Seat 2: GuigaMan ($200.37 in chips) 
Seat 3: Unipoker11 ($100 in chips) 
Seat 4: ChuckNorrisQ ($115.85 in chips) 
Seat 6: Cle0patr4 ($101.86 in chips) 
GuigaMan: posts small blind $0.50
Unipoker11: posts big blind $1
franco232315: sits out 
*** HOLE CARDS ***
ChuckNorrisQ: raises $1.30 to $2.30
Cle0patr4: folds 
GuigaMan: folds 
Unipoker11: calls $1.30
*** FLOP *** [Kc 6h 3s]
Unipoker11: checks 
ChuckNorrisQ: bets $1.60
Unipoker11: calls $1.60
*** TURN *** [Kc 6h 3s] [8c]
Unipoker11: checks 
ChuckNorrisQ: bets $11.82
Unipoker11: folds 
Uncalled bet ($11.82) returned to ChuckNorrisQ
ChuckNorrisQ collected $7.88 from pot
ChuckNorrisQ: doesn't show hand 
*** SUMMARY ***
Total pot $8.30 | Rake $0.42 
Board [Kc 6h 3s 8c]
Seat 1: Powerpoint66
Seat 5: franco232315
Seat 2: GuigaMan (small blind) folded before Flop
Seat 3: Unipoker11 (big blind) folded on the Turn
Seat 4: ChuckNorrisQ collected ($7.88)
Seat 6: Cle0patr4 (button) folded before Flop (didn't bet)



PokerStars Hand #254413512946:  Hold'em No Limit ($0.50/$1.00 USD) - 2025/01/17 13:17:46 WET [2025/01/17 8:17:46 ET]
Table 'Pongola III' 6-max Seat #2 is the button
Seat 1: Powerpoint66 ($85.90 in chips) is sitting out
Seat 5: franco232315 ($100 in chips) is sitting out
Seat 2: GuigaMan ($199.87 in chips) 
Seat 3: Unipoker11 ($100 in chips) 
Seat 4: ChuckNorrisQ ($119.83 in chips) 
Seat 6: Cle0patr4 ($101.86 in chips) 
Unipoker11: posts small blind $0.50
ChuckNorrisQ: posts big blind $1
franco232315: sits out 
Powerpoint66: sits out 
*** HOLE CARDS ***
Cle0patr4: folds 
GuigaMan: folds 
Unipoker11: folds 
Uncalled bet ($0.50) returned to ChuckNorrisQ
ChuckNorrisQ collected $1 from pot
ChuckNorrisQ: doesn't show hand 
*** SUMMARY ***
Total pot $1 | Rake $0 
Seat 1: Powerpoint66
Seat 5: franco232315
Seat 2: GuigaMan (button) folded before Flop (didn't bet)
Seat 3: Unipoker11 (small blind) folded before Flop
Seat 4: ChuckNorrisQ (big blind) collected ($1)
Seat 6: Cle0patr4 folded before Flop (didn't bet)



PokerStars Hand #254413515277:  Hold'em No Limit ($0.50/$1.00 USD) - 2025/01/17 13:18:01 WET [2025/01/17 8:18:01 ET]
Table 'Pongola III' 6-max Seat #3 is the button
Seat 1: Powerpoint66 ($85.90 in chips) is sitting out
Seat 2: GuigaMan ($199.87 in chips) 
Seat 3: Unipoker11 ($100 in chips) 
Seat 4: ChuckNorrisQ ($120.33 in chips) 
Seat 5: franco232315 ($100 in chips) 
Seat 6: Cle0patr4 ($101.86 in chips) 
ChuckNorrisQ: posts small blind $0.50
franco232315: posts big blind $1
Powerpoint66: sits out 
*** HOLE CARDS ***
Cle0patr4: raises $1 to $2
GuigaMan: folds 
Unipoker11: folds 
ChuckNorrisQ: folds 
franco232315: raises $8.50 to $10.50
Cle0patr4: folds 
Uncalled bet ($8.50) returned to franco232315
franco232315 collected $4.50 from pot
franco232315: doesn't show hand 
*** SUMMARY ***
Total pot $4.50 | Rake $0 
Seat 1: Powerpoint66
Seat 2: GuigaMan folded before Flop (didn't bet)
Seat 3: Unipoker11 (button) folded before Flop (didn't bet)
Seat 4: ChuckNorrisQ (small blind) folded before Flop
Seat 5: franco232315 (big blind) collected ($4.50)
Seat 6: Cle0patr4 folded before Flop



PokerStars Hand #254413520005:  Hold'em No Limit ($0.50/$1.00 USD) - 2025/01/17 13:18:30 WET [2025/01/17 8:18:30 ET]
Table 'Pongola III' 6-max Seat #4 is the button
Seat 1: Powerpoint66 ($85.90 in chips) is sitting out
Seat 2: GuigaMan ($199.87 in chips) 
Seat 3: Unipoker11 ($100 in chips) 
Seat 4: ChuckNorrisQ ($119.83 in chips) 
Seat 5: franco232315 ($102.50 in chips) 
Seat 6: Cle0patr4 ($100 in chips) 
franco232315: posts small blind $0.50
Cle0patr4: posts big blind $1
Powerpoint66: sits out 
*** HOLE CARDS ***
GuigaMan: folds 
Unipoker11: raises $1.30 to $2.30
ChuckNorrisQ: folds 
franco232315: folds 
Cle0patr4: calls $1.30
*** FLOP *** [6h 2h Kd]
Cle0patr4: checks 
Unipoker11: bets $1.21
Cle0patr4: folds 
Uncalled bet ($1.21) returned to Unipoker11
Unipoker11 collected $4.84 from pot
Unipoker11: doesn't show hand 
*** SUMMARY ***
Total pot $5.10 | Rake $0.26 
Board [6h 2h Kd]
Seat 1: Powerpoint66
Seat 2: GuigaMan folded before Flop (didn't bet)
Seat 3: Unipoker11 collected ($4.84)
Seat 4: ChuckNorrisQ (button) folded before Flop (didn't bet)
Seat 5: franco232315 (small blind) folded before Flop
Seat 6: Cle0patr4 (big blind) folded on the Flop



PokerStars Hand #254413525217:  Hold'em No Limit ($0.50/$1.00 USD) - 2025/01/17 13:19:01 WET [2025/01/17 8:19:01 ET]
Table 'Pongola III' 6-max Seat #5 is the button
Seat 1: Powerpoint66 ($85.90 in chips) 
Seat 2: GuigaMan ($199.87 in chips) 
Seat 3: Unipoker11 ($102.54 in chips) 
Seat 4: ChuckNorrisQ ($119.83 in chips) 
Seat 5: franco232315 ($102 in chips) 
Seat 6: Cle0patr4 ($100 in chips) 
Cle0patr4: posts small blind $0.50
Powerpoint66: posts big blind $1
*** HOLE CARDS ***
GuigaMan: raises $1.10 to $2.10
Unipoker11: folds 
ChuckNorrisQ: calls $2.10
franco232315: folds 
Cle0patr4: folds 
Powerpoint66 has timed out
Powerpoint66: folds 
*** FLOP *** [4h Qc 7c]
GuigaMan: checks 
ChuckNorrisQ: checks 
*** TURN *** [4h Qc 7c] [6d]
GuigaMan: checks 
ChuckNorrisQ: checks 
*** RIVER *** [4h Qc 7c 6d] [2h]
GuigaMan: bets $4.07
ChuckNorrisQ: calls $4.07
*** SHOW DOWN ***
GuigaMan: shows [Jd Jh] (a pair of Jacks)
ChuckNorrisQ: mucks hand 
GuigaMan collected $13.15 from pot
*** SUMMARY ***
Total pot $13.84 | Rake $0.69 
Board [4h Qc 7c 6d 2h]
Seat 1: Powerpoint66 (big blind) folded before Flop
Seat 2: GuigaMan showed [Jd Jh] and won ($13.15) with a pair of Jacks
Seat 3: Unipoker11 folded before Flop (didn't bet)
Seat 4: ChuckNorrisQ mucked
Seat 5: franco232315 (button) folded before Flop (didn't bet)
Seat 6: Cle0patr4 (small blind) folded before Flop



PokerStars Hand #254413540326:  Hold'em No Limit ($0.50/$1.00 USD) - 2025/01/17 13:20:33 WET [2025/01/17 8:20:33 ET]
Table 'Pongola III' 6-max Seat #6 is the button
Seat 1: Powerpoint66 ($84.90 in chips) is sitting out
Seat 2: GuigaMan ($206.85 in chips) 
Seat 3: Unipoker11 ($102.54 in chips) 
Seat 4: ChuckNorrisQ ($113.66 in chips) 
Seat 5: franco232315 ($102 in chips) 
Seat 6: Cle0patr4 ($100 in chips) 
GuigaMan: posts small blind $0.50
Unipoker11: posts big blind $1
*** HOLE CARDS ***
ChuckNorrisQ: folds 
franco232315: folds 
Cle0patr4: folds 
GuigaMan: raises $2 to $3
Unipoker11: raises $6 to $9
GuigaMan: folds 
Uncalled bet ($6) returned to Unipoker11
Unipoker11 collected $6 from pot
Unipoker11: doesn't show hand 
*** SUMMARY ***
Total pot $6 | Rake $0 
Seat 1: Powerpoint66
Seat 2: GuigaMan (small blind) folded before Flop
Seat 3: Unipoker11 (big blind) collected ($6)
Seat 4: ChuckNorrisQ folded before Flop (didn't bet)
Seat 5: franco232315 folded before Flop (didn't bet)
Seat 6: Cle0patr4 (button) folded before Flop (didn't bet)



PokerStars Hand #254413544006:  Hold'em No Limit ($0.50/$1.00 USD) - 2025/01/17 13:20:56 WET [2025/01/17 8:20:56 ET]
Table 'Pongola III' 6-max Seat #2 is the button
Seat 1: Powerpoint66 ($84.90 in chips) is sitting out
Seat 2: GuigaMan ($203.85 in chips) 
Seat 3: Unipoker11 ($105.54 in chips) 
Seat 4: ChuckNorrisQ ($113.66 in chips) 
Seat 5: franco232315 ($102 in chips) 
Seat 6: Cle0patr4 ($100 in chips) 
Unipoker11: posts small blind $0.50
ChuckNorrisQ: posts big blind $1
*** HOLE CARDS ***
franco232315: folds 
Cle0patr4: folds 
GuigaMan: raises $1.10 to $2.10
Unipoker11: folds 
ChuckNorrisQ: folds 
Uncalled bet ($1.10) returned to GuigaMan
GuigaMan collected $2.50 from pot
*** SUMMARY ***
Total pot $2.50 | Rake $0 
Seat 1: Powerpoint66
Seat 2: GuigaMan (button) collected ($2.50)
Seat 3: Unipoker11 (small blind) folded before Flop
Seat 4: ChuckNorrisQ (big blind) folded before Flop
Seat 5: franco232315 folded before Flop (didn't bet)
Seat 6: Cle0patr4 folded before Flop (didn't bet)



PokerStars Hand #254413547428:  Hold'em No Limit ($0.50/$1.00 USD) - 2025/01/17 13:21:17 WET [2025/01/17 8:21:17 ET]
Table 'Pongola III' 6-max Seat #3 is the button
Seat 1: Powerpoint66 ($84.90 in chips) is sitting out
Seat 2: GuigaMan ($205.35 in chips) 
Seat 3: Unipoker11 ($105.04 in chips) 
Seat 4: ChuckNorrisQ ($112.66 in chips) 
Seat 5: franco232315 ($102 in chips) 
Seat 6: Cle0patr4 ($100 in chips) 
ChuckNorrisQ: posts small blind $0.50
franco232315: posts big blind $1
*** HOLE CARDS ***
Cle0patr4: raises $1 to $2
GuigaMan: folds 
Unipoker11: folds 
ChuckNorrisQ: folds 
franco232315: calls $1
*** FLOP *** [7c Kc Ac]
franco232315: checks 
Cle0patr4: bets $1.50
franco232315: folds 
Uncalled bet ($1.50) returned to Cle0patr4
Cle0patr4 collected $4.28 from pot
Cle0patr4: doesn't show hand 
*** SUMMARY ***
Total pot $4.50 | Rake $0.22 
Board [7c Kc Ac]
Seat 1: Powerpoint66
Seat 2: GuigaMan folded before Flop (didn't bet)
Seat 3: Unipoker11 (button) folded before Flop (didn't bet)
Seat 4: ChuckNorrisQ (small blind) folded before Flop
Seat 5: franco232315 (big blind) folded on the Flop
Seat 6: Cle0patr4 collected ($4.28)



PokerStars Hand #254413553998:  Hold'em No Limit ($0.50/$1.00 USD) - 2025/01/17 13:21:57 WET [2025/01/17 8:21:57 ET]
Table 'Pongola III' 6-max Seat #4 is the button
Seat 1: Powerpoint66 ($84.90 in chips) is sitting out
Seat 2: GuigaMan ($205.35 in chips) 
Seat 3: Unipoker11 ($105.04 in chips) 
Seat 4: ChuckNorrisQ ($112.16 in chips) 
Seat 5: franco232315 ($100 in chips) 
Seat 6: Cle0patr4 ($102.28 in chips) 
franco232315: posts small blind $0.50
Cle0patr4: posts big blind $1
*** HOLE CARDS ***
GuigaMan: folds 
Unipoker11: raises $1.30 to $2.30
ChuckNorrisQ: folds 
franco232315: raises $9.20 to $11.50
Cle0patr4: folds 
Unipoker11: calls $9.20
*** FLOP *** [Qc 2s 8d]
franco232315: bets $7.52
Unipoker11: calls $7.52
*** TURN *** [Qc 2s 8d] [2d]
franco232315: bets $24.48
Unipoker11: calls $24.48
*** RIVER *** [Qc 2s 8d 2d] [4s]
franco232315: bets $56.50 and is all-in
Unipoker11: calls $56.50
*** SHOW DOWN ***
franco232315: shows [Kd As] (a pair of Deuces)
Unipoker11: shows [Qh Ah] (two pair, Queens and Deuces)
Unipoker11 collected $198.50 from pot
*** SUMMARY ***
Total pot $201 | Rake $2.50 
Board [Qc 2s 8d 2d 4s]
Seat 1: Powerpoint66
Seat 2: GuigaMan folded before Flop (didn't bet)
Seat 3: Unipoker11 showed [Qh Ah] and won ($198.50) with two pair, Queens and Deuces
Seat 4: ChuckNorrisQ (button) folded before Flop (didn't bet)
Seat 5: franco232315 (small blind) showed [Kd As] and lost with a pair of Deuces
Seat 6: Cle0patr4 (big blind) folded before Flop



PokerStars Hand #254413578181:  Hold'em No Limit ($0.50/$1.00 USD) - 2025/01/17 13:24:26 WET [2025/01/17 8:24:26 ET]
Table 'Pongola III' 6-max Seat #5 is the button
Seat 1: Powerpoint66 ($84.90 in chips) is sitting out
Seat 2: GuigaMan ($205.35 in chips) is sitting out
Seat 3: Unipoker11 ($203.54 in chips) 
Seat 4: ChuckNorrisQ ($112.16 in chips) 
Seat 5: franco232315 ($100 in chips) 
Seat 6: Cle0patr4 ($101.28 in chips) 
Cle0patr4: posts small blind $0.50
GuigaMan: is sitting out 
Unipoker11: posts big blind $1
*** HOLE CARDS ***
ChuckNorrisQ: folds 
franco232315: folds 
Cle0patr4: folds 
Uncalled bet ($0.50) returned to Unipoker11
Unipoker11 collected $1 from pot
Unipoker11: doesn't show hand 
*** SUMMARY ***
Total pot $1 | Rake $0 
Seat 1: Powerpoint66
Seat 2: GuigaMan
Seat 3: Unipoker11 (big blind) collected ($1)
Seat 4: ChuckNorrisQ folded before Flop (didn't bet)
Seat 5: franco232315 (button) folded before Flop (didn't bet)
Seat 6: Cle0patr4 (small blind) folded before Flop



PokerStars Hand #254413580031:  Hold'em No Limit ($0.50/$1.00 USD) - 2025/01/17 13:24:37 WET [2025/01/17 8:24:37 ET]
Table 'Pongola III' 6-max Seat #6 is the button
Seat 1: Powerpoint66 ($84.90 in chips) is sitting out
Seat 2: GuigaMan ($205.35 in chips) is sitting out
Seat 3: Unipoker11 ($204.04 in chips) 
Seat 4: ChuckNorrisQ ($112.16 in chips) 
Seat 5: franco232315 ($100 in chips) 
Seat 6: Cle0patr4 ($100.78 in chips) 
Unipoker11: posts small blind $0.50
ChuckNorrisQ: posts big blind $1
*** HOLE CARDS ***
franco232315: folds 
Cle0patr4: folds 
Unipoker11: folds 
Uncalled bet ($0.50) returned to ChuckNorrisQ
ChuckNorrisQ collected $1 from pot
ChuckNorrisQ: doesn't show hand 
*** SUMMARY ***
Total pot $1 | Rake $0 
Seat 1: Powerpoint66
Seat 2: GuigaMan
Seat 3: Unipoker11 (small blind) folded before Flop
Seat 4: ChuckNorrisQ (big blind) collected ($1)
Seat 5: franco232315 folded before Flop (didn't bet)
Seat 6: Cle0patr4 (button) folded before Flop (didn't bet)



PokerStars Hand #254413581596:  Hold'em No Limit ($0.50/$1.00 USD) - 2025/01/17 13:24:47 WET [2025/01/17 8:24:47 ET]
Table 'Pongola III' 6-max Seat #3 is the button
Seat 1: Powerpoint66 ($84.90 in chips) is sitting out
Seat 2: GuigaMan ($205.35 in chips) is sitting out
Seat 3: Unipoker11 ($203.54 in chips) 
Seat 4: ChuckNorrisQ ($112.66 in chips) 
Seat 5: franco232315 ($100 in chips) 
Seat 6: Cle0patr4 ($100.78 in chips) 
ChuckNorrisQ: posts small blind $0.50
franco232315: posts big blind $1
*** HOLE CARDS ***
Cle0patr4: folds 
Unipoker11: folds 
ChuckNorrisQ: raises $2 to $3
franco232315: raises $6 to $9
ChuckNorrisQ: folds 
Uncalled bet ($6) returned to franco232315
franco232315 collected $6 from pot
franco232315: doesn't show hand 
*** SUMMARY ***
Total pot $6 | Rake $0 
Seat 1: Powerpoint66
Seat 2: GuigaMan
Seat 3: Unipoker11 (button) folded before Flop (didn't bet)
Seat 4: ChuckNorrisQ (small blind) folded before Flop
Seat 5: franco232315 (big blind) collected ($6)
Seat 6: Cle0patr4 folded before Flop (didn't bet)



PokerStars Hand #254413586770:  Hold'em No Limit ($0.50/$1.00 USD) - 2025/01/17 13:25:18 WET [2025/01/17 8:25:18 ET]
Table 'Pongola III' 6-max Seat #4 is the button
Seat 1: Powerpoint66 ($84.90 in chips) is sitting out
Seat 2: GuigaMan ($205.35 in chips) is sitting out
Seat 3: Unipoker11 ($203.54 in chips) 
Seat 4: ChuckNorrisQ ($109.66 in chips) 
Seat 5: franco232315 ($103 in chips) 
Seat 6: Cle0patr4 ($100.78 in chips) 
franco232315: posts small blind $0.50
Cle0patr4: posts big blind $1
*** HOLE CARDS ***
Unipoker11: raises $1.30 to $2.30
ChuckNorrisQ: folds 
franco232315: folds 
Cle0patr4: calls $1.30
*** FLOP *** [8d 8s Js]
Cle0patr4: checks 
Unipoker11: bets $1.21
Cle0patr4: calls $1.21
*** TURN *** [8d 8s Js] [6h]
Cle0patr4: checks 
Unipoker11: checks 
*** RIVER *** [8d 8s Js 6h] [Jc]
Cle0patr4: bets $1.50
Unipoker11: folds 
Uncalled bet ($1.50) returned to Cle0patr4
Cle0patr4 collected $7.14 from pot
Cle0patr4: doesn't show hand 
*** SUMMARY ***
Total pot $7.52 | Rake $0.38 
Board [8d 8s Js 6h Jc]
Seat 1: Powerpoint66
Seat 2: GuigaMan
Seat 3: Unipoker11 folded on the River
Seat 4: ChuckNorrisQ (button) folded before Flop (didn't bet)
Seat 5: franco232315 (small blind) folded before Flop
Seat 6: Cle0patr4 (big blind) collected ($7.14)



PokerStars Hand #254413598437:  Hold'em No Limit ($0.50/$1.00 USD) - 2025/01/17 13:26:30 WET [2025/01/17 8:26:30 ET]
Table 'Pongola III' 6-max Seat #5 is the button
Seat 1: Powerpoint66 ($84.90 in chips) is sitting out
Seat 2: GuigaMan ($205.35 in chips) 
Seat 3: Unipoker11 ($200.03 in chips) 
Seat 4: ChuckNorrisQ ($109.66 in chips) 
Seat 5: franco232315 ($102.50 in chips) 
Seat 6: Cle0patr4 ($104.41 in chips) 
Cle0patr4: posts small blind $0.50
GuigaMan: posts big blind $1
*** HOLE CARDS ***
Unipoker11: folds 
ChuckNorrisQ: raises $1.30 to $2.30
franco232315: folds 
Cle0patr4: folds 
GuigaMan: folds 
Uncalled bet ($1.30) returned to ChuckNorrisQ
ChuckNorrisQ collected $2.50 from pot
ChuckNorrisQ: doesn't show hand 
*** SUMMARY ***
Total pot $2.50 | Rake $0 
Seat 1: Powerpoint66
Seat 2: GuigaMan (big blind) folded before Flop
Seat 3: Unipoker11 folded before Flop (didn't bet)
Seat 4: ChuckNorrisQ collected ($2.50)
Seat 5: franco232315 (button) folded before Flop (didn't bet)
Seat 6: Cle0patr4 (small blind) folded before Flop



PokerStars Hand #254413602288:  Hold'em No Limit ($0.50/$1.00 USD) - 2025/01/17 13:26:54 WET [2025/01/17 8:26:54 ET]
Table 'Pongola III' 6-max Seat #6 is the button
Seat 1: Powerpoint66 ($84.90 in chips) is sitting out
Seat 2: GuigaMan ($204.35 in chips) 
Seat 3: Unipoker11 ($200.03 in chips) 
Seat 4: ChuckNorrisQ ($111.16 in chips) 
Seat 5: franco232315 ($102.50 in chips) 
Seat 6: Cle0patr4 ($103.91 in chips) 
GuigaMan: posts small blind $0.50
Unipoker11: posts big blind $1
*** HOLE CARDS ***
ChuckNorrisQ: folds 
franco232315: raises $1.50 to $2.50
Cle0patr4: raises $4.50 to $7
GuigaMan: folds 
Unipoker11: folds 
franco232315: folds 
Uncalled bet ($4.50) returned to Cle0patr4
Cle0patr4 collected $6.50 from pot
Cle0patr4: doesn't show hand 
*** SUMMARY ***
Total pot $6.50 | Rake $0 
Seat 1: Powerpoint66
Seat 2: GuigaMan (small blind) folded before Flop
Seat 3: Unipoker11 (big blind) folded before Flop
Seat 4: ChuckNorrisQ folded before Flop (didn't bet)
Seat 5: franco232315 folded before Flop
Seat 6: Cle0patr4 (button) collected ($6.50)



PokerStars Hand #254413607705:  Hold'em No Limit ($0.50/$1.00 USD) - 2025/01/17 13:27:27 WET [2025/01/17 8:27:27 ET]
Table 'Pongola III' 6-max Seat #2 is the button
Seat 1: Powerpoint66 ($84.90 in chips) is sitting out
Seat 4: ChuckNorrisQ ($111.16 in chips) is sitting out
Seat 2: GuigaMan ($203.85 in chips) 
Seat 3: Unipoker11 ($199.03 in chips) 
Seat 5: franco232315 ($100 in chips) 
Seat 6: Cle0patr4 ($107.91 in chips) 
Unipoker11: posts small blind $0.50
ChuckNorrisQ: is sitting out 
franco232315: posts big blind $1
*** HOLE CARDS ***
Cle0patr4: folds 
GuigaMan: folds 
Unipoker11: folds 
Uncalled bet ($0.50) returned to franco232315
franco232315 collected $1 from pot
franco232315: doesn't show hand 
*** SUMMARY ***
Total pot $1 | Rake $0 
Seat 1: Powerpoint66
Seat 4: ChuckNorrisQ
Seat 2: GuigaMan (button) folded before Flop (didn't bet)
Seat 3: Unipoker11 (small blind) folded before Flop
Seat 5: franco232315 (big blind) collected ($1)
Seat 6: Cle0patr4 folded before Flop (didn't bet)



PokerStars Hand #254413609988:  Hold'em No Limit ($0.50/$1.00 USD) - 2025/01/17 13:27:41 WET [2025/01/17 8:27:41 ET]
Table 'Pongola III' 6-max Seat #3 is the button
Seat 1: Powerpoint66 ($84.90 in chips) is sitting out
Seat 4: ChuckNorrisQ ($111.16 in chips) is sitting out
Seat 2: GuigaMan ($203.85 in chips) 
Seat 3: Unipoker11 ($198.53 in chips) 
Seat 5: franco232315 ($100.50 in chips) 
Seat 6: Cle0patr4 ($107.91 in chips) 
franco232315: posts small blind $0.50
Cle0patr4: posts big blind $1
*** HOLE CARDS ***
GuigaMan: folds 
Unipoker11: raises $1.50 to $2.50
franco232315: folds 
Cle0patr4: calls $1.50
*** FLOP *** [8h 3d Ah]
Cle0patr4: checks 
Unipoker11: bets $1.30
Cle0patr4: folds 
Uncalled bet ($1.30) returned to Unipoker11
Unipoker11 collected $5.22 from pot
Unipoker11: doesn't show hand 
*** SUMMARY ***
Total pot $5.50 | Rake $0.28 
Board [8h 3d Ah]
Seat 1: Powerpoint66
Seat 4: ChuckNorrisQ
Seat 2: GuigaMan folded before Flop (didn't bet)
Seat 3: Unipoker11 (button) collected ($5.22)
Seat 5: franco232315 (small blind) folded before Flop
Seat 6: Cle0patr4 (big blind) folded on the Flop



PokerStars Hand #254413616376:  Hold'em No Limit ($0.50/$1.00 USD) - 2025/01/17 13:28:19 WET [2025/01/17 8:28:19 ET]
Table 'Pongola III' 6-max Seat #5 is the button
Seat 1: Powerpoint66 ($84.90 in chips) is sitting out
Seat 4: ChuckNorrisQ ($111.16 in chips) is sitting out
Seat 2: GuigaMan ($203.85 in chips) 
Seat 3: Unipoker11 ($201.25 in chips) 
Seat 5: franco232315 ($100 in chips) 
Seat 6: Cle0patr4 ($105.41 in chips) 
Cle0patr4: posts small blind $0.50
GuigaMan: posts big blind $1
ChuckNorrisQ: sits out 
*** HOLE CARDS ***
Unipoker11: raises $1.30 to $2.30
franco232315: raises $5.20 to $7.50
Cle0patr4: folds 
GuigaMan: folds 
Unipoker11: folds 
Uncalled bet ($5.20) returned to franco232315
franco232315 collected $6.10 from pot
Powerpoint66 leaves the table
franco232315: doesn't show hand 
*** SUMMARY ***
Total pot $6.10 | Rake $0 
Seat 1: Powerpoint66
Seat 4: ChuckNorrisQ
Seat 2: GuigaMan (big blind) folded before Flop
Seat 3: Unipoker11 folded before Flop
Seat 5: franco232315 (button) collected ($6.10)
Seat 6: Cle0patr4 (small blind) folded before Flop



PokerStars Hand #254413620949:  Hold'em No Limit ($0.50/$1.00 USD) - 2025/01/17 13:28:47 WET [2025/01/17 8:28:47 ET]
Table 'Pongola III' 6-max Seat #6 is the button
Seat 4: ChuckNorrisQ ($111.16 in chips) is sitting out
Seat 2: GuigaMan ($202.85 in chips) 
Seat 3: Unipoker11 ($198.95 in chips) 
Seat 5: franco232315 ($103.80 in chips) 
Seat 6: Cle0patr4 ($104.91 in chips) 
GuigaMan: posts small blind $0.50
Unipoker11: posts big blind $1
ChuckNorrisQ: sits out 
*** HOLE CARDS ***
franco232315: raises $1.50 to $2.50
ChuckNorrisQ leaves the table
Cle0patr4: folds 
GuigaMan: folds 
Unipoker11: folds 
Uncalled bet ($1.50) returned to franco232315
franco232315 collected $2.50 from pot
franco232315: doesn't show hand 
*** SUMMARY ***
Total pot $2.50 | Rake $0 
Seat 4: ChuckNorrisQ
Seat 2: GuigaMan (small blind) folded before Flop
Seat 3: Unipoker11 (big blind) folded before Flop
Seat 5: franco232315 collected ($2.50)
Seat 6: Cle0patr4 (button) folded before Flop (didn't bet)



PokerStars Hand #254413623214:  Hold'em No Limit ($0.50/$1.00 USD) - 2025/01/17 13:29:01 WET [2025/01/17 8:29:01 ET]
Table 'Pongola III' 6-max Seat #2 is the button
Seat 2: GuigaMan ($202.35 in chips) 
Seat 3: Unipoker11 ($197.95 in chips) 
Seat 5: franco232315 ($105.30 in chips) 
Seat 6: Cle0patr4 ($104.91 in chips) 
Unipoker11: posts small blind $0.50
franco232315: posts big blind $1
*** HOLE CARDS ***
Cle0patr4: folds 
GuigaMan: raises $1.10 to $2.10
Unipoker11: raises $7.90 to $10
franco232315: raises $12.50 to $22.50
GuigaMan: folds 
Unipoker11: folds 
Uncalled bet ($12.50) returned to franco232315
franco232315 collected $22.10 from pot
franco232315: doesn't show hand 
*** SUMMARY ***
Total pot $22.10 | Rake $0 
Seat 2: GuigaMan (button) folded before Flop
Seat 3: Unipoker11 (small blind) folded before Flop
Seat 5: franco232315 (big blind) collected ($22.10)
Seat 6: Cle0patr4 folded before Flop (didn't bet)



PokerStars Hand #254413631078:  Hold'em No Limit ($0.50/$1.00 USD) - 2025/01/17 13:29:49 WET [2025/01/17 8:29:49 ET]
Table 'Pongola III' 6-max Seat #3 is the button
Seat 2: GuigaMan ($200.25 in chips) 
Seat 3: Unipoker11 ($187.95 in chips) 
Seat 5: franco232315 ($117.40 in chips) 
Seat 6: Cle0patr4 ($104.91 in chips) 
franco232315: posts small blind $0.50
Cle0patr4: posts big blind $1
*** HOLE CARDS ***
GuigaMan: folds 
Unipoker11: raises $1.50 to $2.50
franco232315: folds 
Cle0patr4: calls $1.50
*** FLOP *** [4c 9s 6h]
Cle0patr4: checks 
Unipoker11: bets $1.72
Cle0patr4: calls $1.72
*** TURN *** [4c 9s 6h] [3d]
Cle0patr4: checks 
nastja336 joins the table at seat #4 
Unipoker11: checks 
*** RIVER *** [4c 9s 6h 3d] [Th]
Cle0patr4: checks 
Unipoker11: bets $6.37
Cle0patr4: calls $6.37
*** SHOW DOWN ***
Unipoker11: shows [9c Jh] (a pair of Nines)
Cle0patr4: mucks hand 
Unipoker11 collected $20.68 from pot
*** SUMMARY ***
Total pot $21.68 | Rake $1 
Board [4c 9s 6h 3d Th]
Seat 2: GuigaMan folded before Flop (didn't bet)
Seat 3: Unipoker11 (button) showed [9c Jh] and won ($20.68) with a pair of Nines
Seat 5: franco232315 (small blind) folded before Flop
Seat 6: Cle0patr4 (big blind) mucked



PokerStars Hand #254413641899:  Hold'em No Limit ($0.50/$1.00 USD) - 2025/01/17 13:30:54 WET [2025/01/17 8:30:54 ET]
Table 'Pongola III' 6-max Seat #5 is the button
Seat 2: GuigaMan ($200.25 in chips) is sitting out
Seat 4: nastja336 ($101.50 in chips) is sitting out
Seat 3: Unipoker11 ($198.04 in chips) 
Seat 5: franco232315 ($116.90 in chips) 
Seat 6: Cle0patr4 ($100 in chips) 
Cle0patr4: posts small blind $0.50
GuigaMan: is sitting out 
Unipoker11: posts big blind $1
nastja336: sits out 
*** HOLE CARDS ***
franco232315: folds 
Cle0patr4: folds 
Uncalled bet ($0.50) returned to Unipoker11
Unipoker11 collected $1 from pot
Unipoker11: doesn't show hand 
*** SUMMARY ***
Total pot $1 | Rake $0 
Seat 2: GuigaMan
Seat 4: nastja336
Seat 3: Unipoker11 (big blind) collected ($1)
Seat 5: franco232315 (button) folded before Flop (didn't bet)
Seat 6: Cle0patr4 (small blind) folded before Flop



PokerStars Hand #254413643972:  Hold'em No Limit ($0.50/$1.00 USD) - 2025/01/17 13:31:06 WET [2025/01/17 8:31:06 ET]
Table 'Pongola III' 6-max Seat #6 is the button
Seat 2: GuigaMan ($200.25 in chips) is sitting out
Seat 3: Unipoker11 ($198.54 in chips) 
Seat 4: nastja336 ($101.50 in chips) 
Seat 5: franco232315 ($116.90 in chips) 
Seat 6: Cle0patr4 ($100 in chips) 
Unipoker11: posts small blind $0.50
nastja336: posts big blind $1
*** HOLE CARDS ***
franco232315: folds 
Cle0patr4: raises $1 to $2
Unipoker11: folds 
nastja336: folds 
Uncalled bet ($1) returned to Cle0patr4
Cle0patr4 collected $2.50 from pot
Cle0patr4: doesn't show hand 
*** SUMMARY ***
Total pot $2.50 | Rake $0 
Seat 2: GuigaMan
Seat 3: Unipoker11 (small blind) folded before Flop
Seat 4: nastja336 (big blind) folded before Flop
Seat 5: franco232315 folded before Flop (didn't bet)
Seat 6: Cle0patr4 (button) collected ($2.50)



PokerStars Hand #254413646381:  Hold'em No Limit ($0.50/$1.00 USD) - 2025/01/17 13:31:20 WET [2025/01/17 8:31:20 ET]
Table 'Pongola III' 6-max Seat #3 is the button
Seat 2: GuigaMan ($200.25 in chips) is sitting out
Seat 5: franco232315 ($116.90 in chips) is sitting out
Seat 3: Unipoker11 ($198.04 in chips) 
Seat 4: nastja336 ($100.50 in chips) 
Seat 6: Cle0patr4 ($101.50 in chips) 
nastja336: posts small blind $0.50
franco232315: is sitting out 
Cle0patr4: posts big blind $1
*** HOLE CARDS ***
Unipoker11: raises $1.50 to $2.50
franco232315 leaves the table
nastja336: folds 
Cle0patr4: raises $8 to $10.50
GuigaMan leaves the table
Unipoker11: folds 
Uncalled bet ($8) returned to Cle0patr4
Cle0patr4 collected $5.50 from pot
Cle0patr4: doesn't show hand 
*** SUMMARY ***
Total pot $5.50 | Rake $0 
Seat 2: GuigaMan
Seat 5: franco232315
Seat 3: Unipoker11 (button) folded before Flop
Seat 4: nastja336 (small blind) folded before Flop
Seat 6: Cle0patr4 (big blind) collected ($5.50)



PokerStars Hand #254413653408:  Hold'em No Limit ($0.50/$1.00 USD) - 2025/01/17 13:32:03 WET [2025/01/17 8:32:03 ET]
Table 'Pongola III' 6-max Seat #4 is the button
Seat 3: Unipoker11 ($195.54 in chips) 
Seat 4: nastja336 ($100 in chips) 
Seat 6: Cle0patr4 ($104.50 in chips) 
Cle0patr4: posts small blind $0.50
Unipoker11: posts big blind $1
*** HOLE CARDS ***
nastja336: folds 
Cle0patr4: folds 
Uncalled bet ($0.50) returned to Unipoker11
Unipoker11 collected $1 from pot
Unipoker11: doesn't show hand 
Cle0patr4 leaves the table
*** SUMMARY ***
Total pot $1 | Rake $0 
Seat 3: Unipoker11 (big blind) collected ($1)
Seat 4: nastja336 (button) folded before Flop (didn't bet)
Seat 6: Cle0patr4 (small blind) folded before Flop



