PokerStars Hand #254415120820:  Hold'em No Limit ($0.50/$1.00 USD) - 2025/01/17 15:44:08 WET [2025/01/17 10:44:08 ET]
Table 'Fomalhaut IV' 6-max Seat #6 is the button
Seat 1: nastja336 ($101 in chips) 
Seat 2: Joker007r ($101.50 in chips) 
Seat 3: whlzor ($100 in chips) 
Seat 4: MAO_DZEDYN_S ($100 in chips) 
Seat 5: mr.Jckpot ($103.77 in chips) 
Seat 6: p@p@stroumf ($104.02 in chips) 
nastja336: posts small blind $0.50
Joker007r: posts big blind $1
*** HOLE CARDS ***
whlzor: folds 
MAO_DZEDYN_S: folds 
mr.Jckpot: folds 
p@p@stroumf: raises $2 to $3
nastja336: calls $2.50
Joker007r: raises $12.50 to $15.50
p@p@stroumf: folds 
nastja336: folds 
Uncalled bet ($12.50) returned to Joker007r
Joker007r collected $9 from pot
Joker007r: doesn't show hand 
*** SUMMARY ***
Total pot $9 | Rake $0 
Seat 1: nastja336 (small blind) folded before Flop
Seat 2: Joker007r (big blind) collected ($9)
Seat 3: whlzor folded before Flop (didn't bet)
Seat 4: MAO_DZEDYN_S folded before Flop (didn't bet)
Seat 5: mr.Jckpot folded before Flop (didn't bet)
Seat 6: p@p@stroumf (button) folded before Flop



PokerStars Hand #254415128521:  Hold'em No Limit ($0.50/$1.00 USD) - 2025/01/17 15:44:43 WET [2025/01/17 10:44:43 ET]
Table 'Fomalhaut IV' 6-max Seat #1 is the button
Seat 1: nastja336 ($100 in chips) 
Seat 2: Joker007r ($107.50 in chips) 
Seat 3: whlzor ($100 in chips) 
Seat 4: MAO_DZEDYN_S ($100 in chips) 
Seat 5: mr.Jckpot ($103.77 in chips) 
Seat 6: p@p@stroumf ($101.02 in chips) 
Joker007r: posts small blind $0.50
whlzor: posts big blind $1
*** HOLE CARDS ***
MAO_DZEDYN_S: raises $1.25 to $2.25
mr.Jckpot: folds 
p@p@stroumf: folds 
nastja336: folds 
Joker007r: folds 
whlzor: folds 
Uncalled bet ($1.25) returned to MAO_DZEDYN_S
MAO_DZEDYN_S collected $2.50 from pot
MAO_DZEDYN_S: doesn't show hand 
*** SUMMARY ***
Total pot $2.50 | Rake $0 
Seat 1: nastja336 (button) folded before Flop (didn't bet)
Seat 2: Joker007r (small blind) folded before Flop
Seat 3: whlzor (big blind) folded before Flop
Seat 4: MAO_DZEDYN_S collected ($2.50)
Seat 5: mr.Jckpot folded before Flop (didn't bet)
Seat 6: p@p@stroumf folded before Flop (didn't bet)



PokerStars Hand #254415131956:  Hold'em No Limit ($0.50/$1.00 USD) - 2025/01/17 15:44:59 WET [2025/01/17 10:44:59 ET]
Table 'Fomalhaut IV' 6-max Seat #2 is the button
Seat 1: nastja336 ($100 in chips) 
Seat 2: Joker007r ($107 in chips) 
Seat 3: whlzor ($100 in chips) 
Seat 4: MAO_DZEDYN_S ($101.50 in chips) 
Seat 5: mr.Jckpot ($103.77 in chips) 
Seat 6: p@p@stroumf ($101.02 in chips) 
whlzor: posts small blind $0.50
MAO_DZEDYN_S: posts big blind $1
*** HOLE CARDS ***
mr.Jckpot: folds 
p@p@stroumf: folds 
nastja336: folds 
Joker007r has timed out
Joker007r: folds 
whlzor: folds 
Uncalled bet ($0.50) returned to MAO_DZEDYN_S
MAO_DZEDYN_S collected $1 from pot
MAO_DZEDYN_S: doesn't show hand 
*** SUMMARY ***
Total pot $1 | Rake $0 
Seat 1: nastja336 folded before Flop (didn't bet)
Seat 2: Joker007r (button) folded before Flop (didn't bet)
Seat 3: whlzor (small blind) folded before Flop
Seat 4: MAO_DZEDYN_S (big blind) collected ($1)
Seat 5: mr.Jckpot folded before Flop (didn't bet)
Seat 6: p@p@stroumf folded before Flop (didn't bet)



PokerStars Hand #254415136417:  Hold'em No Limit ($0.50/$1.00 USD) - 2025/01/17 15:45:20 WET [2025/01/17 10:45:20 ET]
Table 'Fomalhaut IV' 6-max Seat #3 is the button
Seat 2: Joker007r ($107 in chips) is sitting out
Seat 1: nastja336 ($100 in chips) 
Seat 3: whlzor ($100 in chips) 
Seat 4: MAO_DZEDYN_S ($102 in chips) 
Seat 5: mr.Jckpot ($103.77 in chips) 
Seat 6: p@p@stroumf ($101.02 in chips) 
MAO_DZEDYN_S: posts small blind $0.50
mr.Jckpot: posts big blind $1
*** HOLE CARDS ***
p@p@stroumf: raises $2 to $3
nastja336: folds 
whlzor: folds 
MAO_DZEDYN_S: folds 
mr.Jckpot: folds 
Uncalled bet ($2) returned to p@p@stroumf
p@p@stroumf collected $2.50 from pot
*** SUMMARY ***
Total pot $2.50 | Rake $0 
Seat 2: Joker007r
Seat 1: nastja336 folded before Flop (didn't bet)
Seat 3: whlzor (button) folded before Flop (didn't bet)
Seat 4: MAO_DZEDYN_S (small blind) folded before Flop
Seat 5: mr.Jckpot (big blind) folded before Flop
Seat 6: p@p@stroumf collected ($2.50)



PokerStars Hand #254415141049:  Hold'em No Limit ($0.50/$1.00 USD) - 2025/01/17 15:45:41 WET [2025/01/17 10:45:41 ET]
Table 'Fomalhaut IV' 6-max Seat #4 is the button
Seat 1: nastja336 ($100 in chips) 
Seat 2: Joker007r ($107 in chips) 
Seat 3: whlzor ($100 in chips) 
Seat 4: MAO_DZEDYN_S ($101.50 in chips) 
Seat 5: mr.Jckpot ($102.77 in chips) 
Seat 6: p@p@stroumf ($102.52 in chips) 
mr.Jckpot: posts small blind $0.50
p@p@stroumf: posts big blind $1
*** HOLE CARDS ***
nastja336: folds 
Joker007r: folds 
whlzor: folds 
MAO_DZEDYN_S: raises $1.50 to $2.50
mr.Jckpot: raises $9.50 to $12
p@p@stroumf: folds 
MAO_DZEDYN_S: calls $9.50
*** FLOP *** [Qs 8c Qd]
mr.Jckpot: bets $7.84
MAO_DZEDYN_S: calls $7.84
*** TURN *** [Qs 8c Qd] [Kc]
mr.Jckpot: checks 
MAO_DZEDYN_S: bets $11.59
mr.Jckpot: calls $11.59
*** RIVER *** [Qs 8c Qd Kc] [As]
mr.Jckpot: checks 
MAO_DZEDYN_S: bets $70.07 and is all-in
mr.Jckpot: folds 
Uncalled bet ($70.07) returned to MAO_DZEDYN_S
MAO_DZEDYN_S collected $61.36 from pot
MAO_DZEDYN_S: doesn't show hand 
*** SUMMARY ***
Total pot $63.86 | Rake $2.50 
Board [Qs 8c Qd Kc As]
Seat 1: nastja336 folded before Flop (didn't bet)
Seat 2: Joker007r folded before Flop (didn't bet)
Seat 3: whlzor folded before Flop (didn't bet)
Seat 4: MAO_DZEDYN_S (button) collected ($61.36)
Seat 5: mr.Jckpot (small blind) folded on the River
Seat 6: p@p@stroumf (big blind) folded before Flop



PokerStars Hand #254415163118:  Hold'em No Limit ($0.50/$1.00 USD) - 2025/01/17 15:47:22 WET [2025/01/17 10:47:22 ET]
Table 'Fomalhaut IV' 6-max Seat #5 is the button
Seat 1: nastja336 ($100 in chips) is sitting out
Seat 2: Joker007r ($107 in chips) 
Seat 3: whlzor ($100 in chips) 
Seat 4: MAO_DZEDYN_S ($131.43 in chips) 
Seat 5: mr.Jckpot ($100 in chips) 
Seat 6: p@p@stroumf ($101.52 in chips) 
p@p@stroumf: posts small blind $0.50
nastja336: is sitting out 
Joker007r: posts big blind $1
*** HOLE CARDS ***
whlzor: folds 
nastja336 leaves the table
MAO_DZEDYN_S: folds 
mr.Jckpot: folds 
BelSv joins the table at seat #1 
p@p@stroumf: folds 
Uncalled bet ($0.50) returned to Joker007r
Joker007r collected $1 from pot
Joker007r: doesn't show hand 
*** SUMMARY ***
Total pot $1 | Rake $0 
Seat 1: nastja336
Seat 2: Joker007r (big blind) collected ($1)
Seat 3: whlzor folded before Flop (didn't bet)
Seat 4: MAO_DZEDYN_S folded before Flop (didn't bet)
Seat 5: mr.Jckpot (button) folded before Flop (didn't bet)
Seat 6: p@p@stroumf (small blind) folded before Flop



PokerStars Hand #254415166038:  Hold'em No Limit ($0.50/$1.00 USD) - 2025/01/17 15:47:35 WET [2025/01/17 10:47:35 ET]
Table 'Fomalhaut IV' 6-max Seat #6 is the button
Seat 1: BelSv ($100 in chips) is sitting out
Seat 2: Joker007r ($107.50 in chips) 
Seat 3: whlzor ($100 in chips) 
Seat 4: MAO_DZEDYN_S ($131.43 in chips) 
Seat 5: mr.Jckpot ($100 in chips) 
Seat 6: p@p@stroumf ($101.02 in chips) 
Joker007r: posts small blind $0.50
whlzor: posts big blind $1
*** HOLE CARDS ***
MAO_DZEDYN_S: folds 
mr.Jckpot: folds 
p@p@stroumf: raises $1 to $2
Joker007r: raises $7 to $9
whlzor: folds 
p@p@stroumf: folds 
Uncalled bet ($7) returned to Joker007r
Joker007r collected $5 from pot
Joker007r: doesn't show hand 
*** SUMMARY ***
Total pot $5 | Rake $0 
Seat 1: BelSv
Seat 2: Joker007r (small blind) collected ($5)
Seat 3: whlzor (big blind) folded before Flop
Seat 4: MAO_DZEDYN_S folded before Flop (didn't bet)
Seat 5: mr.Jckpot folded before Flop (didn't bet)
Seat 6: p@p@stroumf (button) folded before Flop



PokerStars Hand #254415173996:  Hold'em No Limit ($0.50/$1.00 USD) - 2025/01/17 15:48:12 WET [2025/01/17 10:48:12 ET]
Table 'Fomalhaut IV' 6-max Seat #2 is the button
Seat 1: BelSv ($100 in chips) is sitting out
Seat 2: Joker007r ($110.50 in chips) 
Seat 3: whlzor ($100 in chips) 
Seat 4: MAO_DZEDYN_S ($131.43 in chips) 
Seat 5: mr.Jckpot ($100 in chips) 
Seat 6: p@p@stroumf ($99.02 in chips) 
whlzor: posts small blind $0.50
MAO_DZEDYN_S: posts big blind $1
BelSv: sits out 
*** HOLE CARDS ***
mr.Jckpot: folds 
p@p@stroumf: folds 
Joker007r: folds 
whlzor: raises $2 to $3
MAO_DZEDYN_S: calls $2
*** FLOP *** [6h 6d 3s]
whlzor: checks 
MAO_DZEDYN_S: bets $1.71
whlzor: calls $1.71
*** TURN *** [6h 6d 3s] [7s]
whlzor: checks 
MAO_DZEDYN_S: bets $4.65
whlzor: folds 
Uncalled bet ($4.65) returned to MAO_DZEDYN_S
MAO_DZEDYN_S collected $8.95 from pot
MAO_DZEDYN_S: doesn't show hand 
*** SUMMARY ***
Total pot $9.42 | Rake $0.47 
Board [6h 6d 3s 7s]
Seat 1: BelSv
Seat 2: Joker007r (button) folded before Flop (didn't bet)
Seat 3: whlzor (small blind) folded on the Turn
Seat 4: MAO_DZEDYN_S (big blind) collected ($8.95)
Seat 5: mr.Jckpot folded before Flop (didn't bet)
Seat 6: p@p@stroumf folded before Flop (didn't bet)



PokerStars Hand #254415193753:  Hold'em No Limit ($0.50/$1.00 USD) - 2025/01/17 15:49:42 WET [2025/01/17 10:49:42 ET]
Table 'Fomalhaut IV' 6-max Seat #3 is the button
Seat 1: BelSv ($100 in chips) is sitting out
Seat 2: Joker007r ($110.50 in chips) 
Seat 3: whlzor ($100 in chips) 
Seat 4: MAO_DZEDYN_S ($135.67 in chips) 
Seat 5: mr.Jckpot ($100 in chips) 
Seat 6: p@p@stroumf ($99.02 in chips) 
MAO_DZEDYN_S: posts small blind $0.50
mr.Jckpot: posts big blind $1
BelSv: sits out 
*** HOLE CARDS ***
p@p@stroumf: folds 
Joker007r: folds 
whlzor: folds 
MAO_DZEDYN_S: folds 
Uncalled bet ($0.50) returned to mr.Jckpot
mr.Jckpot collected $1 from pot
mr.Jckpot: doesn't show hand 
*** SUMMARY ***
Total pot $1 | Rake $0 
Seat 1: BelSv
Seat 2: Joker007r folded before Flop (didn't bet)
Seat 3: whlzor (button) folded before Flop (didn't bet)
Seat 4: MAO_DZEDYN_S (small blind) folded before Flop
Seat 5: mr.Jckpot (big blind) collected ($1)
Seat 6: p@p@stroumf folded before Flop (didn't bet)



PokerStars Hand #254415202062:  Hold'em No Limit ($0.50/$1.00 USD) - 2025/01/17 15:50:20 WET [2025/01/17 10:50:20 ET]
Table 'Fomalhaut IV' 6-max Seat #4 is the button
Seat 1: BelSv ($100 in chips) is sitting out
Seat 2: Joker007r ($110.50 in chips) 
Seat 3: whlzor ($100 in chips) 
Seat 4: MAO_DZEDYN_S ($135.17 in chips) 
Seat 5: mr.Jckpot ($100.50 in chips) 
Seat 6: p@p@stroumf ($99.02 in chips) 
mr.Jckpot: posts small blind $0.50
p@p@stroumf: posts big blind $1
BelSv: sits out 
*** HOLE CARDS ***
Joker007r: raises $2 to $3
whlzor: folds 
MAO_DZEDYN_S: folds 
mr.Jckpot: raises $9 to $12
p@p@stroumf: folds 
Joker007r: calls $9
*** FLOP *** [3s 4c 2d]
mr.Jckpot: bets $7.84
Joker007r: calls $7.84
*** TURN *** [3s 4c 2d] [6c]
mr.Jckpot: bets $21.26
Joker007r: calls $21.26
*** RIVER *** [3s 4c 2d 6c] [5d]
mr.Jckpot: bets $59.40 and is all-in
Joker007r: calls $59.40
*** SHOW DOWN ***
mr.Jckpot: shows [As Ts] (a straight, Deuce to Six)
Joker007r: shows [Kd 6d] (a straight, Deuce to Six)
mr.Jckpot collected $99.75 from pot
Joker007r collected $99.75 from pot
*** SUMMARY ***
Total pot $202 | Rake $2.50 
Board [3s 4c 2d 6c 5d]
Seat 1: BelSv
Seat 2: Joker007r showed [Kd 6d] and won ($99.75) with a straight, Deuce to Six
Seat 3: whlzor folded before Flop (didn't bet)
Seat 4: MAO_DZEDYN_S (button) folded before Flop (didn't bet)
Seat 5: mr.Jckpot (small blind) showed [As Ts] and won ($99.75) with a straight, Deuce to Six
Seat 6: p@p@stroumf (big blind) folded before Flop



PokerStars Hand #254415219708:  Hold'em No Limit ($0.50/$1.00 USD) - 2025/01/17 15:51:41 WET [2025/01/17 10:51:41 ET]
Table 'Fomalhaut IV' 6-max Seat #5 is the button
Seat 1: BelSv ($100 in chips) 
Seat 2: Joker007r ($109.75 in chips) 
Seat 3: whlzor ($100 in chips) 
Seat 4: MAO_DZEDYN_S ($135.17 in chips) 
Seat 5: mr.Jckpot ($100 in chips) 
Seat 6: p@p@stroumf ($98.02 in chips) 
p@p@stroumf: posts small blind $0.50
BelSv: posts big blind $1
*** HOLE CARDS ***
Joker007r: folds 
whlzor: folds 
MAO_DZEDYN_S: folds 
mr.Jckpot: raises $1.50 to $2.50
p@p@stroumf: folds 
BelSv: calls $1.50
*** FLOP *** [Ks 2s 5d]
BelSv: checks 
mr.Jckpot: bets $1.72
BelSv: raises $4.33 to $6.05
mr.Jckpot: calls $4.33
*** TURN *** [Ks 2s 5d] [4h]
BelSv: bets $12.54
mr.Jckpot: calls $12.54
*** RIVER *** [Ks 2s 5d 4h] [Kd]
BelSv: bets $78.91 and is all-in
mr.Jckpot: folds 
Uncalled bet ($78.91) returned to BelSv
BelSv collected $40.55 from pot
BelSv: doesn't show hand 
*** SUMMARY ***
Total pot $42.68 | Rake $2.13 
Board [Ks 2s 5d 4h Kd]
Seat 1: BelSv (big blind) collected ($40.55)
Seat 2: Joker007r folded before Flop (didn't bet)
Seat 3: whlzor folded before Flop (didn't bet)
Seat 4: MAO_DZEDYN_S folded before Flop (didn't bet)
Seat 5: mr.Jckpot (button) folded on the River
Seat 6: p@p@stroumf (small blind) folded before Flop



PokerStars Hand #254415231568:  Hold'em No Limit ($0.50/$1.00 USD) - 2025/01/17 15:52:36 WET [2025/01/17 10:52:36 ET]
Table 'Fomalhaut IV' 6-max Seat #6 is the button
Seat 1: BelSv ($119.46 in chips) 
Seat 2: Joker007r ($109.75 in chips) 
Seat 3: whlzor ($100 in chips) 
Seat 4: MAO_DZEDYN_S ($135.17 in chips) 
Seat 5: mr.Jckpot ($100 in chips) 
Seat 6: p@p@stroumf ($97.52 in chips) 
BelSv: posts small blind $0.50
Joker007r: posts big blind $1
*** HOLE CARDS ***
whlzor: folds 
MAO_DZEDYN_S: folds 
mr.Jckpot: folds 
p@p@stroumf: folds 
BelSv: folds 
Uncalled bet ($0.50) returned to Joker007r
Joker007r collected $1 from pot
Joker007r: doesn't show hand 
*** SUMMARY ***
Total pot $1 | Rake $0 
Seat 1: BelSv (small blind) folded before Flop
Seat 2: Joker007r (big blind) collected ($1)
Seat 3: whlzor folded before Flop (didn't bet)
Seat 4: MAO_DZEDYN_S folded before Flop (didn't bet)
Seat 5: mr.Jckpot folded before Flop (didn't bet)
Seat 6: p@p@stroumf (button) folded before Flop (didn't bet)



PokerStars Hand #254415237242:  Hold'em No Limit ($0.50/$1.00 USD) - 2025/01/17 15:53:02 WET [2025/01/17 10:53:02 ET]
Table 'Fomalhaut IV' 6-max Seat #1 is the button
Seat 1: BelSv ($118.96 in chips) 
Seat 2: Joker007r ($110.25 in chips) 
Seat 3: whlzor ($100 in chips) 
Seat 4: MAO_DZEDYN_S ($135.17 in chips) 
Seat 5: mr.Jckpot ($100 in chips) 
Seat 6: p@p@stroumf ($97.52 in chips) 
Joker007r: posts small blind $0.50
whlzor: posts big blind $1
*** HOLE CARDS ***
MAO_DZEDYN_S has timed out
MAO_DZEDYN_S: folds 
mr.Jckpot: folds 
p@p@stroumf: folds 
BelSv: raises $1.50 to $2.50
Joker007r: folds 
whlzor: folds 
Uncalled bet ($1.50) returned to BelSv
BelSv collected $2.50 from pot
BelSv: doesn't show hand 
*** SUMMARY ***
Total pot $2.50 | Rake $0 
Seat 1: BelSv (button) collected ($2.50)
Seat 2: Joker007r (small blind) folded before Flop
Seat 3: whlzor (big blind) folded before Flop
Seat 4: MAO_DZEDYN_S folded before Flop (didn't bet)
Seat 5: mr.Jckpot folded before Flop (didn't bet)
Seat 6: p@p@stroumf folded before Flop (didn't bet)



PokerStars Hand #254415242469:  Hold'em No Limit ($0.50/$1.00 USD) - 2025/01/17 15:53:26 WET [2025/01/17 10:53:26 ET]
Table 'Fomalhaut IV' 6-max Seat #2 is the button
Seat 1: BelSv ($120.46 in chips) 
Seat 2: Joker007r ($109.75 in chips) 
Seat 3: whlzor ($100 in chips) 
Seat 4: MAO_DZEDYN_S ($135.17 in chips) 
Seat 5: mr.Jckpot ($100 in chips) 
Seat 6: p@p@stroumf ($97.52 in chips) 
whlzor: posts small blind $0.50
MAO_DZEDYN_S: posts big blind $1
*** HOLE CARDS ***
mr.Jckpot: folds 
p@p@stroumf: raises $2 to $3
BelSv: folds 
Joker007r: folds 
whlzor: folds 
MAO_DZEDYN_S: folds 
Uncalled bet ($2) returned to p@p@stroumf
p@p@stroumf collected $2.50 from pot
*** SUMMARY ***
Total pot $2.50 | Rake $0 
Seat 1: BelSv folded before Flop (didn't bet)
Seat 2: Joker007r (button) folded before Flop (didn't bet)
Seat 3: whlzor (small blind) folded before Flop
Seat 4: MAO_DZEDYN_S (big blind) folded before Flop
Seat 5: mr.Jckpot folded before Flop (didn't bet)
Seat 6: p@p@stroumf collected ($2.50)



PokerStars Hand #254415247253:  Hold'em No Limit ($0.50/$1.00 USD) - 2025/01/17 15:53:48 WET [2025/01/17 10:53:48 ET]
Table 'Fomalhaut IV' 6-max Seat #3 is the button
Seat 1: BelSv ($120.46 in chips) 
Seat 2: Joker007r ($109.75 in chips) 
Seat 3: whlzor ($100 in chips) 
Seat 4: MAO_DZEDYN_S ($134.17 in chips) 
Seat 5: mr.Jckpot ($100 in chips) 
Seat 6: p@p@stroumf ($99.02 in chips) 
MAO_DZEDYN_S: posts small blind $0.50
mr.Jckpot: posts big blind $1
*** HOLE CARDS ***
p@p@stroumf: folds 
BelSv: folds 
Joker007r: folds 
whlzor: folds 
MAO_DZEDYN_S: folds 
Uncalled bet ($0.50) returned to mr.Jckpot
mr.Jckpot collected $1 from pot
mr.Jckpot: doesn't show hand 
*** SUMMARY ***
Total pot $1 | Rake $0 
Seat 1: BelSv folded before Flop (didn't bet)
Seat 2: Joker007r folded before Flop (didn't bet)
Seat 3: whlzor (button) folded before Flop (didn't bet)
Seat 4: MAO_DZEDYN_S (small blind) folded before Flop
Seat 5: mr.Jckpot (big blind) collected ($1)
Seat 6: p@p@stroumf folded before Flop (didn't bet)



PokerStars Hand #254415249437:  Hold'em No Limit ($0.50/$1.00 USD) - 2025/01/17 15:53:58 WET [2025/01/17 10:53:58 ET]
Table 'Fomalhaut IV' 6-max Seat #4 is the button
Seat 1: BelSv ($120.46 in chips) 
Seat 2: Joker007r ($109.75 in chips) 
Seat 3: whlzor ($100 in chips) 
Seat 4: MAO_DZEDYN_S ($133.67 in chips) 
Seat 5: mr.Jckpot ($100.50 in chips) 
Seat 6: p@p@stroumf ($99.02 in chips) 
mr.Jckpot: posts small blind $0.50
p@p@stroumf: posts big blind $1
*** HOLE CARDS ***
BelSv: folds 
Joker007r: folds 
whlzor: folds 
MAO_DZEDYN_S: folds 
mr.Jckpot: folds 
Uncalled bet ($0.50) returned to p@p@stroumf
p@p@stroumf collected $1 from pot
*** SUMMARY ***
Total pot $1 | Rake $0 
Seat 1: BelSv folded before Flop (didn't bet)
Seat 2: Joker007r folded before Flop (didn't bet)
Seat 3: whlzor folded before Flop (didn't bet)
Seat 4: MAO_DZEDYN_S (button) folded before Flop (didn't bet)
Seat 5: mr.Jckpot (small blind) folded before Flop
Seat 6: p@p@stroumf (big blind) collected ($1)



PokerStars Hand #254415252769:  Hold'em No Limit ($0.50/$1.00 USD) - 2025/01/17 15:54:13 WET [2025/01/17 10:54:13 ET]
Table 'Fomalhaut IV' 6-max Seat #5 is the button
Seat 1: BelSv ($120.46 in chips) 
Seat 2: Joker007r ($109.75 in chips) 
Seat 3: whlzor ($100 in chips) 
Seat 4: MAO_DZEDYN_S ($133.67 in chips) 
Seat 5: mr.Jckpot ($100 in chips) 
Seat 6: p@p@stroumf ($99.52 in chips) 
p@p@stroumf: posts small blind $0.50
BelSv: posts big blind $1
*** HOLE CARDS ***
Joker007r: folds 
whlzor: folds 
MAO_DZEDYN_S: raises $1.25 to $2.25
mr.Jckpot: folds 
p@p@stroumf: calls $1.75
BelSv: calls $1.25
*** FLOP *** [6d 5s Th]
p@p@stroumf: checks 
BelSv: checks 
MAO_DZEDYN_S: checks 
*** TURN *** [6d 5s Th] [3d]
p@p@stroumf: checks 
BelSv: checks 
MAO_DZEDYN_S: checks 
*** RIVER *** [6d 5s Th 3d] [9s]
p@p@stroumf: bets $3
BelSv: folds 
MAO_DZEDYN_S: calls $3
*** SHOW DOWN ***
p@p@stroumf: shows [8c Qc] (high card Queen)
MAO_DZEDYN_S: shows [Ah 9h] (a pair of Nines)
MAO_DZEDYN_S collected $12.11 from pot
*** SUMMARY ***
Total pot $12.75 | Rake $0.64 
Board [6d 5s Th 3d 9s]
Seat 1: BelSv (big blind) folded on the River
Seat 2: Joker007r folded before Flop (didn't bet)
Seat 3: whlzor folded before Flop (didn't bet)
Seat 4: MAO_DZEDYN_S showed [Ah 9h] and won ($12.11) with a pair of Nines
Seat 5: mr.Jckpot (button) folded before Flop (didn't bet)
Seat 6: p@p@stroumf (small blind) showed [8c Qc] and lost with high card Queen



PokerStars Hand #254415272673:  Hold'em No Limit ($0.50/$1.00 USD) - 2025/01/17 15:55:57 WET [2025/01/17 10:55:57 ET]
Table 'Fomalhaut IV' 6-max Seat #6 is the button
Seat 1: BelSv ($118.21 in chips) 
Seat 2: Joker007r ($109.75 in chips) 
Seat 3: whlzor ($100 in chips) 
Seat 4: MAO_DZEDYN_S ($140.53 in chips) 
Seat 5: mr.Jckpot ($100 in chips) 
Seat 6: p@p@stroumf ($94.27 in chips) 
BelSv: posts small blind $0.50
Joker007r: posts big blind $1
*** HOLE CARDS ***
whlzor: folds 
MAO_DZEDYN_S: folds 
mr.Jckpot: folds 
p@p@stroumf: folds 
whlzor leaves the table
BelSv: raises $2 to $3
Joker007r: folds 
Uncalled bet ($2) returned to BelSv
BelSv collected $2 from pot
BelSv: doesn't show hand 
*** SUMMARY ***
Total pot $2 | Rake $0 
Seat 1: BelSv (small blind) collected ($2)
Seat 2: Joker007r (big blind) folded before Flop
Seat 3: whlzor folded before Flop (didn't bet)
Seat 4: MAO_DZEDYN_S folded before Flop (didn't bet)
Seat 5: mr.Jckpot folded before Flop (didn't bet)
Seat 6: p@p@stroumf (button) folded before Flop (didn't bet)



PokerStars Hand #254415275955:  Hold'em No Limit ($0.50/$1.00 USD) - 2025/01/17 15:56:17 WET [2025/01/17 10:56:17 ET]
Table 'Fomalhaut IV' 6-max Seat #1 is the button
Seat 4: MAO_DZEDYN_S ($140.53 in chips) is sitting out
Seat 1: BelSv ($119.21 in chips) 
Seat 2: Joker007r ($108.75 in chips) 
Seat 5: mr.Jckpot ($100 in chips) 
Seat 6: p@p@stroumf ($94.27 in chips) 
Joker007r: posts small blind $0.50
MAO_DZEDYN_S: is sitting out 
mr.Jckpot: posts big blind $1
*** HOLE CARDS ***
tintin641 joins the table at seat #3 
p@p@stroumf: calls $1
BelSv: folds 
Joker007r: raises $5 to $6
mr.Jckpot: folds 
MAO_DZEDYN_S leaves the table
p@p@stroumf: calls $5
*** FLOP *** [2c Qc 4c]
Joker007r: bets $4.08
p@p@stroumf: calls $4.08
*** TURN *** [2c Qc 4c] [4d]
Joker007r: checks 
p@p@stroumf: bets $9
Joker007r: calls $9
*** RIVER *** [2c Qc 4c 4d] [8c]
Joker007r: bets $12.59
p@p@stroumf: calls $12.59
*** SHOW DOWN ***
Joker007r: shows [Jc Jd] (a flush, Queen high)
p@p@stroumf: mucks hand 
Joker007r collected $63.34 from pot
*** SUMMARY ***
Total pot $64.34 | Rake $1 
Board [2c Qc 4c 4d 8c]
Seat 4: MAO_DZEDYN_S
Seat 1: BelSv (button) folded before Flop (didn't bet)
Seat 2: Joker007r (small blind) showed [Jc Jd] and won ($63.34) with a flush, Queen high
Seat 5: mr.Jckpot (big blind) folded before Flop
Seat 6: p@p@stroumf mucked



PokerStars Hand #254415286522:  Hold'em No Limit ($0.50/$1.00 USD) - 2025/01/17 15:57:21 WET [2025/01/17 10:57:21 ET]
Table 'Fomalhaut IV' 6-max Seat #2 is the button
Seat 3: tintin641 ($100 in chips) is sitting out
Seat 1: BelSv ($119.21 in chips) 
Seat 2: Joker007r ($140.42 in chips) 
Seat 5: mr.Jckpot ($100 in chips) 
Seat 6: p@p@stroumf ($62.60 in chips) 
mr.Jckpot: posts small blind $0.50
p@p@stroumf: posts big blind $1
*** HOLE CARDS ***
BelSv: raises $1.25 to $2.25
Joker007r: raises $4.50 to $6.75
mr.Jckpot: folds 
p@p@stroumf: folds 
BelSv: folds 
Uncalled bet ($4.50) returned to Joker007r
Joker007r collected $6 from pot
Joker007r: doesn't show hand 
*** SUMMARY ***
Total pot $6 | Rake $0 
Seat 3: tintin641
Seat 1: BelSv folded before Flop
Seat 2: Joker007r (button) collected ($6)
Seat 5: mr.Jckpot (small blind) folded before Flop
Seat 6: p@p@stroumf (big blind) folded before Flop



PokerStars Hand #254415293941:  Hold'em No Limit ($0.50/$1.00 USD) - 2025/01/17 15:58:05 WET [2025/01/17 10:58:05 ET]
Table 'Fomalhaut IV' 6-max Seat #5 is the button
Seat 3: tintin641 ($100 in chips) is sitting out
Seat 1: BelSv ($116.96 in chips) 
Seat 2: Joker007r ($144.17 in chips) 
Seat 5: mr.Jckpot ($100 in chips) 
Seat 6: p@p@stroumf ($61.60 in chips) 
p@p@stroumf: posts small blind $0.50
BelSv: posts big blind $1
tintin641: sits out 
*** HOLE CARDS ***
Joker007r: folds 
mr.Jckpot: folds 
p@p@stroumf: raises $2 to $3
BelSv: folds 
Uncalled bet ($2) returned to p@p@stroumf
p@p@stroumf collected $2 from pot
*** SUMMARY ***
Total pot $2 | Rake $0 
Seat 3: tintin641
Seat 1: BelSv (big blind) folded before Flop
Seat 2: Joker007r folded before Flop (didn't bet)
Seat 5: mr.Jckpot (button) folded before Flop (didn't bet)
Seat 6: p@p@stroumf (small blind) collected ($2)



PokerStars Hand #254415296380:  Hold'em No Limit ($0.50/$1.00 USD) - 2025/01/17 15:58:19 WET [2025/01/17 10:58:19 ET]
Table 'Fomalhaut IV' 6-max Seat #6 is the button
Seat 3: tintin641 ($100 in chips) is sitting out
Seat 1: BelSv ($115.96 in chips) 
Seat 2: Joker007r ($144.17 in chips) 
Seat 5: mr.Jckpot ($100 in chips) 
Seat 6: p@p@stroumf ($62.60 in chips) 
BelSv: posts small blind $0.50
Joker007r: posts big blind $1
tintin641: sits out 
*** HOLE CARDS ***
mr.Jckpot: folds 
p@p@stroumf: raises $1 to $2
BelSv: folds 
Joker007r: calls $1
*** FLOP *** [7d 4s 8c]
Joker007r: checks 
p@p@stroumf: checks 
*** TURN *** [7d 4s 8c] [2d]
IREQO joins the table at seat #4 
Joker007r: bets $6.76
p@p@stroumf: folds 
Uncalled bet ($6.76) returned to Joker007r
Joker007r collected $4.28 from pot
Joker007r: doesn't show hand 
*** SUMMARY ***
Total pot $4.50 | Rake $0.22 
Board [7d 4s 8c 2d]
Seat 3: tintin641
Seat 1: BelSv (small blind) folded before Flop
Seat 2: Joker007r (big blind) collected ($4.28)
Seat 5: mr.Jckpot folded before Flop (didn't bet)
Seat 6: p@p@stroumf (button) folded on the Turn



PokerStars Hand #254415302157:  Hold'em No Limit ($0.50/$1.00 USD) - 2025/01/17 15:58:53 WET [2025/01/17 10:58:53 ET]
Table 'Fomalhaut IV' 6-max Seat #1 is the button
Seat 4: IREQO ($100 in chips) is sitting out
Seat 1: BelSv ($115.46 in chips) 
Seat 2: Joker007r ($146.45 in chips) 
Seat 3: tintin641 ($100 in chips) 
Seat 5: mr.Jckpot ($100 in chips) 
Seat 6: p@p@stroumf ($60.60 in chips) 
Joker007r: posts small blind $0.50
tintin641: posts big blind $1
IREQO: sits out 
*** HOLE CARDS ***
mr.Jckpot: folds 
p@p@stroumf: raises $2 to $3
BelSv: folds 
Joker007r: calls $2.50
tintin641: folds 
*** FLOP *** [Th Jc Qc]
Joker007r: checks 
p@p@stroumf: bets $4
Joker007r: folds 
Uncalled bet ($4) returned to p@p@stroumf
p@p@stroumf collected $6.65 from pot
*** SUMMARY ***
Total pot $7 | Rake $0.35 
Board [Th Jc Qc]
Seat 4: IREQO
Seat 1: BelSv (button) folded before Flop (didn't bet)
Seat 2: Joker007r (small blind) folded on the Flop
Seat 3: tintin641 (big blind) folded before Flop
Seat 5: mr.Jckpot folded before Flop (didn't bet)
Seat 6: p@p@stroumf collected ($6.65)



PokerStars Hand #254415306946:  Hold'em No Limit ($0.50/$1.00 USD) - 2025/01/17 15:59:21 WET [2025/01/17 10:59:21 ET]
Table 'Fomalhaut IV' 6-max Seat #2 is the button
Seat 1: BelSv ($115.46 in chips) 
Seat 2: Joker007r ($143.45 in chips) 
Seat 3: tintin641 ($100 in chips) 
Seat 4: IREQO ($100 in chips) 
Seat 5: mr.Jckpot ($100 in chips) 
Seat 6: p@p@stroumf ($64.25 in chips) 
tintin641: posts small blind $0.50
IREQO: posts big blind $1
*** HOLE CARDS ***
mr.Jckpot: folds 
p@p@stroumf: calls $1
BelSv: folds 
Joker007r: raises $4 to $5
tintin641: folds 
IREQO: folds 
p@p@stroumf: calls $4
*** FLOP *** [6d 4d As]
p@p@stroumf: checks 
Joker007r: bets $3.60
p@p@stroumf: folds 
Uncalled bet ($3.60) returned to Joker007r
Joker007r collected $10.92 from pot
Joker007r: doesn't show hand 
*** SUMMARY ***
Total pot $11.50 | Rake $0.58 
Board [6d 4d As]
Seat 1: BelSv folded before Flop (didn't bet)
Seat 2: Joker007r (button) collected ($10.92)
Seat 3: tintin641 (small blind) folded before Flop
Seat 4: IREQO (big blind) folded before Flop
Seat 5: mr.Jckpot folded before Flop (didn't bet)
Seat 6: p@p@stroumf folded on the Flop



PokerStars Hand #254415314565:  Hold'em No Limit ($0.50/$1.00 USD) - 2025/01/17 16:00:04 WET [2025/01/17 11:00:04 ET]
Table 'Fomalhaut IV' 6-max Seat #3 is the button
Seat 1: BelSv ($115.46 in chips) 
Seat 2: Joker007r ($149.37 in chips) 
Seat 3: tintin641 ($100 in chips) 
Seat 4: IREQO ($100 in chips) 
Seat 5: mr.Jckpot ($100 in chips) 
Seat 6: p@p@stroumf ($59.25 in chips) 
IREQO: posts small blind $0.50
mr.Jckpot: posts big blind $1
*** HOLE CARDS ***
p@p@stroumf: raises $1 to $2
BelSv: folds 
Joker007r: folds 
tintin641: folds 
IREQO: folds 
mr.Jckpot: calls $1
*** FLOP *** [7s Ac 4s]
mr.Jckpot: checks 
p@p@stroumf: bets $2
mr.Jckpot: folds 
Uncalled bet ($2) returned to p@p@stroumf
p@p@stroumf collected $4.28 from pot
*** SUMMARY ***
Total pot $4.50 | Rake $0.22 
Board [7s Ac 4s]
Seat 1: BelSv folded before Flop (didn't bet)
Seat 2: Joker007r folded before Flop (didn't bet)
Seat 3: tintin641 (button) folded before Flop (didn't bet)
Seat 4: IREQO (small blind) folded before Flop
Seat 5: mr.Jckpot (big blind) folded on the Flop
Seat 6: p@p@stroumf collected ($4.28)



PokerStars Hand #254415318673:  Hold'em No Limit ($0.50/$1.00 USD) - 2025/01/17 16:00:28 WET [2025/01/17 11:00:28 ET]
Table 'Fomalhaut IV' 6-max Seat #4 is the button
Seat 1: BelSv ($115.46 in chips) 
Seat 2: Joker007r ($149.37 in chips) 
Seat 3: tintin641 ($100 in chips) 
Seat 4: IREQO ($100 in chips) 
Seat 5: mr.Jckpot ($100 in chips) 
Seat 6: p@p@stroumf ($61.53 in chips) 
mr.Jckpot: posts small blind $0.50
p@p@stroumf: posts big blind $1
*** HOLE CARDS ***
BelSv: folds 
Joker007r: raises $2 to $3
tintin641: folds 
IREQO: folds 
mr.Jckpot: folds 
p@p@stroumf: calls $2
*** FLOP *** [8c 9d Th]
p@p@stroumf: bets $4
Joker007r: calls $4
*** TURN *** [8c 9d Th] [Jd]
p@p@stroumf: bets $54.53 and is all-in
Joker007r: calls $54.53
*** RIVER *** [8c 9d Th Jd] [8d]
*** SHOW DOWN ***
p@p@stroumf: shows [7d 8s] (a straight, Seven to Jack)
Joker007r: shows [Kd Td] (a flush, King high)
Joker007r collected $121.06 from pot
p@p@stroumf cashed out the hand for $84.94 | Cash Out Fee $1.73
*** SUMMARY ***
Total pot $123.56 | Rake $2.50 
Board [8c 9d Th Jd 8d]
Seat 1: BelSv folded before Flop (didn't bet)
Seat 2: Joker007r showed [Kd Td] and won ($121.06) with a flush, King high
Seat 3: tintin641 folded before Flop (didn't bet)
Seat 4: IREQO (button) folded before Flop (didn't bet)
Seat 5: mr.Jckpot (small blind) folded before Flop
Seat 6: p@p@stroumf (big blind) showed [7d 8s] and lost with a straight, Seven to Jack (cashed out).



PokerStars Hand #254415325546:  Hold'em No Limit ($0.50/$1.00 USD) - 2025/01/17 16:01:03 WET [2025/01/17 11:01:03 ET]
Table 'Fomalhaut IV' 6-max Seat #5 is the button
Seat 1: BelSv ($115.46 in chips) 
Seat 2: Joker007r ($208.90 in chips) 
Seat 3: tintin641 ($100 in chips) 
Seat 4: IREQO ($100 in chips) 
Seat 5: mr.Jckpot ($100 in chips) 
Seat 6: p@p@stroumf ($84.94 in chips) 
p@p@stroumf: posts small blind $0.50
BelSv: posts big blind $1
*** HOLE CARDS ***
Joker007r: folds 
tintin641: folds 
IREQO: folds 
mr.Jckpot: folds 
p@p@stroumf: raises $2 to $3
BelSv: folds 
Uncalled bet ($2) returned to p@p@stroumf
p@p@stroumf collected $2 from pot
*** SUMMARY ***
Total pot $2 | Rake $0 
Seat 1: BelSv (big blind) folded before Flop
Seat 2: Joker007r folded before Flop (didn't bet)
Seat 3: tintin641 folded before Flop (didn't bet)
Seat 4: IREQO folded before Flop (didn't bet)
Seat 5: mr.Jckpot (button) folded before Flop (didn't bet)
Seat 6: p@p@stroumf (small blind) collected ($2)



PokerStars Hand #254415328636:  Hold'em No Limit ($0.50/$1.00 USD) - 2025/01/17 16:01:18 WET [2025/01/17 11:01:18 ET]
Table 'Fomalhaut IV' 6-max Seat #6 is the button
Seat 1: BelSv ($114.46 in chips) 
Seat 2: Joker007r ($208.90 in chips) 
Seat 3: tintin641 ($100 in chips) 
Seat 4: IREQO ($100 in chips) 
Seat 5: mr.Jckpot ($100 in chips) 
Seat 6: p@p@stroumf ($85.94 in chips) 
BelSv: posts small blind $0.50
Joker007r: posts big blind $1
*** HOLE CARDS ***
tintin641: folds 
IREQO: folds 
mr.Jckpot: folds 
p@p@stroumf: calls $1
BelSv: folds 
Joker007r: checks 
*** FLOP *** [9d Js 7d]
Joker007r: checks 
p@p@stroumf: checks 
*** TURN *** [9d Js 7d] [Ks]
Joker007r: bets $3.76
p@p@stroumf: folds 
Uncalled bet ($3.76) returned to Joker007r
Joker007r collected $2.38 from pot
Joker007r: doesn't show hand 
*** SUMMARY ***
Total pot $2.50 | Rake $0.12 
Board [9d Js 7d Ks]
Seat 1: BelSv (small blind) folded before Flop
Seat 2: Joker007r (big blind) collected ($2.38)
Seat 3: tintin641 folded before Flop (didn't bet)
Seat 4: IREQO folded before Flop (didn't bet)
Seat 5: mr.Jckpot folded before Flop (didn't bet)
Seat 6: p@p@stroumf (button) folded on the Turn



PokerStars Hand #254415335684:  Hold'em No Limit ($0.50/$1.00 USD) - 2025/01/17 16:01:50 WET [2025/01/17 11:01:50 ET]
Table 'Fomalhaut IV' 6-max Seat #1 is the button
Seat 1: BelSv ($113.96 in chips) 
Seat 2: Joker007r ($210.28 in chips) 
Seat 3: tintin641 ($100 in chips) 
Seat 4: IREQO ($100 in chips) 
Seat 5: mr.Jckpot ($100 in chips) 
Seat 6: p@p@stroumf ($84.94 in chips) 
Joker007r: posts small blind $0.50
tintin641: posts big blind $1
*** HOLE CARDS ***
IREQO: folds 
mr.Jckpot: folds 
p@p@stroumf: raises $1 to $2
BelSv: folds 
Joker007r: raises $7 to $9
tintin641: folds 
p@p@stroumf: folds 
Uncalled bet ($7) returned to Joker007r
Joker007r collected $5 from pot
Joker007r: doesn't show hand 
*** SUMMARY ***
Total pot $5 | Rake $0 
Seat 1: BelSv (button) folded before Flop (didn't bet)
Seat 2: Joker007r (small blind) collected ($5)
Seat 3: tintin641 (big blind) folded before Flop
Seat 4: IREQO folded before Flop (didn't bet)
Seat 5: mr.Jckpot folded before Flop (didn't bet)
Seat 6: p@p@stroumf folded before Flop



PokerStars Hand #254415340957:  Hold'em No Limit ($0.50/$1.00 USD) - 2025/01/17 16:02:14 WET [2025/01/17 11:02:14 ET]
Table 'Fomalhaut IV' 6-max Seat #2 is the button
Seat 1: BelSv ($113.96 in chips) 
Seat 2: Joker007r ($213.28 in chips) 
Seat 3: tintin641 ($100 in chips) 
Seat 4: IREQO ($100 in chips) 
Seat 5: mr.Jckpot ($100 in chips) 
Seat 6: p@p@stroumf ($82.94 in chips) 
tintin641: posts small blind $0.50
IREQO: posts big blind $1
*** HOLE CARDS ***
mr.Jckpot: folds 
p@p@stroumf: calls $1
BelSv: raises $2.50 to $3.50
Joker007r: folds 
tintin641: folds 
IREQO: raises $9.50 to $13
p@p@stroumf: folds 
BelSv: raises $16.50 to $29.50
IREQO: raises $70.50 to $100 and is all-in
BelSv: calls $70.50
IREQO has timed out
*** FLOP *** [3s Js 5h]
*** TURN *** [3s Js 5h] [7h]
*** RIVER *** [3s Js 5h 7h] [4d]
*** SHOW DOWN ***
IREQO: shows [Kc Kd] (a pair of Kings)
BelSv: shows [Ah Ks] (high card Ace)
IREQO collected $199 from pot
*** SUMMARY ***
Total pot $201.50 | Rake $2.50 
Board [3s Js 5h 7h 4d]
Seat 1: BelSv showed [Ah Ks] and lost with high card Ace
Seat 2: Joker007r (button) folded before Flop (didn't bet)
Seat 3: tintin641 (small blind) folded before Flop
Seat 4: IREQO (big blind) showed [Kc Kd] and won ($199) with a pair of Kings
Seat 5: mr.Jckpot folded before Flop (didn't bet)
Seat 6: p@p@stroumf folded before Flop



PokerStars Hand #254415359232:  Hold'em No Limit ($0.50/$1.00 USD) - 2025/01/17 16:03:37 WET [2025/01/17 11:03:37 ET]
Table 'Fomalhaut IV' 6-max Seat #3 is the button
Seat 1: BelSv ($100 in chips) 
Seat 2: Joker007r ($213.28 in chips) 
Seat 3: tintin641 ($100 in chips) 
Seat 4: IREQO ($199 in chips) 
Seat 5: mr.Jckpot ($100 in chips) 
Seat 6: p@p@stroumf ($81.94 in chips) 
IREQO: posts small blind $0.50
mr.Jckpot: posts big blind $1
*** HOLE CARDS ***
p@p@stroumf: folds 
BelSv: folds 
Joker007r: folds 
tintin641: raises $1.50 to $2.50
IREQO: folds 
mr.Jckpot: folds 
Uncalled bet ($1.50) returned to tintin641
tintin641 collected $2.50 from pot
tintin641: doesn't show hand 
*** SUMMARY ***
Total pot $2.50 | Rake $0 
Seat 1: BelSv folded before Flop (didn't bet)
Seat 2: Joker007r folded before Flop (didn't bet)
Seat 3: tintin641 (button) collected ($2.50)
Seat 4: IREQO (small blind) folded before Flop
Seat 5: mr.Jckpot (big blind) folded before Flop
Seat 6: p@p@stroumf folded before Flop (didn't bet)



PokerStars Hand #254415364316:  Hold'em No Limit ($0.50/$1.00 USD) - 2025/01/17 16:04:00 WET [2025/01/17 11:04:00 ET]
Table 'Fomalhaut IV' 6-max Seat #4 is the button
Seat 1: BelSv ($100 in chips) 
Seat 2: Joker007r ($213.28 in chips) 
Seat 3: tintin641 ($101.50 in chips) 
Seat 4: IREQO ($198.50 in chips) 
Seat 5: mr.Jckpot ($100 in chips) 
Seat 6: p@p@stroumf ($81.94 in chips) 
mr.Jckpot: posts small blind $0.50
p@p@stroumf: posts big blind $1
*** HOLE CARDS ***
BelSv: raises $1.25 to $2.25
Joker007r: folds 
tintin641: folds 
IREQO: folds 
mr.Jckpot: folds 
p@p@stroumf: calls $1.25
*** FLOP *** [3s 8s Ks]
p@p@stroumf: bets $2
BelSv: calls $2
*** TURN *** [3s 8s Ks] [Qs]
p@p@stroumf: bets $1
BelSv: folds 
Uncalled bet ($1) returned to p@p@stroumf
p@p@stroumf collected $8.55 from pot
*** SUMMARY ***
Total pot $9 | Rake $0.45 
Board [3s 8s Ks Qs]
Seat 1: BelSv folded on the Turn
Seat 2: Joker007r folded before Flop (didn't bet)
Seat 3: tintin641 folded before Flop (didn't bet)
Seat 4: IREQO (button) folded before Flop (didn't bet)
Seat 5: mr.Jckpot (small blind) folded before Flop
Seat 6: p@p@stroumf (big blind) collected ($8.55)



PokerStars Hand #254415371871:  Hold'em No Limit ($0.50/$1.00 USD) - 2025/01/17 16:04:33 WET [2025/01/17 11:04:33 ET]
Table 'Fomalhaut IV' 6-max Seat #5 is the button
Seat 1: BelSv ($100 in chips) 
Seat 2: Joker007r ($213.28 in chips) 
Seat 3: tintin641 ($101.50 in chips) 
Seat 4: IREQO ($198.50 in chips) 
Seat 5: mr.Jckpot ($100 in chips) 
Seat 6: p@p@stroumf ($86.24 in chips) 
p@p@stroumf: posts small blind $0.50
BelSv: posts big blind $1
*** HOLE CARDS ***
Joker007r: folds 
tintin641: raises $1.50 to $2.50
IREQO: folds 
mr.Jckpot: raises $5 to $7.50
p@p@stroumf: folds 
BelSv: folds 
tintin641: folds 
Uncalled bet ($5) returned to mr.Jckpot
mr.Jckpot collected $6.50 from pot
mr.Jckpot: doesn't show hand 
*** SUMMARY ***
Total pot $6.50 | Rake $0 
Seat 1: BelSv (big blind) folded before Flop
Seat 2: Joker007r folded before Flop (didn't bet)
Seat 3: tintin641 folded before Flop
Seat 4: IREQO folded before Flop (didn't bet)
Seat 5: mr.Jckpot (button) collected ($6.50)
Seat 6: p@p@stroumf (small blind) folded before Flop



PokerStars Hand #254415379456:  Hold'em No Limit ($0.50/$1.00 USD) - 2025/01/17 16:05:07 WET [2025/01/17 11:05:07 ET]
Table 'Fomalhaut IV' 6-max Seat #6 is the button
Seat 1: BelSv ($100 in chips) 
Seat 2: Joker007r ($213.28 in chips) 
Seat 3: tintin641 ($100 in chips) 
Seat 4: IREQO ($198.50 in chips) 
Seat 5: mr.Jckpot ($104 in chips) 
Seat 6: p@p@stroumf ($85.74 in chips) 
BelSv: posts small blind $0.50
Joker007r: posts big blind $1
*** HOLE CARDS ***
tintin641: folds 
IREQO: folds 
mr.Jckpot: folds 
p@p@stroumf: calls $1
BelSv: folds 
Joker007r: raises $7 to $8
p@p@stroumf: folds 
Uncalled bet ($7) returned to Joker007r
Joker007r collected $2.50 from pot
Joker007r: doesn't show hand 
*** SUMMARY ***
Total pot $2.50 | Rake $0 
Seat 1: BelSv (small blind) folded before Flop
Seat 2: Joker007r (big blind) collected ($2.50)
Seat 3: tintin641 folded before Flop (didn't bet)
Seat 4: IREQO folded before Flop (didn't bet)
Seat 5: mr.Jckpot folded before Flop (didn't bet)
Seat 6: p@p@stroumf (button) folded before Flop



PokerStars Hand #254415384060:  Hold'em No Limit ($0.50/$1.00 USD) - 2025/01/17 16:05:28 WET [2025/01/17 11:05:28 ET]
Table 'Fomalhaut IV' 6-max Seat #1 is the button
Seat 1: BelSv ($100 in chips) 
Seat 2: Joker007r ($214.78 in chips) 
Seat 3: tintin641 ($100 in chips) 
Seat 4: IREQO ($198.50 in chips) 
Seat 5: mr.Jckpot ($104 in chips) 
Seat 6: p@p@stroumf ($84.74 in chips) 
Joker007r: posts small blind $0.50
tintin641: posts big blind $1
*** HOLE CARDS ***
IREQO: folds 
mr.Jckpot: folds 
IREQO leaves the table
p@p@stroumf: calls $1
BelSv: folds 
Joker007r: folds 
xxxZeka joins the table at seat #4 
tintin641: checks 
*** FLOP *** [Ks 5s 8d]
tintin641: checks 
p@p@stroumf: bets $2
tintin641: folds 
Uncalled bet ($2) returned to p@p@stroumf
p@p@stroumf collected $2.38 from pot
*** SUMMARY ***
Total pot $2.50 | Rake $0.12 
Board [Ks 5s 8d]
Seat 1: BelSv (button) folded before Flop (didn't bet)
Seat 2: Joker007r (small blind) folded before Flop
Seat 3: tintin641 (big blind) folded on the Flop
Seat 4: IREQO folded before Flop (didn't bet)
Seat 5: mr.Jckpot folded before Flop (didn't bet)
Seat 6: p@p@stroumf collected ($2.38)



PokerStars Hand #254415389303:  Hold'em No Limit ($0.50/$1.00 USD) - 2025/01/17 16:05:51 WET [2025/01/17 11:05:51 ET]
Table 'Fomalhaut IV' 6-max Seat #2 is the button
Seat 1: BelSv ($100 in chips) 
Seat 2: Joker007r ($214.28 in chips) 
Seat 3: tintin641 ($100 in chips) 
Seat 4: xxxZeka ($100 in chips) 
Seat 5: mr.Jckpot ($104 in chips) 
Seat 6: p@p@stroumf ($86.12 in chips) 
tintin641: posts small blind $0.50
xxxZeka: posts big blind $1
*** HOLE CARDS ***
mr.Jckpot: raises $1.50 to $2.50
p@p@stroumf: calls $2.50
BelSv: folds 
Joker007r: folds 
tintin641: folds 
xxxZeka: folds 
*** FLOP *** [7c 5d Jh]
mr.Jckpot: bets $4.02
p@p@stroumf: calls $4.02
*** TURN *** [7c 5d Jh] [Kd]
mr.Jckpot: bets $4.56
p@p@stroumf: folds 
Uncalled bet ($4.56) returned to mr.Jckpot
mr.Jckpot collected $13.81 from pot
mr.Jckpot: doesn't show hand 
*** SUMMARY ***
Total pot $14.54 | Rake $0.73 
Board [7c 5d Jh Kd]
Seat 1: BelSv folded before Flop (didn't bet)
Seat 2: Joker007r (button) folded before Flop (didn't bet)
Seat 3: tintin641 (small blind) folded before Flop
Seat 4: xxxZeka (big blind) folded before Flop
Seat 5: mr.Jckpot collected ($13.81)
Seat 6: p@p@stroumf folded on the Turn



PokerStars Hand #254415402071:  Hold'em No Limit ($0.50/$1.00 USD) - 2025/01/17 16:06:48 WET [2025/01/17 11:06:48 ET]
Table 'Fomalhaut IV' 6-max Seat #3 is the button
Seat 1: BelSv ($100 in chips) 
Seat 2: Joker007r ($214.28 in chips) 
Seat 3: tintin641 ($100 in chips) 
Seat 4: xxxZeka ($100 in chips) 
Seat 5: mr.Jckpot ($111.29 in chips) 
Seat 6: p@p@stroumf ($79.60 in chips) 
xxxZeka: posts small blind $0.50
mr.Jckpot: posts big blind $1
*** HOLE CARDS ***
p@p@stroumf: raises $2 to $3
BelSv: folds 
Joker007r: folds 
tintin641: folds 
xxxZeka: folds 
mr.Jckpot: folds 
Uncalled bet ($2) returned to p@p@stroumf
p@p@stroumf collected $2.50 from pot
*** SUMMARY ***
Total pot $2.50 | Rake $0 
Seat 1: BelSv folded before Flop (didn't bet)
Seat 2: Joker007r folded before Flop (didn't bet)
Seat 3: tintin641 (button) folded before Flop (didn't bet)
Seat 4: xxxZeka (small blind) folded before Flop
Seat 5: mr.Jckpot (big blind) folded before Flop
Seat 6: p@p@stroumf collected ($2.50)



PokerStars Hand #254415409744:  Hold'em No Limit ($0.50/$1.00 USD) - 2025/01/17 16:07:22 WET [2025/01/17 11:07:22 ET]
Table 'Fomalhaut IV' 6-max Seat #4 is the button
Seat 1: BelSv ($100 in chips) 
Seat 2: Joker007r ($214.28 in chips) 
Seat 3: tintin641 ($100 in chips) 
Seat 4: xxxZeka ($100 in chips) 
Seat 5: mr.Jckpot ($110.29 in chips) 
Seat 6: p@p@stroumf ($81.10 in chips) 
mr.Jckpot: posts small blind $0.50
p@p@stroumf: posts big blind $1
*** HOLE CARDS ***
BelSv: folds 
Joker007r: raises $2 to $3
tintin641: folds 
xxxZeka: folds 
mr.Jckpot: folds 
p@p@stroumf: calls $2
*** FLOP *** [Ad Qd 6s]
p@p@stroumf: checks 
Joker007r: bets $4.12
p@p@stroumf: folds 
Uncalled bet ($4.12) returned to Joker007r
Joker007r collected $6.18 from pot
Joker007r: doesn't show hand 
*** SUMMARY ***
Total pot $6.50 | Rake $0.32 
Board [Ad Qd 6s]
Seat 1: BelSv folded before Flop (didn't bet)
Seat 2: Joker007r collected ($6.18)
Seat 3: tintin641 folded before Flop (didn't bet)
Seat 4: xxxZeka (button) folded before Flop (didn't bet)
Seat 5: mr.Jckpot (small blind) folded before Flop
Seat 6: p@p@stroumf (big blind) folded on the Flop



PokerStars Hand #254415419672:  Hold'em No Limit ($0.50/$1.00 USD) - 2025/01/17 16:08:06 WET [2025/01/17 11:08:06 ET]
Table 'Fomalhaut IV' 6-max Seat #5 is the button
Seat 1: BelSv ($100 in chips) 
Seat 2: Joker007r ($217.46 in chips) 
Seat 3: tintin641 ($100 in chips) 
Seat 4: xxxZeka ($100 in chips) 
Seat 5: mr.Jckpot ($109.79 in chips) 
Seat 6: p@p@stroumf ($78.10 in chips) 
p@p@stroumf: posts small blind $0.50
BelSv: posts big blind $1
*** HOLE CARDS ***
Joker007r: folds 
tintin641: raises $1.50 to $2.50
xxxZeka: folds 
mr.Jckpot: folds 
p@p@stroumf: calls $2
BelSv: folds 
*** FLOP *** [7d 9d 3d]
p@p@stroumf: checks 
tintin641: checks 
*** TURN *** [7d 9d 3d] [Qh]
p@p@stroumf: bets $3
tintin641: calls $3
*** RIVER *** [7d 9d 3d Qh] [Th]
p@p@stroumf: checks 
tintin641: checks 
*** SHOW DOWN ***
p@p@stroumf: shows [9c Ac] (a pair of Nines)
tintin641: shows [Kc Td] (a pair of Tens)
tintin641 collected $11.40 from pot
*** SUMMARY ***
Total pot $12 | Rake $0.60 
Board [7d 9d 3d Qh Th]
Seat 1: BelSv (big blind) folded before Flop
Seat 2: Joker007r folded before Flop (didn't bet)
Seat 3: tintin641 showed [Kc Td] and won ($11.40) with a pair of Tens
Seat 4: xxxZeka folded before Flop (didn't bet)
Seat 5: mr.Jckpot (button) folded before Flop (didn't bet)
Seat 6: p@p@stroumf (small blind) showed [9c Ac] and lost with a pair of Nines



PokerStars Hand #254415434484:  Hold'em No Limit ($0.50/$1.00 USD) - 2025/01/17 16:09:13 WET [2025/01/17 11:09:13 ET]
Table 'Fomalhaut IV' 6-max Seat #6 is the button
Seat 1: BelSv ($100 in chips) 
Seat 2: Joker007r ($217.46 in chips) 
Seat 3: tintin641 ($105.90 in chips) 
Seat 4: xxxZeka ($100 in chips) 
Seat 5: mr.Jckpot ($109.79 in chips) 
Seat 6: p@p@stroumf ($72.60 in chips) 
BelSv: posts small blind $0.50
Joker007r: posts big blind $1
*** HOLE CARDS ***
tintin641: raises $1.50 to $2.50
xxxZeka: folds 
mr.Jckpot: folds 
p@p@stroumf: folds 
BelSv: folds 
Joker007r: calls $1.50
*** FLOP *** [Qc Ks 8s]
Joker007r: checks 
tintin641: bets $2.61
Joker007r: raises $7.62 to $10.23
tintin641: calls $7.62
*** TURN *** [Qc Ks 8s] [3c]
Joker007r: bets $18
tintin641: raises $75.17 to $93.17 and is all-in
Joker007r: folds 
Uncalled bet ($75.17) returned to tintin641
tintin641 collected $59.46 from pot
tintin641: doesn't show hand 
*** SUMMARY ***
Total pot $61.96 | Rake $2.50 
Board [Qc Ks 8s 3c]
Seat 1: BelSv (small blind) folded before Flop
Seat 2: Joker007r (big blind) folded on the Turn
Seat 3: tintin641 collected ($59.46)
Seat 4: xxxZeka folded before Flop (didn't bet)
Seat 5: mr.Jckpot folded before Flop (didn't bet)
Seat 6: p@p@stroumf (button) folded before Flop (didn't bet)



PokerStars Hand #254415458566:  Hold'em No Limit ($0.50/$1.00 USD) - 2025/01/17 16:11:01 WET [2025/01/17 11:11:01 ET]
Table 'Fomalhaut IV' 6-max Seat #1 is the button
Seat 1: BelSv ($100 in chips) 
Seat 2: Joker007r ($186.73 in chips) 
Seat 3: tintin641 ($134.63 in chips) 
Seat 4: xxxZeka ($100 in chips) 
Seat 5: mr.Jckpot ($109.79 in chips) 
Seat 6: p@p@stroumf ($72.60 in chips) 
Joker007r: posts small blind $0.50
tintin641: posts big blind $1
*** HOLE CARDS ***
xxxZeka: folds 
mr.Jckpot: folds 
p@p@stroumf: raises $2 to $3
BelSv: raises $6 to $9
Joker007r: folds 
tintin641: folds 
p@p@stroumf: raises $10 to $19
BelSv: raises $81 to $100 and is all-in
p@p@stroumf: calls $53.60 and is all-in
Uncalled bet ($27.40) returned to BelSv
*** FLOP *** [6s 5h 4c]
*** TURN *** [6s 5h 4c] [Ad]
*** RIVER *** [6s 5h 4c Ad] [6d]
*** SHOW DOWN ***
p@p@stroumf: shows [Qd Qc] (two pair, Queens and Sixes)
BelSv: shows [Ah Kh] (two pair, Aces and Sixes)
BelSv collected $144.20 from pot
*** SUMMARY ***
Total pot $146.70 | Rake $2.50 
Board [6s 5h 4c Ad 6d]
Seat 1: BelSv (button) showed [Ah Kh] and won ($144.20) with two pair, Aces and Sixes
Seat 2: Joker007r (small blind) folded before Flop
Seat 3: tintin641 (big blind) folded before Flop
Seat 4: xxxZeka folded before Flop (didn't bet)
Seat 5: mr.Jckpot folded before Flop (didn't bet)
Seat 6: p@p@stroumf showed [Qd Qc] and lost with two pair, Queens and Sixes



PokerStars Hand #254415469193:  Hold'em No Limit ($0.50/$1.00 USD) - 2025/01/17 16:11:49 WET [2025/01/17 11:11:49 ET]
Table 'Fomalhaut IV' 6-max Seat #2 is the button
Seat 6: p@p@stroumf ($0 in chips) is sitting out
Seat 1: BelSv ($171.60 in chips) 
Seat 2: Joker007r ($186.23 in chips) 
Seat 3: tintin641 ($133.63 in chips) 
Seat 4: xxxZeka ($100 in chips) 
Seat 5: mr.Jckpot ($109.79 in chips) 
tintin641: posts small blind $0.50
xxxZeka: posts big blind $1
*** HOLE CARDS ***
mr.Jckpot: folds 
BelSv: folds 
Joker007r: raises $1.50 to $2.50
tintin641: folds 
xxxZeka: calls $1.50
*** FLOP *** [Jd 8d Ks]
xxxZeka: checks 
p@p@stroumf leaves the table
Joker007r is disconnected 
70peppino joins the table at seat #6 
Joker007r has timed out while disconnected
Joker007r: checks 
*** TURN *** [Jd 8d Ks] [4h]
xxxZeka: bets $3.45
Joker007r has timed out while disconnected
Joker007r: folds 
Uncalled bet ($3.45) returned to xxxZeka
xxxZeka collected $5.22 from pot
xxxZeka: doesn't show hand 
*** SUMMARY ***
Total pot $5.50 | Rake $0.28 
Board [Jd 8d Ks 4h]
Seat 6: p@p@stroumf
Seat 1: BelSv folded before Flop (didn't bet)
Seat 2: Joker007r (button) folded on the Turn
Seat 3: tintin641 (small blind) folded before Flop
Seat 4: xxxZeka (big blind) collected ($5.22)
Seat 5: mr.Jckpot folded before Flop (didn't bet)



PokerStars Hand #254415492712:  Hold'em No Limit ($0.50/$1.00 USD) - 2025/01/17 16:13:32 WET [2025/01/17 11:13:32 ET]
Table 'Fomalhaut IV' 6-max Seat #3 is the button
Seat 2: Joker007r ($183.73 in chips) is sitting out
Seat 5: mr.Jckpot ($109.79 in chips) is sitting out
Seat 1: BelSv ($171.60 in chips) 
Seat 3: tintin641 ($133.13 in chips) 
Seat 4: xxxZeka ($102.72 in chips) 
Seat 6: 70peppino ($100 in chips) 
xxxZeka: posts small blind $0.50
mr.Jckpot: is sitting out 
70peppino: posts big blind $1
*** HOLE CARDS ***
mr.Jckpot leaves the table
BelSv: folds 
tintin641: raises $1.50 to $2.50
xxxZeka: folds 
70peppino: folds 
Uncalled bet ($1.50) returned to tintin641
markyh213213 joins the table at seat #5 
markyh213213 is disconnected 
tintin641 collected $2.50 from pot
tintin641: doesn't show hand 
*** SUMMARY ***
Total pot $2.50 | Rake $0 
Seat 2: Joker007r
Seat 5: mr.Jckpot
Seat 1: BelSv folded before Flop (didn't bet)
Seat 3: tintin641 (button) collected ($2.50)
Seat 4: xxxZeka (small blind) folded before Flop
Seat 6: 70peppino (big blind) folded before Flop



PokerStars Hand #254415498470:  Hold'em No Limit ($0.50/$1.00 USD) - 2025/01/17 16:13:58 WET [2025/01/17 11:13:58 ET]
Table 'Fomalhaut IV' 6-max Seat #4 is the button
Seat 2: Joker007r ($183.73 in chips) is sitting out
Seat 5: markyh213213 ($80 in chips) is sitting out
Seat 1: BelSv ($171.60 in chips) 
Seat 3: tintin641 ($134.63 in chips) 
Seat 4: xxxZeka ($102.22 in chips) 
Seat 6: 70peppino ($100 in chips) 
70peppino: posts small blind $0.50
BelSv: posts big blind $1
*** HOLE CARDS ***
tintin641: raises $1.50 to $2.50
xxxZeka: folds 
70peppino: folds 
BelSv: folds 
Uncalled bet ($1.50) returned to tintin641
tintin641 collected $2.50 from pot
tintin641: doesn't show hand 
*** SUMMARY ***
Total pot $2.50 | Rake $0 
Seat 2: Joker007r
Seat 5: markyh213213
Seat 1: BelSv (big blind) folded before Flop
Seat 3: tintin641 collected ($2.50)
Seat 4: xxxZeka (button) folded before Flop (didn't bet)
Seat 6: 70peppino (small blind) folded before Flop



PokerStars Hand #254415501567:  Hold'em No Limit ($0.50/$1.00 USD) - 2025/01/17 16:14:11 WET [2025/01/17 11:14:11 ET]
Table 'Fomalhaut IV' 6-max Seat #6 is the button
Seat 2: Joker007r ($183.73 in chips) is sitting out
Seat 5: markyh213213 ($80 in chips) is sitting out
Seat 1: BelSv ($170.60 in chips) 
Seat 3: tintin641 ($136.13 in chips) 
Seat 4: xxxZeka ($102.22 in chips) 
Seat 6: 70peppino ($100 in chips) 
BelSv: posts small blind $0.50
tintin641: posts big blind $1
markyh213213: sits out 
*** HOLE CARDS ***
xxxZeka: raises $1.50 to $2.50
70peppino: folds 
BelSv: folds 
tintin641: folds 
Uncalled bet ($1.50) returned to xxxZeka
xxxZeka collected $2.50 from pot
xxxZeka: doesn't show hand 
*** SUMMARY ***
Total pot $2.50 | Rake $0 
Seat 2: Joker007r
Seat 5: markyh213213
Seat 1: BelSv (small blind) folded before Flop
Seat 3: tintin641 (big blind) folded before Flop
Seat 4: xxxZeka collected ($2.50)
Seat 6: 70peppino (button) folded before Flop (didn't bet)



PokerStars Hand #254415507395:  Hold'em No Limit ($0.50/$1.00 USD) - 2025/01/17 16:14:37 WET [2025/01/17 11:14:37 ET]
Table 'Fomalhaut IV' 6-max Seat #1 is the button
Seat 2: Joker007r ($183.73 in chips) is sitting out
Seat 5: markyh213213 ($80 in chips) is sitting out
Seat 1: BelSv ($170.10 in chips) 
Seat 3: tintin641 ($135.13 in chips) 
Seat 4: xxxZeka ($103.72 in chips) 
Seat 6: 70peppino ($100 in chips) 
tintin641: posts small blind $0.50
xxxZeka: posts big blind $1
markyh213213: sits out 
*** HOLE CARDS ***
70peppino: folds 
BelSv: folds 
tintin641: raises $2 to $3
xxxZeka: raises $6 to $9
tintin641: folds 
Uncalled bet ($6) returned to xxxZeka
xxxZeka collected $6 from pot
xxxZeka: doesn't show hand 
*** SUMMARY ***
Total pot $6 | Rake $0 
Seat 2: Joker007r
Seat 5: markyh213213
Seat 1: BelSv (button) folded before Flop (didn't bet)
Seat 3: tintin641 (small blind) folded before Flop
Seat 4: xxxZeka (big blind) collected ($6)
Seat 6: 70peppino folded before Flop (didn't bet)



PokerStars Hand #254415513548:  Hold'em No Limit ($0.50/$1.00 USD) - 2025/01/17 16:15:04 WET [2025/01/17 11:15:04 ET]
Table 'Fomalhaut IV' 6-max Seat #3 is the button
Seat 2: Joker007r ($183.73 in chips) is sitting out
Seat 1: BelSv ($170.10 in chips) 
Seat 3: tintin641 ($132.13 in chips) 
Seat 4: xxxZeka ($106.72 in chips) 
Seat 5: markyh213213 ($80 in chips) 
Seat 6: 70peppino ($100 in chips) 
xxxZeka: posts small blind $0.50
markyh213213: posts big blind $1
*** HOLE CARDS ***
70peppino: folds 
BelSv: raises $1.25 to $2.25
tintin641: folds 
xxxZeka: folds 
markyh213213: calls $1.25
*** FLOP *** [2s 6s 6c]
markyh213213: checks 
BelSv: bets $1.43
markyh213213: calls $1.43
*** TURN *** [2s 6s 6c] [5c]
markyh213213: checks 
BelSv: checks 
*** RIVER *** [2s 6s 6c 5c] [Ts]
markyh213213: checks 
BelSv: bets $5.60
markyh213213: calls $5.60
*** SHOW DOWN ***
BelSv: shows [Ks Td] (two pair, Tens and Sixes)
markyh213213: mucks hand 
BelSv collected $18.11 from pot
*** SUMMARY ***
Total pot $19.06 | Rake $0.95 
Board [2s 6s 6c 5c Ts]
Seat 2: Joker007r
Seat 1: BelSv showed [Ks Td] and won ($18.11) with two pair, Tens and Sixes
Seat 3: tintin641 (button) folded before Flop (didn't bet)
Seat 4: xxxZeka (small blind) folded before Flop
Seat 5: markyh213213 (big blind) mucked
Seat 6: 70peppino folded before Flop (didn't bet)



PokerStars Hand #254415529293:  Hold'em No Limit ($0.50/$1.00 USD) - 2025/01/17 16:16:12 WET [2025/01/17 11:16:12 ET]
Table 'Fomalhaut IV' 6-max Seat #4 is the button
Seat 2: Joker007r ($183.73 in chips) is sitting out
Seat 6: 70peppino ($100 in chips) is sitting out
Seat 1: BelSv ($178.93 in chips) 
Seat 3: tintin641 ($132.13 in chips) 
Seat 4: xxxZeka ($106.22 in chips) 
Seat 5: markyh213213 ($70.72 in chips) 
markyh213213: posts small blind $0.50
70peppino: is sitting out 
BelSv: posts big blind $1
*** HOLE CARDS ***
tintin641: folds 
70peppino leaves the table
nastja336 joins the table at seat #6 
xxxZeka: folds 
markyh213213: folds 
Uncalled bet ($0.50) returned to BelSv
BelSv collected $1 from pot
BelSv: doesn't show hand 
*** SUMMARY ***
Total pot $1 | Rake $0 
Seat 2: Joker007r
Seat 6: 70peppino
Seat 1: BelSv (big blind) collected ($1)
Seat 3: tintin641 folded before Flop (didn't bet)
Seat 4: xxxZeka (button) folded before Flop (didn't bet)
Seat 5: markyh213213 (small blind) folded before Flop



PokerStars Hand #254415535219:  Hold'em No Limit ($0.50/$1.00 USD) - 2025/01/17 16:16:39 WET [2025/01/17 11:16:39 ET]
Table 'Fomalhaut IV' 6-max Seat #5 is the button
Seat 6: nastja336 ($100 in chips) is sitting out
Seat 1: BelSv ($179.43 in chips) 
Seat 2: Joker007r ($183.73 in chips) 
Seat 3: tintin641 ($132.13 in chips) 
Seat 4: xxxZeka ($106.22 in chips) 
Seat 5: markyh213213 ($70.22 in chips) 
BelSv: posts small blind $0.50
Joker007r: posts big blind $1
*** HOLE CARDS ***
tintin641: folds 
xxxZeka: folds 
markyh213213: raises $1.50 to $2.50
BelSv: folds 
Joker007r: calls $1.50
*** FLOP *** [7h As 7c]
Joker007r: checks 
markyh213213: checks 
*** TURN *** [7h As 7c] [Jc]
Joker007r: checks 
markyh213213: bets $2
Joker007r: calls $2
*** RIVER *** [7h As 7c Jc] [Th]
Joker007r: checks 
markyh213213: bets $5.17
Joker007r: folds 
Uncalled bet ($5.17) returned to markyh213213
markyh213213 collected $9.02 from pot
*** SUMMARY ***
Total pot $9.50 | Rake $0.48 
Board [7h As 7c Jc Th]
Seat 6: nastja336
Seat 1: BelSv (small blind) folded before Flop
Seat 2: Joker007r (big blind) folded on the River
Seat 3: tintin641 folded before Flop (didn't bet)
Seat 4: xxxZeka folded before Flop (didn't bet)
Seat 5: markyh213213 (button) collected ($9.02)



PokerStars Hand #254415549788:  Hold'em No Limit ($0.50/$1.00 USD) - 2025/01/17 16:17:43 WET [2025/01/17 11:17:43 ET]
Table 'Fomalhaut IV' 6-max Seat #1 is the button
Seat 6: nastja336 ($100 in chips) is sitting out
Seat 1: BelSv ($178.93 in chips) 
Seat 2: Joker007r ($179.23 in chips) 
Seat 3: tintin641 ($132.13 in chips) 
Seat 4: xxxZeka ($106.22 in chips) 
Seat 5: markyh213213 ($74.74 in chips) 
Joker007r: posts small blind $0.50
tintin641: posts big blind $1
nastja336: sits out 
*** HOLE CARDS ***
xxxZeka: folds 
markyh213213: folds 
BelSv: raises $1.50 to $2.50
Joker007r: folds 
tintin641: folds 
Uncalled bet ($1.50) returned to BelSv
BelSv collected $2.50 from pot
BelSv: doesn't show hand 
*** SUMMARY ***
Total pot $2.50 | Rake $0 
Seat 6: nastja336
Seat 1: BelSv (button) collected ($2.50)
Seat 2: Joker007r (small blind) folded before Flop
Seat 3: tintin641 (big blind) folded before Flop
Seat 4: xxxZeka folded before Flop (didn't bet)
Seat 5: markyh213213 folded before Flop (didn't bet)



PokerStars Hand #254415553064:  Hold'em No Limit ($0.50/$1.00 USD) - 2025/01/17 16:17:57 WET [2025/01/17 11:17:57 ET]
Table 'Fomalhaut IV' 6-max Seat #2 is the button
Seat 6: nastja336 ($100 in chips) is sitting out
Seat 1: BelSv ($180.43 in chips) 
Seat 2: Joker007r ($178.73 in chips) 
Seat 3: tintin641 ($131.13 in chips) 
Seat 4: xxxZeka ($106.22 in chips) 
Seat 5: markyh213213 ($74.74 in chips) 
tintin641: posts small blind $0.50
xxxZeka: posts big blind $1
nastja336: sits out 
*** HOLE CARDS ***
markyh213213: folds 
BelSv: folds 
Joker007r: raises $1.50 to $2.50
tintin641: folds 
xxxZeka: folds 
Uncalled bet ($1.50) returned to Joker007r
Joker007r collected $2.50 from pot
Joker007r: doesn't show hand 
*** SUMMARY ***
Total pot $2.50 | Rake $0 
Seat 6: nastja336
Seat 1: BelSv folded before Flop (didn't bet)
Seat 2: Joker007r (button) collected ($2.50)
Seat 3: tintin641 (small blind) folded before Flop
Seat 4: xxxZeka (big blind) folded before Flop
Seat 5: markyh213213 folded before Flop (didn't bet)



PokerStars Hand #254415558075:  Hold'em No Limit ($0.50/$1.00 USD) - 2025/01/17 16:18:19 WET [2025/01/17 11:18:19 ET]
Table 'Fomalhaut IV' 6-max Seat #3 is the button
Seat 6: nastja336 ($100 in chips) is sitting out
Seat 1: BelSv ($180.43 in chips) 
Seat 2: Joker007r ($180.23 in chips) 
Seat 3: tintin641 ($130.63 in chips) 
Seat 4: xxxZeka ($105.22 in chips) 
Seat 5: markyh213213 ($74.74 in chips) 
xxxZeka: posts small blind $0.50
markyh213213: posts big blind $1
nastja336: sits out 
*** HOLE CARDS ***
BelSv: folds 
Joker007r: raises $1.50 to $2.50
tintin641: folds 
xxxZeka: folds 
markyh213213: folds 
Uncalled bet ($1.50) returned to Joker007r
Joker007r collected $2.50 from pot
Joker007r: doesn't show hand 
*** SUMMARY ***
Total pot $2.50 | Rake $0 
Seat 6: nastja336
Seat 1: BelSv folded before Flop (didn't bet)
Seat 2: Joker007r collected ($2.50)
Seat 3: tintin641 (button) folded before Flop (didn't bet)
Seat 4: xxxZeka (small blind) folded before Flop
Seat 5: markyh213213 (big blind) folded before Flop



PokerStars Hand #254415562001:  Hold'em No Limit ($0.50/$1.00 USD) - 2025/01/17 16:18:36 WET [2025/01/17 11:18:36 ET]
Table 'Fomalhaut IV' 6-max Seat #4 is the button
Seat 1: BelSv ($180.43 in chips) 
Seat 2: Joker007r ($181.73 in chips) 
Seat 3: tintin641 ($130.63 in chips) 
Seat 4: xxxZeka ($104.72 in chips) 
Seat 5: markyh213213 ($73.74 in chips) 
Seat 6: nastja336 ($100 in chips) 
markyh213213: posts small blind $0.50
nastja336: posts big blind $1
*** HOLE CARDS ***
BelSv: folds 
Joker007r: folds 
tintin641: folds 
xxxZeka: raises $1.50 to $2.50
markyh213213: raises $6.75 to $9.25
nastja336: folds 
xxxZeka: folds 
Uncalled bet ($6.75) returned to markyh213213
markyh213213 collected $6 from pot
*** SUMMARY ***
Total pot $6 | Rake $0 
Seat 1: BelSv folded before Flop (didn't bet)
Seat 2: Joker007r folded before Flop (didn't bet)
Seat 3: tintin641 folded before Flop (didn't bet)
Seat 4: xxxZeka (button) folded before Flop
Seat 5: markyh213213 (small blind) collected ($6)
Seat 6: nastja336 (big blind) folded before Flop



PokerStars Hand #254415569727:  Hold'em No Limit ($0.50/$1.00 USD) - 2025/01/17 16:19:10 WET [2025/01/17 11:19:10 ET]
Table 'Fomalhaut IV' 6-max Seat #5 is the button
Seat 1: BelSv ($180.43 in chips) 
Seat 2: Joker007r ($181.73 in chips) 
Seat 3: tintin641 ($130.63 in chips) 
Seat 4: xxxZeka ($102.22 in chips) 
Seat 5: markyh213213 ($77.24 in chips) 
Seat 6: nastja336 ($100 in chips) 
nastja336: posts small blind $0.50
BelSv: posts big blind $1
*** HOLE CARDS ***
Joker007r: raises $2 to $3
tintin641: folds 
xxxZeka: folds 
markyh213213: folds 
nastja336: folds 
BelSv: calls $2
*** FLOP *** [5h Qs 6h]
BelSv: checks 
Joker007r: bets $4.12
BelSv: folds 
Uncalled bet ($4.12) returned to Joker007r
Joker007r collected $6.18 from pot
Joker007r: doesn't show hand 
*** SUMMARY ***
Total pot $6.50 | Rake $0.32 
Board [5h Qs 6h]
Seat 1: BelSv (big blind) folded on the Flop
Seat 2: Joker007r collected ($6.18)
Seat 3: tintin641 folded before Flop (didn't bet)
Seat 4: xxxZeka folded before Flop (didn't bet)
Seat 5: markyh213213 (button) folded before Flop (didn't bet)
Seat 6: nastja336 (small blind) folded before Flop



PokerStars Hand #254415576668:  Hold'em No Limit ($0.50/$1.00 USD) - 2025/01/17 16:19:40 WET [2025/01/17 11:19:40 ET]
Table 'Fomalhaut IV' 6-max Seat #6 is the button
Seat 1: BelSv ($177.43 in chips) 
Seat 2: Joker007r ($184.91 in chips) 
Seat 3: tintin641 ($130.63 in chips) 
Seat 4: xxxZeka ($102.22 in chips) 
Seat 5: markyh213213 ($77.24 in chips) 
Seat 6: nastja336 ($100 in chips) 
BelSv: posts small blind $0.50
Joker007r: posts big blind $1
*** HOLE CARDS ***
tintin641: raises $1.50 to $2.50
xxxZeka: folds 
markyh213213: calls $2.50
nastja336: folds 
BelSv: folds 
Joker007r: folds 
*** FLOP *** [Kh 5d 6h]
tintin641: checks 
markyh213213: bets $2.75
tintin641: folds 
Uncalled bet ($2.75) returned to markyh213213
markyh213213 collected $6.18 from pot
*** SUMMARY ***
Total pot $6.50 | Rake $0.32 
Board [Kh 5d 6h]
Seat 1: BelSv (small blind) folded before Flop
Seat 2: Joker007r (big blind) folded before Flop
Seat 3: tintin641 folded on the Flop
Seat 4: xxxZeka folded before Flop (didn't bet)
Seat 5: markyh213213 collected ($6.18)
Seat 6: nastja336 (button) folded before Flop (didn't bet)



PokerStars Hand #254415587000:  Hold'em No Limit ($0.50/$1.00 USD) - 2025/01/17 16:20:25 WET [2025/01/17 11:20:25 ET]
Table 'Fomalhaut IV' 6-max Seat #1 is the button
Seat 3: tintin641 ($128.13 in chips) is sitting out
Seat 1: BelSv ($176.93 in chips) 
Seat 2: Joker007r ($183.91 in chips) 
Seat 4: xxxZeka ($102.22 in chips) 
Seat 5: markyh213213 ($80.92 in chips) 
Seat 6: nastja336 ($100 in chips) 
Joker007r: posts small blind $0.50
tintin641: is sitting out 
xxxZeka: posts big blind $1
*** HOLE CARDS ***
tintin641 leaves the table
markyh213213: folds 
nastja336: folds 
BGS013 joins the table at seat #3 
BelSv: folds 
Joker007r: folds 
Uncalled bet ($0.50) returned to xxxZeka
xxxZeka collected $1 from pot
xxxZeka: doesn't show hand 
*** SUMMARY ***
Total pot $1 | Rake $0 
Seat 3: tintin641
Seat 1: BelSv (button) folded before Flop (didn't bet)
Seat 2: Joker007r (small blind) folded before Flop
Seat 4: xxxZeka (big blind) collected ($1)
Seat 5: markyh213213 folded before Flop (didn't bet)
Seat 6: nastja336 folded before Flop (didn't bet)



PokerStars Hand #254415593660:  Hold'em No Limit ($0.50/$1.00 USD) - 2025/01/17 16:20:54 WET [2025/01/17 11:20:54 ET]
Table 'Fomalhaut IV' 6-max Seat #2 is the button
Seat 3: BGS013 ($100 in chips) is sitting out
Seat 1: BelSv ($176.93 in chips) 
Seat 2: Joker007r ($183.41 in chips) 
Seat 4: xxxZeka ($102.72 in chips) 
Seat 5: markyh213213 ($80.92 in chips) 
Seat 6: nastja336 ($100 in chips) 
xxxZeka: posts small blind $0.50
markyh213213: posts big blind $1
*** HOLE CARDS ***
nastja336: folds 
nastja336 leaves the table
BelSv: folds 
Joker007r: raises $1.50 to $2.50
Cositorto joins the table at seat #6 
xxxZeka: folds 
markyh213213: calls $1.50
*** FLOP *** [Ts Ks Td]
markyh213213: checks 
Joker007r: bets $3.48
markyh213213: folds 
Uncalled bet ($3.48) returned to Joker007r
Joker007r collected $5.22 from pot
Joker007r: doesn't show hand 
*** SUMMARY ***
Total pot $5.50 | Rake $0.28 
Board [Ts Ks Td]
Seat 3: BGS013
Seat 1: BelSv folded before Flop (didn't bet)
Seat 2: Joker007r (button) collected ($5.22)
Seat 4: xxxZeka (small blind) folded before Flop
Seat 5: markyh213213 (big blind) folded on the Flop
Seat 6: nastja336 folded before Flop (didn't bet)



PokerStars Hand #254415603093:  Hold'em No Limit ($0.50/$1.00 USD) - 2025/01/17 16:21:35 WET [2025/01/17 11:21:35 ET]
Table 'Fomalhaut IV' 6-max Seat #4 is the button
Seat 3: BGS013 ($100 in chips) is sitting out
Seat 1: BelSv ($176.93 in chips) 
Seat 2: Joker007r ($186.13 in chips) 
Seat 4: xxxZeka ($102.22 in chips) 
Seat 5: markyh213213 ($78.42 in chips) 
Seat 6: Cositorto ($100 in chips) 
markyh213213: posts small blind $0.50
Cositorto: posts big blind $1
BGS013: sits out 
*** HOLE CARDS ***
BelSv: raises $1.25 to $2.25
Joker007r: folds 
xxxZeka: folds 
markyh213213: calls $1.75
Cositorto: folds 
*** FLOP *** [6s Ah Qc]
markyh213213: checks 
BelSv: checks 
*** TURN *** [6s Ah Qc] [4s]
markyh213213: bets $2.80
BelSv: calls $2.80
*** RIVER *** [6s Ah Qc 4s] [3h]
markyh213213: checks 
BelSv: bets $6
markyh213213: folds 
Uncalled bet ($6) returned to BelSv
BelSv collected $10.54 from pot
BelSv: doesn't show hand 
*** SUMMARY ***
Total pot $11.10 | Rake $0.56 
Board [6s Ah Qc 4s 3h]
Seat 3: BGS013
Seat 1: BelSv collected ($10.54)
Seat 2: Joker007r folded before Flop (didn't bet)
Seat 4: xxxZeka (button) folded before Flop (didn't bet)
Seat 5: markyh213213 (small blind) folded on the River
Seat 6: Cositorto (big blind) folded before Flop



PokerStars Hand #254415619230:  Hold'em No Limit ($0.50/$1.00 USD) - 2025/01/17 16:22:45 WET [2025/01/17 11:22:45 ET]
Table 'Fomalhaut IV' 6-max Seat #5 is the button
Seat 3: BGS013 ($100 in chips) is sitting out
Seat 1: BelSv ($182.42 in chips) 
Seat 2: Joker007r ($186.13 in chips) 
Seat 4: xxxZeka ($102.22 in chips) 
Seat 5: markyh213213 ($73.37 in chips) 
Seat 6: Cositorto ($100 in chips) 
Cositorto: posts small blind $0.50
BelSv: posts big blind $1
BGS013: sits out 
*** HOLE CARDS ***
Joker007r: folds 
xxxZeka: raises $1.50 to $2.50
markyh213213: folds 
Cositorto: folds 
BelSv: calls $1.50
*** FLOP *** [Kh Qs 3s]
BelSv: checks 
xxxZeka: bets $1.72
BelSv: folds 
Uncalled bet ($1.72) returned to xxxZeka
xxxZeka collected $5.22 from pot
xxxZeka: doesn't show hand 
*** SUMMARY ***
Total pot $5.50 | Rake $0.28 
Board [Kh Qs 3s]
Seat 3: BGS013
Seat 1: BelSv (big blind) folded on the Flop
Seat 2: Joker007r folded before Flop (didn't bet)
Seat 4: xxxZeka collected ($5.22)
Seat 5: markyh213213 (button) folded before Flop (didn't bet)
Seat 6: Cositorto (small blind) folded before Flop



PokerStars Hand #254415627056:  Hold'em No Limit ($0.50/$1.00 USD) - 2025/01/17 16:23:19 WET [2025/01/17 11:23:19 ET]
Table 'Fomalhaut IV' 6-max Seat #6 is the button
Seat 3: BGS013 ($100 in chips) is sitting out
Seat 1: BelSv ($179.92 in chips) 
Seat 2: Joker007r ($186.13 in chips) 
Seat 4: xxxZeka ($104.94 in chips) 
Seat 5: markyh213213 ($73.37 in chips) 
Seat 6: Cositorto ($100 in chips) 
BelSv: posts small blind $0.50
Joker007r: posts big blind $1
BGS013: sits out 
*** HOLE CARDS ***
xxxZeka: folds 
markyh213213: raises $1.30 to $2.30
Cositorto: raises $4.70 to $7
BelSv: folds 
Joker007r: folds 
markyh213213: raises $11.50 to $18.50
Cositorto: folds 
Uncalled bet ($11.50) returned to markyh213213
markyh213213 collected $15.50 from pot
*** SUMMARY ***
Total pot $15.50 | Rake $0 
Seat 3: BGS013
Seat 1: BelSv (small blind) folded before Flop
Seat 2: Joker007r (big blind) folded before Flop
Seat 4: xxxZeka folded before Flop (didn't bet)
Seat 5: markyh213213 collected ($15.50)
Seat 6: Cositorto (button) folded before Flop



PokerStars Hand #254415637039:  Hold'em No Limit ($0.50/$1.00 USD) - 2025/01/17 16:24:03 WET [2025/01/17 11:24:03 ET]
Table 'Fomalhaut IV' 6-max Seat #1 is the button
Seat 1: BelSv ($179.42 in chips) 
Seat 2: Joker007r ($185.13 in chips) 
Seat 3: BGS013 ($100 in chips) 
Seat 4: xxxZeka ($104.94 in chips) 
Seat 5: markyh213213 ($81.87 in chips) 
Seat 6: Cositorto ($100 in chips) 
Joker007r: posts small blind $0.50
BGS013: posts big blind $1
*** HOLE CARDS ***
xxxZeka: folds 
markyh213213: raises $1 to $2
Cositorto: folds 
BelSv: folds 
Joker007r: folds 
BGS013: calls $1
*** FLOP *** [Qd Jd 9s]
BGS013: checks 
markyh213213: bets $2.57
BGS013: folds 
Uncalled bet ($2.57) returned to markyh213213
markyh213213 collected $4.28 from pot
*** SUMMARY ***
Total pot $4.50 | Rake $0.22 
Board [Qd Jd 9s]
Seat 1: BelSv (button) folded before Flop (didn't bet)
Seat 2: Joker007r (small blind) folded before Flop
Seat 3: BGS013 (big blind) folded on the Flop
Seat 4: xxxZeka folded before Flop (didn't bet)
Seat 5: markyh213213 collected ($4.28)
Seat 6: Cositorto folded before Flop (didn't bet)



PokerStars Hand #254415644270:  Hold'em No Limit ($0.50/$1.00 USD) - 2025/01/17 16:24:35 WET [2025/01/17 11:24:35 ET]
Table 'Fomalhaut IV' 6-max Seat #2 is the button
Seat 1: BelSv ($179.42 in chips) 
Seat 2: Joker007r ($184.63 in chips) 
Seat 3: BGS013 ($100 in chips) 
Seat 4: xxxZeka ($104.94 in chips) 
Seat 5: markyh213213 ($84.15 in chips) 
Seat 6: Cositorto ($100 in chips) 
BGS013: posts small blind $0.50
xxxZeka: posts big blind $1
*** HOLE CARDS ***
markyh213213: folds 
Cositorto: raises $1 to $2
BelSv: folds 
Joker007r: folds 
BGS013: folds 
xxxZeka: folds 
Uncalled bet ($1) returned to Cositorto
Cositorto collected $2.50 from pot
Cositorto: doesn't show hand 
*** SUMMARY ***
Total pot $2.50 | Rake $0 
Seat 1: BelSv folded before Flop (didn't bet)
Seat 2: Joker007r (button) folded before Flop (didn't bet)
Seat 3: BGS013 (small blind) folded before Flop
Seat 4: xxxZeka (big blind) folded before Flop
Seat 5: markyh213213 folded before Flop (didn't bet)
Seat 6: Cositorto collected ($2.50)



PokerStars Hand #254415649502:  Hold'em No Limit ($0.50/$1.00 USD) - 2025/01/17 16:24:58 WET [2025/01/17 11:24:58 ET]
Table 'Fomalhaut IV' 6-max Seat #3 is the button
Seat 1: BelSv ($179.42 in chips) 
Seat 2: Joker007r ($184.63 in chips) 
Seat 3: BGS013 ($100 in chips) 
Seat 4: xxxZeka ($103.94 in chips) 
Seat 5: markyh213213 ($84.15 in chips) 
Seat 6: Cositorto ($101.50 in chips) 
xxxZeka: posts small blind $0.50
markyh213213: posts big blind $1
*** HOLE CARDS ***
Cositorto: folds 
BelSv: folds 
Joker007r: folds 
BGS013: folds 
xxxZeka: folds 
Uncalled bet ($0.50) returned to markyh213213
markyh213213 collected $1 from pot
*** SUMMARY ***
Total pot $1 | Rake $0 
Seat 1: BelSv folded before Flop (didn't bet)
Seat 2: Joker007r folded before Flop (didn't bet)
Seat 3: BGS013 (button) folded before Flop (didn't bet)
Seat 4: xxxZeka (small blind) folded before Flop
Seat 5: markyh213213 (big blind) collected ($1)
Seat 6: Cositorto folded before Flop (didn't bet)



PokerStars Hand #254415654041:  Hold'em No Limit ($0.50/$1.00 USD) - 2025/01/17 16:25:17 WET [2025/01/17 11:25:17 ET]
Table 'Fomalhaut IV' 6-max Seat #4 is the button
Seat 6: Cositorto ($101.50 in chips) is sitting out
Seat 1: BelSv ($179.42 in chips) 
Seat 2: Joker007r ($184.63 in chips) 
Seat 3: BGS013 ($100 in chips) 
Seat 4: xxxZeka ($103.44 in chips) 
Seat 5: markyh213213 ($84.65 in chips) 
markyh213213: posts small blind $0.50
Cositorto: is sitting out 
BelSv: posts big blind $1
*** HOLE CARDS ***
Joker007r: folds 
BGS013: folds 
xxxZeka: folds 
markyh213213: folds 
Uncalled bet ($0.50) returned to BelSv
BelSv collected $1 from pot
BelSv: doesn't show hand 
*** SUMMARY ***
Total pot $1 | Rake $0 
Seat 6: Cositorto
Seat 1: BelSv (big blind) collected ($1)
Seat 2: Joker007r folded before Flop (didn't bet)
Seat 3: BGS013 folded before Flop (didn't bet)
Seat 4: xxxZeka (button) folded before Flop (didn't bet)
Seat 5: markyh213213 (small blind) folded before Flop



PokerStars Hand #254415657279:  Hold'em No Limit ($0.50/$1.00 USD) - 2025/01/17 16:25:32 WET [2025/01/17 11:25:32 ET]
Table 'Fomalhaut IV' 6-max Seat #5 is the button
Seat 6: Cositorto ($101.50 in chips) is sitting out
Seat 1: BelSv ($179.92 in chips) 
Seat 2: Joker007r ($184.63 in chips) 
Seat 3: BGS013 ($100 in chips) 
Seat 4: xxxZeka ($103.44 in chips) 
Seat 5: markyh213213 ($84.15 in chips) 
BelSv: posts small blind $0.50
Joker007r: posts big blind $1
*** HOLE CARDS ***
BGS013: folds 
xxxZeka: folds 
markyh213213: folds 
BelSv: folds 
Uncalled bet ($0.50) returned to Joker007r
Joker007r collected $1 from pot
Joker007r: doesn't show hand 
*** SUMMARY ***
Total pot $1 | Rake $0 
Seat 6: Cositorto
Seat 1: BelSv (small blind) folded before Flop
Seat 2: Joker007r (big blind) collected ($1)
Seat 3: BGS013 folded before Flop (didn't bet)
Seat 4: xxxZeka folded before Flop (didn't bet)
Seat 5: markyh213213 (button) folded before Flop (didn't bet)



PokerStars Hand #254415660696:  Hold'em No Limit ($0.50/$1.00 USD) - 2025/01/17 16:25:47 WET [2025/01/17 11:25:47 ET]
Table 'Fomalhaut IV' 6-max Seat #1 is the button
Seat 6: Cositorto ($101.50 in chips) is sitting out
Seat 1: BelSv ($179.42 in chips) 
Seat 2: Joker007r ($185.13 in chips) 
Seat 3: BGS013 ($100 in chips) 
Seat 4: xxxZeka ($103.44 in chips) 
Seat 5: markyh213213 ($84.15 in chips) 
Joker007r: posts small blind $0.50
BGS013: posts big blind $1
*** HOLE CARDS ***
xxxZeka: folds 
markyh213213: folds 
BelSv: folds 
Joker007r: raises $2 to $3
BGS013: folds 
Uncalled bet ($2) returned to Joker007r
Joker007r collected $2 from pot
Joker007r: doesn't show hand 
*** SUMMARY ***
Total pot $2 | Rake $0 
Seat 6: Cositorto
Seat 1: BelSv (button) folded before Flop (didn't bet)
Seat 2: Joker007r (small blind) collected ($2)
Seat 3: BGS013 (big blind) folded before Flop
Seat 4: xxxZeka folded before Flop (didn't bet)
Seat 5: markyh213213 folded before Flop (didn't bet)



PokerStars Hand #254415664627:  Hold'em No Limit ($0.50/$1.00 USD) - 2025/01/17 16:26:04 WET [2025/01/17 11:26:04 ET]
Table 'Fomalhaut IV' 6-max Seat #2 is the button
Seat 6: Cositorto ($101.50 in chips) is sitting out
Seat 1: BelSv ($179.42 in chips) 
Seat 2: Joker007r ($186.13 in chips) 
Seat 3: BGS013 ($100 in chips) 
Seat 4: xxxZeka ($103.44 in chips) 
Seat 5: markyh213213 ($84.15 in chips) 
BGS013: posts small blind $0.50
xxxZeka: posts big blind $1
*** HOLE CARDS ***
markyh213213: raises $1.25 to $2.25
BelSv: folds 
Joker007r: folds 
BGS013: raises $8.75 to $11
xxxZeka: raises $13 to $24
markyh213213: folds 
BGS013: calls $13
*** FLOP *** [Qh Kc 8s]
BGS013: checks 
xxxZeka: bets $10
BGS013: calls $10
*** TURN *** [Qh Kc 8s] [Jc]
BGS013: checks 
xxxZeka: bets $69.44 and is all-in
BGS013: calls $66 and is all-in
Uncalled bet ($3.44) returned to xxxZeka
*** RIVER *** [Qh Kc 8s Jc] [Th]
*** SHOW DOWN ***
BGS013: shows [Kd Ad] (a straight, Ten to Ace)
xxxZeka: shows [Qs Qd] (three of a kind, Queens)
BGS013 collected $199.75 from pot
*** SUMMARY ***
Total pot $202.25 | Rake $2.50 
Board [Qh Kc 8s Jc Th]
Seat 6: Cositorto
Seat 1: BelSv folded before Flop (didn't bet)
Seat 2: Joker007r (button) folded before Flop (didn't bet)
Seat 3: BGS013 (small blind) showed [Kd Ad] and won ($199.75) with a straight, Ten to Ace
Seat 4: xxxZeka (big blind) showed [Qs Qd] and lost with three of a kind, Queens
Seat 5: markyh213213 folded before Flop



PokerStars Hand #254415695921:  Hold'em No Limit ($0.50/$1.00 USD) - 2025/01/17 16:28:20 WET [2025/01/17 11:28:20 ET]
Table 'Fomalhaut IV' 6-max Seat #3 is the button
Seat 6: Cositorto ($101.50 in chips) is sitting out
Seat 1: BelSv ($179.42 in chips) 
Seat 2: Joker007r ($186.13 in chips) 
Seat 3: BGS013 ($199.75 in chips) 
Seat 4: xxxZeka ($100 in chips) 
Seat 5: markyh213213 ($81.90 in chips) 
xxxZeka: posts small blind $0.50
markyh213213: posts big blind $1
*** HOLE CARDS ***
BelSv: folds 
Joker007r: folds 
BGS013: folds 
xxxZeka: raises $1.50 to $2.50
markyh213213: calls $1.50
*** FLOP *** [As 4c 9s]
xxxZeka: bets $1.57
markyh213213: calls $1.57
*** TURN *** [As 4c 9s] [Qh]
xxxZeka: checks 
markyh213213: checks 
*** RIVER *** [As 4c 9s Qh] [Js]
xxxZeka: bets $5.95
markyh213213: folds 
Uncalled bet ($5.95) returned to xxxZeka
xxxZeka collected $7.73 from pot
xxxZeka: doesn't show hand 
*** SUMMARY ***
Total pot $8.14 | Rake $0.41 
Board [As 4c 9s Qh Js]
Seat 6: Cositorto
Seat 1: BelSv folded before Flop (didn't bet)
Seat 2: Joker007r folded before Flop (didn't bet)
Seat 3: BGS013 (button) folded before Flop (didn't bet)
Seat 4: xxxZeka (small blind) collected ($7.73)
Seat 5: markyh213213 (big blind) folded on the River



PokerStars Hand #254415714692:  Hold'em No Limit ($0.50/$1.00 USD) - 2025/01/17 16:29:42 WET [2025/01/17 11:29:42 ET]
Table 'Fomalhaut IV' 6-max Seat #4 is the button
Seat 1: BelSv ($179.42 in chips) 
Seat 2: Joker007r ($186.13 in chips) 
Seat 3: BGS013 ($199.75 in chips) 
Seat 4: xxxZeka ($103.66 in chips) 
Seat 5: markyh213213 ($77.83 in chips) 
Seat 6: Cositorto ($101.50 in chips) 
markyh213213: posts small blind $0.50
Cositorto: posts big blind $1
*** HOLE CARDS ***
BelSv: folds 
Joker007r: folds 
BGS013: folds 
xxxZeka: folds 
markyh213213: folds 
Uncalled bet ($0.50) returned to Cositorto
Cositorto collected $1 from pot
Cositorto: doesn't show hand 
*** SUMMARY ***
Total pot $1 | Rake $0 
Seat 1: BelSv folded before Flop (didn't bet)
Seat 2: Joker007r folded before Flop (didn't bet)
Seat 3: BGS013 folded before Flop (didn't bet)
Seat 4: xxxZeka (button) folded before Flop (didn't bet)
Seat 5: markyh213213 (small blind) folded before Flop
Seat 6: Cositorto (big blind) collected ($1)



PokerStars Hand #254415718962:  Hold'em No Limit ($0.50/$1.00 USD) - 2025/01/17 16:30:00 WET [2025/01/17 11:30:00 ET]
Table 'Fomalhaut IV' 6-max Seat #5 is the button
Seat 1: BelSv ($179.42 in chips) 
Seat 2: Joker007r ($186.13 in chips) 
Seat 3: BGS013 ($199.75 in chips) 
Seat 4: xxxZeka ($103.66 in chips) 
Seat 5: markyh213213 ($77.33 in chips) 
Seat 6: Cositorto ($102 in chips) 
Cositorto: posts small blind $0.50
BelSv: posts big blind $1
*** HOLE CARDS ***
Joker007r: folds 
BGS013: folds 
xxxZeka: folds 
markyh213213: folds 
Cositorto: folds 
Uncalled bet ($0.50) returned to BelSv
BelSv collected $1 from pot
BelSv: doesn't show hand 
*** SUMMARY ***
Total pot $1 | Rake $0 
Seat 1: BelSv (big blind) collected ($1)
Seat 2: Joker007r folded before Flop (didn't bet)
Seat 3: BGS013 folded before Flop (didn't bet)
Seat 4: xxxZeka folded before Flop (didn't bet)
Seat 5: markyh213213 (button) folded before Flop (didn't bet)
Seat 6: Cositorto (small blind) folded before Flop



PokerStars Hand #254415723777:  Hold'em No Limit ($0.50/$1.00 USD) - 2025/01/17 16:30:21 WET [2025/01/17 11:30:21 ET]
Table 'Fomalhaut IV' 6-max Seat #6 is the button
Seat 2: Joker007r ($186.13 in chips) is sitting out
Seat 3: BGS013 ($199.75 in chips) is sitting out
Seat 1: BelSv ($179.92 in chips) 
Seat 4: xxxZeka ($103.66 in chips) 
Seat 5: markyh213213 ($77.33 in chips) 
Seat 6: Cositorto ($101.50 in chips) 
BelSv: posts small blind $0.50
Joker007r: is sitting out 
BGS013: is sitting out 
xxxZeka: posts big blind $1
*** HOLE CARDS ***
BGS013 leaves the table
Joker007r leaves the table
Lucastitos joins the table at seat #3 
peak joker33 joins the table at seat #2 
markyh213213: folds 
Cositorto: folds 
BelSv: raises $2 to $3
xxxZeka: calls $2
*** FLOP *** [7d 9s 8s]
BelSv: checks 
xxxZeka: bets $3.76
BelSv: calls $3.76
*** TURN *** [7d 9s 8s] [3h]
BelSv: checks 
xxxZeka: checks 
*** RIVER *** [7d 9s 8s 3h] [9d]
BelSv: checks 
xxxZeka: checks 
*** SHOW DOWN ***
BelSv: shows [8c 8h] (a full house, Eights full of Nines)
xxxZeka: mucks hand 
BelSv collected $12.84 from pot
*** SUMMARY ***
Total pot $13.52 | Rake $0.68 
Board [7d 9s 8s 3h 9d]
Seat 2: Joker007r
Seat 3: BGS013
Seat 1: BelSv (small blind) showed [8c 8h] and won ($12.84) with a full house, Eights full of Nines
Seat 4: xxxZeka (big blind) mucked
Seat 5: markyh213213 folded before Flop (didn't bet)
Seat 6: Cositorto (button) folded before Flop (didn't bet)



PokerStars Hand #254415746528:  Hold'em No Limit ($0.50/$1.00 USD) - 2025/01/17 16:32:00 WET [2025/01/17 11:32:00 ET]
Table 'Fomalhaut IV' 6-max Seat #1 is the button
Seat 2: peak joker33 ($100 in chips) is sitting out
Seat 3: Lucastitos ($100 in chips) is sitting out
Seat 1: BelSv ($186 in chips) 
Seat 4: xxxZeka ($100 in chips) 
Seat 5: markyh213213 ($77.33 in chips) 
Seat 6: Cositorto ($101.50 in chips) 
xxxZeka: posts small blind $0.50
markyh213213: posts big blind $1
*** HOLE CARDS ***
Cositorto: folds 
BelSv: folds 
xxxZeka: raises $1.50 to $2.50
markyh213213: folds 
Uncalled bet ($1.50) returned to xxxZeka
xxxZeka collected $2 from pot
xxxZeka: doesn't show hand 
*** SUMMARY ***
Total pot $2 | Rake $0 
Seat 2: peak joker33
Seat 3: Lucastitos
Seat 1: BelSv (button) folded before Flop (didn't bet)
Seat 4: xxxZeka (small blind) collected ($2)
Seat 5: markyh213213 (big blind) folded before Flop
Seat 6: Cositorto folded before Flop (didn't bet)



PokerStars Hand #254415749278:  Hold'em No Limit ($0.50/$1.00 USD) - 2025/01/17 16:32:12 WET [2025/01/17 11:32:12 ET]
Table 'Fomalhaut IV' 6-max Seat #4 is the button
Seat 2: peak joker33 ($100 in chips) is sitting out
Seat 3: Lucastitos ($100 in chips) is sitting out
Seat 1: BelSv ($186 in chips) 
Seat 4: xxxZeka ($101 in chips) 
Seat 5: markyh213213 ($76.33 in chips) 
Seat 6: Cositorto ($101.50 in chips) 
markyh213213: posts small blind $0.50
Cositorto: posts big blind $1
peak joker33: sits out 
Lucastitos: sits out 
*** HOLE CARDS ***
BelSv: folds 
xxxZeka: raises $1.50 to $2.50
markyh213213: raises $6.16 to $8.66
Cositorto: folds 
xxxZeka: calls $6.16
*** FLOP *** [5d 7c 5c]
markyh213213: bets $8.55
xxxZeka: calls $8.55
*** TURN *** [5d 7c 5c] [Kc]
markyh213213: bets $19.50
xxxZeka: calls $19.50
*** RIVER *** [5d 7c 5c Kc] [8h]
markyh213213: checks 
xxxZeka: bets $52
markyh213213: folds 
Uncalled bet ($52) returned to xxxZeka
xxxZeka collected $73.42 from pot
xxxZeka: doesn't show hand 
*** SUMMARY ***
Total pot $74.42 | Rake $1 
Board [5d 7c 5c Kc 8h]
Seat 2: peak joker33
Seat 3: Lucastitos
Seat 1: BelSv folded before Flop (didn't bet)
Seat 4: xxxZeka (button) collected ($73.42)
Seat 5: markyh213213 (small blind) folded on the River
Seat 6: Cositorto (big blind) folded before Flop



PokerStars Hand #254415774992:  Hold'em No Limit ($0.50/$1.00 USD) - 2025/01/17 16:34:03 WET [2025/01/17 11:34:03 ET]
Table 'Fomalhaut IV' 6-max Seat #5 is the button
Seat 2: peak joker33 ($100 in chips) is sitting out
Seat 3: Lucastitos ($100 in chips) is sitting out
Seat 1: BelSv ($186 in chips) 
Seat 4: xxxZeka ($137.71 in chips) 
Seat 5: markyh213213 ($39.62 in chips) 
Seat 6: Cositorto ($100.50 in chips) 
Cositorto: posts small blind $0.50
BelSv: posts big blind $1
peak joker33: sits out 
Lucastitos: sits out 
*** HOLE CARDS ***
xxxZeka: folds 
markyh213213: calls $1
Cositorto: raises $2.50 to $3.50
BelSv: calls $2.50
markyh213213: calls $2.50
*** FLOP *** [8s 7s 9s]
Cositorto: checks 
BelSv: checks 
markyh213213: bets $2.50
Cositorto: folds 
BelSv: calls $2.50
*** TURN *** [8s 7s 9s] [Tc]
BelSv: checks 
markyh213213: bets $8
BelSv: folds 
Uncalled bet ($8) returned to markyh213213
markyh213213 collected $14.72 from pot
*** SUMMARY ***
Total pot $15.50 | Rake $0.78 
Board [8s 7s 9s Tc]
Seat 2: peak joker33
Seat 3: Lucastitos
Seat 1: BelSv (big blind) folded on the Turn
Seat 4: xxxZeka folded before Flop (didn't bet)
Seat 5: markyh213213 (button) collected ($14.72)
Seat 6: Cositorto (small blind) folded on the Flop



PokerStars Hand #254415792312:  Hold'em No Limit ($0.50/$1.00 USD) - 2025/01/17 16:35:18 WET [2025/01/17 11:35:18 ET]
Table 'Fomalhaut IV' 6-max Seat #6 is the button
Seat 3: Lucastitos ($100 in chips) is sitting out
Seat 1: BelSv ($180 in chips) 
Seat 2: peak joker33 ($100 in chips) 
Seat 4: xxxZeka ($137.71 in chips) 
Seat 5: markyh213213 ($48.34 in chips) 
Seat 6: Cositorto ($100 in chips) 
BelSv: posts small blind $0.50
peak joker33: posts big blind $1
Lucastitos: sits out 
*** HOLE CARDS ***
xxxZeka: folds 
markyh213213: folds 
Cositorto: folds 
BelSv: raises $2 to $3
peak joker33: calls $2
*** FLOP *** [8c Ac 5s]
BelSv: bets $1.71
peak joker33: folds 
Uncalled bet ($1.71) returned to BelSv
BelSv collected $5.70 from pot
BelSv: doesn't show hand 
*** SUMMARY ***
Total pot $6 | Rake $0.30 
Board [8c Ac 5s]
Seat 3: Lucastitos
Seat 1: BelSv (small blind) collected ($5.70)
Seat 2: peak joker33 (big blind) folded on the Flop
Seat 4: xxxZeka folded before Flop (didn't bet)
Seat 5: markyh213213 folded before Flop (didn't bet)
Seat 6: Cositorto (button) folded before Flop (didn't bet)



PokerStars Hand #254415801436:  Hold'em No Limit ($0.50/$1.00 USD) - 2025/01/17 16:35:57 WET [2025/01/17 11:35:57 ET]
Table 'Fomalhaut IV' 6-max Seat #1 is the button
Seat 1: BelSv ($182.70 in chips) 
Seat 2: peak joker33 ($100 in chips) 
Seat 3: Lucastitos ($100 in chips) 
Seat 4: xxxZeka ($137.71 in chips) 
Seat 5: markyh213213 ($48.34 in chips) 
Seat 6: Cositorto ($100 in chips) 
peak joker33: posts small blind $0.50
Lucastitos: posts big blind $1
*** HOLE CARDS ***
xxxZeka: folds 
markyh213213: raises $1 to $2
Cositorto: folds 
BelSv: folds 
peak joker33: folds 
Lucastitos: folds 
Uncalled bet ($1) returned to markyh213213
markyh213213 collected $2.50 from pot
*** SUMMARY ***
Total pot $2.50 | Rake $0 
Seat 1: BelSv (button) folded before Flop (didn't bet)
Seat 2: peak joker33 (small blind) folded before Flop
Seat 3: Lucastitos (big blind) folded before Flop
Seat 4: xxxZeka folded before Flop (didn't bet)
Seat 5: markyh213213 collected ($2.50)
Seat 6: Cositorto folded before Flop (didn't bet)



PokerStars Hand #254415806062:  Hold'em No Limit ($0.50/$1.00 USD) - 2025/01/17 16:36:17 WET [2025/01/17 11:36:17 ET]
Table 'Fomalhaut IV' 6-max Seat #2 is the button
Seat 1: BelSv ($182.70 in chips) 
Seat 2: peak joker33 ($100 in chips) 
Seat 3: Lucastitos ($100 in chips) 
Seat 4: xxxZeka ($137.71 in chips) 
Seat 5: markyh213213 ($49.84 in chips) 
Seat 6: Cositorto ($100 in chips) 
Lucastitos: posts small blind $0.50
xxxZeka: posts big blind $1
*** HOLE CARDS ***
markyh213213: folds 
Cositorto: raises $1 to $2
BelSv: folds 
peak joker33: folds 
Lucastitos: folds 
xxxZeka: folds 
Uncalled bet ($1) returned to Cositorto
Cositorto collected $2.50 from pot
Cositorto: doesn't show hand 
*** SUMMARY ***
Total pot $2.50 | Rake $0 
Seat 1: BelSv folded before Flop (didn't bet)
Seat 2: peak joker33 (button) folded before Flop (didn't bet)
Seat 3: Lucastitos (small blind) folded before Flop
Seat 4: xxxZeka (big blind) folded before Flop
Seat 5: markyh213213 folded before Flop (didn't bet)
Seat 6: Cositorto collected ($2.50)



PokerStars Hand #254415811359:  Hold'em No Limit ($0.50/$1.00 USD) - 2025/01/17 16:36:40 WET [2025/01/17 11:36:40 ET]
Table 'Fomalhaut IV' 6-max Seat #3 is the button
Seat 1: BelSv ($182.70 in chips) 
Seat 2: peak joker33 ($100 in chips) 
Seat 3: Lucastitos ($100 in chips) 
Seat 4: xxxZeka ($136.71 in chips) 
Seat 5: markyh213213 ($49.84 in chips) 
Seat 6: Cositorto ($101.50 in chips) 
xxxZeka: posts small blind $0.50
markyh213213: posts big blind $1
*** HOLE CARDS ***
Cositorto: raises $1 to $2
BelSv: folds 
peak joker33: folds 
Lucastitos: folds 
xxxZeka: folds 
markyh213213: calls $1
*** FLOP *** [8h 7h 6h]
markyh213213: bets $1.80
Cositorto: folds 
Uncalled bet ($1.80) returned to markyh213213
markyh213213 collected $4.28 from pot
*** SUMMARY ***
Total pot $4.50 | Rake $0.22 
Board [8h 7h 6h]
Seat 1: BelSv folded before Flop (didn't bet)
Seat 2: peak joker33 folded before Flop (didn't bet)
Seat 3: Lucastitos (button) folded before Flop (didn't bet)
Seat 4: xxxZeka (small blind) folded before Flop
Seat 5: markyh213213 (big blind) collected ($4.28)
Seat 6: Cositorto folded on the Flop



PokerStars Hand #254415821812:  Hold'em No Limit ($0.50/$1.00 USD) - 2025/01/17 16:37:25 WET [2025/01/17 11:37:25 ET]
Table 'Fomalhaut IV' 6-max Seat #4 is the button
Seat 1: BelSv ($182.70 in chips) 
Seat 2: peak joker33 ($100 in chips) 
Seat 3: Lucastitos ($100 in chips) 
Seat 4: xxxZeka ($136.21 in chips) 
Seat 5: markyh213213 ($52.12 in chips) 
Seat 6: Cositorto ($100 in chips) 
markyh213213: posts small blind $0.50
Cositorto: posts big blind $1
*** HOLE CARDS ***
BelSv: folds 
peak joker33: folds 
Lucastitos: raises $1.30 to $2.30
xxxZeka: folds 
markyh213213: calls $1.80
Cositorto: folds 
*** FLOP *** [6h Td 6c]
markyh213213: checks 
Lucastitos: bets $1.76
markyh213213: calls $1.76
*** TURN *** [6h Td 6c] [Kh]
markyh213213: checks 
Lucastitos: checks 
*** RIVER *** [6h Td 6c Kh] [9s]
markyh213213: bets $15
Lucastitos: calls $15
*** SHOW DOWN ***
markyh213213: shows [5c 7c] (a pair of Sixes)
Lucastitos: shows [Th Ac] (two pair, Tens and Sixes)
Lucastitos collected $37.16 from pot
*** SUMMARY ***
Total pot $39.12 | Rake $1.96 
Board [6h Td 6c Kh 9s]
Seat 1: BelSv folded before Flop (didn't bet)
Seat 2: peak joker33 folded before Flop (didn't bet)
Seat 3: Lucastitos showed [Th Ac] and won ($37.16) with two pair, Tens and Sixes
Seat 4: xxxZeka (button) folded before Flop (didn't bet)
Seat 5: markyh213213 (small blind) showed [5c 7c] and lost with a pair of Sixes
Seat 6: Cositorto (big blind) folded before Flop



PokerStars Hand #254415839384:  Hold'em No Limit ($0.50/$1.00 USD) - 2025/01/17 16:38:40 WET [2025/01/17 11:38:40 ET]
Table 'Fomalhaut IV' 6-max Seat #5 is the button
Seat 1: BelSv ($182.70 in chips) 
Seat 2: peak joker33 ($100 in chips) 
Seat 3: Lucastitos ($118.10 in chips) 
Seat 4: xxxZeka ($136.21 in chips) 
Seat 5: markyh213213 ($33.06 in chips) 
Seat 6: Cositorto ($100 in chips) 
Cositorto: posts small blind $0.50
BelSv: posts big blind $1
*** HOLE CARDS ***
peak joker33: raises $1.50 to $2.50
Lucastitos: folds 
xxxZeka: folds 
markyh213213: raises $30.56 to $33.06 and is all-in
Cositorto: folds 
BelSv: folds 
peak joker33: folds 
Uncalled bet ($30.56) returned to markyh213213
markyh213213 collected $6.50 from pot
*** SUMMARY ***
Total pot $6.50 | Rake $0 
Seat 1: BelSv (big blind) folded before Flop
Seat 2: peak joker33 folded before Flop
Seat 3: Lucastitos folded before Flop (didn't bet)
Seat 4: xxxZeka folded before Flop (didn't bet)
Seat 5: markyh213213 (button) collected ($6.50)
Seat 6: Cositorto (small blind) folded before Flop



PokerStars Hand #254415842921:  Hold'em No Limit ($0.50/$1.00 USD) - 2025/01/17 16:38:55 WET [2025/01/17 11:38:55 ET]
Table 'Fomalhaut IV' 6-max Seat #6 is the button
Seat 1: BelSv ($181.70 in chips) 
Seat 2: peak joker33 ($100 in chips) 
Seat 3: Lucastitos ($118.10 in chips) 
Seat 4: xxxZeka ($136.21 in chips) 
Seat 5: markyh213213 ($37.06 in chips) 
Seat 6: Cositorto ($100 in chips) 
BelSv: posts small blind $0.50
peak joker33: posts big blind $1
*** HOLE CARDS ***
Lucastitos: folds 
xxxZeka: folds 
markyh213213: folds 
Cositorto: raises $1.50 to $2.50
BelSv: folds 
peak joker33: folds 
Uncalled bet ($1.50) returned to Cositorto
Cositorto collected $2.50 from pot
Cositorto: doesn't show hand 
*** SUMMARY ***
Total pot $2.50 | Rake $0 
Seat 1: BelSv (small blind) folded before Flop
Seat 2: peak joker33 (big blind) folded before Flop
Seat 3: Lucastitos folded before Flop (didn't bet)
Seat 4: xxxZeka folded before Flop (didn't bet)
Seat 5: markyh213213 folded before Flop (didn't bet)
Seat 6: Cositorto (button) collected ($2.50)



PokerStars Hand #254415847731:  Hold'em No Limit ($0.50/$1.00 USD) - 2025/01/17 16:39:16 WET [2025/01/17 11:39:16 ET]
Table 'Fomalhaut IV' 6-max Seat #1 is the button
Seat 1: BelSv ($181.20 in chips) 
Seat 2: peak joker33 ($100 in chips) 
Seat 3: Lucastitos ($118.10 in chips) 
Seat 4: xxxZeka ($136.21 in chips) 
Seat 5: markyh213213 ($37.06 in chips) 
Seat 6: Cositorto ($101.50 in chips) 
peak joker33: posts small blind $0.50
Lucastitos: posts big blind $1
*** HOLE CARDS ***
xxxZeka: folds 
markyh213213: folds 
Cositorto: raises $1 to $2
BelSv: raises $4 to $6
peak joker33: folds 
Lucastitos: folds 
Cositorto: folds 
Uncalled bet ($4) returned to BelSv
BelSv collected $5.50 from pot
BelSv: doesn't show hand 
*** SUMMARY ***
Total pot $5.50 | Rake $0 
Seat 1: BelSv (button) collected ($5.50)
Seat 2: peak joker33 (small blind) folded before Flop
Seat 3: Lucastitos (big blind) folded before Flop
Seat 4: xxxZeka folded before Flop (didn't bet)
Seat 5: markyh213213 folded before Flop (didn't bet)
Seat 6: Cositorto folded before Flop



PokerStars Hand #254415854010:  Hold'em No Limit ($0.50/$1.00 USD) - 2025/01/17 16:39:43 WET [2025/01/17 11:39:43 ET]
Table 'Fomalhaut IV' 6-max Seat #2 is the button
Seat 1: BelSv ($184.70 in chips) 
Seat 2: peak joker33 ($100 in chips) 
Seat 3: Lucastitos ($117.10 in chips) 
Seat 4: xxxZeka ($136.21 in chips) 
Seat 5: markyh213213 ($37.06 in chips) 
Seat 6: Cositorto ($100 in chips) 
Lucastitos: posts small blind $0.50
xxxZeka: posts big blind $1
*** HOLE CARDS ***
markyh213213: folds 
Cositorto: raises $1 to $2
BelSv: folds 
peak joker33: folds 
Lucastitos: folds 
xxxZeka: folds 
Uncalled bet ($1) returned to Cositorto
Cositorto collected $2.50 from pot
Cositorto: doesn't show hand 
*** SUMMARY ***
Total pot $2.50 | Rake $0 
Seat 1: BelSv folded before Flop (didn't bet)
Seat 2: peak joker33 (button) folded before Flop (didn't bet)
Seat 3: Lucastitos (small blind) folded before Flop
Seat 4: xxxZeka (big blind) folded before Flop
Seat 5: markyh213213 folded before Flop (didn't bet)
Seat 6: Cositorto collected ($2.50)



PokerStars Hand #254415858203:  Hold'em No Limit ($0.50/$1.00 USD) - 2025/01/17 16:40:01 WET [2025/01/17 11:40:01 ET]
Table 'Fomalhaut IV' 6-max Seat #3 is the button
Seat 1: BelSv ($184.70 in chips) 
Seat 2: peak joker33 ($100 in chips) 
Seat 3: Lucastitos ($116.60 in chips) 
Seat 4: xxxZeka ($135.21 in chips) 
Seat 5: markyh213213 ($37.06 in chips) 
Seat 6: Cositorto ($101.50 in chips) 
xxxZeka: posts small blind $0.50
markyh213213: posts big blind $1
*** HOLE CARDS ***
Cositorto: folds 
BelSv: folds 
peak joker33: folds 
Lucastitos: raises $1.40 to $2.40
xxxZeka: folds 
markyh213213: raises $34.66 to $37.06 and is all-in
Lucastitos: folds 
Uncalled bet ($34.66) returned to markyh213213
markyh213213 collected $5.30 from pot
*** SUMMARY ***
Total pot $5.30 | Rake $0 
Seat 1: BelSv folded before Flop (didn't bet)
Seat 2: peak joker33 folded before Flop (didn't bet)
Seat 3: Lucastitos (button) folded before Flop
Seat 4: xxxZeka (small blind) folded before Flop
Seat 5: markyh213213 (big blind) collected ($5.30)
Seat 6: Cositorto folded before Flop (didn't bet)



PokerStars Hand #254415866106:  Hold'em No Limit ($0.50/$1.00 USD) - 2025/01/17 16:40:36 WET [2025/01/17 11:40:36 ET]
Table 'Fomalhaut IV' 6-max Seat #4 is the button
Seat 1: BelSv ($184.70 in chips) 
Seat 2: peak joker33 ($100 in chips) 
Seat 3: Lucastitos ($114.20 in chips) 
Seat 4: xxxZeka ($134.71 in chips) 
Seat 5: markyh213213 ($39.96 in chips) 
Seat 6: Cositorto ($101.50 in chips) 
markyh213213: posts small blind $0.50
Cositorto: posts big blind $1
*** HOLE CARDS ***
BelSv: folds 
peak joker33: folds 
Lucastitos: folds 
xxxZeka: folds 
markyh213213: calls $0.50
Cositorto: raises $3 to $4
markyh213213: folds 
Uncalled bet ($3) returned to Cositorto
Cositorto collected $2 from pot
Cositorto: doesn't show hand 
*** SUMMARY ***
Total pot $2 | Rake $0 
Seat 1: BelSv folded before Flop (didn't bet)
Seat 2: peak joker33 folded before Flop (didn't bet)
Seat 3: Lucastitos folded before Flop (didn't bet)
Seat 4: xxxZeka (button) folded before Flop (didn't bet)
Seat 5: markyh213213 (small blind) folded before Flop
Seat 6: Cositorto (big blind) collected ($2)



PokerStars Hand #254415873959:  Hold'em No Limit ($0.50/$1.00 USD) - 2025/01/17 16:41:09 WET [2025/01/17 11:41:09 ET]
Table 'Fomalhaut IV' 6-max Seat #5 is the button
Seat 1: BelSv ($184.70 in chips) 
Seat 2: peak joker33 ($100 in chips) 
Seat 3: Lucastitos ($114.20 in chips) 
Seat 4: xxxZeka ($134.71 in chips) 
Seat 5: markyh213213 ($38.96 in chips) 
Seat 6: Cositorto ($102.50 in chips) 
Cositorto: posts small blind $0.50
BelSv: posts big blind $1
*** HOLE CARDS ***
peak joker33: folds 
Lucastitos: folds 
xxxZeka: folds 
markyh213213: calls $1
Cositorto: folds 
BelSv: checks 
*** FLOP *** [3h 2d 5d]
BelSv: checks 
markyh213213: bets $1
BelSv: raises $2.19 to $3.19
markyh213213: folds 
Uncalled bet ($2.19) returned to BelSv
BelSv collected $4.28 from pot
BelSv: doesn't show hand 
*** SUMMARY ***
Total pot $4.50 | Rake $0.22 
Board [3h 2d 5d]
Seat 1: BelSv (big blind) collected ($4.28)
Seat 2: peak joker33 folded before Flop (didn't bet)
Seat 3: Lucastitos folded before Flop (didn't bet)
Seat 4: xxxZeka folded before Flop (didn't bet)
Seat 5: markyh213213 (button) folded on the Flop
Seat 6: Cositorto (small blind) folded before Flop



PokerStars Hand #254415886354:  Hold'em No Limit ($0.50/$1.00 USD) - 2025/01/17 16:42:03 WET [2025/01/17 11:42:03 ET]
Table 'Fomalhaut IV' 6-max Seat #6 is the button
Seat 1: BelSv ($186.98 in chips) 
Seat 2: peak joker33 ($100 in chips) 
Seat 3: Lucastitos ($114.20 in chips) 
Seat 4: xxxZeka ($134.71 in chips) 
Seat 5: markyh213213 ($36.96 in chips) 
Seat 6: Cositorto ($102 in chips) 
BelSv: posts small blind $0.50
peak joker33: posts big blind $1
*** HOLE CARDS ***
Lucastitos: raises $1 to $2
xxxZeka: folds 
markyh213213: calls $2
Cositorto: raises $7 to $9
BelSv: folds 
peak joker33: folds 
Lucastitos: folds 
markyh213213: calls $7
*** FLOP *** [7s 6c Qc]
markyh213213: checks 
Cositorto: bets $5.51
markyh213213: raises $22.45 to $27.96 and is all-in
Cositorto: folds 
Uncalled bet ($22.45) returned to markyh213213
markyh213213 collected $30.89 from pot
*** SUMMARY ***
Total pot $32.52 | Rake $1.63 
Board [7s 6c Qc]
Seat 1: BelSv (small blind) folded before Flop
Seat 2: peak joker33 (big blind) folded before Flop
Seat 3: Lucastitos folded before Flop
Seat 4: xxxZeka folded before Flop (didn't bet)
Seat 5: markyh213213 collected ($30.89)
Seat 6: Cositorto (button) folded on the Flop



PokerStars Hand #254415900169:  Hold'em No Limit ($0.50/$1.00 USD) - 2025/01/17 16:43:02 WET [2025/01/17 11:43:02 ET]
Table 'Fomalhaut IV' 6-max Seat #1 is the button
Seat 1: BelSv ($186.48 in chips) 
Seat 2: peak joker33 ($100 in chips) 
Seat 3: Lucastitos ($112.20 in chips) 
Seat 4: xxxZeka ($134.71 in chips) 
Seat 5: markyh213213 ($53.34 in chips) 
Seat 6: Cositorto ($100 in chips) 
peak joker33: posts small blind $0.50
Lucastitos: posts big blind $1
*** HOLE CARDS ***
xxxZeka: folds 
markyh213213: folds 
Cositorto: folds 
BelSv: raises $1.50 to $2.50
peak joker33: folds 
Lucastitos: folds 
Uncalled bet ($1.50) returned to BelSv
BelSv collected $2.50 from pot
BelSv: doesn't show hand 
*** SUMMARY ***
Total pot $2.50 | Rake $0 
Seat 1: BelSv (button) collected ($2.50)
Seat 2: peak joker33 (small blind) folded before Flop
Seat 3: Lucastitos (big blind) folded before Flop
Seat 4: xxxZeka folded before Flop (didn't bet)
Seat 5: markyh213213 folded before Flop (didn't bet)
Seat 6: Cositorto folded before Flop (didn't bet)



PokerStars Hand #254415904067:  Hold'em No Limit ($0.50/$1.00 USD) - 2025/01/17 16:43:19 WET [2025/01/17 11:43:19 ET]
Table 'Fomalhaut IV' 6-max Seat #2 is the button
Seat 1: BelSv ($187.98 in chips) 
Seat 2: peak joker33 ($100 in chips) 
Seat 3: Lucastitos ($111.20 in chips) 
Seat 4: xxxZeka ($134.71 in chips) 
Seat 5: markyh213213 ($53.34 in chips) 
Seat 6: Cositorto ($100 in chips) 
Lucastitos: posts small blind $0.50
xxxZeka: posts big blind $1
*** HOLE CARDS ***
markyh213213: folds 
Cositorto: folds 
BelSv: folds 
peak joker33: raises $1.50 to $2.50
Lucastitos: folds 
xxxZeka: folds 
Uncalled bet ($1.50) returned to peak joker33
peak joker33 collected $2.50 from pot
peak joker33: doesn't show hand 
*** SUMMARY ***
Total pot $2.50 | Rake $0 
Seat 1: BelSv folded before Flop (didn't bet)
Seat 2: peak joker33 (button) collected ($2.50)
Seat 3: Lucastitos (small blind) folded before Flop
Seat 4: xxxZeka (big blind) folded before Flop
Seat 5: markyh213213 folded before Flop (didn't bet)
Seat 6: Cositorto folded before Flop (didn't bet)



PokerStars Hand #254415908148:  Hold'em No Limit ($0.50/$1.00 USD) - 2025/01/17 16:43:36 WET [2025/01/17 11:43:36 ET]
Table 'Fomalhaut IV' 6-max Seat #3 is the button
Seat 1: BelSv ($187.98 in chips) 
Seat 2: peak joker33 ($101.50 in chips) 
Seat 3: Lucastitos ($110.70 in chips) 
Seat 4: xxxZeka ($133.71 in chips) 
Seat 5: markyh213213 ($53.34 in chips) 
Seat 6: Cositorto ($100 in chips) 
xxxZeka: posts small blind $0.50
markyh213213: posts big blind $1
*** HOLE CARDS ***
Cositorto: folds 
BelSv: folds 
peak joker33: folds 
Lucastitos: folds 
xxxZeka: raises $2 to $3
markyh213213: raises $5.80 to $8.80
xxxZeka: folds 
Uncalled bet ($5.80) returned to markyh213213
markyh213213 collected $6 from pot
*** SUMMARY ***
Total pot $6 | Rake $0 
Seat 1: BelSv folded before Flop (didn't bet)
Seat 2: peak joker33 folded before Flop (didn't bet)
Seat 3: Lucastitos (button) folded before Flop (didn't bet)
Seat 4: xxxZeka (small blind) folded before Flop
Seat 5: markyh213213 (big blind) collected ($6)
Seat 6: Cositorto folded before Flop (didn't bet)



PokerStars Hand #254415915973:  Hold'em No Limit ($0.50/$1.00 USD) - 2025/01/17 16:44:10 WET [2025/01/17 11:44:10 ET]
Table 'Fomalhaut IV' 6-max Seat #4 is the button
Seat 1: BelSv ($187.98 in chips) 
Seat 2: peak joker33 ($101.50 in chips) 
Seat 3: Lucastitos ($110.70 in chips) 
Seat 4: xxxZeka ($130.71 in chips) 
Seat 5: markyh213213 ($56.34 in chips) 
Seat 6: Cositorto ($100 in chips) 
markyh213213: posts small blind $0.50
Cositorto: posts big blind $1
*** HOLE CARDS ***
BelSv: folds 
peak joker33: raises $1.50 to $2.50
Lucastitos: calls $2.50
xxxZeka: folds 
markyh213213: folds 
Cositorto: raises $11.50 to $14
peak joker33: folds 
Lucastitos: raises $96.70 to $110.70 and is all-in
Cositorto: calls $86 and is all-in
Uncalled bet ($10.70) returned to Lucastitos
*** FLOP *** [2c Ad 5h]
*** TURN *** [2c Ad 5h] [7c]
*** RIVER *** [2c Ad 5h 7c] [9c]
*** SHOW DOWN ***
Cositorto: shows [Kh As] (a pair of Aces)
Lucastitos: shows [Ks Kd] (a pair of Kings)
Cositorto collected $200.50 from pot
*** SUMMARY ***
Total pot $203 | Rake $2.50 
Board [2c Ad 5h 7c 9c]
Seat 1: BelSv folded before Flop (didn't bet)
Seat 2: peak joker33 folded before Flop
Seat 3: Lucastitos showed [Ks Kd] and lost with a pair of Kings
Seat 4: xxxZeka (button) folded before Flop (didn't bet)
Seat 5: markyh213213 (small blind) folded before Flop
Seat 6: Cositorto (big blind) showed [Kh As] and won ($200.50) with a pair of Aces



PokerStars Hand #254415929385:  Hold'em No Limit ($0.50/$1.00 USD) - 2025/01/17 16:45:08 WET [2025/01/17 11:45:08 ET]
Table 'Fomalhaut IV' 6-max Seat #5 is the button
Seat 1: BelSv ($187.98 in chips) 
Seat 2: peak joker33 ($100 in chips) 
Seat 3: Lucastitos ($100 in chips) 
Seat 4: xxxZeka ($130.71 in chips) 
Seat 5: markyh213213 ($55.84 in chips) 
Seat 6: Cositorto ($200.50 in chips) 
Cositorto: posts small blind $0.50
BelSv: posts big blind $1
*** HOLE CARDS ***
peak joker33: folds 
Lucastitos: folds 
xxxZeka: folds 
markyh213213: raises $1.20 to $2.20
Cositorto: folds 
BelSv: raises $10.30 to $12.50
xxxZeka leaves the table
markyh213213: folds 
Uncalled bet ($10.30) returned to BelSv
BelSv collected $4.90 from pot
BelSv: doesn't show hand 
*** SUMMARY ***
Total pot $4.90 | Rake $0 
Seat 1: BelSv (big blind) collected ($4.90)
Seat 2: peak joker33 folded before Flop (didn't bet)
Seat 3: Lucastitos folded before Flop (didn't bet)
Seat 4: xxxZeka folded before Flop (didn't bet)
Seat 5: markyh213213 (button) folded before Flop
Seat 6: Cositorto (small blind) folded before Flop



PokerStars Hand #254415937594:  Hold'em No Limit ($0.50/$1.00 USD) - 2025/01/17 16:45:43 WET [2025/01/17 11:45:43 ET]
Table 'Fomalhaut IV' 6-max Seat #6 is the button
Seat 1: BelSv ($190.68 in chips) 
Seat 2: peak joker33 ($100 in chips) 
Seat 3: Lucastitos ($100 in chips) 
Seat 5: markyh213213 ($53.64 in chips) 
Seat 6: Cositorto ($200 in chips) 
BelSv: posts small blind $0.50
peak joker33: posts big blind $1
*** HOLE CARDS ***
Lucastitos: folds 
markyh213213: folds 
Cositorto: folds 
IREQO joins the table at seat #4 
BelSv: raises $2 to $3
peak joker33: folds 
Uncalled bet ($2) returned to BelSv
BelSv collected $2 from pot
BelSv: doesn't show hand 
*** SUMMARY ***
Total pot $2 | Rake $0 
Seat 1: BelSv (small blind) collected ($2)
Seat 2: peak joker33 (big blind) folded before Flop
Seat 3: Lucastitos folded before Flop (didn't bet)
Seat 5: markyh213213 folded before Flop (didn't bet)
Seat 6: Cositorto (button) folded before Flop (didn't bet)



PokerStars Hand #254415942264:  Hold'em No Limit ($0.50/$1.00 USD) - 2025/01/17 16:46:03 WET [2025/01/17 11:46:03 ET]
Table 'Fomalhaut IV' 6-max Seat #1 is the button
Seat 4: IREQO ($198.50 in chips) is sitting out
Seat 1: BelSv ($191.68 in chips) 
Seat 2: peak joker33 ($100 in chips) 
Seat 3: Lucastitos ($100 in chips) 
Seat 5: markyh213213 ($53.64 in chips) 
Seat 6: Cositorto ($200 in chips) 
peak joker33: posts small blind $0.50
Lucastitos: posts big blind $1
IREQO: sits out 
*** HOLE CARDS ***
markyh213213: folds 
Cositorto: folds 
BelSv: folds 
peak joker33: folds 
Uncalled bet ($0.50) returned to Lucastitos
Lucastitos collected $1 from pot
Lucastitos: doesn't show hand 
*** SUMMARY ***
Total pot $1 | Rake $0 
Seat 4: IREQO
Seat 1: BelSv (button) folded before Flop (didn't bet)
Seat 2: peak joker33 (small blind) folded before Flop
Seat 3: Lucastitos (big blind) collected ($1)
Seat 5: markyh213213 folded before Flop (didn't bet)
Seat 6: Cositorto folded before Flop (didn't bet)



PokerStars Hand #254415945040:  Hold'em No Limit ($0.50/$1.00 USD) - 2025/01/17 16:46:15 WET [2025/01/17 11:46:15 ET]
Table 'Fomalhaut IV' 6-max Seat #2 is the button
Seat 1: BelSv ($191.68 in chips) 
Seat 2: peak joker33 ($100 in chips) 
Seat 3: Lucastitos ($100.50 in chips) 
Seat 4: IREQO ($198.50 in chips) 
Seat 5: markyh213213 ($53.64 in chips) 
Seat 6: Cositorto ($200 in chips) 
Lucastitos: posts small blind $0.50
IREQO: posts big blind $1
*** HOLE CARDS ***
markyh213213: folds 
Cositorto: folds 
BelSv: raises $1.25 to $2.25
peak joker33: folds 
Lucastitos: raises $8.75 to $11
IREQO: folds 
BelSv: folds 
Uncalled bet ($8.75) returned to Lucastitos
Lucastitos collected $5.50 from pot
Lucastitos: doesn't show hand 
*** SUMMARY ***
Total pot $5.50 | Rake $0 
Seat 1: BelSv folded before Flop
Seat 2: peak joker33 (button) folded before Flop (didn't bet)
Seat 3: Lucastitos (small blind) collected ($5.50)
Seat 4: IREQO (big blind) folded before Flop
Seat 5: markyh213213 folded before Flop (didn't bet)
Seat 6: Cositorto folded before Flop (didn't bet)



PokerStars Hand #254415950113:  Hold'em No Limit ($0.50/$1.00 USD) - 2025/01/17 16:46:38 WET [2025/01/17 11:46:38 ET]
Table 'Fomalhaut IV' 6-max Seat #3 is the button
Seat 1: BelSv ($189.43 in chips) 
Seat 2: peak joker33 ($100 in chips) 
Seat 3: Lucastitos ($103.75 in chips) 
Seat 4: IREQO ($197.50 in chips) 
Seat 5: markyh213213 ($53.64 in chips) 
Seat 6: Cositorto ($200 in chips) 
IREQO: posts small blind $0.50
markyh213213: posts big blind $1
*** HOLE CARDS ***
Cositorto: folds 
BelSv: folds 
peak joker33: folds 
Lucastitos: raises $1.40 to $2.40
IREQO: folds 
markyh213213: calls $1.40
*** FLOP *** [Ts Qh Qd]
markyh213213: bets $2.20
Lucastitos: calls $2.20
*** TURN *** [Ts Qh Qd] [8h]
markyh213213: checks 
Lucastitos: checks 
*** RIVER *** [Ts Qh Qd 8h] [Ac]
markyh213213: bets $3.87
Lucastitos: folds 
Uncalled bet ($3.87) returned to markyh213213
markyh213213 collected $9.22 from pot
*** SUMMARY ***
Total pot $9.70 | Rake $0.48 
Board [Ts Qh Qd 8h Ac]
Seat 1: BelSv folded before Flop (didn't bet)
Seat 2: peak joker33 folded before Flop (didn't bet)
Seat 3: Lucastitos (button) folded on the River
Seat 4: IREQO (small blind) folded before Flop
Seat 5: markyh213213 (big blind) collected ($9.22)
Seat 6: Cositorto folded before Flop (didn't bet)



PokerStars Hand #254415965819:  Hold'em No Limit ($0.50/$1.00 USD) - 2025/01/17 16:47:45 WET [2025/01/17 11:47:45 ET]
Table 'Fomalhaut IV' 6-max Seat #4 is the button
Seat 1: BelSv ($189.43 in chips) 
Seat 2: peak joker33 ($100 in chips) 
Seat 3: Lucastitos ($100 in chips) 
Seat 4: IREQO ($197 in chips) 
Seat 5: markyh213213 ($58.26 in chips) 
Seat 6: Cositorto ($200 in chips) 
markyh213213: posts small blind $0.50
Cositorto: posts big blind $1
*** HOLE CARDS ***
BelSv: folds 
peak joker33: folds 
Lucastitos: folds 
IREQO: folds 
markyh213213: folds 
Uncalled bet ($0.50) returned to Cositorto
Cositorto collected $1 from pot
Cositorto: doesn't show hand 
*** SUMMARY ***
Total pot $1 | Rake $0 
Seat 1: BelSv folded before Flop (didn't bet)
Seat 2: peak joker33 folded before Flop (didn't bet)
Seat 3: Lucastitos folded before Flop (didn't bet)
Seat 4: IREQO (button) folded before Flop (didn't bet)
Seat 5: markyh213213 (small blind) folded before Flop
Seat 6: Cositorto (big blind) collected ($1)



PokerStars Hand #254415969295:  Hold'em No Limit ($0.50/$1.00 USD) - 2025/01/17 16:48:00 WET [2025/01/17 11:48:00 ET]
Table 'Fomalhaut IV' 6-max Seat #5 is the button
Seat 1: BelSv ($189.43 in chips) 
Seat 2: peak joker33 ($100 in chips) 
Seat 3: Lucastitos ($100 in chips) 
Seat 4: IREQO ($197 in chips) 
Seat 5: markyh213213 ($57.76 in chips) 
Seat 6: Cositorto ($200.50 in chips) 
Cositorto: posts small blind $0.50
BelSv: posts big blind $1
*** HOLE CARDS ***
peak joker33: folds 
Lucastitos: folds 
IREQO: raises $1.50 to $2.50
markyh213213: folds 
Cositorto: folds 
BelSv: calls $1.50
*** FLOP *** [2c Qh Ac]
BelSv: checks 
IREQO: checks 
*** TURN *** [2c Qh Ac] [8h]
BelSv: checks 
IREQO: bets $3.45
BelSv: calls $3.45
*** RIVER *** [2c Qh Ac 8h] [4c]
BelSv: checks 
IREQO: checks 
*** SHOW DOWN ***
BelSv: shows [Qd Js] (a pair of Queens)
IREQO: shows [3s As] (a pair of Aces)
IREQO collected $11.78 from pot
*** SUMMARY ***
Total pot $12.40 | Rake $0.62 
Board [2c Qh Ac 8h 4c]
Seat 1: BelSv (big blind) showed [Qd Js] and lost with a pair of Queens
Seat 2: peak joker33 folded before Flop (didn't bet)
Seat 3: Lucastitos folded before Flop (didn't bet)
Seat 4: IREQO showed [3s As] and won ($11.78) with a pair of Aces
Seat 5: markyh213213 (button) folded before Flop (didn't bet)
Seat 6: Cositorto (small blind) folded before Flop



PokerStars Hand #254415985260:  Hold'em No Limit ($0.50/$1.00 USD) - 2025/01/17 16:49:09 WET [2025/01/17 11:49:09 ET]
Table 'Fomalhaut IV' 6-max Seat #6 is the button
Seat 2: peak joker33 ($100 in chips) is sitting out
Seat 1: BelSv ($183.48 in chips) 
Seat 3: Lucastitos ($100 in chips) 
Seat 4: IREQO ($202.83 in chips) 
Seat 5: markyh213213 ($57.76 in chips) 
Seat 6: Cositorto ($200 in chips) 
BelSv: posts small blind $0.50
Lucastitos: posts big blind $1
*** HOLE CARDS ***
IREQO: folds 
markyh213213: folds 
Cositorto: raises $1.50 to $2.50
BelSv: raises $9 to $11.50
Lucastitos: folds 
Cositorto: folds 
Uncalled bet ($9) returned to BelSv
BelSv collected $6 from pot
BelSv: doesn't show hand 
*** SUMMARY ***
Total pot $6 | Rake $0 
Seat 2: peak joker33
Seat 1: BelSv (small blind) collected ($6)
Seat 3: Lucastitos (big blind) folded before Flop
Seat 4: IREQO folded before Flop (didn't bet)
Seat 5: markyh213213 folded before Flop (didn't bet)
Seat 6: Cositorto (button) folded before Flop



PokerStars Hand #254415990961:  Hold'em No Limit ($0.50/$1.00 USD) - 2025/01/17 16:49:34 WET [2025/01/17 11:49:34 ET]
Table 'Fomalhaut IV' 6-max Seat #1 is the button
Seat 2: peak joker33 ($100 in chips) is sitting out
Seat 1: BelSv ($186.98 in chips) 
Seat 3: Lucastitos ($100 in chips) 
Seat 4: IREQO ($202.83 in chips) 
Seat 5: markyh213213 ($57.76 in chips) 
Seat 6: Cositorto ($197.50 in chips) 
Lucastitos: posts small blind $0.50
IREQO: posts big blind $1
*** HOLE CARDS ***
markyh213213: raises $2 to $3
Cositorto: raises $6 to $9
BelSv: folds 
Lucastitos: folds 
IREQO: folds 
markyh213213: folds 
Uncalled bet ($6) returned to Cositorto
Cositorto collected $7.50 from pot
Cositorto: doesn't show hand 
*** SUMMARY ***
Total pot $7.50 | Rake $0 
Seat 2: peak joker33
Seat 1: BelSv (button) folded before Flop (didn't bet)
Seat 3: Lucastitos (small blind) folded before Flop
Seat 4: IREQO (big blind) folded before Flop
Seat 5: markyh213213 folded before Flop
Seat 6: Cositorto collected ($7.50)



PokerStars Hand #254416005058:  Hold'em No Limit ($0.50/$1.00 USD) - 2025/01/17 16:50:35 WET [2025/01/17 11:50:35 ET]
Table 'Fomalhaut IV' 6-max Seat #3 is the button
Seat 2: peak joker33 ($100 in chips) is sitting out
Seat 1: BelSv ($186.98 in chips) 
Seat 3: Lucastitos ($100 in chips) 
Seat 4: IREQO ($201.83 in chips) 
Seat 5: markyh213213 ($54.76 in chips) 
Seat 6: Cositorto ($202 in chips) 
IREQO: posts small blind $0.50
markyh213213: posts big blind $1
*** HOLE CARDS ***
Cositorto: folds 
BelSv: raises $1.25 to $2.25
Lucastitos: folds 
IREQO: folds 
markyh213213: folds 
Uncalled bet ($1.25) returned to BelSv
BelSv collected $2.50 from pot
BelSv: doesn't show hand 
*** SUMMARY ***
Total pot $2.50 | Rake $0 
Seat 2: peak joker33
Seat 1: BelSv collected ($2.50)
Seat 3: Lucastitos (button) folded before Flop (didn't bet)
Seat 4: IREQO (small blind) folded before Flop
Seat 5: markyh213213 (big blind) folded before Flop
Seat 6: Cositorto folded before Flop (didn't bet)



PokerStars Hand #254416007929:  Hold'em No Limit ($0.50/$1.00 USD) - 2025/01/17 16:50:48 WET [2025/01/17 11:50:48 ET]
Table 'Fomalhaut IV' 6-max Seat #4 is the button
Seat 2: peak joker33 ($100 in chips) is sitting out
Seat 1: BelSv ($188.48 in chips) 
Seat 3: Lucastitos ($100 in chips) 
Seat 4: IREQO ($201.33 in chips) 
Seat 5: markyh213213 ($53.76 in chips) 
Seat 6: Cositorto ($202 in chips) 
markyh213213: posts small blind $0.50
Cositorto: posts big blind $1
*** HOLE CARDS ***
BelSv: folds 
Lucastitos: raises $1.30 to $2.30
IREQO: folds 
markyh213213: calls $1.80
Cositorto: folds 
*** FLOP *** [Tc Th 7d]
markyh213213: bets $1.91
Lucastitos: folds 
Uncalled bet ($1.91) returned to markyh213213
markyh213213 collected $5.32 from pot
*** SUMMARY ***
Total pot $5.60 | Rake $0.28 
Board [Tc Th 7d]
Seat 2: peak joker33
Seat 1: BelSv folded before Flop (didn't bet)
Seat 3: Lucastitos folded on the Flop
Seat 4: IREQO (button) folded before Flop (didn't bet)
Seat 5: markyh213213 (small blind) collected ($5.32)
Seat 6: Cositorto (big blind) folded before Flop



PokerStars Hand #254416015560:  Hold'em No Limit ($0.50/$1.00 USD) - 2025/01/17 16:51:20 WET [2025/01/17 11:51:20 ET]
Table 'Fomalhaut IV' 6-max Seat #5 is the button
Seat 2: peak joker33 ($100 in chips) is sitting out
Seat 1: BelSv ($188.48 in chips) 
Seat 3: Lucastitos ($100 in chips) 
Seat 4: IREQO ($201.33 in chips) 
Seat 5: markyh213213 ($56.78 in chips) 
Seat 6: Cositorto ($201 in chips) 
Cositorto: posts small blind $0.50
BelSv: posts big blind $1
*** HOLE CARDS ***
Lucastitos: folds 
IREQO: folds 
markyh213213: folds 
Cositorto: raises $2 to $3
BelSv: calls $2
*** FLOP *** [Ac 7c 3h]
Cositorto: bets $1.54
BelSv: calls $1.54
*** TURN *** [Ac 7c 3h] [2s]
Cositorto: checks 
BelSv: checks 
*** RIVER *** [Ac 7c 3h 2s] [6s]
Cositorto: bets $1.50
BelSv: calls $1.50
*** SHOW DOWN ***
Cositorto: shows [Jh Js] (a pair of Jacks)
BelSv: mucks hand 
Cositorto collected $11.48 from pot
*** SUMMARY ***
Total pot $12.08 | Rake $0.60 
Board [Ac 7c 3h 2s 6s]
Seat 2: peak joker33
Seat 1: BelSv (big blind) mucked
Seat 3: Lucastitos folded before Flop (didn't bet)
Seat 4: IREQO folded before Flop (didn't bet)
Seat 5: markyh213213 (button) folded before Flop (didn't bet)
Seat 6: Cositorto (small blind) showed [Jh Js] and won ($11.48) with a pair of Jacks



PokerStars Hand #254416026323:  Hold'em No Limit ($0.50/$1.00 USD) - 2025/01/17 16:52:08 WET [2025/01/17 11:52:08 ET]
Table 'Fomalhaut IV' 6-max Seat #6 is the button
Seat 1: BelSv ($182.44 in chips) 
Seat 2: peak joker33 ($100 in chips) 
Seat 3: Lucastitos ($100 in chips) 
Seat 4: IREQO ($201.33 in chips) 
Seat 5: markyh213213 ($56.78 in chips) 
Seat 6: Cositorto ($206.44 in chips) 
BelSv: posts small blind $0.50
peak joker33: posts big blind $1
*** HOLE CARDS ***
Lucastitos: folds 
IREQO: folds 
markyh213213: folds 
Cositorto: folds 
BelSv: raises $2 to $3
peak joker33: folds 
Uncalled bet ($2) returned to BelSv
BelSv collected $2 from pot
BelSv: doesn't show hand 
*** SUMMARY ***
Total pot $2 | Rake $0 
Seat 1: BelSv (small blind) collected ($2)
Seat 2: peak joker33 (big blind) folded before Flop
Seat 3: Lucastitos folded before Flop (didn't bet)
Seat 4: IREQO folded before Flop (didn't bet)
Seat 5: markyh213213 folded before Flop (didn't bet)
Seat 6: Cositorto (button) folded before Flop (didn't bet)



PokerStars Hand #254416032040:  Hold'em No Limit ($0.50/$1.00 USD) - 2025/01/17 16:52:32 WET [2025/01/17 11:52:32 ET]
Table 'Fomalhaut IV' 6-max Seat #1 is the button
Seat 1: BelSv ($183.44 in chips) 
Seat 2: peak joker33 ($100 in chips) 
Seat 3: Lucastitos ($100 in chips) 
Seat 4: IREQO ($201.33 in chips) 
Seat 5: markyh213213 ($56.78 in chips) 
Seat 6: Cositorto ($206.44 in chips) 
peak joker33: posts small blind $0.50
Lucastitos: posts big blind $1
*** HOLE CARDS ***
IREQO: folds 
markyh213213: raises $1.50 to $2.50
Cositorto: folds 
BelSv: folds 
peak joker33: folds 
Lucastitos: folds 
Uncalled bet ($1.50) returned to markyh213213
markyh213213 collected $2.50 from pot
*** SUMMARY ***
Total pot $2.50 | Rake $0 
Seat 1: BelSv (button) folded before Flop (didn't bet)
Seat 2: peak joker33 (small blind) folded before Flop
Seat 3: Lucastitos (big blind) folded before Flop
Seat 4: IREQO folded before Flop (didn't bet)
Seat 5: markyh213213 collected ($2.50)
Seat 6: Cositorto folded before Flop (didn't bet)



PokerStars Hand #254416037427:  Hold'em No Limit ($0.50/$1.00 USD) - 2025/01/17 16:52:55 WET [2025/01/17 11:52:55 ET]
Table 'Fomalhaut IV' 6-max Seat #2 is the button
Seat 1: BelSv ($183.44 in chips) 
Seat 2: peak joker33 ($100 in chips) 
Seat 3: Lucastitos ($100 in chips) 
Seat 4: IREQO ($201.33 in chips) 
Seat 5: markyh213213 ($58.28 in chips) 
Seat 6: Cositorto ($206.44 in chips) 
Lucastitos: posts small blind $0.50
IREQO: posts big blind $1
*** HOLE CARDS ***
markyh213213: folds 
Cositorto: folds 
BelSv: folds 
peak joker33: folds 
Lucastitos: folds 
Uncalled bet ($0.50) returned to IREQO
IREQO collected $1 from pot
IREQO: doesn't show hand 
*** SUMMARY ***
Total pot $1 | Rake $0 
Seat 1: BelSv folded before Flop (didn't bet)
Seat 2: peak joker33 (button) folded before Flop (didn't bet)
Seat 3: Lucastitos (small blind) folded before Flop
Seat 4: IREQO (big blind) collected ($1)
Seat 5: markyh213213 folded before Flop (didn't bet)
Seat 6: Cositorto folded before Flop (didn't bet)



PokerStars Hand #254416041262:  Hold'em No Limit ($0.50/$1.00 USD) - 2025/01/17 16:53:11 WET [2025/01/17 11:53:11 ET]
Table 'Fomalhaut IV' 6-max Seat #3 is the button
Seat 1: BelSv ($183.44 in chips) 
Seat 2: peak joker33 ($100 in chips) 
Seat 3: Lucastitos ($100 in chips) 
Seat 4: IREQO ($201.83 in chips) 
Seat 5: markyh213213 ($58.28 in chips) 
Seat 6: Cositorto ($206.44 in chips) 
IREQO: posts small blind $0.50
markyh213213: posts big blind $1
*** HOLE CARDS ***
Cositorto: folds 
BelSv: folds 
peak joker33: folds 
Lucastitos: raises $1.40 to $2.40
IREQO: folds 
markyh213213: raises $6.82 to $9.22
Lucastitos: calls $6.82
*** FLOP *** [2h Ks 4s]
markyh213213: checks 
Lucastitos: checks 
*** TURN *** [2h Ks 4s] [Qh]
markyh213213: bets $7.70
Lucastitos: calls $7.70
*** RIVER *** [2h Ks 4s Qh] [2c]
markyh213213: checks 
Lucastitos: checks 
*** SHOW DOWN ***
markyh213213: shows [Jh 4h] (two pair, Fours and Deuces)
Lucastitos: mucks hand 
markyh213213 collected $32.62 from pot
*** SUMMARY ***
Total pot $34.34 | Rake $1.72 
Board [2h Ks 4s Qh 2c]
Seat 1: BelSv folded before Flop (didn't bet)
Seat 2: peak joker33 folded before Flop (didn't bet)
Seat 3: Lucastitos (button) mucked
Seat 4: IREQO (small blind) folded before Flop
Seat 5: markyh213213 (big blind) showed [Jh 4h] and won ($32.62) with two pair, Fours and Deuces
Seat 6: Cositorto folded before Flop (didn't bet)



PokerStars Hand #254416056862:  Hold'em No Limit ($0.50/$1.00 USD) - 2025/01/17 16:54:18 WET [2025/01/17 11:54:18 ET]
Table 'Fomalhaut IV' 6-max Seat #4 is the button
Seat 1: BelSv ($183.44 in chips) 
Seat 2: peak joker33 ($100 in chips) 
Seat 3: Lucastitos ($100 in chips) 
Seat 4: IREQO ($201.33 in chips) 
Seat 5: markyh213213 ($73.98 in chips) 
Seat 6: Cositorto ($206.44 in chips) 
markyh213213: posts small blind $0.50
Cositorto: posts big blind $1
*** HOLE CARDS ***
BelSv: folds 
peak joker33: folds 
Lucastitos: folds 
IREQO: folds 
markyh213213: raises $1.32 to $2.32
Cositorto: folds 
Uncalled bet ($1.32) returned to markyh213213
markyh213213 collected $2 from pot
*** SUMMARY ***
Total pot $2 | Rake $0 
Seat 1: BelSv folded before Flop (didn't bet)
Seat 2: peak joker33 folded before Flop (didn't bet)
Seat 3: Lucastitos folded before Flop (didn't bet)
Seat 4: IREQO (button) folded before Flop (didn't bet)
Seat 5: markyh213213 (small blind) collected ($2)
Seat 6: Cositorto (big blind) folded before Flop



PokerStars Hand #254416064792:  Hold'em No Limit ($0.50/$1.00 USD) - 2025/01/17 16:54:52 WET [2025/01/17 11:54:52 ET]
Table 'Fomalhaut IV' 6-max Seat #5 is the button
Seat 1: BelSv ($183.44 in chips) 
Seat 2: peak joker33 ($100 in chips) 
Seat 3: Lucastitos ($100 in chips) 
Seat 4: IREQO ($201.33 in chips) 
Seat 5: markyh213213 ($74.98 in chips) 
Seat 6: Cositorto ($205.44 in chips) 
Cositorto: posts small blind $0.50
BelSv: posts big blind $1
*** HOLE CARDS ***
peak joker33: folds 
Lucastitos: folds 
IREQO: folds 
markyh213213: folds 
Cositorto: raises $2 to $3
BelSv: folds 
Uncalled bet ($2) returned to Cositorto
Cositorto collected $2 from pot
Cositorto: doesn't show hand 
*** SUMMARY ***
Total pot $2 | Rake $0 
Seat 1: BelSv (big blind) folded before Flop
Seat 2: peak joker33 folded before Flop (didn't bet)
Seat 3: Lucastitos folded before Flop (didn't bet)
Seat 4: IREQO folded before Flop (didn't bet)
Seat 5: markyh213213 (button) folded before Flop (didn't bet)
Seat 6: Cositorto (small blind) collected ($2)



PokerStars Hand #254416068700:  Hold'em No Limit ($0.50/$1.00 USD) - 2025/01/17 16:55:09 WET [2025/01/17 11:55:09 ET]
Table 'Fomalhaut IV' 6-max Seat #6 is the button
Seat 1: BelSv ($182.44 in chips) 
Seat 2: peak joker33 ($100 in chips) 
Seat 3: Lucastitos ($100 in chips) 
Seat 4: IREQO ($201.33 in chips) 
Seat 5: markyh213213 ($74.98 in chips) 
Seat 6: Cositorto ($206.44 in chips) 
BelSv: posts small blind $0.50
peak joker33: posts big blind $1
*** HOLE CARDS ***
Lucastitos: folds 
IREQO: folds 
markyh213213: folds 
Cositorto: folds 
BelSv: raises $2 to $3
peak joker33: calls $2
*** FLOP *** [5h Qh 4h]
BelSv: checks 
peak joker33: bets $1.88
BelSv: calls $1.88
*** TURN *** [5h Qh 4h] [3c]
BelSv: checks 
peak joker33: bets $9.27
BelSv: calls $9.27
*** RIVER *** [5h Qh 4h 3c] [9c]
BelSv: checks 
peak joker33: bets $34.94
BelSv: raises $133.35 to $168.29 and is all-in
peak joker33: folds 
Uncalled bet ($133.35) returned to BelSv
BelSv collected $95.68 from pot
BelSv: doesn't show hand 
*** SUMMARY ***
Total pot $98.18 | Rake $2.50 
Board [5h Qh 4h 3c 9c]
Seat 1: BelSv (small blind) collected ($95.68)
Seat 2: peak joker33 (big blind) folded on the River
Seat 3: Lucastitos folded before Flop (didn't bet)
Seat 4: IREQO folded before Flop (didn't bet)
Seat 5: markyh213213 folded before Flop (didn't bet)
Seat 6: Cositorto (button) folded before Flop (didn't bet)



PokerStars Hand #254416081786:  Hold'em No Limit ($0.50/$1.00 USD) - 2025/01/17 16:56:20 WET [2025/01/17 11:56:20 ET]
Table 'Fomalhaut IV' 6-max Seat #1 is the button
Seat 1: BelSv ($229.03 in chips) 
Seat 2: peak joker33 ($100 in chips) 
Seat 3: Lucastitos ($100 in chips) 
Seat 4: IREQO ($201.33 in chips) 
Seat 5: markyh213213 ($74.98 in chips) 
Seat 6: Cositorto ($206.44 in chips) 
peak joker33: posts small blind $0.50
Lucastitos: posts big blind $1
*** HOLE CARDS ***
IREQO: folds 
markyh213213: raises $1.50 to $2.50
Cositorto: folds 
BelSv: folds 
peak joker33: folds 
Lucastitos: folds 
Uncalled bet ($1.50) returned to markyh213213
markyh213213 collected $2.50 from pot
*** SUMMARY ***
Total pot $2.50 | Rake $0 
Seat 1: BelSv (button) folded before Flop (didn't bet)
Seat 2: peak joker33 (small blind) folded before Flop
Seat 3: Lucastitos (big blind) folded before Flop
Seat 4: IREQO folded before Flop (didn't bet)
Seat 5: markyh213213 collected ($2.50)
Seat 6: Cositorto folded before Flop (didn't bet)



PokerStars Hand #254416085819:  Hold'em No Limit ($0.50/$1.00 USD) - 2025/01/17 16:56:41 WET [2025/01/17 11:56:41 ET]
Table 'Fomalhaut IV' 6-max Seat #2 is the button
Seat 1: BelSv ($229.03 in chips) 
Seat 2: peak joker33 ($100 in chips) 
Seat 3: Lucastitos ($100 in chips) 
Seat 4: IREQO ($201.33 in chips) 
Seat 5: markyh213213 ($76.48 in chips) 
Seat 6: Cositorto ($206.44 in chips) 
Lucastitos: posts small blind $0.50
IREQO: posts big blind $1
*** HOLE CARDS ***
markyh213213: folds 
Cositorto: folds 
BelSv: raises $1.25 to $2.25
peak joker33: folds 
Lucastitos: folds 
IREQO: folds 
Uncalled bet ($1.25) returned to BelSv
BelSv collected $2.50 from pot
BelSv: doesn't show hand 
*** SUMMARY ***
Total pot $2.50 | Rake $0 
Seat 1: BelSv collected ($2.50)
Seat 2: peak joker33 (button) folded before Flop (didn't bet)
Seat 3: Lucastitos (small blind) folded before Flop
Seat 4: IREQO (big blind) folded before Flop
Seat 5: markyh213213 folded before Flop (didn't bet)
Seat 6: Cositorto folded before Flop (didn't bet)



PokerStars Hand #254416088623:  Hold'em No Limit ($0.50/$1.00 USD) - 2025/01/17 16:56:57 WET [2025/01/17 11:56:57 ET]
Table 'Fomalhaut IV' 6-max Seat #3 is the button
Seat 5: markyh213213 ($76.48 in chips) is sitting out
Seat 1: BelSv ($230.53 in chips) 
Seat 2: peak joker33 ($100 in chips) 
Seat 3: Lucastitos ($100 in chips) 
Seat 4: IREQO ($200.33 in chips) 
Seat 6: Cositorto ($206.44 in chips) 
IREQO: posts small blind $0.50
Cositorto: posts big blind $1
*** HOLE CARDS ***
BelSv: folds 
peak joker33: folds 
Lucastitos: raises $1.40 to $2.40
IREQO: folds 
Cositorto: folds 
Uncalled bet ($1.40) returned to Lucastitos
Lucastitos collected $2.50 from pot
Lucastitos: doesn't show hand 
*** SUMMARY ***
Total pot $2.50 | Rake $0 
Seat 5: markyh213213
Seat 1: BelSv folded before Flop (didn't bet)
Seat 2: peak joker33 folded before Flop (didn't bet)
Seat 3: Lucastitos (button) collected ($2.50)
Seat 4: IREQO (small blind) folded before Flop
Seat 6: Cositorto (big blind) folded before Flop



PokerStars Hand #254416091350:  Hold'em No Limit ($0.50/$1.00 USD) - 2025/01/17 16:57:12 WET [2025/01/17 11:57:12 ET]
Table 'Fomalhaut IV' 6-max Seat #4 is the button
Seat 5: markyh213213 ($76.48 in chips) is sitting out
Seat 1: BelSv ($230.53 in chips) 
Seat 2: peak joker33 ($100 in chips) 
Seat 3: Lucastitos ($101.50 in chips) 
Seat 4: IREQO ($199.83 in chips) 
Seat 6: Cositorto ($205.44 in chips) 
Cositorto: posts small blind $0.50
BelSv: posts big blind $1
*** HOLE CARDS ***
peak joker33: raises $1.50 to $2.50
Lucastitos: folds 
IREQO: folds 
Cositorto: folds 
BelSv: folds 
Uncalled bet ($1.50) returned to peak joker33
peak joker33 collected $2.50 from pot
peak joker33: doesn't show hand 
*** SUMMARY ***
Total pot $2.50 | Rake $0 
Seat 5: markyh213213
Seat 1: BelSv (big blind) folded before Flop
Seat 2: peak joker33 collected ($2.50)
Seat 3: Lucastitos folded before Flop (didn't bet)
Seat 4: IREQO (button) folded before Flop (didn't bet)
Seat 6: Cositorto (small blind) folded before Flop



PokerStars Hand #254416094946:  Hold'em No Limit ($0.50/$1.00 USD) - 2025/01/17 16:57:32 WET [2025/01/17 11:57:32 ET]
Table 'Fomalhaut IV' 6-max Seat #6 is the button
Seat 5: markyh213213 ($76.48 in chips) is sitting out
Seat 1: BelSv ($229.53 in chips) 
Seat 2: peak joker33 ($101.50 in chips) 
Seat 3: Lucastitos ($101.50 in chips) 
Seat 4: IREQO ($199.83 in chips) 
Seat 6: Cositorto ($204.94 in chips) 
BelSv: posts small blind $0.50
peak joker33: posts big blind $1
*** HOLE CARDS ***
Lucastitos: raises $1.10 to $2.10
IREQO: folds 
Cositorto: folds 
BelSv: folds 
peak joker33: calls $1.10
*** FLOP *** [Qh Ks Kd]
peak joker33: checks 
Lucastitos: bets $1.12
peak joker33: calls $1.12
*** TURN *** [Qh Ks Kd] [9d]
peak joker33: bets $2.17
Lucastitos: raises $7.83 to $10
peak joker33: calls $7.83
*** RIVER *** [Qh Ks Kd 9d] [As]
peak joker33: checks 
Lucastitos: bets $19.19
peak joker33: calls $19.19
*** SHOW DOWN ***
Lucastitos: shows [Ah Ac] (a full house, Aces full of Kings)
peak joker33: mucks hand 
Lucastitos collected $62.82 from pot
*** SUMMARY ***
Total pot $65.32 | Rake $2.50 
Board [Qh Ks Kd 9d As]
Seat 5: markyh213213
Seat 1: BelSv (small blind) folded before Flop
Seat 2: peak joker33 (big blind) mucked
Seat 3: Lucastitos showed [Ah Ac] and won ($62.82) with a full house, Aces full of Kings
Seat 4: IREQO folded before Flop (didn't bet)
Seat 6: Cositorto (button) folded before Flop (didn't bet)



PokerStars Hand #254416108451:  Hold'em No Limit ($0.50/$1.00 USD) - 2025/01/17 16:58:45 WET [2025/01/17 11:58:45 ET]
Table 'Fomalhaut IV' 6-max Seat #1 is the button
Seat 5: markyh213213 ($76.48 in chips) is sitting out
Seat 1: BelSv ($229.03 in chips) 
Seat 2: peak joker33 ($100 in chips) 
Seat 3: Lucastitos ($131.91 in chips) 
Seat 4: IREQO ($199.83 in chips) 
Seat 6: Cositorto ($204.94 in chips) 
peak joker33: posts small blind $0.50
Lucastitos: posts big blind $1
markyh213213: sits out 
*** HOLE CARDS ***
IREQO: folds 
Cositorto: raises $1 to $2
BelSv: folds 
peak joker33: folds 
Lucastitos: calls $1
*** FLOP *** [3d 6d Ah]
Lucastitos: checks 
Cositorto: bets $1.16
Lucastitos: calls $1.16
*** TURN *** [3d 6d Ah] [5d]
Lucastitos: checks 
Cositorto: bets $3.24
Lucastitos: raises $12.76 to $16
Cositorto: calls $12.76
*** RIVER *** [3d 6d Ah 5d] [Td]
Lucastitos: bets $12.17
Cositorto: folds 
Uncalled bet ($12.17) returned to Lucastitos
Lucastitos collected $36.88 from pot
Lucastitos: doesn't show hand 
*** SUMMARY ***
Total pot $38.82 | Rake $1.94 
Board [3d 6d Ah 5d Td]
Seat 5: markyh213213
Seat 1: BelSv (button) folded before Flop (didn't bet)
Seat 2: peak joker33 (small blind) folded before Flop
Seat 3: Lucastitos (big blind) collected ($36.88)
Seat 4: IREQO folded before Flop (didn't bet)
Seat 6: Cositorto folded on the River



PokerStars Hand #254416121131:  Hold'em No Limit ($0.50/$1.00 USD) - 2025/01/17 16:59:53 WET [2025/01/17 11:59:53 ET]
Table 'Fomalhaut IV' 6-max Seat #2 is the button
Seat 5: markyh213213 ($76.48 in chips) is sitting out
Seat 1: BelSv ($229.03 in chips) 
Seat 2: peak joker33 ($100 in chips) 
Seat 3: Lucastitos ($149.63 in chips) 
Seat 4: IREQO ($199.83 in chips) 
Seat 6: Cositorto ($185.78 in chips) 
Lucastitos: posts small blind $0.50
IREQO: posts big blind $1
markyh213213: sits out 
*** HOLE CARDS ***
Cositorto: raises $1 to $2
BelSv: folds 
peak joker33: folds 
Lucastitos: raises $10 to $12
IREQO: folds 
Cositorto: folds 
Uncalled bet ($10) returned to Lucastitos
Lucastitos collected $5 from pot
Lucastitos: doesn't show hand 
*** SUMMARY ***
Total pot $5 | Rake $0 
Seat 5: markyh213213
Seat 1: BelSv folded before Flop (didn't bet)
Seat 2: peak joker33 (button) folded before Flop (didn't bet)
Seat 3: Lucastitos (small blind) collected ($5)
Seat 4: IREQO (big blind) folded before Flop
Seat 6: Cositorto folded before Flop



PokerStars Hand #254416125881:  Hold'em No Limit ($0.50/$1.00 USD) - 2025/01/17 17:00:19 WET [2025/01/17 12:00:19 ET]
Table 'Fomalhaut IV' 6-max Seat #3 is the button
Seat 1: BelSv ($229.03 in chips) 
Seat 2: peak joker33 ($100 in chips) 
Seat 3: Lucastitos ($152.63 in chips) 
Seat 4: IREQO ($198.83 in chips) 
Seat 5: markyh213213 ($76.48 in chips) 
Seat 6: Cositorto ($183.78 in chips) 
IREQO: posts small blind $0.50
markyh213213: posts big blind $1
*** HOLE CARDS ***
Cositorto: folds 
BelSv: folds 
peak joker33: raises $1.50 to $2.50
Lucastitos: calls $2.50
IREQO: folds 
markyh213213: raises $6.50 to $9
peak joker33: folds 
Lucastitos: calls $6.50
*** FLOP *** [7c 9h Kc]
markyh213213: bets $6
Lucastitos: folds 
Uncalled bet ($6) returned to markyh213213
markyh213213 collected $19.95 from pot
*** SUMMARY ***
Total pot $21 | Rake $1.05 
Board [7c 9h Kc]
Seat 1: BelSv folded before Flop (didn't bet)
Seat 2: peak joker33 folded before Flop
Seat 3: Lucastitos (button) folded on the Flop
Seat 4: IREQO (small blind) folded before Flop
Seat 5: markyh213213 (big blind) collected ($19.95)
Seat 6: Cositorto folded before Flop (didn't bet)



PokerStars Hand #254416135206:  Hold'em No Limit ($0.50/$1.00 USD) - 2025/01/17 17:01:04 WET [2025/01/17 12:01:04 ET]
Table 'Fomalhaut IV' 6-max Seat #4 is the button
Seat 1: BelSv ($229.03 in chips) 
Seat 2: peak joker33 ($100 in chips) 
Seat 3: Lucastitos ($143.63 in chips) 
Seat 4: IREQO ($198.33 in chips) 
Seat 5: markyh213213 ($87.43 in chips) 
Seat 6: Cositorto ($183.78 in chips) 
markyh213213: posts small blind $0.50
Cositorto: posts big blind $1
*** HOLE CARDS ***
BelSv: raises $1.25 to $2.25
peak joker33: folds 
Lucastitos: folds 
IREQO: folds 
markyh213213: folds 
Cositorto: folds 
Uncalled bet ($1.25) returned to BelSv
BelSv collected $2.50 from pot
BelSv: doesn't show hand 
*** SUMMARY ***
Total pot $2.50 | Rake $0 
Seat 1: BelSv collected ($2.50)
Seat 2: peak joker33 folded before Flop (didn't bet)
Seat 3: Lucastitos folded before Flop (didn't bet)
Seat 4: IREQO (button) folded before Flop (didn't bet)
Seat 5: markyh213213 (small blind) folded before Flop
Seat 6: Cositorto (big blind) folded before Flop



PokerStars Hand #254416140984:  Hold'em No Limit ($0.50/$1.00 USD) - 2025/01/17 17:01:30 WET [2025/01/17 12:01:30 ET]
Table 'Fomalhaut IV' 6-max Seat #5 is the button
Seat 1: BelSv ($230.53 in chips) is sitting out
Seat 2: peak joker33 ($100 in chips) 
Seat 3: Lucastitos ($143.63 in chips) 
Seat 4: IREQO ($198.33 in chips) 
Seat 5: markyh213213 ($86.93 in chips) 
Seat 6: Cositorto ($182.78 in chips) 
Cositorto: posts small blind $0.50
BelSv: is sitting out 
peak joker33: posts big blind $1
*** HOLE CARDS ***
BelSv leaves the table
Lucastitos: raises $1.10 to $2.10
IREQO: folds 
xxxZeka joins the table at seat #1 
markyh213213: folds 
Cositorto: folds 
peak joker33: folds 
Uncalled bet ($1.10) returned to Lucastitos
Lucastitos collected $2.50 from pot
Lucastitos: doesn't show hand 
*** SUMMARY ***
Total pot $2.50 | Rake $0 
Seat 1: BelSv
Seat 2: peak joker33 (big blind) folded before Flop
Seat 3: Lucastitos collected ($2.50)
Seat 4: IREQO folded before Flop (didn't bet)
Seat 5: markyh213213 (button) folded before Flop (didn't bet)
Seat 6: Cositorto (small blind) folded before Flop



PokerStars Hand #254416145316:  Hold'em No Limit ($0.50/$1.00 USD) - 2025/01/17 17:01:49 WET [2025/01/17 12:01:49 ET]
Table 'Fomalhaut IV' 6-max Seat #6 is the button
Seat 1: xxxZeka ($130.71 in chips) is sitting out
Seat 2: peak joker33 ($100 in chips) 
Seat 3: Lucastitos ($145.13 in chips) 
Seat 4: IREQO ($198.33 in chips) 
Seat 5: markyh213213 ($86.93 in chips) 
Seat 6: Cositorto ($182.28 in chips) 
peak joker33: posts small blind $0.50
Lucastitos: posts big blind $1
*** HOLE CARDS ***
IREQO: folds 
markyh213213: calls $1
Cositorto: folds 
peak joker33: folds 
Lucastitos: checks 
*** FLOP *** [Kd 6c Qs]
Lucastitos: checks 
markyh213213: bets $1
Lucastitos: folds 
Uncalled bet ($1) returned to markyh213213
markyh213213 collected $2.38 from pot
*** SUMMARY ***
Total pot $2.50 | Rake $0.12 
Board [Kd 6c Qs]
Seat 1: xxxZeka
Seat 2: peak joker33 (small blind) folded before Flop
Seat 3: Lucastitos (big blind) folded on the Flop
Seat 4: IREQO folded before Flop (didn't bet)
Seat 5: markyh213213 collected ($2.38)
Seat 6: Cositorto (button) folded before Flop (didn't bet)



PokerStars Hand #254416151441:  Hold'em No Limit ($0.50/$1.00 USD) - 2025/01/17 17:02:16 WET [2025/01/17 12:02:16 ET]
Table 'Fomalhaut IV' 6-max Seat #2 is the button
Seat 1: xxxZeka ($130.71 in chips) is sitting out
Seat 2: peak joker33 ($100 in chips) 
Seat 3: Lucastitos ($144.13 in chips) 
Seat 4: IREQO ($198.33 in chips) 
Seat 5: markyh213213 ($88.31 in chips) 
Seat 6: Cositorto ($182.28 in chips) 
Lucastitos: posts small blind $0.50
IREQO: posts big blind $1
xxxZeka: sits out 
*** HOLE CARDS ***
markyh213213: calls $1
Cositorto: folds 
peak joker33: folds 
Lucastitos: folds 
IREQO: checks 
*** FLOP *** [6c 5d 2h]
xxxZeka leaves the table
IREQO: bets $1
markyh213213: calls $1
*** TURN *** [6c 5d 2h] [Qd]
IREQO: bets $2.14
markyh213213: folds 
Uncalled bet ($2.14) returned to IREQO
IREQO collected $4.28 from pot
IREQO: doesn't show hand 
*** SUMMARY ***
Total pot $4.50 | Rake $0.22 
Board [6c 5d 2h Qd]
Seat 1: xxxZeka
Seat 2: peak joker33 (button) folded before Flop (didn't bet)
Seat 3: Lucastitos (small blind) folded before Flop
Seat 4: IREQO (big blind) collected ($4.28)
Seat 5: markyh213213 folded on the Turn
Seat 6: Cositorto folded before Flop (didn't bet)



PokerStars Hand #254416167909:  Hold'em No Limit ($0.50/$1.00 USD) - 2025/01/17 17:03:26 WET [2025/01/17 12:03:26 ET]
Table 'Fomalhaut IV' 6-max Seat #3 is the button
Seat 2: peak joker33 ($100 in chips) 
Seat 3: Lucastitos ($143.63 in chips) 
Seat 4: IREQO ($200.61 in chips) 
Seat 5: markyh213213 ($86.31 in chips) 
Seat 6: Cositorto ($182.28 in chips) 
IREQO: posts small blind $0.50
markyh213213: posts big blind $1
*** HOLE CARDS ***
Cositorto: folds 
peak joker33: folds 
Lucastitos: raises $1.40 to $2.40
IREQO: folds 
markyh213213: folds 
Uncalled bet ($1.40) returned to Lucastitos
Lucastitos collected $2.50 from pot
Lucastitos: doesn't show hand 
*** SUMMARY ***
Total pot $2.50 | Rake $0 
Seat 2: peak joker33 folded before Flop (didn't bet)
Seat 3: Lucastitos (button) collected ($2.50)
Seat 4: IREQO (small blind) folded before Flop
Seat 5: markyh213213 (big blind) folded before Flop
Seat 6: Cositorto folded before Flop (didn't bet)



PokerStars Hand #254416172978:  Hold'em No Limit ($0.50/$1.00 USD) - 2025/01/17 17:03:47 WET [2025/01/17 12:03:47 ET]
Table 'Fomalhaut IV' 6-max Seat #4 is the button
Seat 2: peak joker33 ($100 in chips) 
Seat 3: Lucastitos ($145.13 in chips) 
Seat 4: IREQO ($200.11 in chips) 
Seat 5: markyh213213 ($85.31 in chips) 
Seat 6: Cositorto ($182.28 in chips) 
markyh213213: posts small blind $0.50
Cositorto: posts big blind $1
*** HOLE CARDS ***
peak joker33: folds 
Pippa83 joins the table at seat #1 
Lucastitos: folds 
IREQO: folds 
markyh213213: raises $1.50 to $2.50
Cositorto: folds 
Uncalled bet ($1.50) returned to markyh213213
markyh213213 collected $2 from pot
*** SUMMARY ***
Total pot $2 | Rake $0 
Seat 2: peak joker33 folded before Flop (didn't bet)
Seat 3: Lucastitos folded before Flop (didn't bet)
Seat 4: IREQO (button) folded before Flop (didn't bet)
Seat 5: markyh213213 (small blind) collected ($2)
Seat 6: Cositorto (big blind) folded before Flop



PokerStars Hand #254416178559:  Hold'em No Limit ($0.50/$1.00 USD) - 2025/01/17 17:04:10 WET [2025/01/17 12:04:10 ET]
Table 'Fomalhaut IV' 6-max Seat #5 is the button
Seat 1: Pippa83 ($100 in chips) 
Seat 2: peak joker33 ($100 in chips) 
Seat 3: Lucastitos ($145.13 in chips) 
Seat 4: IREQO ($200.11 in chips) 
Seat 5: markyh213213 ($86.31 in chips) 
Seat 6: Cositorto ($181.28 in chips) 
Cositorto: posts small blind $0.50
Pippa83: posts big blind $1
*** HOLE CARDS ***
peak joker33: raises $1.50 to $2.50
Lucastitos: folds 
IREQO: folds 
markyh213213: folds 
Cositorto: folds 
Pippa83: calls $1.50
*** FLOP *** [4d Qs Td]
Pippa83: checks 
peak joker33: bets $3.92
Pippa83: folds 
Uncalled bet ($3.92) returned to peak joker33
peak joker33 collected $5.22 from pot
peak joker33: doesn't show hand 
*** SUMMARY ***
Total pot $5.50 | Rake $0.28 
Board [4d Qs Td]
Seat 1: Pippa83 (big blind) folded on the Flop
Seat 2: peak joker33 collected ($5.22)
Seat 3: Lucastitos folded before Flop (didn't bet)
Seat 4: IREQO folded before Flop (didn't bet)
Seat 5: markyh213213 (button) folded before Flop (didn't bet)
Seat 6: Cositorto (small blind) folded before Flop



PokerStars Hand #254416185035:  Hold'em No Limit ($0.50/$1.00 USD) - 2025/01/17 17:04:37 WET [2025/01/17 12:04:37 ET]
Table 'Fomalhaut IV' 6-max Seat #6 is the button
Seat 1: Pippa83 ($100 in chips) 
Seat 2: peak joker33 ($102.72 in chips) 
Seat 3: Lucastitos ($145.13 in chips) 
Seat 4: IREQO ($200.11 in chips) 
Seat 5: markyh213213 ($86.31 in chips) 
Seat 6: Cositorto ($180.78 in chips) 
Pippa83: posts small blind $0.50
peak joker33: posts big blind $1
*** HOLE CARDS ***
Lucastitos: folds 
IREQO: raises $1.50 to $2.50
markyh213213: calls $2.50
Cositorto: folds 
Pippa83: folds 
peak joker33: folds 
*** FLOP *** [2h Qc Td]
IREQO: checks 
markyh213213: bets $2.50
IREQO: calls $2.50
*** TURN *** [2h Qc Td] [6h]
IREQO: checks 
markyh213213: checks 
*** RIVER *** [2h Qc Td 6h] [Ks]
IREQO: checks 
markyh213213: checks 
*** SHOW DOWN ***
IREQO: shows [Ts Ac] (a pair of Tens)
markyh213213: shows [Js Qh] (a pair of Queens)
markyh213213 collected $10.92 from pot
*** SUMMARY ***
Total pot $11.50 | Rake $0.58 
Board [2h Qc Td 6h Ks]
Seat 1: Pippa83 (small blind) folded before Flop
Seat 2: peak joker33 (big blind) folded before Flop
Seat 3: Lucastitos folded before Flop (didn't bet)
Seat 4: IREQO showed [Ts Ac] and lost with a pair of Tens
Seat 5: markyh213213 showed [Js Qh] and won ($10.92) with a pair of Queens
Seat 6: Cositorto (button) folded before Flop (didn't bet)



PokerStars Hand #254416207874:  Hold'em No Limit ($0.50/$1.00 USD) - 2025/01/17 17:06:11 WET [2025/01/17 12:06:11 ET]
Table 'Fomalhaut IV' 6-max Seat #1 is the button
Seat 1: Pippa83 ($100 in chips) 
Seat 2: peak joker33 ($101.72 in chips) 
Seat 3: Lucastitos ($145.13 in chips) 
Seat 4: IREQO ($195.11 in chips) 
Seat 5: markyh213213 ($92.23 in chips) 
Seat 6: Cositorto ($180.78 in chips) 
peak joker33: posts small blind $0.50
Lucastitos: posts big blind $1
*** HOLE CARDS ***
IREQO: folds 
markyh213213: folds 
Cositorto: raises $1 to $2
Pippa83: folds 
peak joker33: raises $8 to $10
Lucastitos: folds 
Cositorto: folds 
Uncalled bet ($8) returned to peak joker33
peak joker33 collected $5 from pot
peak joker33: doesn't show hand 
*** SUMMARY ***
Total pot $5 | Rake $0 
Seat 1: Pippa83 (button) folded before Flop (didn't bet)
Seat 2: peak joker33 (small blind) collected ($5)
Seat 3: Lucastitos (big blind) folded before Flop
Seat 4: IREQO folded before Flop (didn't bet)
Seat 5: markyh213213 folded before Flop (didn't bet)
Seat 6: Cositorto folded before Flop



PokerStars Hand #254416214342:  Hold'em No Limit ($0.50/$1.00 USD) - 2025/01/17 17:06:38 WET [2025/01/17 12:06:38 ET]
Table 'Fomalhaut IV' 6-max Seat #2 is the button
Seat 1: Pippa83 ($100 in chips) is sitting out
Seat 4: IREQO ($195.11 in chips) is sitting out
Seat 2: peak joker33 ($104.72 in chips) 
Seat 3: Lucastitos ($144.13 in chips) 
Seat 5: markyh213213 ($92.23 in chips) 
Seat 6: Cositorto ($178.78 in chips) 
Lucastitos: posts small blind $0.50
IREQO: is sitting out 
markyh213213: posts big blind $1
*** HOLE CARDS ***
Cositorto: folds 
peak joker33: raises $1.50 to $2.50
Lucastitos: folds 
markyh213213: calls $1.50
*** FLOP *** [5d 7c 6d]
markyh213213: checks 
peak joker33: checks 
*** TURN *** [5d 7c 6d] [8h]
markyh213213: bets $3.10
peak joker33: calls $3.10
*** RIVER *** [5d 7c 6d 8h] [Qc]
markyh213213: checks 
peak joker33: bets $6.67
markyh213213: folds 
Uncalled bet ($6.67) returned to peak joker33
peak joker33 collected $11.12 from pot
peak joker33: doesn't show hand 
*** SUMMARY ***
Total pot $11.70 | Rake $0.58 
Board [5d 7c 6d 8h Qc]
Seat 1: Pippa83
Seat 4: IREQO
Seat 2: peak joker33 (button) collected ($11.12)
Seat 3: Lucastitos (small blind) folded before Flop
Seat 5: markyh213213 (big blind) folded on the River
Seat 6: Cositorto folded before Flop (didn't bet)



PokerStars Hand #254416233573:  Hold'em No Limit ($0.50/$1.00 USD) - 2025/01/17 17:07:58 WET [2025/01/17 12:07:58 ET]
Table 'Fomalhaut IV' 6-max Seat #3 is the button
Seat 1: Pippa83 ($100 in chips) is sitting out
Seat 4: IREQO ($195.11 in chips) is sitting out
Seat 6: Cositorto ($178.78 in chips) is sitting out
Seat 2: peak joker33 ($110.24 in chips) 
Seat 3: Lucastitos ($143.63 in chips) 
Seat 5: markyh213213 ($86.63 in chips) 
markyh213213: posts small blind $0.50
Cositorto: is sitting out 
peak joker33: posts big blind $1
*** HOLE CARDS ***
Lucastitos: folds 
markyh213213: raises $1.20 to $2.20
peak joker33: calls $1.20
*** FLOP *** [Ad Tc 5h]
IREQO leaves the table
Cositorto leaves the table
markyh213213: bets $1.50
tukeiron joins the table at seat #6 
xcinaz joins the table at seat #4 
peak joker33: calls $1.50
*** TURN *** [Ad Tc 5h] [7h]
markyh213213: bets $4.50
peak joker33: calls $4.50
*** RIVER *** [Ad Tc 5h 7h] [4c]
markyh213213: checks 
peak joker33: checks 
*** SHOW DOWN ***
markyh213213: shows [8h 9h] (high card Ace)
peak joker33: shows [6d 5s] (a pair of Fives)
peak joker33 collected $15.58 from pot
*** SUMMARY ***
Total pot $16.40 | Rake $0.82 
Board [Ad Tc 5h 7h 4c]
Seat 1: Pippa83
Seat 4: IREQO
Seat 6: Cositorto
Seat 2: peak joker33 (big blind) showed [6d 5s] and won ($15.58) with a pair of Fives
Seat 3: Lucastitos (button) folded before Flop (didn't bet)
Seat 5: markyh213213 (small blind) showed [8h 9h] and lost with high card Ace



PokerStars Hand #254416247711:  Hold'em No Limit ($0.50/$1.00 USD) - 2025/01/17 17:08:56 WET [2025/01/17 12:08:56 ET]
Table 'Fomalhaut IV' 6-max Seat #5 is the button
Seat 1: Pippa83 ($100 in chips) is sitting out
Seat 4: xcinaz ($100 in chips) is sitting out
Seat 6: tukeiron ($100 in chips) is sitting out
Seat 2: peak joker33 ($117.62 in chips) 
Seat 3: Lucastitos ($143.63 in chips) 
Seat 5: markyh213213 ($78.43 in chips) 
peak joker33: posts small blind $0.50
Lucastitos: posts big blind $1
xcinaz: sits out 
*** HOLE CARDS ***
markyh213213: raises $1.50 to $2.50
peak joker33: folds 
Lucastitos: folds 
Uncalled bet ($1.50) returned to markyh213213
markyh213213 collected $2.50 from pot
*** SUMMARY ***
Total pot $2.50 | Rake $0 
Seat 1: Pippa83
Seat 4: xcinaz
Seat 6: tukeiron
Seat 2: peak joker33 (small blind) folded before Flop
Seat 3: Lucastitos (big blind) folded before Flop
Seat 5: markyh213213 (button) collected ($2.50)



PokerStars Hand #254416252027:  Hold'em No Limit ($0.50/$1.00 USD) - 2025/01/17 17:09:14 WET [2025/01/17 12:09:14 ET]
Table 'Fomalhaut IV' 6-max Seat #2 is the button
Seat 1: Pippa83 ($100 in chips) is sitting out
Seat 6: tukeiron ($100 in chips) is sitting out
Seat 2: peak joker33 ($117.12 in chips) 
Seat 3: Lucastitos ($142.63 in chips) 
Seat 4: xcinaz ($100 in chips) 
Seat 5: markyh213213 ($79.93 in chips) 
Lucastitos: posts small blind $0.50
xcinaz: posts big blind $1
tukeiron: sits out 
*** HOLE CARDS ***
markyh213213: raises $1 to $2
peak joker33: folds 
Lucastitos: folds 
xcinaz: folds 
Uncalled bet ($1) returned to markyh213213
markyh213213 collected $2.50 from pot
*** SUMMARY ***
Total pot $2.50 | Rake $0 
Seat 1: Pippa83
Seat 6: tukeiron
Seat 2: peak joker33 (button) folded before Flop (didn't bet)
Seat 3: Lucastitos (small blind) folded before Flop
Seat 4: xcinaz (big blind) folded before Flop
Seat 5: markyh213213 collected ($2.50)



PokerStars Hand #254416256137:  Hold'em No Limit ($0.50/$1.00 USD) - 2025/01/17 17:09:31 WET [2025/01/17 12:09:31 ET]
Table 'Fomalhaut IV' 6-max Seat #3 is the button
Seat 1: Pippa83 ($100 in chips) is sitting out
Seat 6: tukeiron ($100 in chips) is sitting out
Seat 2: peak joker33 ($117.12 in chips) 
Seat 3: Lucastitos ($142.13 in chips) 
Seat 4: xcinaz ($100 in chips) 
Seat 5: markyh213213 ($81.43 in chips) 
xcinaz: posts small blind $0.50
markyh213213: posts big blind $1
tukeiron: sits out 
Pippa83: sits out 
*** HOLE CARDS ***
peak joker33: folds 
Lucastitos: raises $1.40 to $2.40
xcinaz: folds 
markyh213213: folds 
Uncalled bet ($1.40) returned to Lucastitos
Lucastitos collected $2.50 from pot
Lucastitos: doesn't show hand 
*** SUMMARY ***
Total pot $2.50 | Rake $0 
Seat 1: Pippa83
Seat 6: tukeiron
Seat 2: peak joker33 folded before Flop (didn't bet)
Seat 3: Lucastitos (button) collected ($2.50)
Seat 4: xcinaz (small blind) folded before Flop
Seat 5: markyh213213 (big blind) folded before Flop



PokerStars Hand #254416258844:  Hold'em No Limit ($0.50/$1.00 USD) - 2025/01/17 17:09:42 WET [2025/01/17 12:09:42 ET]
Table 'Fomalhaut IV' 6-max Seat #4 is the button
Seat 1: Pippa83 ($100 in chips) is sitting out
Seat 2: peak joker33 ($117.12 in chips) 
Seat 3: Lucastitos ($143.63 in chips) 
Seat 4: xcinaz ($100 in chips) 
Seat 5: markyh213213 ($80.43 in chips) 
Seat 6: tukeiron ($100 in chips) 
markyh213213: posts small blind $0.50
tukeiron: posts big blind $1
Pippa83: sits out 
*** HOLE CARDS ***
peak joker33: folds 
Lucastitos: folds 
xcinaz: raises $1 to $2
markyh213213: folds 
tukeiron: calls $1
*** FLOP *** [Kd 7s 3c]
tukeiron: checks 
xcinaz: bets $1.07
tukeiron: calls $1.07
*** TURN *** [Kd 7s 3c] [4c]
tukeiron: checks 
xcinaz: bets $5.36
Pippa83 leaves the table
tukeiron: calls $5.36
*** RIVER *** [Kd 7s 3c 4c] [8s]
tukeiron: checks 
xcinaz: checks 
*** SHOW DOWN ***
tukeiron: shows [2h Kh] (a pair of Kings)
xcinaz: mucks hand 
tukeiron collected $16.49 from pot
*** SUMMARY ***
Total pot $17.36 | Rake $0.87 
Board [Kd 7s 3c 4c 8s]
Seat 1: Pippa83
Seat 2: peak joker33 folded before Flop (didn't bet)
Seat 3: Lucastitos folded before Flop (didn't bet)
Seat 4: xcinaz (button) mucked
Seat 5: markyh213213 (small blind) folded before Flop
Seat 6: tukeiron (big blind) showed [2h Kh] and won ($16.49) with a pair of Kings



PokerStars Hand #254416275077:  Hold'em No Limit ($0.50/$1.00 USD) - 2025/01/17 17:10:48 WET [2025/01/17 12:10:48 ET]
Table 'Fomalhaut IV' 6-max Seat #5 is the button
Seat 2: peak joker33 ($117.12 in chips) 
Seat 3: Lucastitos ($143.63 in chips) 
Seat 4: xcinaz ($100 in chips) 
Seat 5: markyh213213 ($79.93 in chips) 
Seat 6: tukeiron ($108.06 in chips) 
z00mba joins the table at seat #1 
tukeiron: posts small blind $0.50
peak joker33: posts big blind $1
*** HOLE CARDS ***
Lucastitos: folds 
xcinaz: folds 
markyh213213: folds 
tukeiron: folds 
Uncalled bet ($0.50) returned to peak joker33
peak joker33 collected $1 from pot
peak joker33: doesn't show hand 
*** SUMMARY ***
Total pot $1 | Rake $0 
Seat 2: peak joker33 (big blind) collected ($1)
Seat 3: Lucastitos folded before Flop (didn't bet)
Seat 4: xcinaz folded before Flop (didn't bet)
Seat 5: markyh213213 (button) folded before Flop (didn't bet)
Seat 6: tukeiron (small blind) folded before Flop



PokerStars Hand #254416278829:  Hold'em No Limit ($0.50/$1.00 USD) - 2025/01/17 17:11:03 WET [2025/01/17 12:11:03 ET]
Table 'Fomalhaut IV' 6-max Seat #6 is the button
Seat 1: z00mba ($100 in chips) is sitting out
Seat 2: peak joker33 ($117.62 in chips) 
Seat 3: Lucastitos ($143.63 in chips) 
Seat 4: xcinaz ($100 in chips) 
Seat 5: markyh213213 ($79.93 in chips) 
Seat 6: tukeiron ($107.56 in chips) 
peak joker33: posts small blind $0.50
Lucastitos: posts big blind $1
*** HOLE CARDS ***
xcinaz: folds 
markyh213213: folds 
tukeiron: folds 
peak joker33: raises $2 to $3
Lucastitos: calls $2
*** FLOP *** [4s 8d 4c]
peak joker33: bets $1.88
Lucastitos: calls $1.88
*** TURN *** [4s 8d 4c] [Th]
peak joker33: bets $6.95
Lucastitos: folds 
Uncalled bet ($6.95) returned to peak joker33
peak joker33 collected $9.27 from pot
peak joker33: doesn't show hand 
*** SUMMARY ***
Total pot $9.76 | Rake $0.49 
Board [4s 8d 4c Th]
Seat 1: z00mba
Seat 2: peak joker33 (small blind) collected ($9.27)
Seat 3: Lucastitos (big blind) folded on the Turn
Seat 4: xcinaz folded before Flop (didn't bet)
Seat 5: markyh213213 folded before Flop (didn't bet)
Seat 6: tukeiron (button) folded before Flop (didn't bet)



PokerStars Hand #254416290406:  Hold'em No Limit ($0.50/$1.00 USD) - 2025/01/17 17:11:50 WET [2025/01/17 12:11:50 ET]
Table 'Fomalhaut IV' 6-max Seat #2 is the button
Seat 1: z00mba ($100 in chips) is sitting out
Seat 2: peak joker33 ($122.01 in chips) 
Seat 3: Lucastitos ($138.75 in chips) 
Seat 4: xcinaz ($100 in chips) 
Seat 5: markyh213213 ($79.93 in chips) 
Seat 6: tukeiron ($107.56 in chips) 
Lucastitos: posts small blind $0.50
xcinaz: posts big blind $1
*** HOLE CARDS ***
markyh213213: raises $2 to $3
tukeiron: raises $6 to $9
peak joker33: folds 
Lucastitos: folds 
xcinaz: folds 
markyh213213: raises $14 to $23
tukeiron: folds 
Uncalled bet ($14) returned to markyh213213
markyh213213 collected $19.50 from pot
*** SUMMARY ***
Total pot $19.50 | Rake $0 
Seat 1: z00mba
Seat 2: peak joker33 (button) folded before Flop (didn't bet)
Seat 3: Lucastitos (small blind) folded before Flop
Seat 4: xcinaz (big blind) folded before Flop
Seat 5: markyh213213 collected ($19.50)
Seat 6: tukeiron folded before Flop



PokerStars Hand #254416303423:  Hold'em No Limit ($0.50/$1.00 USD) - 2025/01/17 17:12:42 WET [2025/01/17 12:12:42 ET]
Table 'Fomalhaut IV' 6-max Seat #3 is the button
Seat 1: z00mba ($100 in chips) is sitting out
Seat 2: peak joker33 ($122.01 in chips) 
Seat 3: Lucastitos ($138.25 in chips) 
Seat 4: xcinaz ($100 in chips) 
Seat 5: markyh213213 ($90.43 in chips) 
Seat 6: tukeiron ($100 in chips) 
xcinaz: posts small blind $0.50
markyh213213: posts big blind $1
z00mba: sits out 
*** HOLE CARDS ***
tukeiron: folds 
peak joker33: raises $1.50 to $2.50
Lucastitos: calls $2.50
xcinaz: folds 
markyh213213: calls $1.50
*** FLOP *** [6d Qc 2h]
markyh213213: checks 
peak joker33: checks 
Lucastitos: checks 
*** TURN *** [6d Qc 2h] [Jc]
markyh213213: bets $5.50
peak joker33: calls $5.50
Lucastitos: calls $5.50
*** RIVER *** [6d Qc 2h Jc] [3d]
markyh213213: checks 
peak joker33: checks 
Lucastitos: checks 
*** SHOW DOWN ***
markyh213213: shows [3h 4h] (a pair of Threes)
peak joker33: mucks hand 
Lucastitos: mucks hand 
markyh213213 collected $23.28 from pot
*** SUMMARY ***
Total pot $24.50 | Rake $1.22 
Board [6d Qc 2h Jc 3d]
Seat 1: z00mba
Seat 2: peak joker33 mucked
Seat 3: Lucastitos (button) mucked
Seat 4: xcinaz (small blind) folded before Flop
Seat 5: markyh213213 (big blind) showed [3h 4h] and won ($23.28) with a pair of Threes
Seat 6: tukeiron folded before Flop (didn't bet)



PokerStars Hand #254416353332:  Hold'em No Limit ($0.50/$1.00 USD) - 2025/01/17 17:15:59 WET [2025/01/17 12:15:59 ET]
Table 'Fomalhaut IV' 6-max Seat #1 is the button
Seat 1: z00mba ($100 in chips) 
Seat 2: peak joker33 ($113.01 in chips) 
Seat 3: Lucastitos ($130.25 in chips) 
Seat 4: xcinaz ($106.08 in chips) 
Seat 5: markyh213213 ($101.51 in chips) 
Seat 6: tukeiron ($101 in chips) 
peak joker33: posts small blind $0.50
Lucastitos: posts big blind $1
*** HOLE CARDS ***
xcinaz: raises $1 to $2
markyh213213: folds 
tukeiron: folds 
z00mba: folds 
peak joker33: folds 
Lucastitos: folds 
Uncalled bet ($1) returned to xcinaz
xcinaz collected $2.50 from pot
xcinaz: doesn't show hand 
*** SUMMARY ***
Total pot $2.50 | Rake $0 
Seat 1: z00mba (button) folded before Flop (didn't bet)
Seat 2: peak joker33 (small blind) folded before Flop
Seat 3: Lucastitos (big blind) folded before Flop
Seat 4: xcinaz collected ($2.50)
Seat 5: markyh213213 folded before Flop (didn't bet)
Seat 6: tukeiron folded before Flop (didn't bet)



PokerStars Hand #254416358929:  Hold'em No Limit ($0.50/$1.00 USD) - 2025/01/17 17:16:21 WET [2025/01/17 12:16:21 ET]
Table 'Fomalhaut IV' 6-max Seat #2 is the button
Seat 1: z00mba ($100 in chips) 
Seat 2: peak joker33 ($112.51 in chips) 
Seat 3: Lucastitos ($129.25 in chips) 
Seat 4: xcinaz ($107.58 in chips) 
Seat 5: markyh213213 ($101.51 in chips) 
Seat 6: tukeiron ($101 in chips) 
Lucastitos: posts small blind $0.50
xcinaz: posts big blind $1
*** HOLE CARDS ***
markyh213213: folds 
tukeiron: folds 
z00mba: folds 
peak joker33: raises $1.50 to $2.50
Lucastitos: folds 
xcinaz: calls $1.50
*** FLOP *** [Ks 3s Ad]
xcinaz: checks 
peak joker33: bets $3.92
xcinaz: folds 
Uncalled bet ($3.92) returned to peak joker33
peak joker33 collected $5.22 from pot
peak joker33: doesn't show hand 
*** SUMMARY ***
Total pot $5.50 | Rake $0.28 
Board [Ks 3s Ad]
Seat 1: z00mba folded before Flop (didn't bet)
Seat 2: peak joker33 (button) collected ($5.22)
Seat 3: Lucastitos (small blind) folded before Flop
Seat 4: xcinaz (big blind) folded on the Flop
Seat 5: markyh213213 folded before Flop (didn't bet)
Seat 6: tukeiron folded before Flop (didn't bet)



PokerStars Hand #254416371800:  Hold'em No Limit ($0.50/$1.00 USD) - 2025/01/17 17:17:12 WET [2025/01/17 12:17:12 ET]
Table 'Fomalhaut IV' 6-max Seat #3 is the button
Seat 5: markyh213213 ($101.51 in chips) is sitting out
Seat 1: z00mba ($100 in chips) 
Seat 2: peak joker33 ($115.23 in chips) 
Seat 3: Lucastitos ($128.75 in chips) 
Seat 4: xcinaz ($105.08 in chips) 
Seat 6: tukeiron ($101 in chips) 
xcinaz: posts small blind $0.50
tukeiron: posts big blind $1
*** HOLE CARDS ***
markyh213213 is disconnected 
z00mba: folds 
peak joker33: raises $1.50 to $2.50
Lucastitos: folds 
xcinaz: folds 
tukeiron: calls $1.50
*** FLOP *** [4c 2s Td]
tukeiron: checks 
peak joker33: bets $2.61
tukeiron: calls $2.61
*** TURN *** [4c 2s Td] [Qh]
tukeiron: checks 
peak joker33: bets $7.64
tukeiron: calls $7.64
*** RIVER *** [4c 2s Td Qh] [Ac]
tukeiron: checks 
peak joker33: checks 
*** SHOW DOWN ***
tukeiron: shows [Jd 9d] (high card Ace)
peak joker33: shows [Kh Th] (a pair of Tens)
peak joker33 collected $24.70 from pot
*** SUMMARY ***
Total pot $26 | Rake $1.30 
Board [4c 2s Td Qh Ac]
Seat 5: markyh213213
Seat 1: z00mba folded before Flop (didn't bet)
Seat 2: peak joker33 showed [Kh Th] and won ($24.70) with a pair of Tens
Seat 3: Lucastitos (button) folded before Flop (didn't bet)
Seat 4: xcinaz (small blind) folded before Flop
Seat 6: tukeiron (big blind) showed [Jd 9d] and lost with high card Ace



PokerStars Hand #254416390904:  Hold'em No Limit ($0.50/$1.00 USD) - 2025/01/17 17:18:27 WET [2025/01/17 12:18:27 ET]
Table 'Fomalhaut IV' 6-max Seat #4 is the button
Seat 5: markyh213213 ($101.51 in chips) is sitting out
Seat 1: z00mba ($100 in chips) 
Seat 2: peak joker33 ($127.18 in chips) 
Seat 3: Lucastitos ($128.75 in chips) 
Seat 4: xcinaz ($104.58 in chips) 
Seat 6: tukeiron ($100 in chips) 
tukeiron: posts small blind $0.50
z00mba: posts big blind $1
*** HOLE CARDS ***
peak joker33: folds 
Lucastitos: folds 
xcinaz: raises $1.50 to $2.50
tukeiron: folds 
z00mba: folds 
Uncalled bet ($1.50) returned to xcinaz
xcinaz collected $2.50 from pot
xcinaz: doesn't show hand 
*** SUMMARY ***
Total pot $2.50 | Rake $0 
Seat 5: markyh213213
Seat 1: z00mba (big blind) folded before Flop
Seat 2: peak joker33 folded before Flop (didn't bet)
Seat 3: Lucastitos folded before Flop (didn't bet)
Seat 4: xcinaz (button) collected ($2.50)
Seat 6: tukeiron (small blind) folded before Flop



PokerStars Hand #254416394636:  Hold'em No Limit ($0.50/$1.00 USD) - 2025/01/17 17:18:42 WET [2025/01/17 12:18:42 ET]
Table 'Fomalhaut IV' 6-max Seat #6 is the button
Seat 5: markyh213213 ($101.51 in chips) is sitting out
Seat 1: z00mba ($100 in chips) 
Seat 2: peak joker33 ($127.18 in chips) 
Seat 3: Lucastitos ($128.75 in chips) 
Seat 4: xcinaz ($106.08 in chips) 
Seat 6: tukeiron ($100 in chips) 
z00mba: posts small blind $0.50
peak joker33: posts big blind $1
*** HOLE CARDS ***
Lucastitos: raises $1.10 to $2.10
xcinaz: raises $4.90 to $7
tukeiron: folds 
z00mba: folds 
peak joker33: folds 
Lucastitos: calls $4.90
*** FLOP *** [Qh 7d 6c]
Lucastitos: checks 
xcinaz: bets $3.68
Lucastitos: raises $14.32 to $18
xcinaz: folds 
Uncalled bet ($14.32) returned to Lucastitos
Lucastitos collected $21.72 from pot
Lucastitos: doesn't show hand 
*** SUMMARY ***
Total pot $22.86 | Rake $1.14 
Board [Qh 7d 6c]
Seat 5: markyh213213
Seat 1: z00mba (small blind) folded before Flop
Seat 2: peak joker33 (big blind) folded before Flop
Seat 3: Lucastitos collected ($21.72)
Seat 4: xcinaz folded on the Flop
Seat 6: tukeiron (button) folded before Flop (didn't bet)



PokerStars Hand #254416408199:  Hold'em No Limit ($0.50/$1.00 USD) - 2025/01/17 17:19:36 WET [2025/01/17 12:19:36 ET]
Table 'Fomalhaut IV' 6-max Seat #1 is the button
Seat 3: Lucastitos ($139.79 in chips) is sitting out
Seat 5: markyh213213 ($101.51 in chips) is sitting out
Seat 1: z00mba ($100 in chips) 
Seat 2: peak joker33 ($126.18 in chips) 
Seat 4: xcinaz ($100 in chips) 
Seat 6: tukeiron ($100 in chips) 
peak joker33: posts small blind $0.50
Lucastitos: is sitting out 
xcinaz: posts big blind $1
*** HOLE CARDS ***
tukeiron: folds 
z00mba: folds 
Lucastitos leaves the table
peak joker33: raises $2 to $3
xcinaz: folds 
Uncalled bet ($2) returned to peak joker33
peak joker33 collected $2 from pot
peak joker33: doesn't show hand 
*** SUMMARY ***
Total pot $2 | Rake $0 
Seat 3: Lucastitos
Seat 5: markyh213213
Seat 1: z00mba (button) folded before Flop (didn't bet)
Seat 2: peak joker33 (small blind) collected ($2)
Seat 4: xcinaz (big blind) folded before Flop
Seat 6: tukeiron folded before Flop (didn't bet)



PokerStars Hand #254416411980:  Hold'em No Limit ($0.50/$1.00 USD) - 2025/01/17 17:19:50 WET [2025/01/17 12:19:50 ET]
Table 'Fomalhaut IV' 6-max Seat #2 is the button
Seat 5: markyh213213 ($101.51 in chips) is sitting out
Seat 1: z00mba ($100 in chips) 
Seat 2: peak joker33 ($127.18 in chips) 
Seat 4: xcinaz ($100 in chips) 
Seat 6: tukeiron ($100 in chips) 
xcinaz: posts small blind $0.50
tukeiron: posts big blind $1
*** HOLE CARDS ***
z00mba: folds 
peak joker33: raises $1.50 to $2.50
xcinaz: folds 
tukeiron: folds 
Uncalled bet ($1.50) returned to peak joker33
peak joker33 collected $2.50 from pot
peak joker33: doesn't show hand 
*** SUMMARY ***
Total pot $2.50 | Rake $0 
Seat 5: markyh213213
Seat 1: z00mba folded before Flop (didn't bet)
Seat 2: peak joker33 (button) collected ($2.50)
Seat 4: xcinaz (small blind) folded before Flop
Seat 6: tukeiron (big blind) folded before Flop



PokerStars Hand #254416417593:  Hold'em No Limit ($0.50/$1.00 USD) - 2025/01/17 17:20:12 WET [2025/01/17 12:20:12 ET]
Table 'Fomalhaut IV' 6-max Seat #6 is the button
Seat 1: z00mba ($100 in chips) is sitting out
Seat 2: peak joker33 ($128.68 in chips) is sitting out
Seat 5: markyh213213 ($101.51 in chips) is sitting out
Seat 4: xcinaz ($100 in chips) 
Seat 6: tukeiron ($100 in chips) 
tukeiron: posts small blind $0.50
z00mba: is sitting out 
peak joker33: is sitting out 
xcinaz: posts big blind $1
*** HOLE CARDS ***
peak joker33 leaves the table
tukeiron: raises $2 to $3
xcinaz: calls $2
*** FLOP *** [Kh 6s Js]
xcinaz: checks 
tukeiron: bets $2.28
xcinaz: folds 
Uncalled bet ($2.28) returned to tukeiron
tukeiron collected $5.70 from pot
Sergioes91 joins the table at seat #2 
*** SUMMARY ***
Total pot $6 | Rake $0.30 
Board [Kh 6s Js]
Seat 1: z00mba
Seat 2: peak joker33
Seat 5: markyh213213
Seat 4: xcinaz (big blind) folded on the Flop
Seat 6: tukeiron (button) (small blind) collected ($5.70)



PokerStars Hand #254416423847:  Hold'em No Limit ($0.50/$1.00 USD) - 2025/01/17 17:20:36 WET [2025/01/17 12:20:36 ET]
Table 'Fomalhaut IV' 6-max Seat #6 is the button
Seat 1: z00mba ($100 in chips) is sitting out
Seat 2: Sergioes91 ($100 in chips) is sitting out
Seat 5: markyh213213 ($101.51 in chips) is sitting out
Seat 4: xcinaz ($100 in chips) 
Seat 6: tukeiron ($102.70 in chips) 
tukeiron: posts small blind $0.50
Sergioes91 has timed out
Sergioes91: is sitting out 
xcinaz: posts big blind $1
*** HOLE CARDS ***
IREQO joins the table at seat #3 
tukeiron: raises $2 to $3
xcinaz: folds 
Uncalled bet ($2) returned to tukeiron
Sergioes91 is disconnected 
tukeiron collected $2 from pot
*** SUMMARY ***
Total pot $2 | Rake $0 
Seat 1: z00mba
Seat 2: Sergioes91
Seat 5: markyh213213
Seat 4: xcinaz (big blind) folded before Flop
Seat 6: tukeiron (button) (small blind) collected ($2)



PokerStars Hand #254416429363:  Hold'em No Limit ($0.50/$1.00 USD) - 2025/01/17 17:20:58 WET [2025/01/17 12:20:58 ET]
Table 'Fomalhaut IV' 6-max Seat #4 is the button
Seat 1: z00mba ($100 in chips) is sitting out
Seat 3: IREQO ($195.11 in chips) is sitting out
Seat 5: markyh213213 ($101.51 in chips) is sitting out
Seat 2: Sergioes91 ($100 in chips) 
Seat 4: xcinaz ($100 in chips) 
Seat 6: tukeiron ($103.70 in chips) 
tukeiron: posts small blind $0.50
Sergioes91: posts big blind $1
IREQO: sits out 
*** HOLE CARDS ***
xcinaz: folds 
tukeiron: raises $2 to $3
Sergioes91: calls $2
*** FLOP *** [7s Qs 7c]
tukeiron: bets $2.28
Sergioes91: raises $4.28 to $6.56
tukeiron: calls $4.28
*** TURN *** [7s Qs 7c] [Qd]
tukeiron: checks 
Sergioes91: bets $10.08
tukeiron: calls $10.08
*** RIVER *** [7s Qs 7c Qd] [As]
tukeiron: checks 
Sergioes91: checks 
*** SHOW DOWN ***
tukeiron: shows [Ac Qc] (a full house, Queens full of Aces)
Sergioes91: mucks hand 
tukeiron collected $38.28 from pot
*** SUMMARY ***
Total pot $39.28 | Rake $1 
Board [7s Qs 7c Qd As]
Seat 1: z00mba
Seat 3: IREQO
Seat 5: markyh213213
Seat 2: Sergioes91 (big blind) mucked
Seat 4: xcinaz (button) folded before Flop (didn't bet)
Seat 6: tukeiron (small blind) showed [Ac Qc] and won ($38.28) with a full house, Queens full of Aces



PokerStars Hand #254416453049:  Hold'em No Limit ($0.50/$1.00 USD) - 2025/01/17 17:22:31 WET [2025/01/17 12:22:31 ET]
Table 'Fomalhaut IV' 6-max Seat #6 is the button
Seat 1: z00mba ($100 in chips) is sitting out
Seat 5: markyh213213 ($101.51 in chips) is sitting out
Seat 2: Sergioes91 ($80.36 in chips) 
Seat 3: IREQO ($195.11 in chips) 
Seat 4: xcinaz ($100 in chips) 
Seat 6: tukeiron ($122.34 in chips) 
Sergioes91: posts small blind $0.50
IREQO: posts big blind $1
*** HOLE CARDS ***
xcinaz: folds 
tukeiron: raises $1.50 to $2.50
Sergioes91: folds 
IREQO: calls $1.50
*** FLOP *** [Ah 9s 4s]
IREQO: checks 
tukeiron: bets $1.72
IREQO: calls $1.72
*** TURN *** [Ah 9s 4s] [Ts]
IREQO: checks 
tukeiron: bets $12.73
IREQO: folds 
Uncalled bet ($12.73) returned to tukeiron
tukeiron collected $8.49 from pot
tukeiron: doesn't show hand 
*** SUMMARY ***
Total pot $8.94 | Rake $0.45 
Board [Ah 9s 4s Ts]
Seat 1: z00mba
Seat 5: markyh213213
Seat 2: Sergioes91 (small blind) folded before Flop
Seat 3: IREQO (big blind) folded on the Turn
Seat 4: xcinaz folded before Flop (didn't bet)
Seat 6: tukeiron (button) collected ($8.49)



PokerStars Hand #254416477110:  Hold'em No Limit ($0.50/$1.00 USD) - 2025/01/17 17:24:06 WET [2025/01/17 12:24:06 ET]
Table 'Fomalhaut IV' 6-max Seat #2 is the button
Seat 1: z00mba ($100 in chips) is sitting out
Seat 5: markyh213213 ($101.51 in chips) is sitting out
Seat 2: Sergioes91 ($79.86 in chips) 
Seat 3: IREQO ($190.89 in chips) 
Seat 4: xcinaz ($100 in chips) 
Seat 6: tukeiron ($126.61 in chips) 
IREQO: posts small blind $0.50
xcinaz: posts big blind $1
z00mba: sits out 
*** HOLE CARDS ***
tukeiron: folds 
Sergioes91: raises $2 to $3
IREQO: folds 
xcinaz: folds 
Uncalled bet ($2) returned to Sergioes91
Sergioes91 collected $2.50 from pot
*** SUMMARY ***
Total pot $2.50 | Rake $0 
Seat 1: z00mba
Seat 5: markyh213213
Seat 2: Sergioes91 (button) collected ($2.50)
Seat 3: IREQO (small blind) folded before Flop
Seat 4: xcinaz (big blind) folded before Flop
Seat 6: tukeiron folded before Flop (didn't bet)



PokerStars Hand #254416482113:  Hold'em No Limit ($0.50/$1.00 USD) - 2025/01/17 17:24:26 WET [2025/01/17 12:24:26 ET]
Table 'Fomalhaut IV' 6-max Seat #3 is the button
Seat 1: z00mba ($100 in chips) is sitting out
Seat 5: markyh213213 ($101.51 in chips) is sitting out
Seat 2: Sergioes91 ($81.36 in chips) 
Seat 3: IREQO ($190.39 in chips) 
Seat 4: xcinaz ($100 in chips) 
Seat 6: tukeiron ($126.61 in chips) 
xcinaz: posts small blind $0.50
tukeiron: posts big blind $1
z00mba: sits out 
*** HOLE CARDS ***
Sergioes91: raises $2 to $3
IREQO: folds 
xcinaz: folds 
tukeiron: folds 
Uncalled bet ($2) returned to Sergioes91
Sergioes91 collected $2.50 from pot
markyh213213 leaves the table
*** SUMMARY ***
Total pot $2.50 | Rake $0 
Seat 1: z00mba
Seat 5: markyh213213
Seat 2: Sergioes91 collected ($2.50)
Seat 3: IREQO (button) folded before Flop (didn't bet)
Seat 4: xcinaz (small blind) folded before Flop
Seat 6: tukeiron (big blind) folded before Flop



PokerStars Hand #254416488510:  Hold'em No Limit ($0.50/$1.00 USD) - 2025/01/17 17:24:50 WET [2025/01/17 12:24:50 ET]
Table 'Fomalhaut IV' 6-max Seat #4 is the button
Seat 1: z00mba ($100 in chips) 
Seat 2: Sergioes91 ($82.86 in chips) 
Seat 3: IREQO ($190.39 in chips) 
Seat 4: xcinaz ($100 in chips) 
Seat 6: tukeiron ($125.61 in chips) 
tukeiron: posts small blind $0.50
z00mba: posts big blind $1
*** HOLE CARDS ***
Sergioes91: folds 
IREQO: folds 
AndreaBsAs joins the table at seat #5 
xcinaz: raises $1.50 to $2.50
tukeiron: folds 
z00mba: folds 
Uncalled bet ($1.50) returned to xcinaz
xcinaz collected $2.50 from pot
xcinaz: doesn't show hand 
*** SUMMARY ***
Total pot $2.50 | Rake $0 
Seat 1: z00mba (big blind) folded before Flop
Seat 2: Sergioes91 folded before Flop (didn't bet)
Seat 3: IREQO folded before Flop (didn't bet)
Seat 4: xcinaz (button) collected ($2.50)
Seat 6: tukeiron (small blind) folded before Flop



PokerStars Hand #254416494012:  Hold'em No Limit ($0.50/$1.00 USD) - 2025/01/17 17:25:12 WET [2025/01/17 12:25:12 ET]
Table 'Fomalhaut IV' 6-max Seat #6 is the button
Seat 5: AndreaBsAs ($100 in chips) is sitting out
Seat 1: z00mba ($100 in chips) 
Seat 2: Sergioes91 ($82.86 in chips) 
Seat 3: IREQO ($190.39 in chips) 
Seat 4: xcinaz ($101.50 in chips) 
Seat 6: tukeiron ($125.11 in chips) 
z00mba: posts small blind $0.50
Sergioes91: posts big blind $1
AndreaBsAs: sits out 
*** HOLE CARDS ***
IREQO: folds 
xcinaz: folds 
tukeiron: folds 
z00mba: folds 
Uncalled bet ($0.50) returned to Sergioes91
Sergioes91 collected $1 from pot
*** SUMMARY ***
Total pot $1 | Rake $0 
Seat 5: AndreaBsAs
Seat 1: z00mba (small blind) folded before Flop
Seat 2: Sergioes91 (big blind) collected ($1)
Seat 3: IREQO folded before Flop (didn't bet)
Seat 4: xcinaz folded before Flop (didn't bet)
Seat 6: tukeiron (button) folded before Flop (didn't bet)



PokerStars Hand #254416497630:  Hold'em No Limit ($0.50/$1.00 USD) - 2025/01/17 17:25:26 WET [2025/01/17 12:25:26 ET]
Table 'Fomalhaut IV' 6-max Seat #1 is the button
Seat 3: IREQO ($190.39 in chips) is sitting out
Seat 5: AndreaBsAs ($100 in chips) is sitting out
Seat 1: z00mba ($100 in chips) 
Seat 2: Sergioes91 ($83.36 in chips) 
Seat 4: xcinaz ($101.50 in chips) 
Seat 6: tukeiron ($125.11 in chips) 
Sergioes91: posts small blind $0.50
IREQO: is sitting out 
xcinaz: posts big blind $1
AndreaBsAs: sits out 
*** HOLE CARDS ***
tukeiron: raises $1.50 to $2.50
z00mba: folds 
Sergioes91: raises $5.50 to $8
xcinaz: folds 
tukeiron: calls $5.50
*** FLOP *** [As Ad Kc]
Sergioes91: checks 
tukeiron: checks 
*** TURN *** [As Ad Kc] [3h]
Sergioes91: bets $5.08
tukeiron: calls $5.08
*** RIVER *** [As Ad Kc 3h] [3d]
Sergioes91: bets $17.08
tukeiron: calls $17.08
*** SHOW DOWN ***
Sergioes91: shows [Ah Kh] (a full house, Aces full of Kings)
tukeiron: mucks hand 
Sergioes91 collected $60.32 from pot
*** SUMMARY ***
Total pot $61.32 | Rake $1 
Board [As Ad Kc 3h 3d]
Seat 3: IREQO
Seat 5: AndreaBsAs
Seat 1: z00mba (button) folded before Flop (didn't bet)
Seat 2: Sergioes91 (small blind) showed [Ah Kh] and won ($60.32) with a full house, Aces full of Kings
Seat 4: xcinaz (big blind) folded before Flop
Seat 6: tukeiron mucked



PokerStars Hand #254416516255:  Hold'em No Limit ($0.50/$1.00 USD) - 2025/01/17 17:26:39 WET [2025/01/17 12:26:39 ET]
Table 'Fomalhaut IV' 6-max Seat #2 is the button
Seat 3: IREQO ($190.39 in chips) is sitting out
Seat 1: z00mba ($100 in chips) 
Seat 2: Sergioes91 ($113.52 in chips) 
Seat 4: xcinaz ($100.50 in chips) 
Seat 5: AndreaBsAs ($100 in chips) 
Seat 6: tukeiron ($100 in chips) 
xcinaz: posts small blind $0.50
AndreaBsAs: posts big blind $1
*** HOLE CARDS ***
tukeiron: folds 
z00mba: raises $1.50 to $2.50
Sergioes91: folds 
xcinaz: raises $9 to $11.50
AndreaBsAs: folds 
IREQO leaves the table
z00mba: folds 
Uncalled bet ($9) returned to xcinaz
Sergioes91 leaves the table
xcinaz collected $6 from pot
xcinaz: doesn't show hand 
*** SUMMARY ***
Total pot $6 | Rake $0 
Seat 3: IREQO
Seat 1: z00mba folded before Flop
Seat 2: Sergioes91 (button) folded before Flop (didn't bet)
Seat 4: xcinaz (small blind) collected ($6)
Seat 5: AndreaBsAs (big blind) folded before Flop
Seat 6: tukeiron folded before Flop (didn't bet)



PokerStars Hand #254416523814:  Hold'em No Limit ($0.50/$1.00 USD) - 2025/01/17 17:27:09 WET [2025/01/17 12:27:09 ET]
Table 'Fomalhaut IV' 6-max Seat #4 is the button
Seat 1: z00mba ($100 in chips) 
Seat 4: xcinaz ($104 in chips) 
Seat 5: AndreaBsAs ($100 in chips) 
Seat 6: tukeiron ($100 in chips) 
AndreaBsAs: posts small blind $0.50
tukeiron: posts big blind $1
*** HOLE CARDS ***
z00mba: folds 
xcinaz: folds 
AndreaBsAs: raises $2 to $3
tukeiron: raises $6 to $9
AndreaBsAs: raises $13 to $22
tukeiron: raises $78 to $100 and is all-in
AndreaBsAs: folds 
Uncalled bet ($78) returned to tukeiron
tukeiron collected $44 from pot
*** SUMMARY ***
Total pot $44 | Rake $0 
Seat 1: z00mba folded before Flop (didn't bet)
Seat 4: xcinaz (button) folded before Flop (didn't bet)
Seat 5: AndreaBsAs (small blind) folded before Flop
Seat 6: tukeiron (big blind) collected ($44)



PokerStars Hand #254416539341:  Hold'em No Limit ($0.50/$1.00 USD) - 2025/01/17 17:28:10 WET [2025/01/17 12:28:10 ET]
Table 'Fomalhaut IV' 6-max Seat #5 is the button
Seat 1: z00mba ($100 in chips) 
Seat 4: xcinaz ($104 in chips) 
Seat 5: AndreaBsAs ($100 in chips) 
Seat 6: tukeiron ($122 in chips) 
tukeiron: posts small blind $0.50
z00mba: posts big blind $1
*** HOLE CARDS ***
xcinaz: folds 
AndreaBsAs: folds 
tukeiron: folds 
Uncalled bet ($0.50) returned to z00mba
z00mba collected $1 from pot
z00mba: doesn't show hand 
*** SUMMARY ***
Total pot $1 | Rake $0 
Seat 1: z00mba (big blind) collected ($1)
Seat 4: xcinaz folded before Flop (didn't bet)
Seat 5: AndreaBsAs (button) folded before Flop (didn't bet)
Seat 6: tukeiron (small blind) folded before Flop



PokerStars Hand #254416541916:  Hold'em No Limit ($0.50/$1.00 USD) - 2025/01/17 17:28:20 WET [2025/01/17 12:28:20 ET]
Table 'Fomalhaut IV' 6-max Seat #6 is the button
Seat 4: xcinaz ($104 in chips) is sitting out
Seat 1: z00mba ($100.50 in chips) 
Seat 5: AndreaBsAs ($100 in chips) 
Seat 6: tukeiron ($121.50 in chips) 
z00mba: posts small blind $0.50
xcinaz: is sitting out 
AndreaBsAs: posts big blind $1
*** HOLE CARDS ***
xcinaz leaves the table
tukeiron: folds 
tukeiron leaves the table
z00mba: folds 
Uncalled bet ($0.50) returned to AndreaBsAs
AndreaBsAs collected $1 from pot
*** SUMMARY ***
Total pot $1 | Rake $0 
Seat 4: xcinaz
Seat 1: z00mba (small blind) folded before Flop
Seat 5: AndreaBsAs (big blind) collected ($1)
Seat 6: tukeiron (button) folded before Flop (didn't bet)



PokerStars Hand #254416546351:  Hold'em No Limit ($0.50/$1.00 USD) - 2025/01/17 17:28:38 WET [2025/01/17 12:28:38 ET]
Table 'Fomalhaut IV' 6-max Seat #5 is the button
Seat 1: z00mba ($100 in chips) 
Seat 5: AndreaBsAs ($100.50 in chips) 
AndreaBsAs: posts small blind $0.50
z00mba: posts big blind $1
*** HOLE CARDS ***
AndreaBsAs: folds 
Uncalled bet ($0.50) returned to z00mba
z00mba collected $1 from pot
z00mba: doesn't show hand 
*** SUMMARY ***
Total pot $1 | Rake $0 
Seat 1: z00mba (big blind) collected ($1)
Seat 5: AndreaBsAs (button) (small blind) folded before Flop



