PokerStars Hand #254412265206:  Hold'em No Limit ($0.50/$1.00 USD) - 2025/01/17 10:43:20 WET [2025/01/17 5:43:20 ET]
Table 'Nymphe III' 6-max Seat #4 is the button
Seat 1: blistein ($100 in chips) 
Seat 2: steelNike ($40 in chips) 
Seat 3: SeEevg ($100 in chips) 
Seat 4: Pippa83 ($100 in chips) 
Seat 5: Gambler4444 ($100 in chips) 
Seat 6: EasyGamerrr ($100.50 in chips) 
Gambler4444: posts small blind $0.50
EasyGamerrr: posts big blind $1
*** HOLE CARDS ***
blistein: folds 
steelNike: folds 
SeEevg: raises $1.50 to $2.50
Pippa83: folds 
Gambler4444: folds 
EasyGamerrr: folds 
Uncalled bet ($1.50) returned to SeEevg
SeEevg collected $2.50 from pot
SeEevg: doesn't show hand 
*** SUMMARY ***
Total pot $2.50 | Rake $0 
Seat 1: blistein folded before Flop (didn't bet)
Seat 2: steelNike folded before Flop (didn't bet)
Seat 3: SeEevg collected ($2.50)
Seat 4: Pippa83 (button) folded before Flop (didn't bet)
Seat 5: Gambler4444 (small blind) folded before Flop
Seat 6: EasyGamerrr (big blind) folded before Flop



PokerStars Hand #254412268315:  Hold'em No Limit ($0.50/$1.00 USD) - 2025/01/17 10:43:48 WET [2025/01/17 5:43:48 ET]
Table 'Nymphe III' 6-max Seat #5 is the button
Seat 1: blistein ($100 in chips) 
Seat 2: steelNike ($40 in chips) 
Seat 3: SeEevg ($101.50 in chips) 
Seat 4: Pippa83 ($100 in chips) 
Seat 5: Gambler4444 ($99.50 in chips) 
Seat 6: EasyGamerrr ($100 in chips) 
EasyGamerrr: posts small blind $0.50
blistein: posts big blind $1
*** HOLE CARDS ***
steelNike: raises $1 to $2
SeEevg: folds 
Pippa83: folds 
Gambler4444: raises $4 to $6
EasyGamerrr: folds 
blistein: folds 
steelNike: folds 
Uncalled bet ($4) returned to Gambler4444
Gambler4444 collected $5.50 from pot
Gambler4444: doesn't show hand 
*** SUMMARY ***
Total pot $5.50 | Rake $0 
Seat 1: blistein (big blind) folded before Flop
Seat 2: steelNike folded before Flop
Seat 3: SeEevg folded before Flop (didn't bet)
Seat 4: Pippa83 folded before Flop (didn't bet)
Seat 5: Gambler4444 (button) collected ($5.50)
Seat 6: EasyGamerrr (small blind) folded before Flop



PokerStars Hand #254412270777:  Hold'em No Limit ($0.50/$1.00 USD) - 2025/01/17 10:44:11 WET [2025/01/17 5:44:11 ET]
Table 'Nymphe III' 6-max Seat #6 is the button
Seat 1: blistein ($100 in chips) 
Seat 2: steelNike ($38 in chips) 
Seat 3: SeEevg ($101.50 in chips) 
Seat 4: Pippa83 ($100 in chips) 
Seat 5: Gambler4444 ($103 in chips) 
Seat 6: EasyGamerrr ($100 in chips) 
blistein: posts small blind $0.50
steelNike: posts big blind $1
*** HOLE CARDS ***
SeEevg: folds 
Pippa83: raises $1.20 to $2.20
Gambler4444: raises $5.30 to $7.50
EasyGamerrr: folds 
blistein: folds 
steelNike: folds 
Pippa83: folds 
Uncalled bet ($5.30) returned to Gambler4444
Gambler4444 collected $5.90 from pot
Gambler4444: doesn't show hand 
*** SUMMARY ***
Total pot $5.90 | Rake $0 
Seat 1: blistein (small blind) folded before Flop
Seat 2: steelNike (big blind) folded before Flop
Seat 3: SeEevg folded before Flop (didn't bet)
Seat 4: Pippa83 folded before Flop
Seat 5: Gambler4444 collected ($5.90)
Seat 6: EasyGamerrr (button) folded before Flop (didn't bet)



PokerStars Hand #254412272948:  Hold'em No Limit ($0.50/$1.00 USD) - 2025/01/17 10:44:30 WET [2025/01/17 5:44:30 ET]
Table 'Nymphe III' 6-max Seat #1 is the button
Seat 1: blistein ($100 in chips) 
Seat 2: steelNike ($37 in chips) 
Seat 3: SeEevg ($101.50 in chips) 
Seat 4: Pippa83 ($100 in chips) 
Seat 5: Gambler4444 ($106.70 in chips) 
Seat 6: EasyGamerrr ($100 in chips) 
steelNike: posts small blind $0.50
SeEevg: posts big blind $1
*** HOLE CARDS ***
Pippa83: folds 
Gambler4444: folds 
EasyGamerrr: folds 
blistein: raises $1.50 to $2.50
steelNike: folds 
SeEevg: folds 
Uncalled bet ($1.50) returned to blistein
blistein collected $2.50 from pot
blistein: doesn't show hand 
*** SUMMARY ***
Total pot $2.50 | Rake $0 
Seat 1: blistein (button) collected ($2.50)
Seat 2: steelNike (small blind) folded before Flop
Seat 3: SeEevg (big blind) folded before Flop
Seat 4: Pippa83 folded before Flop (didn't bet)
Seat 5: Gambler4444 folded before Flop (didn't bet)
Seat 6: EasyGamerrr folded before Flop (didn't bet)



PokerStars Hand #254412274493:  Hold'em No Limit ($0.50/$1.00 USD) - 2025/01/17 10:44:43 WET [2025/01/17 5:44:43 ET]
Table 'Nymphe III' 6-max Seat #2 is the button
Seat 1: blistein ($101.50 in chips) 
Seat 2: steelNike ($36.50 in chips) 
Seat 3: SeEevg ($100.50 in chips) 
Seat 4: Pippa83 ($100 in chips) 
Seat 5: Gambler4444 ($106.70 in chips) 
Seat 6: EasyGamerrr ($100 in chips) 
SeEevg: posts small blind $0.50
Pippa83: posts big blind $1
*** HOLE CARDS ***
Gambler4444: raises $1.20 to $2.20
EasyGamerrr: folds 
blistein: folds 
steelNike: folds 
SeEevg: folds 
Pippa83: calls $1.20
*** FLOP *** [6c 7d 4s]
Pippa83: checks 
Gambler4444: bets $1.50
Pippa83: calls $1.50
*** TURN *** [6c 7d 4s] [Ks]
Pippa83: checks 
Gambler4444: bets $7.50
Pippa83: folds 
Uncalled bet ($7.50) returned to Gambler4444
Gambler4444 collected $7.50 from pot
Gambler4444: doesn't show hand 
*** SUMMARY ***
Total pot $7.90 | Rake $0.40 
Board [6c 7d 4s Ks]
Seat 1: blistein folded before Flop (didn't bet)
Seat 2: steelNike (button) folded before Flop (didn't bet)
Seat 3: SeEevg (small blind) folded before Flop
Seat 4: Pippa83 (big blind) folded on the Turn
Seat 5: Gambler4444 collected ($7.50)
Seat 6: EasyGamerrr folded before Flop (didn't bet)



PokerStars Hand #254412279085:  Hold'em No Limit ($0.50/$1.00 USD) - 2025/01/17 10:45:22 WET [2025/01/17 5:45:22 ET]
Table 'Nymphe III' 6-max Seat #3 is the button
Seat 1: blistein ($101.50 in chips) 
Seat 2: steelNike ($36.50 in chips) 
Seat 3: SeEevg ($100 in chips) 
Seat 4: Pippa83 ($100 in chips) 
Seat 5: Gambler4444 ($110.50 in chips) 
Seat 6: EasyGamerrr ($100 in chips) 
Pippa83: posts small blind $0.50
Gambler4444: posts big blind $1
*** HOLE CARDS ***
EasyGamerrr: folds 
blistein: raises $1.20 to $2.20
steelNike: folds 
SeEevg: folds 
steelNike leaves the table
Pippa83: folds 
Gambler4444: folds 
Uncalled bet ($1.20) returned to blistein
blistein collected $2.50 from pot
blistein: doesn't show hand 
*** SUMMARY ***
Total pot $2.50 | Rake $0 
Seat 1: blistein collected ($2.50)
Seat 2: steelNike folded before Flop (didn't bet)
Seat 3: SeEevg (button) folded before Flop (didn't bet)
Seat 4: Pippa83 (small blind) folded before Flop
Seat 5: Gambler4444 (big blind) folded before Flop
Seat 6: EasyGamerrr folded before Flop (didn't bet)



PokerStars Hand #254412280948:  Hold'em No Limit ($0.50/$1.00 USD) - 2025/01/17 10:45:38 WET [2025/01/17 5:45:38 ET]
Table 'Nymphe III' 6-max Seat #4 is the button
Seat 1: blistein ($103 in chips) is sitting out
Seat 6: EasyGamerrr ($100 in chips) is sitting out
Seat 3: SeEevg ($100 in chips) 
Seat 4: Pippa83 ($100 in chips) 
Seat 5: Gambler4444 ($109.50 in chips) 
Gambler4444: posts small blind $0.50
EasyGamerrr: is sitting out 
blistein: is sitting out 
SeEevg: posts big blind $1
*** HOLE CARDS ***
Pippa83: folds 
blistein leaves the table
EasyGamerrr leaves the table
Gambler4444: raises $1.50 to $2.50
SeEevg: raises $5 to $7.50
Gambler4444: folds 
Uncalled bet ($5) returned to SeEevg
SeEevg collected $5 from pot
SeEevg: doesn't show hand 
JoeBlack_MS joins the table at seat #6 
*** SUMMARY ***
Total pot $5 | Rake $0 
Seat 1: blistein
Seat 6: EasyGamerrr
Seat 3: SeEevg (big blind) collected ($5)
Seat 4: Pippa83 (button) folded before Flop (didn't bet)
Seat 5: Gambler4444 (small blind) folded before Flop



PokerStars Hand #254412283644:  Hold'em No Limit ($0.50/$1.00 USD) - 2025/01/17 10:46:02 WET [2025/01/17 5:46:02 ET]
Table 'Nymphe III' 6-max Seat #5 is the button
Seat 6: JoeBlack_MS ($100 in chips) is sitting out
Seat 3: SeEevg ($102.50 in chips) 
Seat 4: Pippa83 ($100 in chips) 
Seat 5: Gambler4444 ($107 in chips) 
SeEevg: posts small blind $0.50
Pippa83: posts big blind $1
*** HOLE CARDS ***
Gambler4444: raises $1.50 to $2.50
SeEevg: folds 
Pippa83: calls $1.50
*** FLOP *** [7c Th Qs]
Pippa83: checks 
Gambler4444: bets $4.50
Pippa83: calls $4.50
*** TURN *** [7c Th Qs] [Td]
Pippa83: checks 
Gambler4444: checks 
*** RIVER *** [7c Th Qs Td] [4c]
Pippa83: bets $2.76
Gambler4444: raises $19.74 to $22.50
Pippa83: folds 
Uncalled bet ($19.74) returned to Gambler4444
Gambler4444 collected $19.02 from pot
Gambler4444: doesn't show hand 
*** SUMMARY ***
Total pot $20.02 | Rake $1 
Board [7c Th Qs Td 4c]
Seat 6: JoeBlack_MS
Seat 3: SeEevg (small blind) folded before Flop
Seat 4: Pippa83 (big blind) folded on the River
Seat 5: Gambler4444 (button) collected ($19.02)



PokerStars Hand #254412289525:  Hold'em No Limit ($0.50/$1.00 USD) - 2025/01/17 10:46:53 WET [2025/01/17 5:46:53 ET]
Table 'Nymphe III' 6-max Seat #3 is the button
Seat 6: JoeBlack_MS ($100 in chips) is sitting out
Seat 3: SeEevg ($102 in chips) 
Seat 4: Pippa83 ($100 in chips) 
Seat 5: Gambler4444 ($116.26 in chips) 
Pippa83: posts small blind $0.50
Gambler4444: posts big blind $1
JoeBlack_MS: sits out 
*** HOLE CARDS ***
SeEevg: folds 
Pippa83: raises $2 to $3
Gambler4444: raises $6 to $9
Pippa83: folds 
Uncalled bet ($6) returned to Gambler4444
Gambler4444 collected $6 from pot
Gambler4444: doesn't show hand 
*** SUMMARY ***
Total pot $6 | Rake $0 
Seat 6: JoeBlack_MS
Seat 3: SeEevg (button) folded before Flop (didn't bet)
Seat 4: Pippa83 (small blind) folded before Flop
Seat 5: Gambler4444 (big blind) collected ($6)



PokerStars Hand #254412290937:  Hold'em No Limit ($0.50/$1.00 USD) - 2025/01/17 10:47:05 WET [2025/01/17 5:47:05 ET]
Table 'Nymphe III' 6-max Seat #4 is the button
Seat 3: SeEevg ($102 in chips) 
Seat 4: Pippa83 ($100 in chips) 
Seat 5: Gambler4444 ($119.26 in chips) 
Seat 6: JoeBlack_MS ($100 in chips) 
Gambler4444: posts small blind $0.50
JoeBlack_MS: posts big blind $1
*** HOLE CARDS ***
SeEevg: folds 
Pippa83: folds 
Gambler4444: raises $2 to $3
JoeBlack_MS: calls $2
*** FLOP *** [3s Ac 4c]
Gambler4444: checks 
JoeBlack_MS: checks 
*** TURN *** [3s Ac 4c] [7h]
Gambler4444: bets $8.50
JoeBlack_MS: folds 
Uncalled bet ($8.50) returned to Gambler4444
Gambler4444 collected $5.70 from pot
Gambler4444: doesn't show hand 
*** SUMMARY ***
Total pot $6 | Rake $0.30 
Board [3s Ac 4c 7h]
Seat 3: SeEevg folded before Flop (didn't bet)
Seat 4: Pippa83 (button) folded before Flop (didn't bet)
Seat 5: Gambler4444 (small blind) collected ($5.70)
Seat 6: JoeBlack_MS (big blind) folded on the Turn



PokerStars Hand #254412298742:  Hold'em No Limit ($0.50/$1.00 USD) - 2025/01/17 10:48:13 WET [2025/01/17 5:48:13 ET]
Table 'Nymphe III' 6-max Seat #6 is the button
Seat 3: SeEevg ($102 in chips) is sitting out
Seat 4: Pippa83 ($100 in chips) is sitting out
Seat 5: Gambler4444 ($121.96 in chips) 
Seat 6: JoeBlack_MS ($100 in chips) 
JoeBlack_MS: posts small blind $0.50
SeEevg: is sitting out 
Pippa83: is sitting out 
Gambler4444: posts big blind $1
*** HOLE CARDS ***
JoeBlack_MS: raises $1.50 to $2.50
SeEevg leaves the table
Pippa83 leaves the table
Gambler4444: raises $8 to $10.50
JoeBlack_MS: folds 
Uncalled bet ($8) returned to Gambler4444
Gambler4444 collected $5 from pot
Gambler4444: doesn't show hand 
*** SUMMARY ***
Total pot $5 | Rake $0 
Seat 3: SeEevg
Seat 4: Pippa83
Seat 5: Gambler4444 (big blind) collected ($5)
Seat 6: JoeBlack_MS (button) (small blind) folded before Flop



PokerStars Hand #254412300110:  Hold'em No Limit ($0.50/$1.00 USD) - 2025/01/17 10:48:25 WET [2025/01/17 5:48:25 ET]
Table 'Nymphe III' 6-max Seat #5 is the button
Seat 5: Gambler4444 ($124.46 in chips) 
Seat 6: JoeBlack_MS ($100 in chips) 
Gambler4444: posts small blind $0.50
JoeBlack_MS: posts big blind $1
*** HOLE CARDS ***
Gambler4444: raises $1.50 to $2.50
JoeBlack_MS: folds 
Uncalled bet ($1.50) returned to Gambler4444
Gambler4444 collected $2 from pot
Gambler4444: doesn't show hand 
*** SUMMARY ***
Total pot $2 | Rake $0 
Seat 5: Gambler4444 (button) (small blind) collected ($2)
Seat 6: JoeBlack_MS (big blind) folded before Flop



PokerStars Hand #254412501717:  Hold'em No Limit ($0.50/$1.00 USD) - 2025/01/17 11:17:27 WET [2025/01/17 6:17:27 ET]
Table 'Nymphe III' 6-max Seat #6 is the button
Seat 1: SeEevg ($102 in chips) 
Seat 2: Y_19 ($100 in chips) 
Seat 4: sordjiol ($100 in chips) 
Seat 5: blistein ($103 in chips) 
Seat 6: akbloger ($100 in chips) 
SeEevg: posts small blind $0.50
Y_19: posts big blind $1
*** HOLE CARDS ***
Kreayshawn joins the table at seat #3 
sordjiol: folds 
blistein: folds 
akbloger: folds 
SeEevg: raises $2 to $3
Y_19: folds 
Uncalled bet ($2) returned to SeEevg
SeEevg collected $2 from pot
SeEevg: doesn't show hand 
*** SUMMARY ***
Total pot $2 | Rake $0 
Seat 1: SeEevg (small blind) collected ($2)
Seat 2: Y_19 (big blind) folded before Flop
Seat 4: sordjiol folded before Flop (didn't bet)
Seat 5: blistein folded before Flop (didn't bet)
Seat 6: akbloger (button) folded before Flop (didn't bet)



PokerStars Hand #254412504002:  Hold'em No Limit ($0.50/$1.00 USD) - 2025/01/17 11:17:45 WET [2025/01/17 6:17:45 ET]
Table 'Nymphe III' 6-max Seat #1 is the button
Seat 1: SeEevg ($103 in chips) 
Seat 2: Y_19 ($100 in chips) 
Seat 3: Kreayshawn ($100 in chips) 
Seat 4: sordjiol ($100 in chips) 
Seat 5: blistein ($103 in chips) 
Seat 6: akbloger ($100 in chips) 
Y_19: posts small blind $0.50
Kreayshawn: posts big blind $1
*** HOLE CARDS ***
sordjiol: raises $2 to $3
blistein: folds 
akbloger: folds 
SeEevg: folds 
Y_19: folds 
Kreayshawn: calls $2
*** FLOP *** [3h 7s Qh]
Kreayshawn: checks 
sordjiol: bets $3.09
Kreayshawn: folds 
Uncalled bet ($3.09) returned to sordjiol
sordjiol collected $6.18 from pot
*** SUMMARY ***
Total pot $6.50 | Rake $0.32 
Board [3h 7s Qh]
Seat 1: SeEevg (button) folded before Flop (didn't bet)
Seat 2: Y_19 (small blind) folded before Flop
Seat 3: Kreayshawn (big blind) folded on the Flop
Seat 4: sordjiol collected ($6.18)
Seat 5: blistein folded before Flop (didn't bet)
Seat 6: akbloger folded before Flop (didn't bet)



PokerStars Hand #254412507580:  Hold'em No Limit ($0.50/$1.00 USD) - 2025/01/17 11:18:14 WET [2025/01/17 6:18:14 ET]
Table 'Nymphe III' 6-max Seat #2 is the button
Seat 1: SeEevg ($103 in chips) 
Seat 2: Y_19 ($100 in chips) 
Seat 3: Kreayshawn ($100 in chips) 
Seat 4: sordjiol ($103.18 in chips) 
Seat 5: blistein ($103 in chips) 
Seat 6: akbloger ($100 in chips) 
Kreayshawn: posts small blind $0.50
sordjiol: posts big blind $1
*** HOLE CARDS ***
blistein: raises $1.20 to $2.20
akbloger: folds 
SeEevg: raises $5.20 to $7.40
Y_19: folds 
Kreayshawn: folds 
sordjiol: folds 
blistein: folds 
Uncalled bet ($5.20) returned to SeEevg
SeEevg collected $5.90 from pot
SeEevg: doesn't show hand 
*** SUMMARY ***
Total pot $5.90 | Rake $0 
Seat 1: SeEevg collected ($5.90)
Seat 2: Y_19 (button) folded before Flop (didn't bet)
Seat 3: Kreayshawn (small blind) folded before Flop
Seat 4: sordjiol (big blind) folded before Flop
Seat 5: blistein folded before Flop
Seat 6: akbloger folded before Flop (didn't bet)



PokerStars Hand #254412509779:  Hold'em No Limit ($0.50/$1.00 USD) - 2025/01/17 11:18:31 WET [2025/01/17 6:18:31 ET]
Table 'Nymphe III' 6-max Seat #3 is the button
Seat 1: SeEevg ($106.70 in chips) 
Seat 2: Y_19 ($100 in chips) 
Seat 3: Kreayshawn ($100 in chips) 
Seat 4: sordjiol ($102.18 in chips) 
Seat 5: blistein ($100.80 in chips) 
Seat 6: akbloger ($100 in chips) 
sordjiol: posts small blind $0.50
blistein: posts big blind $1
*** HOLE CARDS ***
akbloger: folds 
SeEevg: folds 
Y_19: folds 
Kreayshawn: raises $1.50 to $2.50
sordjiol: folds 
blistein: folds 
Uncalled bet ($1.50) returned to Kreayshawn
Kreayshawn collected $2.50 from pot
*** SUMMARY ***
Total pot $2.50 | Rake $0 
Seat 1: SeEevg folded before Flop (didn't bet)
Seat 2: Y_19 folded before Flop (didn't bet)
Seat 3: Kreayshawn (button) collected ($2.50)
Seat 4: sordjiol (small blind) folded before Flop
Seat 5: blistein (big blind) folded before Flop
Seat 6: akbloger folded before Flop (didn't bet)



PokerStars Hand #254412682094:  Hold'em No Limit ($0.50/$1.00 USD) - 2025/01/17 11:40:37 WET [2025/01/17 6:40:37 ET]
Table 'Nymphe III' 6-max Seat #1 is the button
Seat 4: sordjiol ($11.92 in chips) is sitting out
Seat 1: B1GBankroll ($100 in chips) 
Seat 2: Y_19 ($199.18 in chips) 
Seat 3: OrioNCOOL ($127.13 in chips) 
Seat 5: sabarnaal ($63.31 in chips) 
Seat 6: Sarneo ($99.08 in chips) 
Y_19: posts small blind $0.50
OrioNCOOL: posts big blind $1
*** HOLE CARDS ***
sabarnaal: folds 
Sarneo: folds 
B1GBankroll: folds 
Y_19: raises $2 to $3
OrioNCOOL: calls $2
*** FLOP *** [7h 5s Ks]
Y_19: checks 
OrioNCOOL: bets $1.85
Y_19: calls $1.85
*** TURN *** [7h 5s Ks] [4h]
Y_19: checks 
OrioNCOOL: checks 
*** RIVER *** [7h 5s Ks 4h] [2s]
Y_19: checks 
OrioNCOOL: checks 
*** SHOW DOWN ***
Y_19: shows [Jh Ad] (high card Ace)
OrioNCOOL: shows [5d As] (a pair of Fives)
OrioNCOOL collected $9.22 from pot
*** SUMMARY ***
Total pot $9.70 | Rake $0.48 
Board [7h 5s Ks 4h 2s]
Seat 4: sordjiol
Seat 1: B1GBankroll (button) folded before Flop (didn't bet)
Seat 2: Y_19 (small blind) showed [Jh Ad] and lost with high card Ace
Seat 3: OrioNCOOL (big blind) showed [5d As] and won ($9.22) with a pair of Fives
Seat 5: sabarnaal folded before Flop (didn't bet)
Seat 6: Sarneo folded before Flop (didn't bet)



PokerStars Hand #254412688690:  Hold'em No Limit ($0.50/$1.00 USD) - 2025/01/17 11:41:26 WET [2025/01/17 6:41:26 ET]
Table 'Nymphe III' 6-max Seat #2 is the button
Seat 4: sordjiol ($11.92 in chips) is sitting out
Seat 1: B1GBankroll ($100 in chips) 
Seat 2: Y_19 ($194.33 in chips) 
Seat 3: OrioNCOOL ($131.50 in chips) 
Seat 5: sabarnaal ($63.31 in chips) 
Seat 6: Sarneo ($99.08 in chips) 
OrioNCOOL: posts small blind $0.50
sabarnaal: posts big blind $1
*** HOLE CARDS ***
Sarneo: folds 
B1GBankroll: folds 
Y_19: raises $1.23 to $2.23
OrioNCOOL: folds 
sabarnaal: calls $1.23
*** FLOP *** [4c Jc 2s]
sabarnaal: checks 
sordjiol leaves the table
Y_19: bets $1.55
Burlica2013 joins the table at seat #4 
sabarnaal: calls $1.55
*** TURN *** [4c Jc 2s] [Jd]
sabarnaal: checks 
Y_19: checks 
*** RIVER *** [4c Jc 2s Jd] [3d]
sabarnaal: bets $3.83
Y_19: calls $3.83
*** SHOW DOWN ***
sabarnaal: shows [Kd 6s] (a pair of Jacks)
Y_19: shows [7d Ac] (a pair of Jacks - Ace kicker)
Y_19 collected $14.93 from pot
Sarneo leaves the table
*** SUMMARY ***
Total pot $15.72 | Rake $0.79 
Board [4c Jc 2s Jd 3d]
Seat 4: sordjiol
Seat 1: B1GBankroll folded before Flop (didn't bet)
Seat 2: Y_19 (button) showed [7d Ac] and won ($14.93) with a pair of Jacks
Seat 3: OrioNCOOL (small blind) folded before Flop
Seat 5: sabarnaal (big blind) showed [Kd 6s] and lost with a pair of Jacks
Seat 6: Sarneo folded before Flop (didn't bet)



PokerStars Hand #254412694918:  Hold'em No Limit ($0.50/$1.00 USD) - 2025/01/17 11:42:13 WET [2025/01/17 6:42:13 ET]
Table 'Nymphe III' 6-max Seat #3 is the button
Seat 4: Burlica2013 ($100 in chips) is sitting out
Seat 1: B1GBankroll ($100 in chips) 
Seat 2: Y_19 ($201.65 in chips) 
Seat 3: OrioNCOOL ($131 in chips) 
Seat 5: sabarnaal ($55.70 in chips) 
sabarnaal: posts small blind $0.50
B1GBankroll: posts big blind $1
*** HOLE CARDS ***
Y_19: folds 
OrioNCOOL: folds 
sabarnaal: folds 
Uncalled bet ($0.50) returned to B1GBankroll
B1GBankroll collected $1 from pot
B1GBankroll: doesn't show hand 
*** SUMMARY ***
Total pot $1 | Rake $0 
Seat 4: Burlica2013
Seat 1: B1GBankroll (big blind) collected ($1)
Seat 2: Y_19 folded before Flop (didn't bet)
Seat 3: OrioNCOOL (button) folded before Flop (didn't bet)
Seat 5: sabarnaal (small blind) folded before Flop



PokerStars Hand #254412695889:  Hold'em No Limit ($0.50/$1.00 USD) - 2025/01/17 11:42:20 WET [2025/01/17 6:42:20 ET]
Table 'Nymphe III' 6-max Seat #5 is the button
Seat 4: Burlica2013 ($100 in chips) is sitting out
Seat 1: B1GBankroll ($100.50 in chips) 
Seat 2: Y_19 ($201.65 in chips) 
Seat 3: OrioNCOOL ($131 in chips) 
Seat 5: sabarnaal ($55.20 in chips) 
B1GBankroll: posts small blind $0.50
Y_19: posts big blind $1
Burlica2013: sits out 
*** HOLE CARDS ***
gig.gyty joins the table at seat #6 
OrioNCOOL: raises $1.50 to $2.50
sabarnaal: calls $2.50
B1GBankroll: folds 
Y_19: folds 
*** FLOP *** [6d Js 5c]
OrioNCOOL: bets $2.09
sabarnaal: calls $2.09
*** TURN *** [6d Js 5c] [8c]
OrioNCOOL: checks 
sabarnaal: checks 
*** RIVER *** [6d Js 5c 8c] [6s]
OrioNCOOL: checks 
sabarnaal: checks 
*** SHOW DOWN ***
OrioNCOOL: shows [Ks Ac] (a pair of Sixes)
sabarnaal: mucks hand 
OrioNCOOL collected $10.15 from pot
*** SUMMARY ***
Total pot $10.68 | Rake $0.53 
Board [6d Js 5c 8c 6s]
Seat 4: Burlica2013
Seat 1: B1GBankroll (small blind) folded before Flop
Seat 2: Y_19 (big blind) folded before Flop
Seat 3: OrioNCOOL showed [Ks Ac] and won ($10.15) with a pair of Sixes
Seat 5: sabarnaal (button) mucked



PokerStars Hand #254412700537:  Hold'em No Limit ($0.50/$1.00 USD) - 2025/01/17 11:42:55 WET [2025/01/17 6:42:55 ET]
Table 'Nymphe III' 6-max Seat #1 is the button
Seat 4: Burlica2013 ($100 in chips) is sitting out
Seat 6: gig.gyty ($100 in chips) is sitting out
Seat 1: B1GBankroll ($100 in chips) 
Seat 2: Y_19 ($200.65 in chips) 
Seat 3: OrioNCOOL ($136.56 in chips) 
Seat 5: sabarnaal ($50.61 in chips) 
Y_19: posts small blind $0.50
OrioNCOOL: posts big blind $1
Burlica2013: sits out 
gig.gyty: sits out 
*** HOLE CARDS ***
sabarnaal: raises $2.50 to $3.50
B1GBankroll: folds 
Y_19: calls $3
OrioNCOOL: raises $10.50 to $14
sabarnaal: calls $10.50
Y_19: folds 
*** FLOP *** [Ad 2d Qc]
OrioNCOOL: checks 
sabarnaal: bets $15.25
OrioNCOOL: raises $24.75 to $40
sabarnaal: calls $21.36 and is all-in
Uncalled bet ($3.39) returned to OrioNCOOL
*** TURN *** [Ad 2d Qc] [7h]
*** RIVER *** [Ad 2d Qc 7h] [Jd]
*** SHOW DOWN ***
OrioNCOOL: shows [Ks Kd] (a pair of Kings)
sabarnaal: shows [Qd Ac] (two pair, Aces and Queens)
sabarnaal collected $103.72 from pot
*** SUMMARY ***
Total pot $104.72 | Rake $1 
Board [Ad 2d Qc 7h Jd]
Seat 4: Burlica2013
Seat 6: gig.gyty
Seat 1: B1GBankroll (button) folded before Flop (didn't bet)
Seat 2: Y_19 (small blind) folded before Flop
Seat 3: OrioNCOOL (big blind) showed [Ks Kd] and lost with a pair of Kings
Seat 5: sabarnaal showed [Qd Ac] and won ($103.72) with two pair, Aces and Queens



PokerStars Hand #254412709224:  Hold'em No Limit ($0.50/$1.00 USD) - 2025/01/17 11:43:59 WET [2025/01/17 6:43:59 ET]
Table 'Nymphe III' 6-max Seat #2 is the button
Seat 6: gig.gyty ($100 in chips) is sitting out
Seat 1: B1GBankroll ($100 in chips) 
Seat 2: Y_19 ($197.15 in chips) 
Seat 3: OrioNCOOL ($100 in chips) 
Seat 4: Burlica2013 ($100 in chips) 
Seat 5: sabarnaal ($103.72 in chips) 
OrioNCOOL: posts small blind $0.50
Burlica2013: posts big blind $1
gig.gyty: sits out 
*** HOLE CARDS ***
sabarnaal: folds 
B1GBankroll: folds 
Y_19: folds 
OrioNCOOL: folds 
Uncalled bet ($0.50) returned to Burlica2013
Burlica2013 collected $1 from pot
Burlica2013: doesn't show hand 
*** SUMMARY ***
Total pot $1 | Rake $0 
Seat 6: gig.gyty
Seat 1: B1GBankroll folded before Flop (didn't bet)
Seat 2: Y_19 (button) folded before Flop (didn't bet)
Seat 3: OrioNCOOL (small blind) folded before Flop
Seat 4: Burlica2013 (big blind) collected ($1)
Seat 5: sabarnaal folded before Flop (didn't bet)



PokerStars Hand #254412710809:  Hold'em No Limit ($0.50/$1.00 USD) - 2025/01/17 11:44:11 WET [2025/01/17 6:44:11 ET]
Table 'Nymphe III' 6-max Seat #3 is the button
Seat 6: gig.gyty ($100 in chips) is sitting out
Seat 1: B1GBankroll ($100 in chips) 
Seat 2: Y_19 ($197.15 in chips) 
Seat 3: OrioNCOOL ($100 in chips) 
Seat 4: Burlica2013 ($100.50 in chips) 
Seat 5: sabarnaal ($103.72 in chips) 
Burlica2013: posts small blind $0.50
sabarnaal: posts big blind $1
gig.gyty: sits out 
*** HOLE CARDS ***
B1GBankroll: raises $1.50 to $2.50
Y_19: folds 
OrioNCOOL: folds 
Burlica2013: folds 
sabarnaal: calls $1.50
*** FLOP *** [Ad 9d Qs]
sabarnaal: checks 
B1GBankroll: bets $4.65
sabarnaal: calls $4.65
*** TURN *** [Ad 9d Qs] [Jc]
sabarnaal: checks 
B1GBankroll: checks 
*** RIVER *** [Ad 9d Qs Jc] [Ts]
sabarnaal: bets $7.03
B1GBankroll: calls $7.03
*** SHOW DOWN ***
sabarnaal: shows [Jh 8c] (a straight, Eight to Queen)
B1GBankroll: mucks hand 
sabarnaal collected $27.42 from pot
*** SUMMARY ***
Total pot $28.86 | Rake $1.44 
Board [Ad 9d Qs Jc Ts]
Seat 6: gig.gyty
Seat 1: B1GBankroll mucked
Seat 2: Y_19 folded before Flop (didn't bet)
Seat 3: OrioNCOOL (button) folded before Flop (didn't bet)
Seat 4: Burlica2013 (small blind) folded before Flop
Seat 5: sabarnaal (big blind) showed [Jh 8c] and won ($27.42) with a straight, Eight to Queen



PokerStars Hand #254412722328:  Hold'em No Limit ($0.50/$1.00 USD) - 2025/01/17 11:45:37 WET [2025/01/17 6:45:37 ET]
Table 'Nymphe III' 6-max Seat #4 is the button
Seat 1: B1GBankroll ($100 in chips) 
Seat 2: Y_19 ($197.15 in chips) 
Seat 3: OrioNCOOL ($100 in chips) 
Seat 4: Burlica2013 ($100 in chips) 
Seat 5: sabarnaal ($116.96 in chips) 
Seat 6: gig.gyty ($100 in chips) 
sabarnaal: posts small blind $0.50
gig.gyty: posts big blind $1
*** HOLE CARDS ***
B1GBankroll: folds 
Y_19: folds 
OrioNCOOL: raises $1.50 to $2.50
Burlica2013: folds 
sabarnaal: raises $6 to $8.50
gig.gyty: folds 
OrioNCOOL: calls $6
*** FLOP *** [Ad 2d Ks]
sabarnaal: bets $8.55
OrioNCOOL: folds 
Uncalled bet ($8.55) returned to sabarnaal
sabarnaal collected $17.10 from pot
*** SUMMARY ***
Total pot $18 | Rake $0.90 
Board [Ad 2d Ks]
Seat 1: B1GBankroll folded before Flop (didn't bet)
Seat 2: Y_19 folded before Flop (didn't bet)
Seat 3: OrioNCOOL folded on the Flop
Seat 4: Burlica2013 (button) folded before Flop (didn't bet)
Seat 5: sabarnaal (small blind) collected ($17.10)
Seat 6: gig.gyty (big blind) folded before Flop



PokerStars Hand #254412725648:  Hold'em No Limit ($0.50/$1.00 USD) - 2025/01/17 11:46:02 WET [2025/01/17 6:46:02 ET]
Table 'Nymphe III' 6-max Seat #5 is the button
Seat 1: B1GBankroll ($100 in chips) 
Seat 2: Y_19 ($197.15 in chips) 
Seat 3: OrioNCOOL ($100 in chips) 
Seat 4: Burlica2013 ($100 in chips) 
Seat 5: sabarnaal ($125.56 in chips) 
Seat 6: gig.gyty ($100 in chips) 
gig.gyty: posts small blind $0.50
B1GBankroll: posts big blind $1
*** HOLE CARDS ***
Y_19: folds 
OrioNCOOL: folds 
Burlica2013: folds 
sabarnaal: calls $1
gig.gyty: calls $0.50
B1GBankroll: raises $3.50 to $4.50
sabarnaal: calls $3.50
gig.gyty: folds 
*** FLOP *** [6h Qc 9c]
B1GBankroll: checks 
sabarnaal: checks 
*** TURN *** [6h Qc 9c] [Ad]
B1GBankroll: bets $7.03
sabarnaal: folds 
Uncalled bet ($7.03) returned to B1GBankroll
B1GBankroll collected $9.50 from pot
B1GBankroll: doesn't show hand 
*** SUMMARY ***
Total pot $10 | Rake $0.50 
Board [6h Qc 9c Ad]
Seat 1: B1GBankroll (big blind) collected ($9.50)
Seat 2: Y_19 folded before Flop (didn't bet)
Seat 3: OrioNCOOL folded before Flop (didn't bet)
Seat 4: Burlica2013 folded before Flop (didn't bet)
Seat 5: sabarnaal (button) folded on the Turn
Seat 6: gig.gyty (small blind) folded before Flop



PokerStars Hand #254412733117:  Hold'em No Limit ($0.50/$1.00 USD) - 2025/01/17 11:46:59 WET [2025/01/17 6:46:59 ET]
Table 'Nymphe III' 6-max Seat #6 is the button
Seat 1: B1GBankroll ($105 in chips) 
Seat 2: Y_19 ($197.15 in chips) 
Seat 3: OrioNCOOL ($100 in chips) 
Seat 4: Burlica2013 ($100 in chips) 
Seat 5: sabarnaal ($121.06 in chips) 
Seat 6: gig.gyty ($100 in chips) 
B1GBankroll: posts small blind $0.50
Y_19: posts big blind $1
*** HOLE CARDS ***
OrioNCOOL: folds 
Burlica2013: folds 
sabarnaal: folds 
gig.gyty: folds 
B1GBankroll: raises $2 to $3
sabarnaal leaves the table
Y_19: raises $6 to $9
B1GBankroll: folds 
Uncalled bet ($6) returned to Y_19
Y_19 collected $6 from pot
Y_19: doesn't show hand 
*** SUMMARY ***
Total pot $6 | Rake $0 
Seat 1: B1GBankroll (small blind) folded before Flop
Seat 2: Y_19 (big blind) collected ($6)
Seat 3: OrioNCOOL folded before Flop (didn't bet)
Seat 4: Burlica2013 folded before Flop (didn't bet)
Seat 5: sabarnaal folded before Flop (didn't bet)
Seat 6: gig.gyty (button) folded before Flop (didn't bet)



PokerStars Hand #254412736477:  Hold'em No Limit ($0.50/$1.00 USD) - 2025/01/17 11:47:25 WET [2025/01/17 6:47:25 ET]
Table 'Nymphe III' 6-max Seat #1 is the button
Seat 4: Burlica2013 ($100 in chips) is sitting out
Seat 1: B1GBankroll ($102 in chips) 
Seat 2: Y_19 ($200.15 in chips) 
Seat 3: OrioNCOOL ($100 in chips) 
Seat 6: gig.gyty ($100 in chips) 
Y_19: posts small blind $0.50
OrioNCOOL: posts big blind $1
*** HOLE CARDS ***
gig.gyty: folds 
B1GBankroll: raises $1.50 to $2.50
Y_19: folds 
OrioNCOOL: folds 
Uncalled bet ($1.50) returned to B1GBankroll
B1GBankroll collected $2.50 from pot
B1GBankroll: doesn't show hand 
*** SUMMARY ***
Total pot $2.50 | Rake $0 
Seat 4: Burlica2013
Seat 1: B1GBankroll (button) collected ($2.50)
Seat 2: Y_19 (small blind) folded before Flop
Seat 3: OrioNCOOL (big blind) folded before Flop
Seat 6: gig.gyty folded before Flop (didn't bet)



PokerStars Hand #254412738613:  Hold'em No Limit ($0.50/$1.00 USD) - 2025/01/17 11:47:41 WET [2025/01/17 6:47:41 ET]
Table 'Nymphe III' 6-max Seat #2 is the button
Seat 4: Burlica2013 ($100 in chips) is sitting out
Seat 1: B1GBankroll ($103.50 in chips) 
Seat 2: Y_19 ($199.65 in chips) 
Seat 3: OrioNCOOL ($100 in chips) 
Seat 6: gig.gyty ($100 in chips) 
OrioNCOOL: posts small blind $0.50
gig.gyty: posts big blind $1
*** HOLE CARDS ***
B1GBankroll: folds 
Y_19: folds 
OrioNCOOL: folds 
Uncalled bet ($0.50) returned to gig.gyty
gig.gyty collected $1 from pot
gig.gyty: doesn't show hand 
*** SUMMARY ***
Total pot $1 | Rake $0 
Seat 4: Burlica2013
Seat 1: B1GBankroll folded before Flop (didn't bet)
Seat 2: Y_19 (button) folded before Flop (didn't bet)
Seat 3: OrioNCOOL (small blind) folded before Flop
Seat 6: gig.gyty (big blind) collected ($1)



PokerStars Hand #254412740849:  Hold'em No Limit ($0.50/$1.00 USD) - 2025/01/17 11:47:58 WET [2025/01/17 6:47:58 ET]
Table 'Nymphe III' 6-max Seat #3 is the button
Seat 4: Burlica2013 ($100 in chips) is sitting out
Seat 1: B1GBankroll ($103.50 in chips) 
Seat 2: Y_19 ($199.65 in chips) 
Seat 3: OrioNCOOL ($100 in chips) 
Seat 6: gig.gyty ($100.50 in chips) 
gig.gyty: posts small blind $0.50
B1GBankroll: posts big blind $1
*** HOLE CARDS ***
Y_19: folds 
OrioNCOOL: folds 
gig.gyty: folds 
Uncalled bet ($0.50) returned to B1GBankroll
B1GBankroll collected $1 from pot
B1GBankroll: doesn't show hand 
*** SUMMARY ***
Total pot $1 | Rake $0 
Seat 4: Burlica2013
Seat 1: B1GBankroll (big blind) collected ($1)
Seat 2: Y_19 folded before Flop (didn't bet)
Seat 3: OrioNCOOL (button) folded before Flop (didn't bet)
Seat 6: gig.gyty (small blind) folded before Flop



PokerStars Hand #254412741949:  Hold'em No Limit ($0.50/$1.00 USD) - 2025/01/17 11:48:06 WET [2025/01/17 6:48:06 ET]
Table 'Nymphe III' 6-max Seat #6 is the button
Seat 4: Burlica2013 ($100 in chips) is sitting out
Seat 1: B1GBankroll ($104 in chips) 
Seat 2: Y_19 ($199.65 in chips) 
Seat 3: OrioNCOOL ($100 in chips) 
Seat 6: gig.gyty ($100 in chips) 
B1GBankroll: posts small blind $0.50
Y_19: posts big blind $1
*** HOLE CARDS ***
OrioNCOOL: folds 
gig.gyty: raises $1.50 to $2.50
B1GBankroll: folds 
Y_19: folds 
Uncalled bet ($1.50) returned to gig.gyty
gig.gyty collected $2.50 from pot
gig.gyty: doesn't show hand 
*** SUMMARY ***
Total pot $2.50 | Rake $0 
Seat 4: Burlica2013
Seat 1: B1GBankroll (small blind) folded before Flop
Seat 2: Y_19 (big blind) folded before Flop
Seat 3: OrioNCOOL folded before Flop (didn't bet)
Seat 6: gig.gyty (button) collected ($2.50)



PokerStars Hand #254412743570:  Hold'em No Limit ($0.50/$1.00 USD) - 2025/01/17 11:48:17 WET [2025/01/17 6:48:17 ET]
Table 'Nymphe III' 6-max Seat #1 is the button
Seat 4: Burlica2013 ($100 in chips) is sitting out
Seat 1: B1GBankroll ($103.50 in chips) 
Seat 2: Y_19 ($198.65 in chips) 
Seat 3: OrioNCOOL ($100 in chips) 
Seat 6: gig.gyty ($101.50 in chips) 
Y_19: posts small blind $0.50
OrioNCOOL: posts big blind $1
*** HOLE CARDS ***
gig.gyty: folds 
B1GBankroll: folds 
Y_19: raises $2 to $3
OrioNCOOL: folds 
Uncalled bet ($2) returned to Y_19
Y_19 collected $2 from pot
Y_19: doesn't show hand 
*** SUMMARY ***
Total pot $2 | Rake $0 
Seat 4: Burlica2013
Seat 1: B1GBankroll (button) folded before Flop (didn't bet)
Seat 2: Y_19 (small blind) collected ($2)
Seat 3: OrioNCOOL (big blind) folded before Flop
Seat 6: gig.gyty folded before Flop (didn't bet)



PokerStars Hand #254412746611:  Hold'em No Limit ($0.50/$1.00 USD) - 2025/01/17 11:48:41 WET [2025/01/17 6:48:41 ET]
Table 'Nymphe III' 6-max Seat #2 is the button
Seat 4: Burlica2013 ($100 in chips) is sitting out
Seat 6: gig.gyty ($101.50 in chips) is sitting out
Seat 1: B1GBankroll ($103.50 in chips) 
Seat 2: Y_19 ($199.65 in chips) 
Seat 3: OrioNCOOL ($100 in chips) 
OrioNCOOL: posts small blind $0.50
gig.gyty: is sitting out 
B1GBankroll: posts big blind $1
*** HOLE CARDS ***
Y_19: folds 
OrioNCOOL: folds 
Uncalled bet ($0.50) returned to B1GBankroll
B1GBankroll collected $1 from pot
B1GBankroll: doesn't show hand 
*** SUMMARY ***
Total pot $1 | Rake $0 
Seat 4: Burlica2013
Seat 6: gig.gyty
Seat 1: B1GBankroll (big blind) collected ($1)
Seat 2: Y_19 (button) folded before Flop (didn't bet)
Seat 3: OrioNCOOL (small blind) folded before Flop



PokerStars Hand #254412747647:  Hold'em No Limit ($0.50/$1.00 USD) - 2025/01/17 11:48:48 WET [2025/01/17 6:48:48 ET]
Table 'Nymphe III' 6-max Seat #3 is the button
Seat 4: Burlica2013 ($100 in chips) is sitting out
Seat 6: gig.gyty ($101.50 in chips) is sitting out
Seat 1: B1GBankroll ($104 in chips) 
Seat 2: Y_19 ($199.65 in chips) 
Seat 3: OrioNCOOL ($100 in chips) 
B1GBankroll: posts small blind $0.50
Y_19: posts big blind $1
*** HOLE CARDS ***
OrioNCOOL: folds 
B1GBankroll: folds 
Uncalled bet ($0.50) returned to Y_19
OrioNCOOL leaves the table
Y_19 collected $1 from pot
Y_19: doesn't show hand 
*** SUMMARY ***
Total pot $1 | Rake $0 
Seat 4: Burlica2013
Seat 6: gig.gyty
Seat 1: B1GBankroll (small blind) folded before Flop
Seat 2: Y_19 (big blind) collected ($1)
Seat 3: OrioNCOOL (button) folded before Flop (didn't bet)



PokerStars Hand #254412512336:  Hold'em No Limit ($0.50/$1.00 USD) - 2025/01/17 11:18:52 WET [2025/01/17 6:18:52 ET]
Table 'Nymphe III' 6-max Seat #4 is the button
Seat 1: SeEevg ($106.70 in chips) 
Seat 2: Y_19 ($100 in chips) 
Seat 3: Kreayshawn ($101.50 in chips) 
Seat 4: sordjiol ($101.68 in chips) 
Seat 5: blistein ($100 in chips) 
Seat 6: akbloger ($100 in chips) 
blistein: posts small blind $0.50
akbloger: posts big blind $1
*** HOLE CARDS ***
SeEevg: folds 
Y_19: folds 
Kreayshawn: folds 
sordjiol: raises $2 to $3
blistein: raises $9 to $12
akbloger: folds 
sordjiol: calls $9
*** FLOP *** [Ad Kd 2s]
blistein: bets $5.94
sordjiol: calls $5.94
*** TURN *** [Ad Kd 2s] [6h]
blistein: checks 
sordjiol: checks 
*** RIVER *** [Ad Kd 2s 6h] [Kh]
blistein: bets $17.52
sordjiol: folds 
Uncalled bet ($17.52) returned to blistein
blistein collected $35.04 from pot
blistein: doesn't show hand 
*** SUMMARY ***
Total pot $36.88 | Rake $1.84 
Board [Ad Kd 2s 6h Kh]
Seat 1: SeEevg folded before Flop (didn't bet)
Seat 2: Y_19 folded before Flop (didn't bet)
Seat 3: Kreayshawn folded before Flop (didn't bet)
Seat 4: sordjiol (button) folded on the River
Seat 5: blistein (small blind) collected ($35.04)
Seat 6: akbloger (big blind) folded before Flop



PokerStars Hand #254412523139:  Hold'em No Limit ($0.50/$1.00 USD) - 2025/01/17 11:20:18 WET [2025/01/17 6:20:18 ET]
Table 'Nymphe III' 6-max Seat #5 is the button
Seat 1: SeEevg ($106.70 in chips) 
Seat 2: Y_19 ($100 in chips) 
Seat 3: Kreayshawn ($101.50 in chips) 
Seat 4: sordjiol ($83.74 in chips) 
Seat 5: blistein ($117.10 in chips) 
Seat 6: akbloger ($100 in chips) 
akbloger: posts small blind $0.50
SeEevg: posts big blind $1
*** HOLE CARDS ***
Y_19: folds 
Kreayshawn: folds 
sordjiol: raises $2 to $3
blistein: raises $5 to $8
akbloger: folds 
SeEevg: folds 
sordjiol: calls $5
*** FLOP *** [5s 7d 8d]
sordjiol: checks 
blistein: checks 
*** TURN *** [5s 7d 8d] [Qc]
sordjiol: bets $6.31
blistein: calls $6.31
*** RIVER *** [5s 7d 8d Qc] [Kc]
sordjiol: bets $12.31
blistein: raises $90.48 to $102.79 and is all-in
sordjiol: folds 
Uncalled bet ($90.48) returned to blistein
blistein collected $52.24 from pot
blistein: doesn't show hand 
*** SUMMARY ***
Total pot $54.74 | Rake $2.50 
Board [5s 7d 8d Qc Kc]
Seat 1: SeEevg (big blind) folded before Flop
Seat 2: Y_19 folded before Flop (didn't bet)
Seat 3: Kreayshawn folded before Flop (didn't bet)
Seat 4: sordjiol folded on the River
Seat 5: blistein (button) collected ($52.24)
Seat 6: akbloger (small blind) folded before Flop



PokerStars Hand #254412533793:  Hold'em No Limit ($0.50/$1.00 USD) - 2025/01/17 11:21:41 WET [2025/01/17 6:21:41 ET]
Table 'Nymphe III' 6-max Seat #6 is the button
Seat 1: SeEevg ($105.70 in chips) 
Seat 2: Y_19 ($100 in chips) 
Seat 3: Kreayshawn ($101.50 in chips) 
Seat 4: sordjiol ($57.12 in chips) 
Seat 5: blistein ($142.72 in chips) 
Seat 6: akbloger ($100 in chips) 
SeEevg: posts small blind $0.50
Y_19: posts big blind $1
*** HOLE CARDS ***
Kreayshawn: folds 
sordjiol: folds 
blistein: folds 
akbloger: raises $1.50 to $2.50
SeEevg: folds 
Y_19: folds 
Uncalled bet ($1.50) returned to akbloger
akbloger collected $2.50 from pot
akbloger: doesn't show hand 
*** SUMMARY ***
Total pot $2.50 | Rake $0 
Seat 1: SeEevg (small blind) folded before Flop
Seat 2: Y_19 (big blind) folded before Flop
Seat 3: Kreayshawn folded before Flop (didn't bet)
Seat 4: sordjiol folded before Flop (didn't bet)
Seat 5: blistein folded before Flop (didn't bet)
Seat 6: akbloger (button) collected ($2.50)



PokerStars Hand #254412536191:  Hold'em No Limit ($0.50/$1.00 USD) - 2025/01/17 11:22:00 WET [2025/01/17 6:22:00 ET]
Table 'Nymphe III' 6-max Seat #1 is the button
Seat 1: SeEevg ($105.20 in chips) 
Seat 2: Y_19 ($100 in chips) 
Seat 3: Kreayshawn ($101.50 in chips) 
Seat 4: sordjiol ($100 in chips) 
Seat 5: blistein ($142.72 in chips) 
Seat 6: akbloger ($101.50 in chips) 
Y_19: posts small blind $0.50
Kreayshawn: posts big blind $1
*** HOLE CARDS ***
sordjiol: raises $2 to $3
blistein: folds 
akbloger: folds 
SeEevg: folds 
Y_19: folds 
Kreayshawn: calls $2
*** FLOP *** [8h Ks 8c]
Kreayshawn: checks 
sordjiol: bets $3.09
Kreayshawn: folds 
Uncalled bet ($3.09) returned to sordjiol
sordjiol collected $6.18 from pot
*** SUMMARY ***
Total pot $6.50 | Rake $0.32 
Board [8h Ks 8c]
Seat 1: SeEevg (button) folded before Flop (didn't bet)
Seat 2: Y_19 (small blind) folded before Flop
Seat 3: Kreayshawn (big blind) folded on the Flop
Seat 4: sordjiol collected ($6.18)
Seat 5: blistein folded before Flop (didn't bet)
Seat 6: akbloger folded before Flop (didn't bet)



PokerStars Hand #254412541603:  Hold'em No Limit ($0.50/$1.00 USD) - 2025/01/17 11:22:43 WET [2025/01/17 6:22:43 ET]
Table 'Nymphe III' 6-max Seat #2 is the button
Seat 1: SeEevg ($105.20 in chips) 
Seat 2: Y_19 ($100 in chips) 
Seat 3: Kreayshawn ($100 in chips) 
Seat 4: sordjiol ($103.18 in chips) 
Seat 5: blistein ($142.72 in chips) 
Seat 6: akbloger ($101.50 in chips) 
Kreayshawn: posts small blind $0.50
sordjiol: posts big blind $1
*** HOLE CARDS ***
blistein: folds 
akbloger: folds 
SeEevg: raises $1.50 to $2.50
Y_19: folds 
Kreayshawn: folds 
sordjiol: raises $5.50 to $8
SeEevg: folds 
Uncalled bet ($5.50) returned to sordjiol
sordjiol collected $5.50 from pot
*** SUMMARY ***
Total pot $5.50 | Rake $0 
Seat 1: SeEevg folded before Flop
Seat 2: Y_19 (button) folded before Flop (didn't bet)
Seat 3: Kreayshawn (small blind) folded before Flop
Seat 4: sordjiol (big blind) collected ($5.50)
Seat 5: blistein folded before Flop (didn't bet)
Seat 6: akbloger folded before Flop (didn't bet)



PokerStars Hand #254412545215:  Hold'em No Limit ($0.50/$1.00 USD) - 2025/01/17 11:23:10 WET [2025/01/17 6:23:10 ET]
Table 'Nymphe III' 6-max Seat #3 is the button
Seat 1: SeEevg ($102.70 in chips) 
Seat 2: Y_19 ($100 in chips) 
Seat 3: Kreayshawn ($100 in chips) 
Seat 4: sordjiol ($106.18 in chips) 
Seat 5: blistein ($142.72 in chips) 
Seat 6: akbloger ($101.50 in chips) 
sordjiol: posts small blind $0.50
blistein: posts big blind $1
*** HOLE CARDS ***
akbloger: raises $1.50 to $2.50
SeEevg: folds 
Y_19: folds 
Kreayshawn: folds 
sordjiol: calls $2
blistein: folds 
*** FLOP *** [Jc 2c 9c]
sordjiol: checks 
akbloger: bets $1.88
sordjiol: raises $4.73 to $6.61
akbloger: folds 
Uncalled bet ($4.73) returned to sordjiol
sordjiol collected $9.27 from pot
*** SUMMARY ***
Total pot $9.76 | Rake $0.49 
Board [Jc 2c 9c]
Seat 1: SeEevg folded before Flop (didn't bet)
Seat 2: Y_19 folded before Flop (didn't bet)
Seat 3: Kreayshawn (button) folded before Flop (didn't bet)
Seat 4: sordjiol (small blind) collected ($9.27)
Seat 5: blistein (big blind) folded before Flop
Seat 6: akbloger folded on the Flop



PokerStars Hand #254412550505:  Hold'em No Limit ($0.50/$1.00 USD) - 2025/01/17 11:23:52 WET [2025/01/17 6:23:52 ET]
Table 'Nymphe III' 6-max Seat #4 is the button
Seat 1: SeEevg ($102.70 in chips) 
Seat 2: Y_19 ($100 in chips) 
Seat 3: Kreayshawn ($100 in chips) 
Seat 4: sordjiol ($111.07 in chips) 
Seat 5: blistein ($141.72 in chips) 
Seat 6: akbloger ($100 in chips) 
blistein: posts small blind $0.50
akbloger: posts big blind $1
*** HOLE CARDS ***
SeEevg: folds 
Y_19: folds 
Kreayshawn: folds 
sordjiol: folds 
blistein: folds 
Uncalled bet ($0.50) returned to akbloger
akbloger collected $1 from pot
akbloger: doesn't show hand 
*** SUMMARY ***
Total pot $1 | Rake $0 
Seat 1: SeEevg folded before Flop (didn't bet)
Seat 2: Y_19 folded before Flop (didn't bet)
Seat 3: Kreayshawn folded before Flop (didn't bet)
Seat 4: sordjiol (button) folded before Flop (didn't bet)
Seat 5: blistein (small blind) folded before Flop
Seat 6: akbloger (big blind) collected ($1)



PokerStars Hand #254412551713:  Hold'em No Limit ($0.50/$1.00 USD) - 2025/01/17 11:24:01 WET [2025/01/17 6:24:01 ET]
Table 'Nymphe III' 6-max Seat #5 is the button
Seat 1: SeEevg ($102.70 in chips) 
Seat 2: Y_19 ($100 in chips) 
Seat 3: Kreayshawn ($100 in chips) 
Seat 4: sordjiol ($111.07 in chips) 
Seat 5: blistein ($141.22 in chips) 
Seat 6: akbloger ($100.50 in chips) 
akbloger: posts small blind $0.50
SeEevg: posts big blind $1
*** HOLE CARDS ***
Y_19: folds 
Kreayshawn: folds 
sordjiol: folds 
blistein: folds 
akbloger: folds 
Uncalled bet ($0.50) returned to SeEevg
SeEevg collected $1 from pot
SeEevg: doesn't show hand 
*** SUMMARY ***
Total pot $1 | Rake $0 
Seat 1: SeEevg (big blind) collected ($1)
Seat 2: Y_19 folded before Flop (didn't bet)
Seat 3: Kreayshawn folded before Flop (didn't bet)
Seat 4: sordjiol folded before Flop (didn't bet)
Seat 5: blistein (button) folded before Flop (didn't bet)
Seat 6: akbloger (small blind) folded before Flop



PokerStars Hand #254412553276:  Hold'em No Limit ($0.50/$1.00 USD) - 2025/01/17 11:24:13 WET [2025/01/17 6:24:13 ET]
Table 'Nymphe III' 6-max Seat #6 is the button
Seat 1: SeEevg ($103.20 in chips) 
Seat 2: Y_19 ($100 in chips) 
Seat 3: Kreayshawn ($100 in chips) 
Seat 4: sordjiol ($111.07 in chips) 
Seat 5: blistein ($141.22 in chips) 
Seat 6: akbloger ($100 in chips) 
SeEevg: posts small blind $0.50
Y_19: posts big blind $1
*** HOLE CARDS ***
Kreayshawn: folds 
sordjiol: calls $1
blistein: folds 
akbloger: folds 
SeEevg: calls $0.50
Y_19: checks 
*** FLOP *** [Qc Kd Ac]
SeEevg: checks 
Y_19: checks 
sordjiol: checks 
*** TURN *** [Qc Kd Ac] [Th]
SeEevg: checks 
Y_19: checks 
sordjiol: checks 
*** RIVER *** [Qc Kd Ac Th] [3d]
SeEevg: checks 
Y_19: checks 
sordjiol: bets $110.07 and is all-in
SeEevg: folds 
Y_19: folds 
Uncalled bet ($110.07) returned to sordjiol
sordjiol collected $2.85 from pot
*** SUMMARY ***
Total pot $3 | Rake $0.15 
Board [Qc Kd Ac Th 3d]
Seat 1: SeEevg (small blind) folded on the River
Seat 2: Y_19 (big blind) folded on the River
Seat 3: Kreayshawn folded before Flop (didn't bet)
Seat 4: sordjiol collected ($2.85)
Seat 5: blistein folded before Flop (didn't bet)
Seat 6: akbloger (button) folded before Flop (didn't bet)



PokerStars Hand #254412561963:  Hold'em No Limit ($0.50/$1.00 USD) - 2025/01/17 11:25:21 WET [2025/01/17 6:25:21 ET]
Table 'Nymphe III' 6-max Seat #1 is the button
Seat 1: SeEevg ($102.20 in chips) 
Seat 2: Y_19 ($100 in chips) 
Seat 3: Kreayshawn ($100 in chips) 
Seat 4: sordjiol ($112.92 in chips) 
Seat 5: blistein ($141.22 in chips) 
Seat 6: akbloger ($100 in chips) 
Y_19: posts small blind $0.50
Kreayshawn: posts big blind $1
*** HOLE CARDS ***
sordjiol: folds 
blistein: folds 
akbloger: folds 
SeEevg: raises $1.50 to $2.50
Y_19: folds 
Kreayshawn: folds 
Uncalled bet ($1.50) returned to SeEevg
SeEevg collected $2.50 from pot
SeEevg: doesn't show hand 
*** SUMMARY ***
Total pot $2.50 | Rake $0 
Seat 1: SeEevg (button) collected ($2.50)
Seat 2: Y_19 (small blind) folded before Flop
Seat 3: Kreayshawn (big blind) folded before Flop
Seat 4: sordjiol folded before Flop (didn't bet)
Seat 5: blistein folded before Flop (didn't bet)
Seat 6: akbloger folded before Flop (didn't bet)



PokerStars Hand #254412565304:  Hold'em No Limit ($0.50/$1.00 USD) - 2025/01/17 11:25:47 WET [2025/01/17 6:25:47 ET]
Table 'Nymphe III' 6-max Seat #2 is the button
Seat 1: SeEevg ($103.70 in chips) 
Seat 2: Y_19 ($100 in chips) 
Seat 3: Kreayshawn ($100 in chips) 
Seat 4: sordjiol ($112.92 in chips) 
Seat 5: blistein ($141.22 in chips) 
Seat 6: akbloger ($100 in chips) 
Kreayshawn: posts small blind $0.50
sordjiol: posts big blind $1
*** HOLE CARDS ***
blistein: raises $1.20 to $2.20
akbloger: raises $5.50 to $7.70
SeEevg: folds 
Y_19: folds 
Kreayshawn: folds 
sordjiol: folds 
blistein: folds 
Uncalled bet ($5.50) returned to akbloger
akbloger collected $5.90 from pot
akbloger: doesn't show hand 
*** SUMMARY ***
Total pot $5.90 | Rake $0 
Seat 1: SeEevg folded before Flop (didn't bet)
Seat 2: Y_19 (button) folded before Flop (didn't bet)
Seat 3: Kreayshawn (small blind) folded before Flop
Seat 4: sordjiol (big blind) folded before Flop
Seat 5: blistein folded before Flop
Seat 6: akbloger collected ($5.90)



PokerStars Hand #254412568496:  Hold'em No Limit ($0.50/$1.00 USD) - 2025/01/17 11:26:12 WET [2025/01/17 6:26:12 ET]
Table 'Nymphe III' 6-max Seat #3 is the button
Seat 1: SeEevg ($103.70 in chips) 
Seat 2: Y_19 ($100 in chips) 
Seat 3: Kreayshawn ($100 in chips) 
Seat 4: sordjiol ($111.92 in chips) 
Seat 5: blistein ($139.02 in chips) 
Seat 6: akbloger ($103.70 in chips) 
sordjiol: posts small blind $0.50
blistein: posts big blind $1
*** HOLE CARDS ***
akbloger: folds 
SeEevg: folds 
akbloger leaves the table
Y_19: folds 
Kreayshawn: folds 
sordjiol: raises $2 to $3
Kreayshawn leaves the table
blistein: calls $2
*** FLOP *** [5c Jd 9c]
Pippa83 joins the table at seat #6 
sordjiol: checks 
blistein: checks 
*** TURN *** [5c Jd 9c] [2s]
sordjiol: bets $2.85
blistein: calls $2.85
*** RIVER *** [5c Jd 9c 2s] [5s]
sordjiol: checks 
blistein: bets $17.46
sordjiol: folds 
Uncalled bet ($17.46) returned to blistein
blistein collected $11.12 from pot
blistein: doesn't show hand 
*** SUMMARY ***
Total pot $11.70 | Rake $0.58 
Board [5c Jd 9c 2s 5s]
Seat 1: SeEevg folded before Flop (didn't bet)
Seat 2: Y_19 folded before Flop (didn't bet)
Seat 3: Kreayshawn (button) folded before Flop (didn't bet)
Seat 4: sordjiol (small blind) folded on the River
Seat 5: blistein (big blind) collected ($11.12)
Seat 6: akbloger folded before Flop (didn't bet)



PokerStars Hand #254412576125:  Hold'em No Limit ($0.50/$1.00 USD) - 2025/01/17 11:27:10 WET [2025/01/17 6:27:10 ET]
Table 'Nymphe III' 6-max Seat #4 is the button
Seat 1: SeEevg ($103.70 in chips) 
Seat 2: Y_19 ($100 in chips) 
Seat 4: sordjiol ($106.07 in chips) 
Seat 5: blistein ($144.29 in chips) 
Seat 6: Pippa83 ($100 in chips) 
blistein: posts small blind $0.50
Pippa83: posts big blind $1
*** HOLE CARDS ***
SeEevg: folds 
Y_19: folds 
sordjiol: raises $2 to $3
blistein: folds 
Pippa83: folds 
Uncalled bet ($2) returned to sordjiol
sordjiol collected $2.50 from pot
*** SUMMARY ***
Total pot $2.50 | Rake $0 
Seat 1: SeEevg folded before Flop (didn't bet)
Seat 2: Y_19 folded before Flop (didn't bet)
Seat 4: sordjiol (button) collected ($2.50)
Seat 5: blistein (small blind) folded before Flop
Seat 6: Pippa83 (big blind) folded before Flop



PokerStars Hand #254412578378:  Hold'em No Limit ($0.50/$1.00 USD) - 2025/01/17 11:27:27 WET [2025/01/17 6:27:27 ET]
Table 'Nymphe III' 6-max Seat #5 is the button
Seat 1: SeEevg ($103.70 in chips) 
Seat 2: Y_19 ($100 in chips) 
Seat 4: sordjiol ($107.57 in chips) 
Seat 5: blistein ($143.79 in chips) 
Seat 6: Pippa83 ($100 in chips) 
Pippa83: posts small blind $0.50
SeEevg: posts big blind $1
*** HOLE CARDS ***
OrioNCOOL joins the table at seat #3 
Y_19: folds 
sordjiol: folds 
blistein: raises $1.50 to $2.50
Pippa83: folds 
SeEevg: calls $1.50
*** FLOP *** [7c 3s 6h]
SeEevg: checks 
blistein: checks 
*** TURN *** [7c 3s 6h] [As]
SeEevg: checks 
blistein: bets $3.92
SeEevg: folds 
Uncalled bet ($3.92) returned to blistein
blistein collected $5.22 from pot
blistein: doesn't show hand 
*** SUMMARY ***
Total pot $5.50 | Rake $0.28 
Board [7c 3s 6h As]
Seat 1: SeEevg (big blind) folded on the Turn
Seat 2: Y_19 folded before Flop (didn't bet)
Seat 4: sordjiol folded before Flop (didn't bet)
Seat 5: blistein (button) collected ($5.22)
Seat 6: Pippa83 (small blind) folded before Flop



PokerStars Hand #254412586842:  Hold'em No Limit ($0.50/$1.00 USD) - 2025/01/17 11:28:32 WET [2025/01/17 6:28:32 ET]
Table 'Nymphe III' 6-max Seat #6 is the button
Seat 3: OrioNCOOL ($100 in chips) is sitting out
Seat 1: SeEevg ($101.20 in chips) 
Seat 2: Y_19 ($100 in chips) 
Seat 4: sordjiol ($107.57 in chips) 
Seat 5: blistein ($146.51 in chips) 
Seat 6: Pippa83 ($100 in chips) 
SeEevg: posts small blind $0.50
Y_19: posts big blind $1
OrioNCOOL: sits out 
*** HOLE CARDS ***
sordjiol: folds 
blistein: raises $1.30 to $2.30
Pippa83: raises $5.20 to $7.50
SeEevg: folds 
Y_19: folds 
blistein: folds 
Uncalled bet ($5.20) returned to Pippa83
Pippa83 collected $6.10 from pot
Pippa83: doesn't show hand 
*** SUMMARY ***
Total pot $6.10 | Rake $0 
Seat 3: OrioNCOOL
Seat 1: SeEevg (small blind) folded before Flop
Seat 2: Y_19 (big blind) folded before Flop
Seat 4: sordjiol folded before Flop (didn't bet)
Seat 5: blistein folded before Flop
Seat 6: Pippa83 (button) collected ($6.10)



PokerStars Hand #254412590110:  Hold'em No Limit ($0.50/$1.00 USD) - 2025/01/17 11:28:58 WET [2025/01/17 6:28:58 ET]
Table 'Nymphe III' 6-max Seat #1 is the button
Seat 1: SeEevg ($100.70 in chips) 
Seat 2: Y_19 ($100 in chips) 
Seat 3: OrioNCOOL ($100 in chips) 
Seat 4: sordjiol ($107.57 in chips) 
Seat 5: blistein ($144.21 in chips) 
Seat 6: Pippa83 ($103.80 in chips) 
Y_19: posts small blind $0.50
OrioNCOOL: posts big blind $1
*** HOLE CARDS ***
sordjiol: folds 
blistein: folds 
Pippa83: folds 
SeEevg: folds 
Y_19: raises $2 to $3
OrioNCOOL: folds 
Uncalled bet ($2) returned to Y_19
Y_19 collected $2 from pot
Y_19: doesn't show hand 
*** SUMMARY ***
Total pot $2 | Rake $0 
Seat 1: SeEevg (button) folded before Flop (didn't bet)
Seat 2: Y_19 (small blind) collected ($2)
Seat 3: OrioNCOOL (big blind) folded before Flop
Seat 4: sordjiol folded before Flop (didn't bet)
Seat 5: blistein folded before Flop (didn't bet)
Seat 6: Pippa83 folded before Flop (didn't bet)



PokerStars Hand #254412592398:  Hold'em No Limit ($0.50/$1.00 USD) - 2025/01/17 11:29:15 WET [2025/01/17 6:29:15 ET]
Table 'Nymphe III' 6-max Seat #2 is the button
Seat 1: SeEevg ($100.70 in chips) 
Seat 2: Y_19 ($101 in chips) 
Seat 3: OrioNCOOL ($100 in chips) 
Seat 4: sordjiol ($107.57 in chips) 
Seat 5: blistein ($144.21 in chips) 
Seat 6: Pippa83 ($103.80 in chips) 
OrioNCOOL: posts small blind $0.50
sordjiol: posts big blind $1
*** HOLE CARDS ***
blistein: folds 
blistein leaves the table
Pippa83: folds 
SeEevg: folds 
Y_19: folds 
OrioNCOOL: folds 
Uncalled bet ($0.50) returned to sordjiol
sordjiol collected $1 from pot
sordjiol: shows [6h 2h] (high card Six)
*** SUMMARY ***
Total pot $1 | Rake $0 
Seat 1: SeEevg folded before Flop (didn't bet)
Seat 2: Y_19 (button) folded before Flop (didn't bet)
Seat 3: OrioNCOOL (small blind) folded before Flop
Seat 4: sordjiol (big blind) collected ($1)
Seat 5: blistein folded before Flop (didn't bet)
Seat 6: Pippa83 folded before Flop (didn't bet)



PokerStars Hand #254412594647:  Hold'em No Limit ($0.50/$1.00 USD) - 2025/01/17 11:29:32 WET [2025/01/17 6:29:32 ET]
Table 'Nymphe III' 6-max Seat #3 is the button
Seat 1: SeEevg ($100.70 in chips) 
Seat 2: Y_19 ($101 in chips) 
Seat 3: OrioNCOOL ($100 in chips) 
Seat 4: sordjiol ($108.07 in chips) 
Seat 6: Pippa83 ($103.80 in chips) 
sordjiol: posts small blind $0.50
Pippa83: posts big blind $1
*** HOLE CARDS ***
SeEevg: folds 
Y_19: folds 
OrioNCOOL: folds 
sordjiol: calls $0.50
Pippa83: raises $2.50 to $3.50
sordjiol: calls $2.50
*** FLOP *** [Qc 5s Ah]
sordjiol: checks 
Pippa83: bets $1.33
sordjiol: raises $4.66 to $5.99
Pippa83: folds 
Uncalled bet ($4.66) returned to sordjiol
sordjiol collected $9.18 from pot
*** SUMMARY ***
Total pot $9.66 | Rake $0.48 
Board [Qc 5s Ah]
Seat 1: SeEevg folded before Flop (didn't bet)
Seat 2: Y_19 folded before Flop (didn't bet)
Seat 3: OrioNCOOL (button) folded before Flop (didn't bet)
Seat 4: sordjiol (small blind) collected ($9.18)
Seat 6: Pippa83 (big blind) folded on the Flop



PokerStars Hand #254412600075:  Hold'em No Limit ($0.50/$1.00 USD) - 2025/01/17 11:30:15 WET [2025/01/17 6:30:15 ET]
Table 'Nymphe III' 6-max Seat #4 is the button
Seat 1: SeEevg ($100.70 in chips) 
Seat 2: Y_19 ($101 in chips) 
Seat 3: OrioNCOOL ($100 in chips) 
Seat 4: sordjiol ($112.42 in chips) 
Seat 6: Pippa83 ($100 in chips) 
Pippa83: posts small blind $0.50
SeEevg: posts big blind $1
*** HOLE CARDS ***
Y_19: folds 
OrioNCOOL: folds 
sordjiol: folds 
Pippa83: folds 
Uncalled bet ($0.50) returned to SeEevg
SeEevg collected $1 from pot
SeEevg: doesn't show hand 
*** SUMMARY ***
Total pot $1 | Rake $0 
Seat 1: SeEevg (big blind) collected ($1)
Seat 2: Y_19 folded before Flop (didn't bet)
Seat 3: OrioNCOOL folded before Flop (didn't bet)
Seat 4: sordjiol (button) folded before Flop (didn't bet)
Seat 6: Pippa83 (small blind) folded before Flop



PokerStars Hand #254412601891:  Hold'em No Limit ($0.50/$1.00 USD) - 2025/01/17 11:30:29 WET [2025/01/17 6:30:29 ET]
Table 'Nymphe III' 6-max Seat #6 is the button
Seat 1: SeEevg ($101.20 in chips) 
Seat 2: Y_19 ($101 in chips) 
Seat 3: OrioNCOOL ($100 in chips) 
Seat 4: sordjiol ($112.42 in chips) 
Seat 6: Pippa83 ($100 in chips) 
SeEevg: posts small blind $0.50
Y_19: posts big blind $1
*** HOLE CARDS ***
OrioNCOOL: folds 
sordjiol: folds 
Pippa83: raises $1.50 to $2.50
SeEevg: folds 
Y_19: folds 
Uncalled bet ($1.50) returned to Pippa83
Pippa83 collected $2.50 from pot
Pippa83: doesn't show hand 
*** SUMMARY ***
Total pot $2.50 | Rake $0 
Seat 1: SeEevg (small blind) folded before Flop
Seat 2: Y_19 (big blind) folded before Flop
Seat 3: OrioNCOOL folded before Flop (didn't bet)
Seat 4: sordjiol folded before Flop (didn't bet)
Seat 6: Pippa83 (button) collected ($2.50)



PokerStars Hand #254412603353:  Hold'em No Limit ($0.50/$1.00 USD) - 2025/01/17 11:30:41 WET [2025/01/17 6:30:41 ET]
Table 'Nymphe III' 6-max Seat #1 is the button
Seat 1: SeEevg ($100.70 in chips) 
Seat 2: Y_19 ($100 in chips) 
Seat 3: OrioNCOOL ($100 in chips) 
Seat 4: sordjiol ($112.42 in chips) 
Seat 6: Pippa83 ($101.50 in chips) 
Y_19: posts small blind $0.50
OrioNCOOL: posts big blind $1
*** HOLE CARDS ***
sordjiol: folds 
Pippa83: folds 
SeEevg: folds 
Y_19: raises $2 to $3
OrioNCOOL: folds 
Uncalled bet ($2) returned to Y_19
Y_19 collected $2 from pot
Y_19: doesn't show hand 
*** SUMMARY ***
Total pot $2 | Rake $0 
Seat 1: SeEevg (button) folded before Flop (didn't bet)
Seat 2: Y_19 (small blind) collected ($2)
Seat 3: OrioNCOOL (big blind) folded before Flop
Seat 4: sordjiol folded before Flop (didn't bet)
Seat 6: Pippa83 folded before Flop (didn't bet)



PokerStars Hand #254412605845:  Hold'em No Limit ($0.50/$1.00 USD) - 2025/01/17 11:31:00 WET [2025/01/17 6:31:00 ET]
Table 'Nymphe III' 6-max Seat #2 is the button
Seat 1: SeEevg ($100.70 in chips) 
Seat 2: Y_19 ($101 in chips) 
Seat 3: OrioNCOOL ($100 in chips) 
Seat 4: sordjiol ($112.42 in chips) 
Seat 6: Pippa83 ($101.50 in chips) 
OrioNCOOL: posts small blind $0.50
sordjiol: posts big blind $1
*** HOLE CARDS ***
Pippa83: raises $1.20 to $2.20
SeEevg: raises $5.20 to $7.40
Y_19: folds 
OrioNCOOL: raises $13.60 to $21
sordjiol: raises $91.42 to $112.42 and is all-in
Pippa83: folds 
SeEevg: folds 
OrioNCOOL: calls $79 and is all-in
Uncalled bet ($12.42) returned to sordjiol
*** FLOP *** [4s 2d Td]
*** TURN *** [4s 2d Td] [2h]
*** RIVER *** [4s 2d Td 2h] [9h]
*** SHOW DOWN ***
OrioNCOOL: shows [Qh Qs] (two pair, Queens and Deuces)
sordjiol: shows [Kc As] (a pair of Deuces)
OrioNCOOL collected $207.10 from pot
*** SUMMARY ***
Total pot $209.60 | Rake $2.50 
Board [4s 2d Td 2h 9h]
Seat 1: SeEevg folded before Flop
Seat 2: Y_19 (button) folded before Flop (didn't bet)
Seat 3: OrioNCOOL (small blind) showed [Qh Qs] and won ($207.10) with two pair, Queens and Deuces
Seat 4: sordjiol (big blind) showed [Kc As] and lost with a pair of Deuces
Seat 6: Pippa83 folded before Flop



PokerStars Hand #254412611430:  Hold'em No Limit ($0.50/$1.00 USD) - 2025/01/17 11:31:44 WET [2025/01/17 6:31:44 ET]
Table 'Nymphe III' 6-max Seat #3 is the button
Seat 6: Pippa83 ($100 in chips) is sitting out
Seat 1: SeEevg ($100 in chips) 
Seat 2: Y_19 ($101 in chips) 
Seat 3: OrioNCOOL ($207.10 in chips) 
Seat 4: sordjiol ($12.42 in chips) 
sordjiol: posts small blind $0.50
Pippa83: is sitting out 
SeEevg: posts big blind $1
*** HOLE CARDS ***
Y_19: folds 
OrioNCOOL: raises $1.50 to $2.50
sordjiol is disconnected 
Pippa83 leaves the table
sordjiol has timed out while disconnected
sordjiol: folds 
SeEevg: folds 
Uncalled bet ($1.50) returned to OrioNCOOL
OrioNCOOL collected $2.50 from pot
OrioNCOOL: doesn't show hand 
*** SUMMARY ***
Total pot $2.50 | Rake $0 
Seat 6: Pippa83
Seat 1: SeEevg (big blind) folded before Flop
Seat 2: Y_19 folded before Flop (didn't bet)
Seat 3: OrioNCOOL (button) collected ($2.50)
Seat 4: sordjiol (small blind) folded before Flop



PokerStars Hand #254412615101:  Hold'em No Limit ($0.50/$1.00 USD) - 2025/01/17 11:32:14 WET [2025/01/17 6:32:14 ET]
Table 'Nymphe III' 6-max Seat #1 is the button
Seat 4: sordjiol ($11.92 in chips) is sitting out
Seat 1: SeEevg ($100 in chips) 
Seat 2: Y_19 ($101 in chips) 
Seat 3: OrioNCOOL ($208.60 in chips) 
Y_19: posts small blind $0.50
OrioNCOOL: posts big blind $1
*** HOLE CARDS ***
SeEevg: raises $1.50 to $2.50
Y_19: folds 
OrioNCOOL: folds 
Uncalled bet ($1.50) returned to SeEevg
SeEevg collected $2.50 from pot
sabarnaal joins the table at seat #5 
SeEevg: doesn't show hand 
sabarnaal is disconnected 
*** SUMMARY ***
Total pot $2.50 | Rake $0 
Seat 4: sordjiol
Seat 1: SeEevg (button) collected ($2.50)
Seat 2: Y_19 (small blind) folded before Flop
Seat 3: OrioNCOOL (big blind) folded before Flop



PokerStars Hand #254412616349:  Hold'em No Limit ($0.50/$1.00 USD) - 2025/01/17 11:32:23 WET [2025/01/17 6:32:23 ET]
Table 'Nymphe III' 6-max Seat #2 is the button
Seat 4: sordjiol ($11.92 in chips) is sitting out
Seat 1: SeEevg ($101.50 in chips) 
Seat 2: Y_19 ($100.50 in chips) 
Seat 3: OrioNCOOL ($207.60 in chips) 
Seat 5: sabarnaal ($44.15 in chips) 
OrioNCOOL: posts small blind $0.50
sabarnaal: posts big blind $1
*** HOLE CARDS ***
SeEevg: folds 
Y_19: raises $1.23 to $2.23
OrioNCOOL: raises $8.77 to $11
sabarnaal: folds 
Sarneo joins the table at seat #6 
Sarneo is disconnected 
Y_19: raises $14 to $25
OrioNCOOL: raises $182.60 to $207.60 and is all-in
Y_19: calls $75.50 and is all-in
Uncalled bet ($107.10) returned to OrioNCOOL
*** FIRST FLOP *** [4c 5d 4d]
*** FIRST TURN *** [4c 5d 4d] [3c]
*** FIRST RIVER *** [4c 5d 4d 3c] [9h]
*** SECOND FLOP *** [2h 9s 9c]
*** SECOND TURN *** [2h 9s 9c] [Td]
*** SECOND RIVER *** [2h 9s 9c Td] [6s]
*** FIRST SHOW DOWN ***
OrioNCOOL: shows [Ad Kd] (a pair of Fours)
Y_19: shows [Ah Ac] (two pair, Aces and Fours)
Y_19 collected $100.50 from pot
*** SECOND SHOW DOWN ***
OrioNCOOL: shows [Ad Kd] (a pair of Nines)
Y_19: shows [Ah Ac] (two pair, Aces and Nines)
Y_19 collected $100.50 from pot
*** SUMMARY ***
Total pot $202 | Rake $1 
Hand was run twice
FIRST Board [4c 5d 4d 3c 9h]
SECOND Board [2h 9s 9c Td 6s]
Seat 4: sordjiol
Seat 1: SeEevg folded before Flop (didn't bet)
Seat 2: Y_19 (button) showed [Ah Ac] and won ($100.50) with two pair, Aces and Fours, and won ($100.50) with two pair, Aces and Nines
Seat 3: OrioNCOOL (small blind) showed [Ad Kd] and lost with a pair of Fours, and lost with a pair of Nines
Seat 5: sabarnaal (big blind) folded before Flop



PokerStars Hand #254412622614:  Hold'em No Limit ($0.50/$1.00 USD) - 2025/01/17 11:33:12 WET [2025/01/17 6:33:12 ET]
Table 'Nymphe III' 6-max Seat #3 is the button
Seat 4: sordjiol ($11.92 in chips) is sitting out
Seat 1: SeEevg ($101.50 in chips) 
Seat 2: Y_19 ($201 in chips) 
Seat 3: OrioNCOOL ($107.10 in chips) 
Seat 5: sabarnaal ($43.15 in chips) 
Seat 6: Sarneo ($100 in chips) 
sabarnaal: posts small blind $0.50
Sarneo: posts big blind $1
*** HOLE CARDS ***
SeEevg: raises $1.50 to $2.50
Y_19: folds 
OrioNCOOL: folds 
sabarnaal: calls $2
Sarneo: calls $1.50
*** FLOP *** [Ts 7d Kd]
sabarnaal: bets $3.56
Sarneo: folds 
SeEevg: folds 
Uncalled bet ($3.56) returned to sabarnaal
sabarnaal collected $7.12 from pot
*** SUMMARY ***
Total pot $7.50 | Rake $0.38 
Board [Ts 7d Kd]
Seat 4: sordjiol
Seat 1: SeEevg folded on the Flop
Seat 2: Y_19 folded before Flop (didn't bet)
Seat 3: OrioNCOOL (button) folded before Flop (didn't bet)
Seat 5: sabarnaal (small blind) collected ($7.12)
Seat 6: Sarneo (big blind) folded on the Flop



PokerStars Hand #254412625551:  Hold'em No Limit ($0.50/$1.00 USD) - 2025/01/17 11:33:34 WET [2025/01/17 6:33:34 ET]
Table 'Nymphe III' 6-max Seat #5 is the button
Seat 4: sordjiol ($11.92 in chips) is sitting out
Seat 1: SeEevg ($100 in chips) 
Seat 2: Y_19 ($201 in chips) 
Seat 3: OrioNCOOL ($107.10 in chips) 
Seat 5: sabarnaal ($47.77 in chips) 
Seat 6: Sarneo ($97.50 in chips) 
Sarneo: posts small blind $0.50
SeEevg: posts big blind $1
*** HOLE CARDS ***
Y_19: folds 
OrioNCOOL: raises $1.50 to $2.50
sabarnaal: calls $2.50
Sarneo: folds 
SeEevg: folds 
*** FLOP *** [3d Kd 7d]
OrioNCOOL: checks 
sabarnaal: bets $3.09
OrioNCOOL: folds 
Uncalled bet ($3.09) returned to sabarnaal
sabarnaal collected $6.18 from pot
*** SUMMARY ***
Total pot $6.50 | Rake $0.32 
Board [3d Kd 7d]
Seat 4: sordjiol
Seat 1: SeEevg (big blind) folded before Flop
Seat 2: Y_19 folded before Flop (didn't bet)
Seat 3: OrioNCOOL folded on the Flop
Seat 5: sabarnaal (button) collected ($6.18)
Seat 6: Sarneo (small blind) folded before Flop



PokerStars Hand #254412628854:  Hold'em No Limit ($0.50/$1.00 USD) - 2025/01/17 11:33:59 WET [2025/01/17 6:33:59 ET]
Table 'Nymphe III' 6-max Seat #6 is the button
Seat 4: sordjiol ($11.92 in chips) is sitting out
Seat 1: SeEevg ($100 in chips) 
Seat 2: Y_19 ($201 in chips) 
Seat 3: OrioNCOOL ($104.60 in chips) 
Seat 5: sabarnaal ($51.45 in chips) 
Seat 6: Sarneo ($97 in chips) 
SeEevg: posts small blind $0.50
Y_19: posts big blind $1
*** HOLE CARDS ***
OrioNCOOL: folds 
sabarnaal: calls $1
Sarneo: raises $3 to $4
SeEevg: folds 
Y_19: folds 
sabarnaal: calls $3
*** FLOP *** [2h 5s 3c]
sabarnaal: bets $4.51
Sarneo: raises $5.51 to $10.02
sabarnaal: folds 
Uncalled bet ($5.51) returned to Sarneo
Sarneo collected $17.59 from pot
*** SUMMARY ***
Total pot $18.52 | Rake $0.93 
Board [2h 5s 3c]
Seat 4: sordjiol
Seat 1: SeEevg (small blind) folded before Flop
Seat 2: Y_19 (big blind) folded before Flop
Seat 3: OrioNCOOL folded before Flop (didn't bet)
Seat 5: sabarnaal folded on the Flop
Seat 6: Sarneo (button) collected ($17.59)



PokerStars Hand #254412634244:  Hold'em No Limit ($0.50/$1.00 USD) - 2025/01/17 11:34:40 WET [2025/01/17 6:34:40 ET]
Table 'Nymphe III' 6-max Seat #1 is the button
Seat 4: sordjiol ($11.92 in chips) is sitting out
Seat 1: SeEevg ($100 in chips) 
Seat 2: Y_19 ($200 in chips) 
Seat 3: OrioNCOOL ($104.60 in chips) 
Seat 5: sabarnaal ($42.94 in chips) 
Seat 6: Sarneo ($106.08 in chips) 
Y_19: posts small blind $0.50
OrioNCOOL: posts big blind $1
*** HOLE CARDS ***
sabarnaal: raises $2 to $3
Sarneo: folds 
SeEevg: folds 
Y_19: folds 
OrioNCOOL: calls $2
*** FLOP *** [2c 8c 9h]
OrioNCOOL: checks 
sabarnaal: checks 
*** TURN *** [2c 8c 9h] [Tc]
OrioNCOOL: bets $4.64
sabarnaal: raises $7.73 to $12.37
OrioNCOOL: raises $45.14 to $57.51
sabarnaal: calls $27.57 and is all-in
Uncalled bet ($17.57) returned to OrioNCOOL
*** RIVER *** [2c 8c 9h Tc] [3h]
*** SHOW DOWN ***
OrioNCOOL: shows [Qs Js] (a straight, Eight to Queen)
sabarnaal: shows [Qd Jd] (a straight, Eight to Queen)
OrioNCOOL collected $41.94 from pot
sabarnaal collected $41.94 from pot
*** SUMMARY ***
Total pot $86.38 | Rake $2.50 
Board [2c 8c 9h Tc 3h]
Seat 4: sordjiol
Seat 1: SeEevg (button) folded before Flop (didn't bet)
Seat 2: Y_19 (small blind) folded before Flop
Seat 3: OrioNCOOL (big blind) showed [Qs Js] and won ($41.94) with a straight, Eight to Queen
Seat 5: sabarnaal showed [Qd Jd] and won ($41.94) with a straight, Eight to Queen
Seat 6: Sarneo folded before Flop (didn't bet)



PokerStars Hand #254412640483:  Hold'em No Limit ($0.50/$1.00 USD) - 2025/01/17 11:35:26 WET [2025/01/17 6:35:26 ET]
Table 'Nymphe III' 6-max Seat #2 is the button
Seat 4: sordjiol ($11.92 in chips) is sitting out
Seat 1: SeEevg ($100 in chips) 
Seat 2: Y_19 ($199.50 in chips) 
Seat 3: OrioNCOOL ($103.60 in chips) 
Seat 5: sabarnaal ($41.94 in chips) 
Seat 6: Sarneo ($106.08 in chips) 
OrioNCOOL: posts small blind $0.50
sabarnaal: posts big blind $1
*** HOLE CARDS ***
Sarneo: folds 
SeEevg: raises $1.50 to $2.50
Y_19: folds 
OrioNCOOL: folds 
sabarnaal: raises $1.50 to $4
SeEevg: raises $9 to $13
sabarnaal: calls $9
*** FLOP *** [Qd 7s Jc]
sabarnaal: checks 
SeEevg: bets $9
sabarnaal: calls $9
*** TURN *** [Qd 7s Jc] [8h]
sabarnaal: checks 
SeEevg: bets $21
sabarnaal: calls $19.94 and is all-in
Uncalled bet ($1.06) returned to SeEevg
*** RIVER *** [Qd 7s Jc 8h] [Ts]
*** SHOW DOWN ***
sabarnaal: shows [9d Td] (a straight, Eight to Queen)
SeEevg: shows [Ah Ad] (a pair of Aces)
sabarnaal collected $81.88 from pot
*** SUMMARY ***
Total pot $84.38 | Rake $2.50 
Board [Qd 7s Jc 8h Ts]
Seat 4: sordjiol
Seat 1: SeEevg showed [Ah Ad] and lost with a pair of Aces
Seat 2: Y_19 (button) folded before Flop (didn't bet)
Seat 3: OrioNCOOL (small blind) folded before Flop
Seat 5: sabarnaal (big blind) showed [9d Td] and won ($81.88) with a straight, Eight to Queen
Seat 6: Sarneo folded before Flop (didn't bet)



PokerStars Hand #254412648937:  Hold'em No Limit ($0.50/$1.00 USD) - 2025/01/17 11:36:30 WET [2025/01/17 6:36:30 ET]
Table 'Nymphe III' 6-max Seat #3 is the button
Seat 4: sordjiol ($11.92 in chips) is sitting out
Seat 1: SeEevg ($100 in chips) 
Seat 2: Y_19 ($199.50 in chips) 
Seat 3: OrioNCOOL ($103.10 in chips) 
Seat 5: sabarnaal ($81.88 in chips) 
Seat 6: Sarneo ($106.08 in chips) 
sabarnaal: posts small blind $0.50
Sarneo: posts big blind $1
*** HOLE CARDS ***
SeEevg: folds 
Y_19: folds 
OrioNCOOL: folds 
SeEevg leaves the table
sabarnaal: raises $2 to $3
B1GBankroll joins the table at seat #1 
Sarneo: calls $2
*** FLOP *** [Kd 4h Ah]
sabarnaal: checks 
Sarneo: bets $2
sabarnaal: calls $2
*** TURN *** [Kd 4h Ah] [Kc]
sabarnaal: checks 
Sarneo: checks 
*** RIVER *** [Kd 4h Ah Kc] [Th]
sabarnaal: bets $9.50
Sarneo: folds 
Uncalled bet ($9.50) returned to sabarnaal
sabarnaal collected $9.50 from pot
*** SUMMARY ***
Total pot $10 | Rake $0.50 
Board [Kd 4h Ah Kc Th]
Seat 4: sordjiol
Seat 1: SeEevg folded before Flop (didn't bet)
Seat 2: Y_19 folded before Flop (didn't bet)
Seat 3: OrioNCOOL (button) folded before Flop (didn't bet)
Seat 5: sabarnaal (small blind) collected ($9.50)
Seat 6: Sarneo (big blind) folded on the River



PokerStars Hand #254412654520:  Hold'em No Limit ($0.50/$1.00 USD) - 2025/01/17 11:37:11 WET [2025/01/17 6:37:11 ET]
Table 'Nymphe III' 6-max Seat #5 is the button
Seat 4: sordjiol ($11.92 in chips) is sitting out
Seat 1: B1GBankroll ($100 in chips) 
Seat 2: Y_19 ($199.50 in chips) 
Seat 3: OrioNCOOL ($103.10 in chips) 
Seat 5: sabarnaal ($86.38 in chips) 
Seat 6: Sarneo ($101.08 in chips) 
Sarneo: posts small blind $0.50
B1GBankroll: posts big blind $1
*** HOLE CARDS ***
Y_19: raises $1.23 to $2.23
OrioNCOOL: folds 
sabarnaal: calls $2.23
Sarneo: folds 
B1GBankroll: calls $1.23
*** FLOP *** [Ac 5s 9c]
B1GBankroll: checks 
Y_19: checks 
sabarnaal: bets $3.42
B1GBankroll: folds 
Y_19: calls $3.42
*** TURN *** [Ac 5s 9c] [Kh]
Y_19: checks 
sabarnaal: checks 
*** RIVER *** [Ac 5s 9c Kh] [Ks]
Y_19: checks 
sabarnaal: bets $6.67
Y_19: calls $6.67
*** SHOW DOWN ***
sabarnaal: shows [9s Ad] (two pair, Aces and Kings)
Y_19: shows [Ah 2h] (two pair, Aces and Kings)
Y_19 collected $13 from pot
sabarnaal collected $13 from pot
*** SUMMARY ***
Total pot $27.37 | Rake $1.37 
Board [Ac 5s 9c Kh Ks]
Seat 4: sordjiol
Seat 1: B1GBankroll (big blind) folded on the Flop
Seat 2: Y_19 showed [Ah 2h] and won ($13) with two pair, Aces and Kings
Seat 3: OrioNCOOL folded before Flop (didn't bet)
Seat 5: sabarnaal (button) showed [9s Ad] and won ($13) with two pair, Aces and Kings
Seat 6: Sarneo (small blind) folded before Flop



PokerStars Hand #254412662655:  Hold'em No Limit ($0.50/$1.00 USD) - 2025/01/17 11:38:13 WET [2025/01/17 6:38:13 ET]
Table 'Nymphe III' 6-max Seat #6 is the button
Seat 4: sordjiol ($11.92 in chips) is sitting out
Seat 1: B1GBankroll ($100 in chips) 
Seat 2: Y_19 ($200.18 in chips) 
Seat 3: OrioNCOOL ($103.10 in chips) 
Seat 5: sabarnaal ($87.06 in chips) 
Seat 6: Sarneo ($100.58 in chips) 
B1GBankroll: posts small blind $0.50
Y_19: posts big blind $1
*** HOLE CARDS ***
OrioNCOOL: folds 
sabarnaal: folds 
Sarneo: folds 
B1GBankroll: folds 
Uncalled bet ($0.50) returned to Y_19
Y_19 collected $1 from pot
Y_19: doesn't show hand 
*** SUMMARY ***
Total pot $1 | Rake $0 
Seat 4: sordjiol
Seat 1: B1GBankroll (small blind) folded before Flop
Seat 2: Y_19 (big blind) collected ($1)
Seat 3: OrioNCOOL folded before Flop (didn't bet)
Seat 5: sabarnaal folded before Flop (didn't bet)
Seat 6: Sarneo (button) folded before Flop (didn't bet)



PokerStars Hand #254412665262:  Hold'em No Limit ($0.50/$1.00 USD) - 2025/01/17 11:38:33 WET [2025/01/17 6:38:33 ET]
Table 'Nymphe III' 6-max Seat #1 is the button
Seat 4: sordjiol ($11.92 in chips) is sitting out
Seat 1: B1GBankroll ($100 in chips) 
Seat 2: Y_19 ($200.68 in chips) 
Seat 3: OrioNCOOL ($103.10 in chips) 
Seat 5: sabarnaal ($87.06 in chips) 
Seat 6: Sarneo ($100.58 in chips) 
Y_19: posts small blind $0.50
OrioNCOOL: posts big blind $1
*** HOLE CARDS ***
sabarnaal: raises $2.50 to $3.50
Sarneo: folds 
B1GBankroll: folds 
Y_19: folds 
OrioNCOOL: folds 
Uncalled bet ($2.50) returned to sabarnaal
sabarnaal collected $2.50 from pot
*** SUMMARY ***
Total pot $2.50 | Rake $0 
Seat 4: sordjiol
Seat 1: B1GBankroll (button) folded before Flop (didn't bet)
Seat 2: Y_19 (small blind) folded before Flop
Seat 3: OrioNCOOL (big blind) folded before Flop
Seat 5: sabarnaal collected ($2.50)
Seat 6: Sarneo folded before Flop (didn't bet)



PokerStars Hand #254412667100:  Hold'em No Limit ($0.50/$1.00 USD) - 2025/01/17 11:38:47 WET [2025/01/17 6:38:47 ET]
Table 'Nymphe III' 6-max Seat #2 is the button
Seat 4: sordjiol ($11.92 in chips) is sitting out
Seat 1: B1GBankroll ($100 in chips) 
Seat 2: Y_19 ($200.18 in chips) 
Seat 3: OrioNCOOL ($102.10 in chips) 
Seat 5: sabarnaal ($88.56 in chips) 
Seat 6: Sarneo ($100.58 in chips) 
OrioNCOOL: posts small blind $0.50
sabarnaal: posts big blind $1
*** HOLE CARDS ***
Sarneo: folds 
B1GBankroll: folds 
Y_19: folds 
OrioNCOOL: raises $2 to $3
sabarnaal: calls $2
*** FLOP *** [5c Qs Jc]
OrioNCOOL: bets $2
sabarnaal: calls $2
*** TURN *** [5c Qs Jc] [Jh]
OrioNCOOL: bets $6.13
sabarnaal: folds 
Uncalled bet ($6.13) returned to OrioNCOOL
OrioNCOOL collected $9.50 from pot
OrioNCOOL: doesn't show hand 
*** SUMMARY ***
Total pot $10 | Rake $0.50 
Board [5c Qs Jc Jh]
Seat 4: sordjiol
Seat 1: B1GBankroll folded before Flop (didn't bet)
Seat 2: Y_19 (button) folded before Flop (didn't bet)
Seat 3: OrioNCOOL (small blind) collected ($9.50)
Seat 5: sabarnaal (big blind) folded on the Turn
Seat 6: Sarneo folded before Flop (didn't bet)



PokerStars Hand #254412672166:  Hold'em No Limit ($0.50/$1.00 USD) - 2025/01/17 11:39:24 WET [2025/01/17 6:39:24 ET]
Table 'Nymphe III' 6-max Seat #3 is the button
Seat 4: sordjiol ($11.92 in chips) is sitting out
Seat 1: B1GBankroll ($100 in chips) 
Seat 2: Y_19 ($200.18 in chips) 
Seat 3: OrioNCOOL ($106.60 in chips) 
Seat 5: sabarnaal ($83.56 in chips) 
Seat 6: Sarneo ($100.58 in chips) 
sabarnaal: posts small blind $0.50
Sarneo: posts big blind $1
*** HOLE CARDS ***
B1GBankroll: folds 
Y_19: folds 
OrioNCOOL: raises $1.50 to $2.50
sabarnaal: calls $2
Sarneo: folds 
*** FLOP *** [Ks 9s Qh]
sabarnaal: bets $2.85
OrioNCOOL: calls $2.85
*** TURN *** [Ks 9s Qh] [Ah]
sabarnaal: bets $5.56
OrioNCOOL: calls $5.56
*** RIVER *** [Ks 9s Qh Ah] [6c]
sabarnaal: bets $10.84
OrioNCOOL: calls $10.84
*** SHOW DOWN ***
sabarnaal: shows [7d Tc] (high card Ace)
OrioNCOOL: shows [Qd Js] (a pair of Queens)
OrioNCOOL collected $42.28 from pot
*** SUMMARY ***
Total pot $44.50 | Rake $2.22 
Board [Ks 9s Qh Ah 6c]
Seat 4: sordjiol
Seat 1: B1GBankroll folded before Flop (didn't bet)
Seat 2: Y_19 folded before Flop (didn't bet)
Seat 3: OrioNCOOL (button) showed [Qd Js] and won ($42.28) with a pair of Queens
Seat 5: sabarnaal (small blind) showed [7d Tc] and lost with high card Ace
Seat 6: Sarneo (big blind) folded before Flop



PokerStars Hand #254412678858:  Hold'em No Limit ($0.50/$1.00 USD) - 2025/01/17 11:40:13 WET [2025/01/17 6:40:13 ET]
Table 'Nymphe III' 6-max Seat #5 is the button
Seat 4: sordjiol ($11.92 in chips) is sitting out
Seat 1: B1GBankroll ($100 in chips) 
Seat 2: Y_19 ($200.18 in chips) 
Seat 3: OrioNCOOL ($127.13 in chips) 
Seat 5: sabarnaal ($61.81 in chips) 
Seat 6: Sarneo ($99.58 in chips) 
Sarneo: posts small blind $0.50
B1GBankroll: posts big blind $1
*** HOLE CARDS ***
Y_19: folds 
OrioNCOOL: folds 
sabarnaal: folds 
Sarneo: folds 
Uncalled bet ($0.50) returned to B1GBankroll
B1GBankroll collected $1 from pot
B1GBankroll: doesn't show hand 
*** SUMMARY ***
Total pot $1 | Rake $0 
Seat 4: sordjiol
Seat 1: B1GBankroll (big blind) collected ($1)
Seat 2: Y_19 folded before Flop (didn't bet)
Seat 3: OrioNCOOL folded before Flop (didn't bet)
Seat 5: sabarnaal (button) folded before Flop (didn't bet)
Seat 6: Sarneo (small blind) folded before Flop



PokerStars Hand #254412680329:  Hold'em No Limit ($0.50/$1.00 USD) - 2025/01/17 11:40:24 WET [2025/01/17 6:40:24 ET]
Table 'Nymphe III' 6-max Seat #6 is the button
Seat 4: sordjiol ($11.92 in chips) is sitting out
Seat 1: B1GBankroll ($100.50 in chips) 
Seat 2: Y_19 ($200.18 in chips) 
Seat 3: OrioNCOOL ($127.13 in chips) 
Seat 5: sabarnaal ($61.81 in chips) 
Seat 6: Sarneo ($99.08 in chips) 
B1GBankroll: posts small blind $0.50
Y_19: posts big blind $1
*** HOLE CARDS ***
OrioNCOOL: folds 
sabarnaal: raises $2.50 to $3.50
Sarneo: folds 
B1GBankroll: folds 
Y_19: folds 
Uncalled bet ($2.50) returned to sabarnaal
sabarnaal collected $2.50 from pot
*** SUMMARY ***
Total pot $2.50 | Rake $0 
Seat 4: sordjiol
Seat 1: B1GBankroll (small blind) folded before Flop
Seat 2: Y_19 (big blind) folded before Flop
Seat 3: OrioNCOOL folded before Flop (didn't bet)
Seat 5: sabarnaal collected ($2.50)
Seat 6: Sarneo (button) folded before Flop (didn't bet)



