PokerStars Hand #254410841885:  Hold'em No Limit ($0.50/$1.00 USD) - 2025/01/17 6:05:01 WET [2025/01/17 1:05:01 ET]
Table 'Sergestus III' 6-max Seat #2 is the button
Seat 1: Fold Your Cats ($100 in chips) is sitting out
Seat 3: Aki_Kalander ($43.94 in chips) is sitting out
Seat 2: ptolejmus ($10 in chips) 
Seat 4: Desverdi ($58.67 in chips) 
Seat 6: vezis3 ($156.44 in chips) 
MaRKiToScoK joins the table at seat #5 
Desverdi: posts small blind $0.50
vezis3: posts big blind $1
Fold Your Cats: sits out 
*** HOLE CARDS ***
ptolejmus: folds 
Desverdi: calls $0.50
vezis3: checks 
*** FLOP *** [4c As 7c]
Desverdi: bets $1
vezis3: calls $1
*** TURN *** [4c As 7c] [Jd]
Desverdi: bets $1
vezis3: calls $1
*** RIVER *** [4c As 7c Jd] [6d]
Desverdi: bets $1
vezis3: folds 
Uncalled bet ($1) returned to Desverdi
Desverdi collected $5.70 from pot
*** SUMMARY ***
Total pot $6 | Rake $0.30 
Board [4c As 7c Jd 6d]
Seat 1: Fold Your Cats
Seat 3: Aki_Kalander
Seat 2: ptolejmus (button) folded before Flop (didn't bet)
Seat 4: Desverdi (small blind) collected ($5.70)
Seat 6: vezis3 (big blind) folded on the River



PokerStars Hand #254410843880:  Hold'em No Limit ($0.50/$1.00 USD) - 2025/01/17 6:05:28 WET [2025/01/17 1:05:28 ET]
Table 'Sergestus III' 6-max Seat #4 is the button
Seat 3: Aki_Kalander ($43.94 in chips) is sitting out
Seat 5: MaRKiToScoK ($100 in chips) is sitting out
Seat 1: Fold Your Cats ($100 in chips) 
Seat 2: ptolejmus ($10 in chips) 
Seat 4: Desverdi ($61.37 in chips) 
Seat 6: vezis3 ($153.44 in chips) 
vezis3: posts small blind $0.50
Fold Your Cats: posts big blind $1
Aki_Kalander: sits out 
*** HOLE CARDS ***
ptolejmus: folds 
Desverdi: calls $1
vezis3: folds 
Fold Your Cats: checks 
*** FLOP *** [7d 9h 2d]
Fold Your Cats: checks 
Desverdi: bets $1
Fold Your Cats: raises $3 to $4
Desverdi: raises $3 to $7
Fold Your Cats: folds 
Uncalled bet ($3) returned to Desverdi
Desverdi collected $9.98 from pot
*** SUMMARY ***
Total pot $10.50 | Rake $0.52 
Board [7d 9h 2d]
Seat 3: Aki_Kalander
Seat 5: MaRKiToScoK
Seat 1: Fold Your Cats (big blind) folded on the Flop
Seat 2: ptolejmus folded before Flop (didn't bet)
Seat 4: Desverdi (button) collected ($9.98)
Seat 6: vezis3 (small blind) folded before Flop



PokerStars Hand #254410846187:  Hold'em No Limit ($0.50/$1.00 USD) - 2025/01/17 6:05:58 WET [2025/01/17 1:05:58 ET]
Table 'Sergestus III' 6-max Seat #6 is the button
Seat 3: Aki_Kalander ($43.94 in chips) is sitting out
Seat 5: MaRKiToScoK ($100 in chips) is sitting out
Seat 1: Fold Your Cats ($100 in chips) 
Seat 2: ptolejmus ($10 in chips) 
Seat 4: Desverdi ($66.35 in chips) 
Seat 6: vezis3 ($152.94 in chips) 
Fold Your Cats: posts small blind $0.50
ptolejmus: posts big blind $1
Aki_Kalander: sits out 
MaRKiToScoK: sits out 
*** HOLE CARDS ***
Desverdi: folds 
vezis3: raises $1.40 to $2.40
Fold Your Cats: raises $7.60 to $10
ptolejmus: folds 
vezis3: folds 
Uncalled bet ($7.60) returned to Fold Your Cats
Fold Your Cats collected $5.80 from pot
Fold Your Cats: doesn't show hand 
*** SUMMARY ***
Total pot $5.80 | Rake $0 
Seat 3: Aki_Kalander
Seat 5: MaRKiToScoK
Seat 1: Fold Your Cats (small blind) collected ($5.80)
Seat 2: ptolejmus (big blind) folded before Flop
Seat 4: Desverdi folded before Flop (didn't bet)
Seat 6: vezis3 (button) folded before Flop



PokerStars Hand #254410849190:  Hold'em No Limit ($0.50/$1.00 USD) - 2025/01/17 6:06:37 WET [2025/01/17 1:06:37 ET]
Table 'Sergestus III' 6-max Seat #1 is the button
Seat 5: MaRKiToScoK ($100 in chips) is sitting out
Seat 1: Fold Your Cats ($103.40 in chips) 
Seat 2: ptolejmus ($10 in chips) 
Seat 3: Aki_Kalander ($43.94 in chips) 
Seat 4: Desverdi ($66.35 in chips) 
Seat 6: vezis3 ($150.54 in chips) 
ptolejmus: posts small blind $0.50
Aki_Kalander: posts big blind $1
MaRKiToScoK: sits out 
*** HOLE CARDS ***
Desverdi: folds 
vezis3: folds 
Fold Your Cats: folds 
ptolejmus: raises $9 to $10 and is all-in
Aki_Kalander: calls $9
*** FLOP *** [3s 6d 6c]
*** TURN *** [3s 6d 6c] [Kh]
*** RIVER *** [3s 6d 6c Kh] [9s]
*** SHOW DOWN ***
ptolejmus: shows [Kc Js] (two pair, Kings and Sixes)
Aki_Kalander: shows [9d Ah] (two pair, Nines and Sixes)
ptolejmus collected $19 from pot
*** SUMMARY ***
Total pot $20 | Rake $1 
Board [3s 6d 6c Kh 9s]
Seat 5: MaRKiToScoK
Seat 1: Fold Your Cats (button) folded before Flop (didn't bet)
Seat 2: ptolejmus (small blind) showed [Kc Js] and won ($19) with two pair, Kings and Sixes
Seat 3: Aki_Kalander (big blind) showed [9d Ah] and lost with two pair, Nines and Sixes
Seat 4: Desverdi folded before Flop (didn't bet)
Seat 6: vezis3 folded before Flop (didn't bet)



PokerStars Hand #254410851383:  Hold'em No Limit ($0.50/$1.00 USD) - 2025/01/17 6:07:06 WET [2025/01/17 1:07:06 ET]
Table 'Sergestus III' 6-max Seat #2 is the button
Seat 5: MaRKiToScoK ($100 in chips) is sitting out
Seat 1: Fold Your Cats ($103.40 in chips) 
Seat 2: ptolejmus ($19 in chips) 
Seat 3: Aki_Kalander ($33.94 in chips) 
Seat 4: Desverdi ($66.35 in chips) 
Seat 6: vezis3 ($150.54 in chips) 
Aki_Kalander: posts small blind $0.50
Desverdi: posts big blind $1
MaRKiToScoK: sits out 
*** HOLE CARDS ***
vezis3: folds 
Fold Your Cats: folds 
ptolejmus: raises $1 to $2
Aki_Kalander: folds 
Desverdi: calls $1
*** FLOP *** [9s Ts 7s]
Desverdi: bets $1
ptolejmus: calls $1
*** TURN *** [9s Ts 7s] [Kc]
Desverdi: bets $1
ptolejmus: calls $1
*** RIVER *** [9s Ts 7s Kc] [8h]
Desverdi: bets $1
ptolejmus: raises $9.50 to $10.50
Desverdi: calls $9.50
*** SHOW DOWN ***
ptolejmus: shows [Jd As] (a straight, Seven to Jack)
Desverdi: mucks hand 
ptolejmus collected $28.02 from pot
*** SUMMARY ***
Total pot $29.50 | Rake $1.48 
Board [9s Ts 7s Kc 8h]
Seat 5: MaRKiToScoK
Seat 1: Fold Your Cats folded before Flop (didn't bet)
Seat 2: ptolejmus (button) showed [Jd As] and won ($28.02) with a straight, Seven to Jack
Seat 3: Aki_Kalander (small blind) folded before Flop
Seat 4: Desverdi (big blind) mucked
Seat 6: vezis3 folded before Flop (didn't bet)



PokerStars Hand #254410859064:  Hold'em No Limit ($0.50/$1.00 USD) - 2025/01/17 6:08:46 WET [2025/01/17 1:08:46 ET]
Table 'Sergestus III' 6-max Seat #3 is the button
Seat 1: Fold Your Cats ($103.40 in chips) 
Seat 2: ptolejmus ($32.52 in chips) 
Seat 3: Aki_Kalander ($33.44 in chips) 
Seat 4: Desverdi ($51.85 in chips) 
Seat 5: MaRKiToScoK ($100 in chips) 
Seat 6: vezis3 ($150.54 in chips) 
Desverdi: posts small blind $0.50
MaRKiToScoK: posts big blind $1
*** HOLE CARDS ***
vezis3: folds 
Fold Your Cats: folds 
ptolejmus: folds 
Aki_Kalander: raises $1.30 to $2.30
Desverdi: folds 
MaRKiToScoK: folds 
Uncalled bet ($1.30) returned to Aki_Kalander
Aki_Kalander collected $2.50 from pot
*** SUMMARY ***
Total pot $2.50 | Rake $0 
Seat 1: Fold Your Cats folded before Flop (didn't bet)
Seat 2: ptolejmus folded before Flop (didn't bet)
Seat 3: Aki_Kalander (button) collected ($2.50)
Seat 4: Desverdi (small blind) folded before Flop
Seat 5: MaRKiToScoK (big blind) folded before Flop
Seat 6: vezis3 folded before Flop (didn't bet)



PokerStars Hand #254410861195:  Hold'em No Limit ($0.50/$1.00 USD) - 2025/01/17 6:09:14 WET [2025/01/17 1:09:14 ET]
Table 'Sergestus III' 6-max Seat #4 is the button
Seat 1: Fold Your Cats ($103.40 in chips) 
Seat 2: ptolejmus ($32.52 in chips) 
Seat 3: Aki_Kalander ($34.94 in chips) 
Seat 4: Desverdi ($51.35 in chips) 
Seat 5: MaRKiToScoK ($100 in chips) 
Seat 6: vezis3 ($150.54 in chips) 
MaRKiToScoK: posts small blind $0.50
vezis3: posts big blind $1
*** HOLE CARDS ***
Fold Your Cats: folds 
ptolejmus: folds 
Aki_Kalander: folds 
Desverdi: calls $1
MaRKiToScoK: raises $4 to $5
vezis3: folds 
Desverdi: calls $4
*** FLOP *** [3h 3s Ac]
MaRKiToScoK: bets $3.45
Desverdi: folds 
Uncalled bet ($3.45) returned to MaRKiToScoK
MaRKiToScoK collected $10.45 from pot
*** SUMMARY ***
Total pot $11 | Rake $0.55 
Board [3h 3s Ac]
Seat 1: Fold Your Cats folded before Flop (didn't bet)
Seat 2: ptolejmus folded before Flop (didn't bet)
Seat 3: Aki_Kalander folded before Flop (didn't bet)
Seat 4: Desverdi (button) folded on the Flop
Seat 5: MaRKiToScoK (small blind) collected ($10.45)
Seat 6: vezis3 (big blind) folded before Flop



PokerStars Hand #254410863671:  Hold'em No Limit ($0.50/$1.00 USD) - 2025/01/17 6:09:48 WET [2025/01/17 1:09:48 ET]
Table 'Sergestus III' 6-max Seat #5 is the button
Seat 1: Fold Your Cats ($103.40 in chips) is sitting out
Seat 2: ptolejmus ($32.52 in chips) is sitting out
Seat 3: Aki_Kalander ($34.94 in chips) 
Seat 4: Desverdi ($46.35 in chips) 
Seat 5: MaRKiToScoK ($105.45 in chips) 
Seat 6: vezis3 ($149.54 in chips) 
vezis3: posts small blind $0.50
Fold Your Cats: is sitting out 
ptolejmus: is sitting out 
Aki_Kalander: posts big blind $1
*** HOLE CARDS ***
Desverdi: calls $1
ptolejmus leaves the table
Fold Your Cats leaves the table
MaRKiToScoK: folds 
vezis3: raises $4 to $5
Aki_Kalander: calls $4
Desverdi: calls $4
*** FLOP *** [7h 4c 9h]
vezis3: bets $7
Aki_Kalander: folds 
reeqar joins the table at seat #1 
Desverdi: folds 
Uncalled bet ($7) returned to vezis3
vezis3 collected $14.25 from pot
vezis3: doesn't show hand 
*** SUMMARY ***
Total pot $15 | Rake $0.75 
Board [7h 4c 9h]
Seat 1: Fold Your Cats
Seat 2: ptolejmus
Seat 3: Aki_Kalander (big blind) folded on the Flop
Seat 4: Desverdi folded on the Flop
Seat 5: MaRKiToScoK (button) folded before Flop (didn't bet)
Seat 6: vezis3 (small blind) collected ($14.25)



PokerStars Hand #254410866893:  Hold'em No Limit ($0.50/$1.00 USD) - 2025/01/17 6:10:31 WET [2025/01/17 1:10:31 ET]
Table 'Sergestus III' 6-max Seat #6 is the button
Seat 1: reeqar ($105.77 in chips) is sitting out
Seat 3: Aki_Kalander ($29.94 in chips) 
Seat 4: Desverdi ($41.35 in chips) 
Seat 5: MaRKiToScoK ($105.45 in chips) 
Seat 6: vezis3 ($158.79 in chips) 
Aki_Kalander: posts small blind $0.50
Desverdi: posts big blind $1
*** HOLE CARDS ***
MaRKiToScoK: folds 
vezis3: folds 
Aki_Kalander: raises $2.50 to $3.50
Desverdi: calls $2.50
*** FLOP *** [5c Kd 8d]
Aki_Kalander: bets $2
Desverdi: calls $2
*** TURN *** [5c Kd 8d] [Jd]
Aki_Kalander: bets $4
Desverdi: calls $4
*** RIVER *** [5c Kd 8d Jd] [Th]
Aki_Kalander: checks 
Desverdi: bets $5
Aki_Kalander: raises $15.44 to $20.44 and is all-in
Desverdi: folds 
Uncalled bet ($15.44) returned to Aki_Kalander
Aki_Kalander collected $28 from pot
*** SUMMARY ***
Total pot $29 | Rake $1 
Board [5c Kd 8d Jd Th]
Seat 1: reeqar
Seat 3: Aki_Kalander (small blind) collected ($28)
Seat 4: Desverdi (big blind) folded on the River
Seat 5: MaRKiToScoK folded before Flop (didn't bet)
Seat 6: vezis3 (button) folded before Flop (didn't bet)



PokerStars Hand #254410871987:  Hold'em No Limit ($0.50/$1.00 USD) - 2025/01/17 6:11:38 WET [2025/01/17 1:11:38 ET]
Table 'Sergestus III' 6-max Seat #3 is the button
Seat 1: reeqar ($105.77 in chips) is sitting out
Seat 3: Aki_Kalander ($43.44 in chips) 
Seat 4: Desverdi ($26.85 in chips) 
Seat 5: MaRKiToScoK ($105.45 in chips) 
Seat 6: vezis3 ($158.79 in chips) 
Desverdi: posts small blind $0.50
doctor vlad joins the table at seat #2 
MaRKiToScoK: posts big blind $1
doctor vlad is disconnected 
reeqar: sits out 
*** HOLE CARDS ***
vezis3: folds 
Aki_Kalander: raises $1 to $2
Desverdi: calls $1.50
MaRKiToScoK: folds 
*** FLOP *** [9c Qc 2d]
Desverdi: checks 
Aki_Kalander: checks 
*** TURN *** [9c Qc 2d] [Js]
Desverdi: checks 
Aki_Kalander: checks 
*** RIVER *** [9c Qc 2d Js] [Td]
Desverdi: checks 
Aki_Kalander: bets $3.75
Desverdi: raises $5.75 to $9.50
Aki_Kalander: calls $5.75
*** SHOW DOWN ***
Desverdi: shows [Kh 4h] (a straight, Nine to King)
Aki_Kalander: shows [Ks 9s] (a straight, Nine to King)
Desverdi collected $11.50 from pot
Aki_Kalander collected $11.50 from pot
*** SUMMARY ***
Total pot $24 | Rake $1 
Board [9c Qc 2d Js Td]
Seat 1: reeqar
Seat 3: Aki_Kalander (button) showed [Ks 9s] and won ($11.50) with a straight, Nine to King
Seat 4: Desverdi (small blind) showed [Kh 4h] and won ($11.50) with a straight, Nine to King
Seat 5: MaRKiToScoK (big blind) folded before Flop
Seat 6: vezis3 folded before Flop (didn't bet)



PokerStars Hand #254410876060:  Hold'em No Limit ($0.50/$1.00 USD) - 2025/01/17 6:12:32 WET [2025/01/17 1:12:32 ET]
Table 'Sergestus III' 6-max Seat #4 is the button
Seat 1: reeqar ($105.77 in chips) is sitting out
Seat 2: doctor vlad ($34.13 in chips) 
Seat 3: Aki_Kalander ($43.44 in chips) 
Seat 4: Desverdi ($26.85 in chips) 
Seat 5: MaRKiToScoK ($104.45 in chips) 
Seat 6: vezis3 ($158.79 in chips) 
MaRKiToScoK: posts small blind $0.50
vezis3: posts big blind $1
reeqar: sits out 
doctor vlad: posts big blind $1
*** HOLE CARDS ***
doctor vlad: raises $1 to $2
Aki_Kalander: calls $2
Desverdi: calls $2
MaRKiToScoK: calls $1.50
vezis3: folds 
*** FLOP *** [Tc 6h 4h]
MaRKiToScoK: bets $2.82
doctor vlad: calls $2.82
Aki_Kalander: calls $2.82
Desverdi: calls $2.82
*** TURN *** [Tc 6h 4h] [6d]
MaRKiToScoK: checks 
doctor vlad: checks 
Aki_Kalander: checks 
Desverdi: checks 
*** RIVER *** [Tc 6h 4h 6d] [3h]
MaRKiToScoK: checks 
doctor vlad: bets $2
Aki_Kalander: folds 
Desverdi: calls $2
MaRKiToScoK: calls $2
*** SHOW DOWN ***
doctor vlad: shows [Ac 4s] (two pair, Sixes and Fours)
Desverdi: shows [7c 7h] (two pair, Sevens and Sixes)
MaRKiToScoK: shows [Ts Js] (two pair, Tens and Sixes)
MaRKiToScoK collected $24.97 from pot
*** SUMMARY ***
Total pot $26.28 | Rake $1.31 
Board [Tc 6h 4h 6d 3h]
Seat 1: reeqar
Seat 2: doctor vlad showed [Ac 4s] and lost with two pair, Sixes and Fours
Seat 3: Aki_Kalander folded on the River
Seat 4: Desverdi (button) showed [7c 7h] and lost with two pair, Sevens and Sixes
Seat 5: MaRKiToScoK (small blind) showed [Ts Js] and won ($24.97) with two pair, Tens and Sixes
Seat 6: vezis3 (big blind) folded before Flop



PokerStars Hand #254410881587:  Hold'em No Limit ($0.50/$1.00 USD) - 2025/01/17 6:13:45 WET [2025/01/17 1:13:45 ET]
Table 'Sergestus III' 6-max Seat #5 is the button
Seat 1: reeqar ($105.77 in chips) 
Seat 2: doctor vlad ($27.31 in chips) 
Seat 3: Aki_Kalander ($38.62 in chips) 
Seat 4: Desverdi ($20.03 in chips) 
Seat 5: MaRKiToScoK ($122.60 in chips) 
Seat 6: vezis3 ($157.79 in chips) 
vezis3: posts small blind $0.50
reeqar: posts big blind $1
*** HOLE CARDS ***
doctor vlad: calls $1
Aki_Kalander: folds 
Desverdi: folds 
MaRKiToScoK: raises $2.50 to $3.50
vezis3: folds 
reeqar: folds 
doctor vlad: calls $2.50
*** FLOP *** [Qh Kc 7h]
doctor vlad: checks 
MaRKiToScoK: bets $2.67
doctor vlad: folds 
Uncalled bet ($2.67) returned to MaRKiToScoK
MaRKiToScoK collected $8.08 from pot
*** SUMMARY ***
Total pot $8.50 | Rake $0.42 
Board [Qh Kc 7h]
Seat 1: reeqar (big blind) folded before Flop
Seat 2: doctor vlad folded on the Flop
Seat 3: Aki_Kalander folded before Flop (didn't bet)
Seat 4: Desverdi folded before Flop (didn't bet)
Seat 5: MaRKiToScoK (button) collected ($8.08)
Seat 6: vezis3 (small blind) folded before Flop



PokerStars Hand #254410884027:  Hold'em No Limit ($0.50/$1.00 USD) - 2025/01/17 6:14:17 WET [2025/01/17 1:14:17 ET]
Table 'Sergestus III' 6-max Seat #6 is the button
Seat 1: reeqar ($104.77 in chips) 
Seat 2: doctor vlad ($23.81 in chips) 
Seat 3: Aki_Kalander ($38.62 in chips) 
Seat 4: Desverdi ($20.03 in chips) 
Seat 5: MaRKiToScoK ($127.18 in chips) 
Seat 6: vezis3 ($157.29 in chips) 
reeqar: posts small blind $0.50
doctor vlad: posts big blind $1
*** HOLE CARDS ***
Aki_Kalander: folds 
Desverdi: calls $1
MaRKiToScoK: raises $1.25 to $2.25
vezis3: folds 
reeqar: folds 
doctor vlad: calls $1.25
Desverdi: calls $1.25
*** FLOP *** [Qc 7d 6s]
doctor vlad: bets $2
Desverdi: calls $2
MaRKiToScoK: folds 
*** TURN *** [Qc 7d 6s] [4s]
doctor vlad: bets $4
Desverdi: calls $4
*** RIVER *** [Qc 7d 6s 4s] [2c]
doctor vlad: checks 
Desverdi: checks 
*** SHOW DOWN ***
doctor vlad: shows [7s Jd] (a pair of Sevens)
Desverdi: shows [Kc 7c] (a pair of Sevens - King kicker)
Desverdi collected $18.29 from pot
*** SUMMARY ***
Total pot $19.25 | Rake $0.96 
Board [Qc 7d 6s 4s 2c]
Seat 1: reeqar (small blind) folded before Flop
Seat 2: doctor vlad (big blind) showed [7s Jd] and lost with a pair of Sevens
Seat 3: Aki_Kalander folded before Flop (didn't bet)
Seat 4: Desverdi showed [Kc 7c] and won ($18.29) with a pair of Sevens
Seat 5: MaRKiToScoK folded on the Flop
Seat 6: vezis3 (button) folded before Flop (didn't bet)



PokerStars Hand #254410887480:  Hold'em No Limit ($0.50/$1.00 USD) - 2025/01/17 6:15:03 WET [2025/01/17 1:15:03 ET]
Table 'Sergestus III' 6-max Seat #1 is the button
Seat 1: reeqar ($104.27 in chips) 
Seat 2: doctor vlad ($15.56 in chips) 
Seat 3: Aki_Kalander ($38.62 in chips) 
Seat 4: Desverdi ($30.07 in chips) 
Seat 5: MaRKiToScoK ($124.93 in chips) 
Seat 6: vezis3 ($157.29 in chips) 
doctor vlad: posts small blind $0.50
Aki_Kalander: posts big blind $1
*** HOLE CARDS ***
Desverdi: folds 
MaRKiToScoK: folds 
vezis3: folds 
reeqar: raises $1.50 to $2.50
doctor vlad: calls $2
Aki_Kalander: folds 
*** FLOP *** [5c 5s Td]
doctor vlad: bets $13.06 and is all-in
reeqar: calls $13.06
*** TURN *** [5c 5s Td] [8s]
*** RIVER *** [5c 5s Td 8s] [6d]
*** SHOW DOWN ***
doctor vlad: shows [Jc Ts] (two pair, Tens and Fives)
reeqar: shows [9h Th] (two pair, Tens and Fives - lower kicker)
doctor vlad collected $30.51 from pot
*** SUMMARY ***
Total pot $32.12 | Rake $1.61 
Board [5c 5s Td 8s 6d]
Seat 1: reeqar (button) showed [9h Th] and lost with two pair, Tens and Fives
Seat 2: doctor vlad (small blind) showed [Jc Ts] and won ($30.51) with two pair, Tens and Fives
Seat 3: Aki_Kalander (big blind) folded before Flop
Seat 4: Desverdi folded before Flop (didn't bet)
Seat 5: MaRKiToScoK folded before Flop (didn't bet)
Seat 6: vezis3 folded before Flop (didn't bet)



PokerStars Hand #254410890339:  Hold'em No Limit ($0.50/$1.00 USD) - 2025/01/17 6:15:40 WET [2025/01/17 1:15:40 ET]
Table 'Sergestus III' 6-max Seat #2 is the button
Seat 1: reeqar ($100 in chips) 
Seat 2: doctor vlad ($30.51 in chips) 
Seat 3: Aki_Kalander ($37.62 in chips) 
Seat 4: Desverdi ($30.07 in chips) 
Seat 5: MaRKiToScoK ($124.93 in chips) 
Seat 6: vezis3 ($157.29 in chips) 
Aki_Kalander: posts small blind $0.50
Desverdi: posts big blind $1
*** HOLE CARDS ***
MaRKiToScoK: raises $1 to $2
vezis3: folds 
reeqar: folds 
doctor vlad: folds 
Aki_Kalander: folds 
Desverdi: folds 
Uncalled bet ($1) returned to MaRKiToScoK
MaRKiToScoK collected $2.50 from pot
*** SUMMARY ***
Total pot $2.50 | Rake $0 
Seat 1: reeqar folded before Flop (didn't bet)
Seat 2: doctor vlad (button) folded before Flop (didn't bet)
Seat 3: Aki_Kalander (small blind) folded before Flop
Seat 4: Desverdi (big blind) folded before Flop
Seat 5: MaRKiToScoK collected ($2.50)
Seat 6: vezis3 folded before Flop (didn't bet)



PokerStars Hand #254410891332:  Hold'em No Limit ($0.50/$1.00 USD) - 2025/01/17 6:15:52 WET [2025/01/17 1:15:52 ET]
Table 'Sergestus III' 6-max Seat #3 is the button
Seat 1: reeqar ($100 in chips) 
Seat 2: doctor vlad ($30.51 in chips) 
Seat 3: Aki_Kalander ($37.12 in chips) 
Seat 4: Desverdi ($29.07 in chips) 
Seat 5: MaRKiToScoK ($126.43 in chips) 
Seat 6: vezis3 ($157.29 in chips) 
Desverdi: posts small blind $0.50
MaRKiToScoK: posts big blind $1
*** HOLE CARDS ***
vezis3: raises $1 to $2
reeqar: folds 
doctor vlad: calls $2
Aki_Kalander: raises $5.50 to $7.50
Desverdi: folds 
MaRKiToScoK: folds 
vezis3: calls $5.50
doctor vlad: calls $5.50
*** FLOP *** [4d Tc Qc]
vezis3: checks 
doctor vlad: checks 
Aki_Kalander: checks 
*** TURN *** [4d Tc Qc] [Jc]
vezis3: checks 
doctor vlad: bets $23.01 and is all-in
Aki_Kalander: calls $23.01
vezis3: folds 
*** RIVER *** [4d Tc Qc Jc] [3s]
*** SHOW DOWN ***
doctor vlad: shows [Th 4h] (two pair, Tens and Fours)
Aki_Kalander: shows [Ah Jh] (a pair of Jacks)
doctor vlad collected $67.52 from pot
Aki_Kalander is disconnected 
*** SUMMARY ***
Total pot $70.02 | Rake $2.50 
Board [4d Tc Qc Jc 3s]
Seat 1: reeqar folded before Flop (didn't bet)
Seat 2: doctor vlad showed [Th 4h] and won ($67.52) with two pair, Tens and Fours
Seat 3: Aki_Kalander (button) showed [Ah Jh] and lost with a pair of Jacks
Seat 4: Desverdi (small blind) folded before Flop
Seat 5: MaRKiToScoK (big blind) folded before Flop
Seat 6: vezis3 folded on the Turn



PokerStars Hand #254410898847:  Hold'em No Limit ($0.50/$1.00 USD) - 2025/01/17 6:17:33 WET [2025/01/17 1:17:33 ET]
Table 'Sergestus III' 6-max Seat #4 is the button
Seat 1: reeqar ($100 in chips) 
Seat 2: doctor vlad ($67.52 in chips) 
Seat 3: Aki_Kalander ($6.61 in chips) 
Seat 4: Desverdi ($28.57 in chips) 
Seat 5: MaRKiToScoK ($125.43 in chips) 
Seat 6: vezis3 ($149.79 in chips) 
MaRKiToScoK: posts small blind $0.50
vezis3: posts big blind $1
*** HOLE CARDS ***
reeqar: folds 
doctor vlad: raises $1 to $2
Aki_Kalander has timed out while disconnected
Aki_Kalander: folds 
Desverdi: folds 
MaRKiToScoK: folds 
vezis3: folds 
Uncalled bet ($1) returned to doctor vlad
doctor vlad collected $2.50 from pot
*** SUMMARY ***
Total pot $2.50 | Rake $0 
Seat 1: reeqar folded before Flop (didn't bet)
Seat 2: doctor vlad collected ($2.50)
Seat 3: Aki_Kalander folded before Flop (didn't bet)
Seat 4: Desverdi (button) folded before Flop (didn't bet)
Seat 5: MaRKiToScoK (small blind) folded before Flop
Seat 6: vezis3 (big blind) folded before Flop



PokerStars Hand #254410900988:  Hold'em No Limit ($0.50/$1.00 USD) - 2025/01/17 6:18:02 WET [2025/01/17 1:18:02 ET]
Table 'Sergestus III' 6-max Seat #5 is the button
Seat 3: Aki_Kalander ($6.61 in chips) is sitting out
Seat 1: reeqar ($100 in chips) 
Seat 2: doctor vlad ($69.02 in chips) 
Seat 4: Desverdi ($28.57 in chips) 
Seat 5: MaRKiToScoK ($124.93 in chips) 
Seat 6: vezis3 ($148.79 in chips) 
vezis3: posts small blind $0.50
reeqar: posts big blind $1
*** HOLE CARDS ***
doctor vlad: folds 
Desverdi: folds 
MaRKiToScoK: raises $1.50 to $2.50
vezis3: raises $9.50 to $12
reeqar: folds 
MaRKiToScoK: calls $9.50
*** FLOP *** [Ad 8c Kh]
vezis3: bets $7.84
MaRKiToScoK: calls $7.84
*** TURN *** [Ad 8c Kh] [6s]
vezis3: checks 
MaRKiToScoK: bets $12.75
vezis3: calls $12.75
*** RIVER *** [Ad 8c Kh 6s] [7d]
vezis3: checks 
MaRKiToScoK: bets $21.01
vezis3: folds 
Uncalled bet ($21.01) returned to MaRKiToScoK
MaRKiToScoK collected $63.68 from pot
*** SUMMARY ***
Total pot $66.18 | Rake $2.50 
Board [Ad 8c Kh 6s 7d]
Seat 3: Aki_Kalander
Seat 1: reeqar (big blind) folded before Flop
Seat 2: doctor vlad folded before Flop (didn't bet)
Seat 4: Desverdi folded before Flop (didn't bet)
Seat 5: MaRKiToScoK (button) collected ($63.68)
Seat 6: vezis3 (small blind) folded on the River



PokerStars Hand #254410906940:  Hold'em No Limit ($0.50/$1.00 USD) - 2025/01/17 6:19:21 WET [2025/01/17 1:19:21 ET]
Table 'Sergestus III' 6-max Seat #6 is the button
Seat 3: Aki_Kalander ($6.61 in chips) is sitting out
Seat 1: reeqar ($100 in chips) 
Seat 2: doctor vlad ($69.02 in chips) 
Seat 4: Desverdi ($28.57 in chips) 
Seat 5: MaRKiToScoK ($156.02 in chips) 
Seat 6: vezis3 ($116.20 in chips) 
reeqar: posts small blind $0.50
doctor vlad: posts big blind $1
*** HOLE CARDS ***
Desverdi: calls $1
MaRKiToScoK: folds 
vezis3: folds 
reeqar: folds 
doctor vlad: checks 
*** FLOP *** [Td 9c Jh]
doctor vlad: bets $2
Desverdi: calls $2
*** TURN *** [Td 9c Jh] [2c]
doctor vlad: checks 
Desverdi: checks 
*** RIVER *** [Td 9c Jh 2c] [Ad]
doctor vlad: bets $3
Desverdi: raises $5 to $8
doctor vlad: calls $5
*** SHOW DOWN ***
Desverdi: shows [5h Ah] (a pair of Aces)
doctor vlad: shows [Qh Ac] (a pair of Aces - Queen kicker)
doctor vlad collected $21.38 from pot
*** SUMMARY ***
Total pot $22.50 | Rake $1.12 
Board [Td 9c Jh 2c Ad]
Seat 3: Aki_Kalander
Seat 1: reeqar (small blind) folded before Flop
Seat 2: doctor vlad (big blind) showed [Qh Ac] and won ($21.38) with a pair of Aces
Seat 4: Desverdi showed [5h Ah] and lost with a pair of Aces
Seat 5: MaRKiToScoK folded before Flop (didn't bet)
Seat 6: vezis3 (button) folded before Flop (didn't bet)



PokerStars Hand #254410911175:  Hold'em No Limit ($0.50/$1.00 USD) - 2025/01/17 6:20:16 WET [2025/01/17 1:20:16 ET]
Table 'Sergestus III' 6-max Seat #1 is the button
Seat 3: Aki_Kalander ($6.61 in chips) is sitting out
Seat 1: reeqar ($100 in chips) 
Seat 2: doctor vlad ($79.40 in chips) 
Seat 4: Desverdi ($17.57 in chips) 
Seat 5: MaRKiToScoK ($156.02 in chips) 
Seat 6: vezis3 ($116.20 in chips) 
doctor vlad: posts small blind $0.50
Desverdi: posts big blind $1
*** HOLE CARDS ***
MaRKiToScoK: raises $1.50 to $2.50
vezis3: folds 
reeqar: folds 
doctor vlad: calls $2
Desverdi: raises $15.07 to $17.57 and is all-in
MaRKiToScoK: folds 
doctor vlad: folds 
Uncalled bet ($15.07) returned to Desverdi
Desverdi collected $7.50 from pot
*** SUMMARY ***
Total pot $7.50 | Rake $0 
Seat 3: Aki_Kalander
Seat 1: reeqar (button) folded before Flop (didn't bet)
Seat 2: doctor vlad (small blind) folded before Flop
Seat 4: Desverdi (big blind) collected ($7.50)
Seat 5: MaRKiToScoK folded before Flop
Seat 6: vezis3 folded before Flop (didn't bet)



PokerStars Hand #254410913437:  Hold'em No Limit ($0.50/$1.00 USD) - 2025/01/17 6:20:46 WET [2025/01/17 1:20:46 ET]
Table 'Sergestus III' 6-max Seat #2 is the button
Seat 3: Aki_Kalander ($6.61 in chips) is sitting out
Seat 1: reeqar ($100 in chips) 
Seat 2: doctor vlad ($76.90 in chips) 
Seat 4: Desverdi ($22.57 in chips) 
Seat 5: MaRKiToScoK ($153.52 in chips) 
Seat 6: vezis3 ($116.20 in chips) 
Desverdi: posts small blind $0.50
MaRKiToScoK: posts big blind $1
*** HOLE CARDS ***
vezis3: raises $1 to $2
reeqar: folds 
doctor vlad: calls $2
Desverdi: calls $1.50
MaRKiToScoK: folds 
*** FLOP *** [Js Ts Jc]
Desverdi: checks 
vezis3: checks 
doctor vlad: bets $2
Desverdi: calls $2
vezis3: calls $2
*** TURN *** [Js Ts Jc] [6c]
Desverdi: checks 
vezis3: checks 
doctor vlad: bets $5
Desverdi: folds 
vezis3: calls $5
*** RIVER *** [Js Ts Jc 6c] [Kh]
vezis3: checks 
doctor vlad: checks 
*** SHOW DOWN ***
vezis3: shows [Td As] (two pair, Jacks and Tens)
doctor vlad: mucks hand 
vezis3 collected $21.85 from pot
*** SUMMARY ***
Total pot $23 | Rake $1.15 
Board [Js Ts Jc 6c Kh]
Seat 3: Aki_Kalander
Seat 1: reeqar folded before Flop (didn't bet)
Seat 2: doctor vlad (button) mucked
Seat 4: Desverdi (small blind) folded on the Turn
Seat 5: MaRKiToScoK (big blind) folded before Flop
Seat 6: vezis3 showed [Td As] and won ($21.85) with two pair, Jacks and Tens



PokerStars Hand #254410918285:  Hold'em No Limit ($0.50/$1.00 USD) - 2025/01/17 6:21:52 WET [2025/01/17 1:21:52 ET]
Table 'Sergestus III' 6-max Seat #4 is the button
Seat 3: Aki_Kalander ($6.61 in chips) is sitting out
Seat 1: reeqar ($100 in chips) 
Seat 2: doctor vlad ($67.90 in chips) 
Seat 4: Desverdi ($18.57 in chips) 
Seat 5: MaRKiToScoK ($152.52 in chips) 
Seat 6: vezis3 ($129.05 in chips) 
MaRKiToScoK: posts small blind $0.50
vezis3: posts big blind $1
*** HOLE CARDS ***
reeqar: raises $1.50 to $2.50
doctor vlad: calls $2.50
Desverdi: raises $16.07 to $18.57 and is all-in
MaRKiToScoK: folds 
vezis3: folds 
reeqar: folds 
doctor vlad: folds 
Uncalled bet ($16.07) returned to Desverdi
Desverdi collected $9 from pot
*** SUMMARY ***
Total pot $9 | Rake $0 
Seat 3: Aki_Kalander
Seat 1: reeqar folded before Flop
Seat 2: doctor vlad folded before Flop
Seat 4: Desverdi (button) collected ($9)
Seat 5: MaRKiToScoK (small blind) folded before Flop
Seat 6: vezis3 (big blind) folded before Flop



PokerStars Hand #254410920295:  Hold'em No Limit ($0.50/$1.00 USD) - 2025/01/17 6:22:19 WET [2025/01/17 1:22:19 ET]
Table 'Sergestus III' 6-max Seat #5 is the button
Seat 3: Aki_Kalander ($6.61 in chips) is sitting out
Seat 1: reeqar ($100 in chips) 
Seat 2: doctor vlad ($65.40 in chips) 
Seat 4: Desverdi ($25.07 in chips) 
Seat 5: MaRKiToScoK ($152.02 in chips) 
Seat 6: vezis3 ($128.05 in chips) 
vezis3: posts small blind $0.50
reeqar: posts big blind $1
*** HOLE CARDS ***
doctor vlad: raises $1 to $2
Desverdi: calls $2
MaRKiToScoK: folds 
vezis3: folds 
reeqar: folds 
*** FLOP *** [4h 2h 4c]
doctor vlad: checks 
Desverdi: checks 
*** TURN *** [4h 2h 4c] [Th]
doctor vlad: checks 
Desverdi: checks 
*** RIVER *** [4h 2h 4c Th] [9s]
doctor vlad: bets $1
Desverdi: calls $1
*** SHOW DOWN ***
doctor vlad: shows [8c Qc] (a pair of Fours)
Desverdi: shows [9d Js] (two pair, Nines and Fours)
Desverdi collected $7.12 from pot
*** SUMMARY ***
Total pot $7.50 | Rake $0.38 
Board [4h 2h 4c Th 9s]
Seat 3: Aki_Kalander
Seat 1: reeqar (big blind) folded before Flop
Seat 2: doctor vlad showed [8c Qc] and lost with a pair of Fours
Seat 4: Desverdi showed [9d Js] and won ($7.12) with two pair, Nines and Fours
Seat 5: MaRKiToScoK (button) folded before Flop (didn't bet)
Seat 6: vezis3 (small blind) folded before Flop



PokerStars Hand #254410923814:  Hold'em No Limit ($0.50/$1.00 USD) - 2025/01/17 6:23:07 WET [2025/01/17 1:23:07 ET]
Table 'Sergestus III' 6-max Seat #6 is the button
Seat 3: Aki_Kalander ($6.61 in chips) is sitting out
Seat 1: reeqar ($100 in chips) 
Seat 2: doctor vlad ($62.40 in chips) 
Seat 4: Desverdi ($29.19 in chips) 
Seat 5: MaRKiToScoK ($152.02 in chips) 
Seat 6: vezis3 ($127.55 in chips) 
reeqar: posts small blind $0.50
doctor vlad: posts big blind $1
*** HOLE CARDS ***
Desverdi: folds 
MaRKiToScoK: folds 
vezis3: folds 
reeqar: raises $1.50 to $2.50
doctor vlad: calls $1.50
*** FLOP *** [9c 6d Td]
reeqar: checks 
doctor vlad: bets $5
reeqar: calls $5
*** TURN *** [9c 6d Td] [4h]
reeqar: checks 
doctor vlad: bets $54.90 and is all-in
reeqar: folds 
Uncalled bet ($54.90) returned to doctor vlad
doctor vlad collected $14.25 from pot
*** SUMMARY ***
Total pot $15 | Rake $0.75 
Board [9c 6d Td 4h]
Seat 3: Aki_Kalander
Seat 1: reeqar (small blind) folded on the Turn
Seat 2: doctor vlad (big blind) collected ($14.25)
Seat 4: Desverdi folded before Flop (didn't bet)
Seat 5: MaRKiToScoK folded before Flop (didn't bet)
Seat 6: vezis3 (button) folded before Flop (didn't bet)



PokerStars Hand #254410927568:  Hold'em No Limit ($0.50/$1.00 USD) - 2025/01/17 6:23:57 WET [2025/01/17 1:23:57 ET]
Table 'Sergestus III' 6-max Seat #1 is the button
Seat 3: Aki_Kalander ($6.61 in chips) is sitting out
Seat 1: reeqar ($100 in chips) 
Seat 2: doctor vlad ($69.15 in chips) 
Seat 4: Desverdi ($29.19 in chips) 
Seat 5: MaRKiToScoK ($152.02 in chips) 
Seat 6: vezis3 ($127.55 in chips) 
doctor vlad: posts small blind $0.50
Desverdi: posts big blind $1
*** HOLE CARDS ***
MaRKiToScoK: folds 
vezis3: folds 
reeqar: folds 
doctor vlad: raises $1 to $2
Desverdi: folds 
Uncalled bet ($1) returned to doctor vlad
doctor vlad collected $2 from pot
*** SUMMARY ***
Total pot $2 | Rake $0 
Seat 3: Aki_Kalander
Seat 1: reeqar (button) folded before Flop (didn't bet)
Seat 2: doctor vlad (small blind) collected ($2)
Seat 4: Desverdi (big blind) folded before Flop
Seat 5: MaRKiToScoK folded before Flop (didn't bet)
Seat 6: vezis3 folded before Flop (didn't bet)



PokerStars Hand #254410767567:  Hold'em No Limit ($0.50/$1.00 USD) - 2025/01/17 5:48:37 WET [2025/01/17 0:48:37 ET]
Table 'Sergestus III' 6-max Seat #3 is the button
Seat 1: Supermegopro ($100 in chips) 
Seat 2: ptolejmus ($10 in chips) 
Seat 3: reeqar ($100 in chips) 
Seat 4: b2k-Snick ($100 in chips) 
Seat 5: Marijo222 ($56.46 in chips) 
Seat 6: vezis3 ($136.28 in chips) 
b2k-Snick: posts small blind $0.50
Marijo222: posts big blind $1
*** HOLE CARDS ***
vezis3: folds 
Supermegopro: folds 
ptolejmus: raises $9 to $10 and is all-in
reeqar: folds 
b2k-Snick: folds 
Marijo222: folds 
Uncalled bet ($9) returned to ptolejmus
ptolejmus collected $2.50 from pot
*** SUMMARY ***
Total pot $2.50 | Rake $0 
Seat 1: Supermegopro folded before Flop (didn't bet)
Seat 2: ptolejmus collected ($2.50)
Seat 3: reeqar (button) folded before Flop (didn't bet)
Seat 4: b2k-Snick (small blind) folded before Flop
Seat 5: Marijo222 (big blind) folded before Flop
Seat 6: vezis3 folded before Flop (didn't bet)



PokerStars Hand #254410768897:  Hold'em No Limit ($0.50/$1.00 USD) - 2025/01/17 5:48:53 WET [2025/01/17 0:48:53 ET]
Table 'Sergestus III' 6-max Seat #4 is the button
Seat 1: Supermegopro ($100 in chips) 
Seat 2: ptolejmus ($11.50 in chips) 
Seat 3: reeqar ($100 in chips) 
Seat 4: b2k-Snick ($100 in chips) 
Seat 5: Marijo222 ($55.46 in chips) 
Seat 6: vezis3 ($136.28 in chips) 
Marijo222: posts small blind $0.50
vezis3: posts big blind $1
*** HOLE CARDS ***
Supermegopro: folds 
Supermegopro leaves the table
ptolejmus: folds 
reeqar: folds 
b2k-Snick: folds 
Marijo222: raises $2 to $3
vezis3: calls $2
*** FLOP *** [4h Js 2s]
Marijo222: bets $1
vezis3: calls $1
*** TURN *** [4h Js 2s] [7s]
Marijo222: bets $1
vezis3: calls $1
*** RIVER *** [4h Js 2s 7s] [Qs]
Marijo222: checks 
vezis3: bets $5
Marijo222: folds 
Uncalled bet ($5) returned to vezis3
Fold Your Cats joins the table at seat #1 
vezis3 collected $9.50 from pot
vezis3: doesn't show hand 
*** SUMMARY ***
Total pot $10 | Rake $0.50 
Board [4h Js 2s 7s Qs]
Seat 1: Supermegopro folded before Flop (didn't bet)
Seat 2: ptolejmus folded before Flop (didn't bet)
Seat 3: reeqar folded before Flop (didn't bet)
Seat 4: b2k-Snick (button) folded before Flop (didn't bet)
Seat 5: Marijo222 (small blind) folded on the River
Seat 6: vezis3 (big blind) collected ($9.50)



PokerStars Hand #254410773651:  Hold'em No Limit ($0.50/$1.00 USD) - 2025/01/17 5:49:52 WET [2025/01/17 0:49:52 ET]
Table 'Sergestus III' 6-max Seat #5 is the button
Seat 1: Fold Your Cats ($100 in chips) 
Seat 2: ptolejmus ($11.50 in chips) 
Seat 3: reeqar ($100 in chips) 
Seat 4: b2k-Snick ($100 in chips) 
Seat 5: Marijo222 ($50.46 in chips) 
Seat 6: vezis3 ($140.78 in chips) 
vezis3: posts small blind $0.50
Fold Your Cats: posts big blind $1
*** HOLE CARDS ***
ptolejmus: folds 
reeqar: raises $1.50 to $2.50
b2k-Snick: folds 
Marijo222: folds 
vezis3: folds 
Fold Your Cats: calls $1.50
*** FLOP *** [6s 9d 4c]
Fold Your Cats: checks 
reeqar: bets $1.72
Fold Your Cats: calls $1.72
*** TURN *** [6s 9d 4c] [Qc]
Fold Your Cats: checks 
reeqar: bets $12.74
Fold Your Cats: folds 
Uncalled bet ($12.74) returned to reeqar
reeqar collected $8.49 from pot
reeqar: doesn't show hand 
*** SUMMARY ***
Total pot $8.94 | Rake $0.45 
Board [6s 9d 4c Qc]
Seat 1: Fold Your Cats (big blind) folded on the Turn
Seat 2: ptolejmus folded before Flop (didn't bet)
Seat 3: reeqar collected ($8.49)
Seat 4: b2k-Snick folded before Flop (didn't bet)
Seat 5: Marijo222 (button) folded before Flop (didn't bet)
Seat 6: vezis3 (small blind) folded before Flop



PokerStars Hand #254410777053:  Hold'em No Limit ($0.50/$1.00 USD) - 2025/01/17 5:50:34 WET [2025/01/17 0:50:34 ET]
Table 'Sergestus III' 6-max Seat #6 is the button
Seat 1: Fold Your Cats ($100 in chips) 
Seat 2: ptolejmus ($11.50 in chips) 
Seat 3: reeqar ($104.27 in chips) 
Seat 4: b2k-Snick ($100 in chips) 
Seat 5: Marijo222 ($50.46 in chips) 
Seat 6: vezis3 ($140.28 in chips) 
Fold Your Cats: posts small blind $0.50
ptolejmus: posts big blind $1
*** HOLE CARDS ***
reeqar: folds 
b2k-Snick: folds 
Marijo222: folds 
vezis3: folds 
Fold Your Cats: folds 
Uncalled bet ($0.50) returned to ptolejmus
ptolejmus collected $1 from pot
*** SUMMARY ***
Total pot $1 | Rake $0 
Seat 1: Fold Your Cats (small blind) folded before Flop
Seat 2: ptolejmus (big blind) collected ($1)
Seat 3: reeqar folded before Flop (didn't bet)
Seat 4: b2k-Snick folded before Flop (didn't bet)
Seat 5: Marijo222 folded before Flop (didn't bet)
Seat 6: vezis3 (button) folded before Flop (didn't bet)



PokerStars Hand #254410778844:  Hold'em No Limit ($0.50/$1.00 USD) - 2025/01/17 5:50:57 WET [2025/01/17 0:50:57 ET]
Table 'Sergestus III' 6-max Seat #1 is the button
Seat 3: reeqar ($104.27 in chips) is sitting out
Seat 4: b2k-Snick ($100 in chips) is sitting out
Seat 1: Fold Your Cats ($100 in chips) 
Seat 2: ptolejmus ($12 in chips) 
Seat 5: Marijo222 ($50.46 in chips) 
Seat 6: vezis3 ($140.28 in chips) 
ptolejmus: posts small blind $0.50
reeqar: is sitting out 
b2k-Snick: is sitting out 
Marijo222: posts big blind $1
*** HOLE CARDS ***
b2k-Snick leaves the table
reeqar leaves the table
vezis3: folds 
Fold Your Cats: folds 
ptolejmus: folds 
Uncalled bet ($0.50) returned to Marijo222
Marijo222 collected $1 from pot
*** SUMMARY ***
Total pot $1 | Rake $0 
Seat 3: reeqar
Seat 4: b2k-Snick
Seat 1: Fold Your Cats (button) folded before Flop (didn't bet)
Seat 2: ptolejmus (small blind) folded before Flop
Seat 5: Marijo222 (big blind) collected ($1)
Seat 6: vezis3 folded before Flop (didn't bet)



PokerStars Hand #254410780601:  Hold'em No Limit ($0.50/$1.00 USD) - 2025/01/17 5:51:19 WET [2025/01/17 0:51:19 ET]
Table 'Sergestus III' 6-max Seat #2 is the button
Seat 1: Fold Your Cats ($100 in chips) 
Seat 2: ptolejmus ($11.50 in chips) 
Seat 5: Marijo222 ($50.96 in chips) 
Seat 6: vezis3 ($140.28 in chips) 
Marijo222: posts small blind $0.50
vezis3: posts big blind $1
*** HOLE CARDS ***
Fold Your Cats: folds 
ptolejmus: raises $1 to $2
Marijo222: folds 
vezis3: folds 
Uncalled bet ($1) returned to ptolejmus
ptolejmus collected $2.50 from pot
*** SUMMARY ***
Total pot $2.50 | Rake $0 
Seat 1: Fold Your Cats folded before Flop (didn't bet)
Seat 2: ptolejmus (button) collected ($2.50)
Seat 5: Marijo222 (small blind) folded before Flop
Seat 6: vezis3 (big blind) folded before Flop



PokerStars Hand #254410783272:  Hold'em No Limit ($0.50/$1.00 USD) - 2025/01/17 5:51:52 WET [2025/01/17 0:51:52 ET]
Table 'Sergestus III' 6-max Seat #5 is the button
Seat 1: Fold Your Cats ($100 in chips) 
Seat 2: ptolejmus ($13 in chips) 
Seat 5: Marijo222 ($50.46 in chips) 
Seat 6: vezis3 ($139.28 in chips) 
vezis3: posts small blind $0.50
Fold Your Cats: posts big blind $1
*** HOLE CARDS ***
ptolejmus: folds 
Marijo222: raises $1 to $2
vezis3: folds 
Fold Your Cats: calls $1
*** FLOP *** [7d 7c 8d]
Fold Your Cats: checks 
Marijo222: bets $1
Fold Your Cats: raises $3 to $4
Marijo222: folds 
Uncalled bet ($3) returned to Fold Your Cats
Fold Your Cats collected $6.18 from pot
Fold Your Cats: doesn't show hand 
*** SUMMARY ***
Total pot $6.50 | Rake $0.32 
Board [7d 7c 8d]
Seat 1: Fold Your Cats (big blind) collected ($6.18)
Seat 2: ptolejmus folded before Flop (didn't bet)
Seat 5: Marijo222 (button) folded on the Flop
Seat 6: vezis3 (small blind) folded before Flop



PokerStars Hand #254410785703:  Hold'em No Limit ($0.50/$1.00 USD) - 2025/01/17 5:52:23 WET [2025/01/17 0:52:23 ET]
Table 'Sergestus III' 6-max Seat #6 is the button
Seat 1: Fold Your Cats ($103.18 in chips) 
Seat 2: ptolejmus ($13 in chips) 
Seat 5: Marijo222 ($47.46 in chips) 
Seat 6: vezis3 ($138.78 in chips) 
Fold Your Cats: posts small blind $0.50
ptolejmus: posts big blind $1
*** HOLE CARDS ***
Marijo222: raises $1 to $2
vezis3: folds 
Fold Your Cats: folds 
ptolejmus: folds 
Uncalled bet ($1) returned to Marijo222
Marijo222 collected $2.50 from pot
*** SUMMARY ***
Total pot $2.50 | Rake $0 
Seat 1: Fold Your Cats (small blind) folded before Flop
Seat 2: ptolejmus (big blind) folded before Flop
Seat 5: Marijo222 collected ($2.50)
Seat 6: vezis3 (button) folded before Flop (didn't bet)



PokerStars Hand #254410786795:  Hold'em No Limit ($0.50/$1.00 USD) - 2025/01/17 5:52:36 WET [2025/01/17 0:52:36 ET]
Table 'Sergestus III' 6-max Seat #1 is the button
Seat 1: Fold Your Cats ($102.68 in chips) 
Seat 2: ptolejmus ($12 in chips) 
Seat 5: Marijo222 ($48.96 in chips) 
Seat 6: vezis3 ($138.78 in chips) 
ptolejmus: posts small blind $0.50
Marijo222: posts big blind $1
*** HOLE CARDS ***
vezis3: folds 
Fold Your Cats: raises $1 to $2
ptolejmus: folds 
Marijo222: folds 
Uncalled bet ($1) returned to Fold Your Cats
Fold Your Cats collected $2.50 from pot
Fold Your Cats: doesn't show hand 
*** SUMMARY ***
Total pot $2.50 | Rake $0 
Seat 1: Fold Your Cats (button) collected ($2.50)
Seat 2: ptolejmus (small blind) folded before Flop
Seat 5: Marijo222 (big blind) folded before Flop
Seat 6: vezis3 folded before Flop (didn't bet)



PokerStars Hand #254410788966:  Hold'em No Limit ($0.50/$1.00 USD) - 2025/01/17 5:53:03 WET [2025/01/17 0:53:03 ET]
Table 'Sergestus III' 6-max Seat #2 is the button
Seat 1: Fold Your Cats ($104.18 in chips) 
Seat 2: ptolejmus ($11.50 in chips) 
Seat 5: Marijo222 ($47.96 in chips) 
Seat 6: vezis3 ($138.78 in chips) 
Marijo222: posts small blind $0.50
vezis3: posts big blind $1
*** HOLE CARDS ***
Fold Your Cats: raises $1 to $2
ptolejmus: folds 
Marijo222: folds 
vezis3: folds 
Uncalled bet ($1) returned to Fold Your Cats
Fold Your Cats collected $2.50 from pot
Fold Your Cats: doesn't show hand 
*** SUMMARY ***
Total pot $2.50 | Rake $0 
Seat 1: Fold Your Cats collected ($2.50)
Seat 2: ptolejmus (button) folded before Flop (didn't bet)
Seat 5: Marijo222 (small blind) folded before Flop
Seat 6: vezis3 (big blind) folded before Flop



PokerStars Hand #254410790299:  Hold'em No Limit ($0.50/$1.00 USD) - 2025/01/17 5:53:20 WET [2025/01/17 0:53:20 ET]
Table 'Sergestus III' 6-max Seat #5 is the button
Seat 1: Fold Your Cats ($105.68 in chips) 
Seat 2: ptolejmus ($11.50 in chips) 
Seat 5: Marijo222 ($47.46 in chips) 
Seat 6: vezis3 ($137.78 in chips) 
vezis3: posts small blind $0.50
Fold Your Cats: posts big blind $1
*** HOLE CARDS ***
ptolejmus: folds 
Marijo222: raises $2 to $3
vezis3: raises $9 to $12
Fold Your Cats: folds 
Marijo222: calls $9
*** FLOP *** [8h Ad 2d]
vezis3: bets $7.92
Marijo222: calls $7.92
*** TURN *** [8h Ad 2d] [8c]
vezis3: checks 
Marijo222: checks 
*** RIVER *** [8h Ad 2d 8c] [9d]
vezis3: bets $30.68
Marijo222: calls $27.54 and is all-in
Uncalled bet ($3.14) returned to vezis3
*** SHOW DOWN ***
vezis3: shows [Td As] (two pair, Aces and Eights)
Marijo222: shows [Ah Jh] (two pair, Aces and Eights - Jack kicker)
Marijo222 collected $94.92 from pot
*** SUMMARY ***
Total pot $95.92 | Rake $1 
Board [8h Ad 2d 8c 9d]
Seat 1: Fold Your Cats (big blind) folded before Flop
Seat 2: ptolejmus folded before Flop (didn't bet)
Seat 5: Marijo222 (button) showed [Ah Jh] and won ($94.92) with two pair, Aces and Eights
Seat 6: vezis3 (small blind) showed [Td As] and lost with two pair, Aces and Eights



PokerStars Hand #254410794418:  Hold'em No Limit ($0.50/$1.00 USD) - 2025/01/17 5:54:11 WET [2025/01/17 0:54:11 ET]
Table 'Sergestus III' 6-max Seat #6 is the button
Seat 1: Fold Your Cats ($104.68 in chips) 
Seat 2: ptolejmus ($11.50 in chips) 
Seat 5: Marijo222 ($94.92 in chips) 
Seat 6: vezis3 ($100 in chips) 
Fold Your Cats: posts small blind $0.50
ptolejmus: posts big blind $1
*** HOLE CARDS ***
Marijo222: folds 
vezis3: folds 
Fold Your Cats: folds 
Uncalled bet ($0.50) returned to ptolejmus
ptolejmus collected $1 from pot
*** SUMMARY ***
Total pot $1 | Rake $0 
Seat 1: Fold Your Cats (small blind) folded before Flop
Seat 2: ptolejmus (big blind) collected ($1)
Seat 5: Marijo222 folded before Flop (didn't bet)
Seat 6: vezis3 (button) folded before Flop (didn't bet)



PokerStars Hand #254410795780:  Hold'em No Limit ($0.50/$1.00 USD) - 2025/01/17 5:54:28 WET [2025/01/17 0:54:28 ET]
Table 'Sergestus III' 6-max Seat #1 is the button
Seat 1: Fold Your Cats ($104.18 in chips) 
Seat 2: ptolejmus ($12 in chips) 
Seat 5: Marijo222 ($94.92 in chips) 
Seat 6: vezis3 ($100 in chips) 
ptolejmus: posts small blind $0.50
Marijo222: posts big blind $1
*** HOLE CARDS ***
vezis3: folds 
Fold Your Cats: folds 
ptolejmus: folds 
Uncalled bet ($0.50) returned to Marijo222
Marijo222 collected $1 from pot
*** SUMMARY ***
Total pot $1 | Rake $0 
Seat 1: Fold Your Cats (button) folded before Flop (didn't bet)
Seat 2: ptolejmus (small blind) folded before Flop
Seat 5: Marijo222 (big blind) collected ($1)
Seat 6: vezis3 folded before Flop (didn't bet)



PokerStars Hand #254410796557:  Hold'em No Limit ($0.50/$1.00 USD) - 2025/01/17 5:54:38 WET [2025/01/17 0:54:38 ET]
Table 'Sergestus III' 6-max Seat #2 is the button
Seat 1: Fold Your Cats ($104.18 in chips) 
Seat 2: ptolejmus ($11.50 in chips) 
Seat 5: Marijo222 ($95.42 in chips) 
Seat 6: vezis3 ($100 in chips) 
Marijo222: posts small blind $0.50
vezis3: posts big blind $1
*** HOLE CARDS ***
Fold Your Cats: folds 
ptolejmus: folds 
Marijo222: folds 
Uncalled bet ($0.50) returned to vezis3
vezis3 collected $1 from pot
vezis3: doesn't show hand 
*** SUMMARY ***
Total pot $1 | Rake $0 
Seat 1: Fold Your Cats folded before Flop (didn't bet)
Seat 2: ptolejmus (button) folded before Flop (didn't bet)
Seat 5: Marijo222 (small blind) folded before Flop
Seat 6: vezis3 (big blind) collected ($1)



PokerStars Hand #254410797287:  Hold'em No Limit ($0.50/$1.00 USD) - 2025/01/17 5:54:47 WET [2025/01/17 0:54:47 ET]
Table 'Sergestus III' 6-max Seat #5 is the button
Seat 1: Fold Your Cats ($104.18 in chips) 
Seat 2: ptolejmus ($11.50 in chips) 
Seat 5: Marijo222 ($94.92 in chips) 
Seat 6: vezis3 ($100.50 in chips) 
vezis3: posts small blind $0.50
Fold Your Cats: posts big blind $1
*** HOLE CARDS ***
ptolejmus: folds 
Marijo222: folds 
Ryantoland25 joins the table at seat #3 
vezis3: raises $2 to $3
Ryantoland25 is disconnected 
Desverdi joins the table at seat #4 
Desverdi is disconnected 
Fold Your Cats: calls $2
*** FLOP *** [Qs Th 5d]
vezis3: bets $4.39
Fold Your Cats: calls $4.39
*** TURN *** [Qs Th 5d] [8d]
vezis3: bets $10.81
Fold Your Cats: calls $10.81
*** RIVER *** [Qs Th 5d 8d] [Tc]
vezis3: bets $38.94
Fold Your Cats: calls $38.94
*** SHOW DOWN ***
vezis3: shows [Jh 9h] (a straight, Eight to Queen)
Fold Your Cats: mucks hand 
vezis3 collected $113.28 from pot
*** SUMMARY ***
Total pot $114.28 | Rake $1 
Board [Qs Th 5d 8d Tc]
Seat 1: Fold Your Cats (big blind) mucked
Seat 2: ptolejmus folded before Flop (didn't bet)
Seat 5: Marijo222 (button) folded before Flop (didn't bet)
Seat 6: vezis3 (small blind) showed [Jh 9h] and won ($113.28) with a straight, Eight to Queen



PokerStars Hand #254410800585:  Hold'em No Limit ($0.50/$1.00 USD) - 2025/01/17 5:55:32 WET [2025/01/17 0:55:32 ET]
Table 'Sergestus III' 6-max Seat #6 is the button
Seat 4: Desverdi ($10 in chips) is sitting out
Seat 1: Fold Your Cats ($100 in chips) 
Seat 2: ptolejmus ($11.50 in chips) 
Seat 3: Ryantoland25 ($49.15 in chips) 
Seat 5: Marijo222 ($94.92 in chips) 
Seat 6: vezis3 ($156.64 in chips) 
Fold Your Cats: posts small blind $0.50
ptolejmus: posts big blind $1
Ryantoland25: posts big blind $1
Desverdi: sits out 
*** HOLE CARDS ***
Ryantoland25: checks 
Marijo222: folds 
vezis3: raises $3 to $4
Fold Your Cats: folds 
ptolejmus: folds 
Ryantoland25: folds 
Uncalled bet ($3) returned to vezis3
vezis3 collected $3.50 from pot
vezis3: doesn't show hand 
*** SUMMARY ***
Total pot $3.50 | Rake $0 
Seat 4: Desverdi
Seat 1: Fold Your Cats (small blind) folded before Flop
Seat 2: ptolejmus (big blind) folded before Flop
Seat 3: Ryantoland25 folded before Flop (didn't bet)
Seat 5: Marijo222 folded before Flop (didn't bet)
Seat 6: vezis3 (button) collected ($3.50)



PokerStars Hand #254410801870:  Hold'em No Limit ($0.50/$1.00 USD) - 2025/01/17 5:55:52 WET [2025/01/17 0:55:52 ET]
Table 'Sergestus III' 6-max Seat #1 is the button
Seat 4: Desverdi ($10 in chips) is sitting out
Seat 1: Fold Your Cats ($100 in chips) 
Seat 2: ptolejmus ($10.50 in chips) 
Seat 3: Ryantoland25 ($48.15 in chips) 
Seat 5: Marijo222 ($94.92 in chips) 
Seat 6: vezis3 ($159.14 in chips) 
ptolejmus: posts small blind $0.50
Ryantoland25: posts big blind $1
Desverdi: sits out 
*** HOLE CARDS ***
Marijo222: raises $1 to $2
vezis3: folds 
Fold Your Cats: raises $5 to $7
ptolejmus: folds 
Ryantoland25: folds 
Marijo222: folds 
Uncalled bet ($5) returned to Fold Your Cats
Fold Your Cats collected $5.50 from pot
Fold Your Cats: doesn't show hand 
*** SUMMARY ***
Total pot $5.50 | Rake $0 
Seat 4: Desverdi
Seat 1: Fold Your Cats (button) collected ($5.50)
Seat 2: ptolejmus (small blind) folded before Flop
Seat 3: Ryantoland25 (big blind) folded before Flop
Seat 5: Marijo222 folded before Flop
Seat 6: vezis3 folded before Flop (didn't bet)



PokerStars Hand #254410803361:  Hold'em No Limit ($0.50/$1.00 USD) - 2025/01/17 5:56:14 WET [2025/01/17 0:56:14 ET]
Table 'Sergestus III' 6-max Seat #2 is the button
Seat 1: Fold Your Cats ($103.50 in chips) 
Seat 2: ptolejmus ($10 in chips) 
Seat 3: Ryantoland25 ($47.15 in chips) 
Seat 4: Desverdi ($10 in chips) 
Seat 5: Marijo222 ($92.92 in chips) 
Seat 6: vezis3 ($159.14 in chips) 
Ryantoland25: posts small blind $0.50
Desverdi: posts big blind $1
*** HOLE CARDS ***
Marijo222: raises $1 to $2
vezis3: folds 
Fold Your Cats: folds 
ptolejmus: folds 
Ryantoland25: calls $1.50
Desverdi: calls $1
*** FLOP *** [5c Js 6s]
Ryantoland25: checks 
Desverdi: bets $1
Marijo222: raises $3.85 to $4.85
Ryantoland25: folds 
Desverdi: raises $3.15 to $8 and is all-in
Marijo222: calls $3.15
*** TURN *** [5c Js 6s] [8s]
*** RIVER *** [5c Js 6s 8s] [9d]
*** SHOW DOWN ***
Desverdi: shows [Ts Jd] (a pair of Jacks)
Marijo222: shows [Qd Qc] (a pair of Queens)
Marijo222 cashed out the hand for $15.80 | Cash Out Fee $0.32
*** SUMMARY ***
Total pot $22 | Rake $1.10 
Board [5c Js 6s 8s 9d]
Seat 1: Fold Your Cats folded before Flop (didn't bet)
Seat 2: ptolejmus (button) folded before Flop (didn't bet)
Seat 3: Ryantoland25 (small blind) folded on the Flop
Seat 4: Desverdi (big blind) showed [Ts Jd] and lost with a pair of Jacks
Seat 5: Marijo222 showed [Qd Qc] and won ($20.90) with a pair of Queens (pot not awarded as player cashed out)
Seat 6: vezis3 folded before Flop (didn't bet)



PokerStars Hand #254410805922:  Hold'em No Limit ($0.50/$1.00 USD) - 2025/01/17 5:56:52 WET [2025/01/17 0:56:52 ET]
Table 'Sergestus III' 6-max Seat #3 is the button
Seat 4: Desverdi ($0 in chips) is sitting out
Seat 1: Fold Your Cats ($103.50 in chips) 
Seat 2: ptolejmus ($10 in chips) 
Seat 3: Ryantoland25 ($45.15 in chips) 
Seat 5: Marijo222 ($98.72 in chips) 
Seat 6: vezis3 ($159.14 in chips) 
Marijo222: posts small blind $0.50
vezis3: posts big blind $1
*** HOLE CARDS ***
Fold Your Cats: folds 
ptolejmus: raises $1 to $2
Ryantoland25: calls $2
Marijo222: calls $1.50
vezis3: folds 
*** FLOP *** [2s 4d Th]
Marijo222: checks 
ptolejmus: bets $8 and is all-in
Ryantoland25: folds 
Marijo222: folds 
Uncalled bet ($8) returned to ptolejmus
ptolejmus collected $6.65 from pot
*** SUMMARY ***
Total pot $7 | Rake $0.35 
Board [2s 4d Th]
Seat 4: Desverdi
Seat 1: Fold Your Cats folded before Flop (didn't bet)
Seat 2: ptolejmus collected ($6.65)
Seat 3: Ryantoland25 (button) folded on the Flop
Seat 5: Marijo222 (small blind) folded on the Flop
Seat 6: vezis3 (big blind) folded before Flop



PokerStars Hand #254410808310:  Hold'em No Limit ($0.50/$1.00 USD) - 2025/01/17 5:57:28 WET [2025/01/17 0:57:28 ET]
Table 'Sergestus III' 6-max Seat #5 is the button
Seat 1: Fold Your Cats ($103.50 in chips) 
Seat 2: ptolejmus ($14.65 in chips) 
Seat 3: Ryantoland25 ($43.15 in chips) 
Seat 4: Desverdi ($62.25 in chips) 
Seat 5: Marijo222 ($96.72 in chips) 
Seat 6: vezis3 ($158.14 in chips) 
vezis3: posts small blind $0.50
Fold Your Cats: posts big blind $1
Desverdi: posts small blind $0.50
*** HOLE CARDS ***
ptolejmus: folds 
Ryantoland25: raises $1 to $2
Desverdi: calls $2
Marijo222: folds 
vezis3: folds 
Fold Your Cats: folds 
*** FLOP *** [4c Td Ks]
Ryantoland25: bets $2
Desverdi: folds 
Uncalled bet ($2) returned to Ryantoland25
Ryantoland25 collected $5.70 from pot
*** SUMMARY ***
Total pot $6 | Rake $0.30 
Board [4c Td Ks]
Seat 1: Fold Your Cats (big blind) folded before Flop
Seat 2: ptolejmus folded before Flop (didn't bet)
Seat 3: Ryantoland25 collected ($5.70)
Seat 4: Desverdi folded on the Flop
Seat 5: Marijo222 (button) folded before Flop (didn't bet)
Seat 6: vezis3 (small blind) folded before Flop



PokerStars Hand #254410809479:  Hold'em No Limit ($0.50/$1.00 USD) - 2025/01/17 5:57:45 WET [2025/01/17 0:57:45 ET]
Table 'Sergestus III' 6-max Seat #6 is the button
Seat 1: Fold Your Cats ($102.50 in chips) 
Seat 2: ptolejmus ($14.65 in chips) 
Seat 3: Ryantoland25 ($46.85 in chips) 
Seat 4: Desverdi ($59.75 in chips) 
Seat 5: Marijo222 ($96.72 in chips) 
Seat 6: vezis3 ($157.64 in chips) 
Fold Your Cats: posts small blind $0.50
ptolejmus: posts big blind $1
*** HOLE CARDS ***
Ryantoland25: folds 
Desverdi: raises $1 to $2
Marijo222: calls $2
vezis3: folds 
Fold Your Cats: folds 
ptolejmus: folds 
*** FLOP *** [Qh 4d 5c]
Desverdi: bets $1
Marijo222: calls $1
*** TURN *** [Qh 4d 5c] [6h]
Desverdi: bets $1
Marijo222: calls $1
*** RIVER *** [Qh 4d 5c 6h] [9c]
Desverdi: bets $6
Marijo222: folds 
Uncalled bet ($6) returned to Desverdi
Desverdi collected $9.02 from pot
*** SUMMARY ***
Total pot $9.50 | Rake $0.48 
Board [Qh 4d 5c 6h 9c]
Seat 1: Fold Your Cats (small blind) folded before Flop
Seat 2: ptolejmus (big blind) folded before Flop
Seat 3: Ryantoland25 folded before Flop (didn't bet)
Seat 4: Desverdi collected ($9.02)
Seat 5: Marijo222 folded on the River
Seat 6: vezis3 (button) folded before Flop (didn't bet)



PokerStars Hand #254410812781:  Hold'em No Limit ($0.50/$1.00 USD) - 2025/01/17 5:58:34 WET [2025/01/17 0:58:34 ET]
Table 'Sergestus III' 6-max Seat #1 is the button
Seat 1: Fold Your Cats ($102 in chips) 
Seat 2: ptolejmus ($13.65 in chips) 
Seat 3: Ryantoland25 ($46.85 in chips) 
Seat 4: Desverdi ($64.77 in chips) 
Seat 5: Marijo222 ($92.72 in chips) 
Seat 6: vezis3 ($157.64 in chips) 
ptolejmus: posts small blind $0.50
Ryantoland25: posts big blind $1
*** HOLE CARDS ***
Desverdi: folds 
Marijo222: folds 
vezis3: folds 
Fold Your Cats: folds 
ptolejmus: folds 
Uncalled bet ($0.50) returned to Ryantoland25
Ryantoland25 collected $1 from pot
*** SUMMARY ***
Total pot $1 | Rake $0 
Seat 1: Fold Your Cats (button) folded before Flop (didn't bet)
Seat 2: ptolejmus (small blind) folded before Flop
Seat 3: Ryantoland25 (big blind) collected ($1)
Seat 4: Desverdi folded before Flop (didn't bet)
Seat 5: Marijo222 folded before Flop (didn't bet)
Seat 6: vezis3 folded before Flop (didn't bet)



PokerStars Hand #254410814094:  Hold'em No Limit ($0.50/$1.00 USD) - 2025/01/17 5:58:52 WET [2025/01/17 0:58:52 ET]
Table 'Sergestus III' 6-max Seat #2 is the button
Seat 1: Fold Your Cats ($102 in chips) 
Seat 2: ptolejmus ($13.15 in chips) 
Seat 3: Ryantoland25 ($47.35 in chips) 
Seat 4: Desverdi ($64.77 in chips) 
Seat 5: Marijo222 ($92.72 in chips) 
Seat 6: vezis3 ($157.64 in chips) 
Ryantoland25: posts small blind $0.50
Desverdi: posts big blind $1
*** HOLE CARDS ***
Marijo222: folds 
vezis3: raises $1 to $2
Fold Your Cats: folds 
ptolejmus: folds 
Ryantoland25: folds 
Marijo222 leaves the table
Desverdi: folds 
Uncalled bet ($1) returned to vezis3
vezis3 collected $2.50 from pot
vezis3: doesn't show hand 
*** SUMMARY ***
Total pot $2.50 | Rake $0 
Seat 1: Fold Your Cats folded before Flop (didn't bet)
Seat 2: ptolejmus (button) folded before Flop (didn't bet)
Seat 3: Ryantoland25 (small blind) folded before Flop
Seat 4: Desverdi (big blind) folded before Flop
Seat 5: Marijo222 folded before Flop (didn't bet)
Seat 6: vezis3 collected ($2.50)



PokerStars Hand #254410816622:  Hold'em No Limit ($0.50/$1.00 USD) - 2025/01/17 5:59:29 WET [2025/01/17 0:59:29 ET]
Table 'Sergestus III' 6-max Seat #3 is the button
Seat 1: Fold Your Cats ($102 in chips) 
Seat 2: ptolejmus ($13.15 in chips) 
Seat 3: Ryantoland25 ($46.85 in chips) 
Seat 4: Desverdi ($63.77 in chips) 
Seat 6: vezis3 ($159.14 in chips) 
reeqar joins the table at seat #5 
Desverdi: posts small blind $0.50
vezis3: posts big blind $1
*** HOLE CARDS ***
Fold Your Cats: folds 
ptolejmus: folds 
Ryantoland25: folds 
Desverdi: calls $0.50
vezis3: checks 
*** FLOP *** [Kh Ts 6s]
Desverdi: bets $1
vezis3: folds 
Uncalled bet ($1) returned to Desverdi
Desverdi collected $1.90 from pot
*** SUMMARY ***
Total pot $2 | Rake $0.10 
Board [Kh Ts 6s]
Seat 1: Fold Your Cats folded before Flop (didn't bet)
Seat 2: ptolejmus folded before Flop (didn't bet)
Seat 3: Ryantoland25 (button) folded before Flop (didn't bet)
Seat 4: Desverdi (small blind) collected ($1.90)
Seat 6: vezis3 (big blind) folded on the Flop



PokerStars Hand #254410817834:  Hold'em No Limit ($0.50/$1.00 USD) - 2025/01/17 5:59:47 WET [2025/01/17 0:59:47 ET]
Table 'Sergestus III' 6-max Seat #4 is the button
Seat 5: reeqar ($104.27 in chips) is sitting out
Seat 1: Fold Your Cats ($102 in chips) 
Seat 2: ptolejmus ($13.15 in chips) 
Seat 3: Ryantoland25 ($46.85 in chips) 
Seat 4: Desverdi ($64.67 in chips) 
Seat 6: vezis3 ($158.14 in chips) 
vezis3: posts small blind $0.50
Fold Your Cats: posts big blind $1
*** HOLE CARDS ***
ptolejmus: folds 
Ryantoland25: raises $1 to $2
Desverdi: folds 
vezis3: raises $8 to $10
Fold Your Cats: folds 
Ryantoland25: calls $8
*** FLOP *** [2s 3h 4c]
vezis3: bets $8.38
Ryantoland25: folds 
Uncalled bet ($8.38) returned to vezis3
vezis3 collected $19.95 from pot
vezis3: doesn't show hand 
*** SUMMARY ***
Total pot $21 | Rake $1.05 
Board [2s 3h 4c]
Seat 5: reeqar
Seat 1: Fold Your Cats (big blind) folded before Flop
Seat 2: ptolejmus folded before Flop (didn't bet)
Seat 3: Ryantoland25 folded on the Flop
Seat 4: Desverdi (button) folded before Flop (didn't bet)
Seat 6: vezis3 (small blind) collected ($19.95)



PokerStars Hand #254410819308:  Hold'em No Limit ($0.50/$1.00 USD) - 2025/01/17 6:00:09 WET [2025/01/17 1:00:09 ET]
Table 'Sergestus III' 6-max Seat #6 is the button
Seat 5: reeqar ($104.27 in chips) is sitting out
Seat 1: Fold Your Cats ($101 in chips) 
Seat 2: ptolejmus ($13.15 in chips) 
Seat 3: Ryantoland25 ($36.85 in chips) 
Seat 4: Desverdi ($64.67 in chips) 
Seat 6: vezis3 ($168.09 in chips) 
Fold Your Cats: posts small blind $0.50
ptolejmus: posts big blind $1
reeqar: sits out 
*** HOLE CARDS ***
Ryantoland25: raises $1 to $2
Desverdi: folds 
vezis3: folds 
Fold Your Cats: folds 
ptolejmus: calls $1
*** FLOP *** [Ac 6d 8c]
ptolejmus: checks 
Ryantoland25: bets $4.14
ptolejmus: folds 
Uncalled bet ($4.14) returned to Ryantoland25
Ryantoland25 collected $4.28 from pot
*** SUMMARY ***
Total pot $4.50 | Rake $0.22 
Board [Ac 6d 8c]
Seat 5: reeqar
Seat 1: Fold Your Cats (small blind) folded before Flop
Seat 2: ptolejmus (big blind) folded on the Flop
Seat 3: Ryantoland25 collected ($4.28)
Seat 4: Desverdi folded before Flop (didn't bet)
Seat 6: vezis3 (button) folded before Flop (didn't bet)



PokerStars Hand #254410822331:  Hold'em No Limit ($0.50/$1.00 USD) - 2025/01/17 6:00:51 WET [2025/01/17 1:00:51 ET]
Table 'Sergestus III' 6-max Seat #1 is the button
Seat 5: reeqar ($104.27 in chips) is sitting out
Seat 1: Fold Your Cats ($100.50 in chips) 
Seat 2: ptolejmus ($11.15 in chips) 
Seat 3: Ryantoland25 ($39.13 in chips) 
Seat 4: Desverdi ($64.67 in chips) 
Seat 6: vezis3 ($168.09 in chips) 
ptolejmus: posts small blind $0.50
Ryantoland25: posts big blind $1
reeqar: sits out 
*** HOLE CARDS ***
Desverdi: folds 
vezis3: raises $1.40 to $2.40
Fold Your Cats: folds 
ptolejmus: raises $8.75 to $11.15 and is all-in
Ryantoland25: folds 
vezis3: calls $8.75
*** FLOP *** [5s 9d 8h]
*** TURN *** [5s 9d 8h] [Ts]
*** RIVER *** [5s 9d 8h Ts] [4s]
*** SHOW DOWN ***
ptolejmus: shows [6c 6h] (a pair of Sixes)
vezis3: shows [Jd Kd] (high card King)
ptolejmus collected $22.14 from pot
*** SUMMARY ***
Total pot $23.30 | Rake $1.16 
Board [5s 9d 8h Ts 4s]
Seat 5: reeqar
Seat 1: Fold Your Cats (button) folded before Flop (didn't bet)
Seat 2: ptolejmus (small blind) showed [6c 6h] and won ($22.14) with a pair of Sixes
Seat 3: Ryantoland25 (big blind) folded before Flop
Seat 4: Desverdi folded before Flop (didn't bet)
Seat 6: vezis3 showed [Jd Kd] and lost with high card King



PokerStars Hand #254410825503:  Hold'em No Limit ($0.50/$1.00 USD) - 2025/01/17 6:01:31 WET [2025/01/17 1:01:31 ET]
Table 'Sergestus III' 6-max Seat #2 is the button
Seat 5: reeqar ($104.27 in chips) is sitting out
Seat 1: Fold Your Cats ($100.50 in chips) 
Seat 2: ptolejmus ($22.14 in chips) 
Seat 3: Ryantoland25 ($41.12 in chips) 
Seat 4: Desverdi ($64.67 in chips) 
Seat 6: vezis3 ($156.94 in chips) 
Ryantoland25: posts small blind $0.50
Desverdi: posts big blind $1
reeqar: sits out 
*** HOLE CARDS ***
vezis3: folds 
Fold Your Cats: folds 
ptolejmus: folds 
Ryantoland25: folds 
Uncalled bet ($0.50) returned to Desverdi
Desverdi collected $1 from pot
*** SUMMARY ***
Total pot $1 | Rake $0 
Seat 5: reeqar
Seat 1: Fold Your Cats folded before Flop (didn't bet)
Seat 2: ptolejmus (button) folded before Flop (didn't bet)
Seat 3: Ryantoland25 (small blind) folded before Flop
Seat 4: Desverdi (big blind) collected ($1)
Seat 6: vezis3 folded before Flop (didn't bet)



PokerStars Hand #254410827100:  Hold'em No Limit ($0.50/$1.00 USD) - 2025/01/17 6:01:52 WET [2025/01/17 1:01:52 ET]
Table 'Sergestus III' 6-max Seat #3 is the button
Seat 1: Fold Your Cats ($100.50 in chips) 
Seat 2: ptolejmus ($22.14 in chips) 
Seat 3: Ryantoland25 ($40.62 in chips) 
Seat 4: Desverdi ($65.17 in chips) 
Seat 5: reeqar ($104.27 in chips) 
Seat 6: vezis3 ($156.94 in chips) 
Desverdi: posts small blind $0.50
reeqar: posts big blind $1
*** HOLE CARDS ***
vezis3: raises $1 to $2
Fold Your Cats: folds 
ptolejmus: raises $2 to $4
Ryantoland25: calls $4
Desverdi: calls $3.50
reeqar: folds 
vezis3: calls $2
*** FLOP *** [5s 5d 6s]
Desverdi: checks 
vezis3: checks 
ptolejmus: bets $18.14 and is all-in
Ryantoland25: calls $18.14
Desverdi: folds 
vezis3: folds 
*** TURN *** [5s 5d 6s] [9d]
*** RIVER *** [5s 5d 6s 9d] [Js]
*** SHOW DOWN ***
ptolejmus: shows [Kd Ks] (two pair, Kings and Fives)
Ryantoland25: shows [7d 8d] (a straight, Five to Nine)
Ryantoland25 collected $50.78 from pot
*** SUMMARY ***
Total pot $53.28 | Rake $2.50 
Board [5s 5d 6s 9d Js]
Seat 1: Fold Your Cats folded before Flop (didn't bet)
Seat 2: ptolejmus showed [Kd Ks] and lost with two pair, Kings and Fives
Seat 3: Ryantoland25 (button) showed [7d 8d] and won ($50.78) with a straight, Five to Nine
Seat 4: Desverdi (small blind) folded on the Flop
Seat 5: reeqar (big blind) folded before Flop
Seat 6: vezis3 folded on the Flop



PokerStars Hand #254410831721:  Hold'em No Limit ($0.50/$1.00 USD) - 2025/01/17 6:02:51 WET [2025/01/17 1:02:51 ET]
Table 'Sergestus III' 6-max Seat #4 is the button
Seat 1: Fold Your Cats ($100.50 in chips) 
Seat 2: ptolejmus ($10 in chips) 
Seat 3: Ryantoland25 ($69.26 in chips) 
Seat 4: Desverdi ($61.17 in chips) 
Seat 5: reeqar ($103.27 in chips) 
Seat 6: vezis3 ($152.94 in chips) 
reeqar: posts small blind $0.50
vezis3: posts big blind $1
*** HOLE CARDS ***
Fold Your Cats: folds 
ptolejmus: raises $1 to $2
Ryantoland25: folds 
Desverdi: folds 
reeqar: folds 
vezis3: raises $10 to $12
Ryantoland25 leaves the table
ptolejmus: folds 
Uncalled bet ($10) returned to vezis3
vezis3 collected $4.50 from pot
vezis3: doesn't show hand 
*** SUMMARY ***
Total pot $4.50 | Rake $0 
Seat 1: Fold Your Cats folded before Flop (didn't bet)
Seat 2: ptolejmus folded before Flop
Seat 3: Ryantoland25 folded before Flop (didn't bet)
Seat 4: Desverdi (button) folded before Flop (didn't bet)
Seat 5: reeqar (small blind) folded before Flop
Seat 6: vezis3 (big blind) collected ($4.50)



PokerStars Hand #254410836952:  Hold'em No Limit ($0.50/$1.00 USD) - 2025/01/17 6:03:57 WET [2025/01/17 1:03:57 ET]
Table 'Sergestus III' 6-max Seat #5 is the button
Seat 1: Fold Your Cats ($100.50 in chips) 
Seat 2: ptolejmus ($10 in chips) 
Seat 4: Desverdi ($61.17 in chips) 
Seat 5: reeqar ($102.77 in chips) 
Seat 6: vezis3 ($155.44 in chips) 
vezis3: posts small blind $0.50
Fold Your Cats: posts big blind $1
*** HOLE CARDS ***
ptolejmus: folds 
Desverdi: folds 
reeqar: raises $1.50 to $2.50
vezis3: folds 
Fold Your Cats: folds 
Uncalled bet ($1.50) returned to reeqar
reeqar collected $2.50 from pot
reeqar: doesn't show hand 
*** SUMMARY ***
Total pot $2.50 | Rake $0 
Seat 1: Fold Your Cats (big blind) folded before Flop
Seat 2: ptolejmus folded before Flop (didn't bet)
Seat 4: Desverdi folded before Flop (didn't bet)
Seat 5: reeqar (button) collected ($2.50)
Seat 6: vezis3 (small blind) folded before Flop



PokerStars Hand #254410838538:  Hold'em No Limit ($0.50/$1.00 USD) - 2025/01/17 6:04:17 WET [2025/01/17 1:04:17 ET]
Table 'Sergestus III' 6-max Seat #6 is the button
Seat 2: ptolejmus ($10 in chips) is sitting out
Seat 1: Fold Your Cats ($100 in chips) 
Seat 4: Desverdi ($61.17 in chips) 
Seat 5: reeqar ($104.27 in chips) 
Seat 6: vezis3 ($154.94 in chips) 
Fold Your Cats: posts small blind $0.50
ptolejmus: is sitting out 
Desverdi: posts big blind $1
*** HOLE CARDS ***
reeqar: raises $1.50 to $2.50
vezis3: folds 
Fold Your Cats: folds 
Desverdi: folds 
Uncalled bet ($1.50) returned to reeqar
reeqar collected $2.50 from pot
reeqar: doesn't show hand 
*** SUMMARY ***
Total pot $2.50 | Rake $0 
Seat 2: ptolejmus
Seat 1: Fold Your Cats (small blind) folded before Flop
Seat 4: Desverdi (big blind) folded before Flop
Seat 5: reeqar collected ($2.50)
Seat 6: vezis3 (button) folded before Flop (didn't bet)



PokerStars Hand #254410839707:  Hold'em No Limit ($0.50/$1.00 USD) - 2025/01/17 6:04:33 WET [2025/01/17 1:04:33 ET]
Table 'Sergestus III' 6-max Seat #1 is the button
Seat 2: ptolejmus ($10 in chips) is sitting out
Seat 5: reeqar ($105.77 in chips) is sitting out
Seat 1: Fold Your Cats ($100 in chips) 
Seat 4: Desverdi ($60.17 in chips) 
Seat 6: vezis3 ($154.94 in chips) 
Desverdi: posts small blind $0.50
reeqar: is sitting out 
vezis3: posts big blind $1
*** HOLE CARDS ***
Fold Your Cats: folds 
reeqar leaves the table
Desverdi: folds 
Uncalled bet ($0.50) returned to vezis3
vezis3 collected $1 from pot
vezis3: doesn't show hand 
*** SUMMARY ***
Total pot $1 | Rake $0 
Seat 2: ptolejmus
Seat 5: reeqar
Seat 1: Fold Your Cats (button) folded before Flop (didn't bet)
Seat 4: Desverdi (small blind) folded before Flop
Seat 6: vezis3 (big blind) collected ($1)



PokerStars Hand #254410840376:  Hold'em No Limit ($0.50/$1.00 USD) - 2025/01/17 6:04:41 WET [2025/01/17 1:04:41 ET]
Table 'Sergestus III' 6-max Seat #4 is the button
Seat 1: Fold Your Cats ($100 in chips) is sitting out
Seat 2: ptolejmus ($10 in chips) 
Seat 4: Desverdi ($59.67 in chips) 
Seat 6: vezis3 ($155.44 in chips) 
vezis3: posts small blind $0.50
Fold Your Cats: is sitting out 
ptolejmus: posts big blind $1
*** HOLE CARDS ***
Fold Your Cats leaves the table
Desverdi: folds 
vezis3: folds 
Uncalled bet ($0.50) returned to ptolejmus
ptolejmus collected $1 from pot
*** SUMMARY ***
Total pot $1 | Rake $0 
Seat 1: Fold Your Cats
Seat 2: ptolejmus (big blind) collected ($1)
Seat 4: Desverdi (button) folded before Flop (didn't bet)
Seat 6: vezis3 (small blind) folded before Flop



PokerStars Hand #254410841028:  Hold'em No Limit ($0.50/$1.00 USD) - 2025/01/17 6:04:50 WET [2025/01/17 1:04:50 ET]
Table 'Sergestus III' 6-max Seat #6 is the button
Seat 2: ptolejmus ($10.50 in chips) 
Seat 4: Desverdi ($59.67 in chips) 
Seat 6: vezis3 ($154.94 in chips) 
ptolejmus: posts small blind $0.50
Desverdi: posts big blind $1
*** HOLE CARDS ***
vezis3: raises $1.40 to $2.40
Aki_Kalander joins the table at seat #3 
Aki_Kalander is disconnected 
ptolejmus: folds 
Desverdi: folds 
Uncalled bet ($1.40) returned to vezis3
vezis3 collected $2.50 from pot
vezis3: doesn't show hand 
Fold Your Cats joins the table at seat #1 
*** SUMMARY ***
Total pot $2.50 | Rake $0 
Seat 2: ptolejmus (small blind) folded before Flop
Seat 4: Desverdi (big blind) folded before Flop
Seat 6: vezis3 (button) collected ($2.50)



PokerStars Hand #254410930804:  Hold'em No Limit ($0.50/$1.00 USD) - 2025/01/17 6:24:42 WET [2025/01/17 1:24:42 ET]
Table 'Sergestus III' 6-max Seat #2 is the button
Seat 3: Aki_Kalander ($6.61 in chips) is sitting out
Seat 1: reeqar ($100 in chips) 
Seat 2: doctor vlad ($70.15 in chips) 
Seat 4: Desverdi ($28.19 in chips) 
Seat 5: MaRKiToScoK ($152.02 in chips) 
Seat 6: vezis3 ($127.55 in chips) 
Desverdi: posts small blind $0.50
MaRKiToScoK: posts big blind $1
*** HOLE CARDS ***
vezis3: folds 
reeqar: raises $1 to $2
doctor vlad: calls $2
Desverdi: folds 
MaRKiToScoK: calls $1
*** FLOP *** [5c 6c Qc]
MaRKiToScoK: checks 
reeqar: bets $2.04
doctor vlad: calls $2.04
MaRKiToScoK: calls $2.04
*** TURN *** [5c 6c Qc] [2h]
MaRKiToScoK: checks 
reeqar: bets $7.91
doctor vlad: folds 
MaRKiToScoK: calls $7.91
*** RIVER *** [5c 6c Qc 2h] [Kd]
MaRKiToScoK: checks 
reeqar: checks 
*** SHOW DOWN ***
MaRKiToScoK: shows [3c 8c] (a flush, Queen high)
reeqar: mucks hand 
MaRKiToScoK collected $27.02 from pot
*** SUMMARY ***
Total pot $28.44 | Rake $1.42 
Board [5c 6c Qc 2h Kd]
Seat 3: Aki_Kalander
Seat 1: reeqar mucked
Seat 2: doctor vlad (button) folded on the Turn
Seat 4: Desverdi (small blind) folded before Flop
Seat 5: MaRKiToScoK (big blind) showed [3c 8c] and won ($27.02) with a flush, Queen high
Seat 6: vezis3 folded before Flop (didn't bet)



PokerStars Hand #254410936943:  Hold'em No Limit ($0.50/$1.00 USD) - 2025/01/17 6:26:07 WET [2025/01/17 1:26:07 ET]
Table 'Sergestus III' 6-max Seat #4 is the button
Seat 3: Aki_Kalander ($6.61 in chips) is sitting out
Seat 1: reeqar ($100 in chips) 
Seat 2: doctor vlad ($66.11 in chips) 
Seat 4: Desverdi ($27.69 in chips) 
Seat 5: MaRKiToScoK ($167.09 in chips) 
Seat 6: vezis3 ($127.55 in chips) 
MaRKiToScoK: posts small blind $0.50
vezis3: posts big blind $1
*** HOLE CARDS ***
reeqar: folds 
doctor vlad: folds 
Desverdi: folds 
MaRKiToScoK: folds 
Uncalled bet ($0.50) returned to vezis3
vezis3 collected $1 from pot
vezis3: doesn't show hand 
*** SUMMARY ***
Total pot $1 | Rake $0 
Seat 3: Aki_Kalander
Seat 1: reeqar folded before Flop (didn't bet)
Seat 2: doctor vlad folded before Flop (didn't bet)
Seat 4: Desverdi (button) folded before Flop (didn't bet)
Seat 5: MaRKiToScoK (small blind) folded before Flop
Seat 6: vezis3 (big blind) collected ($1)



PokerStars Hand #254410938284:  Hold'em No Limit ($0.50/$1.00 USD) - 2025/01/17 6:26:25 WET [2025/01/17 1:26:25 ET]
Table 'Sergestus III' 6-max Seat #5 is the button
Seat 3: Aki_Kalander ($6.61 in chips) is sitting out
Seat 1: reeqar ($100 in chips) 
Seat 2: doctor vlad ($66.11 in chips) 
Seat 4: Desverdi ($27.69 in chips) 
Seat 5: MaRKiToScoK ($166.59 in chips) 
Seat 6: vezis3 ($128.05 in chips) 
vezis3: posts small blind $0.50
reeqar: posts big blind $1
*** HOLE CARDS ***
doctor vlad: raises $4 to $5
Desverdi: folds 
MaRKiToScoK: folds 
vezis3: folds 
reeqar: folds 
Uncalled bet ($4) returned to doctor vlad
doctor vlad collected $2.50 from pot
*** SUMMARY ***
Total pot $2.50 | Rake $0 
Seat 3: Aki_Kalander
Seat 1: reeqar (big blind) folded before Flop
Seat 2: doctor vlad collected ($2.50)
Seat 4: Desverdi folded before Flop (didn't bet)
Seat 5: MaRKiToScoK (button) folded before Flop (didn't bet)
Seat 6: vezis3 (small blind) folded before Flop



PokerStars Hand #254410941398:  Hold'em No Limit ($0.50/$1.00 USD) - 2025/01/17 6:27:08 WET [2025/01/17 1:27:08 ET]
Table 'Sergestus III' 6-max Seat #6 is the button
Seat 3: Aki_Kalander ($6.61 in chips) is sitting out
Seat 1: reeqar ($100 in chips) 
Seat 2: doctor vlad ($67.61 in chips) 
Seat 4: Desverdi ($27.69 in chips) 
Seat 5: MaRKiToScoK ($166.59 in chips) 
Seat 6: vezis3 ($127.55 in chips) 
reeqar: posts small blind $0.50
doctor vlad: posts big blind $1
*** HOLE CARDS ***
Desverdi: calls $1
MaRKiToScoK: folds 
vezis3: raises $3 to $4
reeqar: folds 
doctor vlad: calls $3
Desverdi: calls $3
*** FLOP *** [Ts Tc Jc]
doctor vlad: checks 
Desverdi: checks 
vezis3: checks 
*** TURN *** [Ts Tc Jc] [9c]
Aki_Kalander leaves the table
doctor vlad: bets $7
Desverdi: calls $7
vezis3: calls $7
*** RIVER *** [Ts Tc Jc 9c] [5h]
doctor vlad: bets $10
Desverdi: raises $6.69 to $16.69 and is all-in
vezis3: raises $47.31 to $64
doctor vlad: calls $46.61 and is all-in
Uncalled bet ($7.39) returned to vezis3
*** SHOW DOWN ***
vezis3: shows [Th Jd] (a full house, Tens full of Jacks)
doctor vlad: shows [5c 3c] (a flush, Jack high)
vezis3 collected $79.84 from side pot
Desverdi: shows [Qh 8h] (a straight, Eight to Queen)
vezis3 collected $81.07 from main pot
*** SUMMARY ***
Total pot $163.41 Main pot $81.07. Side pot $79.84. | Rake $2.50 
Board [Ts Tc Jc 9c 5h]
Seat 3: Aki_Kalander
Seat 1: reeqar (small blind) folded before Flop
Seat 2: doctor vlad (big blind) showed [5c 3c] and lost with a flush, Jack high
Seat 4: Desverdi showed [Qh 8h] and lost with a straight, Eight to Queen
Seat 5: MaRKiToScoK folded before Flop (didn't bet)
Seat 6: vezis3 (button) showed [Th Jd] and won ($160.91) with a full house, Tens full of Jacks



PokerStars Hand #254410946281:  Hold'em No Limit ($0.50/$1.00 USD) - 2025/01/17 6:28:15 WET [2025/01/17 1:28:15 ET]
Table 'Sergestus III' 6-max Seat #1 is the button
Seat 2: doctor vlad ($0 in chips) is sitting out
Seat 4: Desverdi ($0 in chips) is sitting out
Seat 1: reeqar ($100 in chips) 
Seat 5: MaRKiToScoK ($166.59 in chips) 
Seat 6: vezis3 ($220.85 in chips) 
MaRKiToScoK: posts small blind $0.50
vezis3: posts big blind $1
*** HOLE CARDS ***
reeqar: folds 
reeqar leaves the table
Supermegopro joins the table at seat #1 
MaRKiToScoK: folds 
Uncalled bet ($0.50) returned to vezis3
vezis3 collected $1 from pot
vezis3: doesn't show hand 
*** SUMMARY ***
Total pot $1 | Rake $0 
Seat 2: doctor vlad
Seat 4: Desverdi
Seat 1: reeqar (button) folded before Flop (didn't bet)
Seat 5: MaRKiToScoK (small blind) folded before Flop
Seat 6: vezis3 (big blind) collected ($1)



PokerStars Hand #254410947538:  Hold'em No Limit ($0.50/$1.00 USD) - 2025/01/17 6:28:33 WET [2025/01/17 1:28:33 ET]
Table 'Sergestus III' 6-max Seat #5 is the button
Seat 2: doctor vlad ($0 in chips) is sitting out
Seat 4: Desverdi ($0 in chips) is sitting out
Seat 1: Supermegopro ($100 in chips) 
Seat 5: MaRKiToScoK ($166.09 in chips) 
Seat 6: vezis3 ($221.35 in chips) 
vezis3: posts small blind $0.50
Supermegopro: posts big blind $1
*** HOLE CARDS ***
MaRKiToScoK: raises $1.50 to $2.50
vezis3: folds 
Supermegopro: folds 
Uncalled bet ($1.50) returned to MaRKiToScoK
MaRKiToScoK collected $2.50 from pot
*** SUMMARY ***
Total pot $2.50 | Rake $0 
Seat 2: doctor vlad
Seat 4: Desverdi
Seat 1: Supermegopro (big blind) folded before Flop
Seat 5: MaRKiToScoK (button) collected ($2.50)
Seat 6: vezis3 (small blind) folded before Flop



PokerStars Hand #254410948259:  Hold'em No Limit ($0.50/$1.00 USD) - 2025/01/17 6:28:42 WET [2025/01/17 1:28:42 ET]
Table 'Sergestus III' 6-max Seat #6 is the button
Seat 2: doctor vlad ($0 in chips) is sitting out
Seat 4: Desverdi ($0 in chips) is sitting out
Seat 1: Supermegopro ($100 in chips) 
Seat 5: MaRKiToScoK ($167.59 in chips) 
Seat 6: vezis3 ($220.85 in chips) 
Supermegopro: posts small blind $0.50
MaRKiToScoK: posts big blind $1
*** HOLE CARDS ***
vezis3: folds 
Supermegopro: raises $2 to $3
MaRKiToScoK: folds 
Uncalled bet ($2) returned to Supermegopro
Supermegopro collected $2 from pot
Supermegopro: doesn't show hand 
*** SUMMARY ***
Total pot $2 | Rake $0 
Seat 2: doctor vlad
Seat 4: Desverdi
Seat 1: Supermegopro (small blind) collected ($2)
Seat 5: MaRKiToScoK (big blind) folded before Flop
Seat 6: vezis3 (button) folded before Flop (didn't bet)



PokerStars Hand #254411035217:  Hold'em No Limit ($0.50/$1.00 USD) - 2025/01/17 6:48:36 WET [2025/01/17 1:48:36 ET]
Table 'Sergestus III' 6-max Seat #5 is the button
Seat 2: MaRKiToScoK ($166.59 in chips) is sitting out
Seat 3: CashfishT ($100 in chips) is sitting out
Seat 1: Supermegopro ($103 in chips) 
Seat 5: lnupoker ($32.23 in chips) 
Seat 6: MoRsCeReBruM ($101.40 in chips) 
MoRsCeReBruM: posts small blind $0.50
Supermegopro: posts big blind $1
MaRKiToScoK: sits out 
CashfishT: sits out 
*** HOLE CARDS ***
CashfishT leaves the table
lnupoker: folds 
MoRsCeReBruM: raises $2 to $3
Supermegopro: folds 
Uncalled bet ($2) returned to MoRsCeReBruM
MoRsCeReBruM collected $2 from pot
MoRsCeReBruM: doesn't show hand 
*** SUMMARY ***
Total pot $2 | Rake $0 
Seat 2: MaRKiToScoK
Seat 3: CashfishT
Seat 1: Supermegopro (big blind) folded before Flop
Seat 5: lnupoker (button) folded before Flop (didn't bet)
Seat 6: MoRsCeReBruM (small blind) collected ($2)



PokerStars Hand #254411036575:  Hold'em No Limit ($0.50/$1.00 USD) - 2025/01/17 6:48:55 WET [2025/01/17 1:48:55 ET]
Table 'Sergestus III' 6-max Seat #6 is the button
Seat 1: Supermegopro ($102 in chips) 
Seat 2: MaRKiToScoK ($166.59 in chips) 
Seat 5: lnupoker ($32.23 in chips) 
Seat 6: MoRsCeReBruM ($102.40 in chips) 
Supermegopro: posts small blind $0.50
MaRKiToScoK: posts big blind $1
*** HOLE CARDS ***
lnupoker: folds 
MoRsCeReBruM: folds 
Supermegopro: folds 
Uncalled bet ($0.50) returned to MaRKiToScoK
MaRKiToScoK collected $1 from pot
*** SUMMARY ***
Total pot $1 | Rake $0 
Seat 1: Supermegopro (small blind) folded before Flop
Seat 2: MaRKiToScoK (big blind) collected ($1)
Seat 5: lnupoker folded before Flop (didn't bet)
Seat 6: MoRsCeReBruM (button) folded before Flop (didn't bet)



PokerStars Hand #254411037797:  Hold'em No Limit ($0.50/$1.00 USD) - 2025/01/17 6:49:12 WET [2025/01/17 1:49:12 ET]
Table 'Sergestus III' 6-max Seat #1 is the button
Seat 1: Supermegopro ($101.50 in chips) 
Seat 2: MaRKiToScoK ($167.09 in chips) 
Seat 5: lnupoker ($32.23 in chips) 
Seat 6: MoRsCeReBruM ($102.40 in chips) 
MaRKiToScoK: posts small blind $0.50
lnupoker: posts big blind $1
*** HOLE CARDS ***
pngsix joins the table at seat #4 
MoRsCeReBruM: raises $1.20 to $2.20
Supermegopro: folds 
MaRKiToScoK: folds 
lnupoker: calls $1.20
*** FLOP *** [4h Tc Jd]
lnupoker: checks 
MoRsCeReBruM: bets $1.54
lnupoker: folds 
Uncalled bet ($1.54) returned to MoRsCeReBruM
peak joker33 joins the table at seat #3 
MoRsCeReBruM collected $4.66 from pot
MoRsCeReBruM: doesn't show hand 
*** SUMMARY ***
Total pot $4.90 | Rake $0.24 
Board [4h Tc Jd]
Seat 1: Supermegopro (button) folded before Flop (didn't bet)
Seat 2: MaRKiToScoK (small blind) folded before Flop
Seat 5: lnupoker (big blind) folded on the Flop
Seat 6: MoRsCeReBruM collected ($4.66)



PokerStars Hand #254411040212:  Hold'em No Limit ($0.50/$1.00 USD) - 2025/01/17 6:49:45 WET [2025/01/17 1:49:45 ET]
Table 'Sergestus III' 6-max Seat #2 is the button
Seat 3: peak joker33 ($100 in chips) is sitting out
Seat 4: pngsix ($53.60 in chips) is sitting out
Seat 1: Supermegopro ($101.50 in chips) 
Seat 2: MaRKiToScoK ($166.59 in chips) 
Seat 5: lnupoker ($30.03 in chips) 
Seat 6: MoRsCeReBruM ($104.86 in chips) 
lnupoker: posts small blind $0.50
MoRsCeReBruM: posts big blind $1
*** HOLE CARDS ***
Supermegopro: folds 
MaRKiToScoK: raises $1.50 to $2.50
lnupoker: folds 
MoRsCeReBruM: folds 
Uncalled bet ($1.50) returned to MaRKiToScoK
MaRKiToScoK collected $2.50 from pot
*** SUMMARY ***
Total pot $2.50 | Rake $0 
Seat 3: peak joker33
Seat 4: pngsix
Seat 1: Supermegopro folded before Flop (didn't bet)
Seat 2: MaRKiToScoK (button) collected ($2.50)
Seat 5: lnupoker (small blind) folded before Flop
Seat 6: MoRsCeReBruM (big blind) folded before Flop



PokerStars Hand #254411041163:  Hold'em No Limit ($0.50/$1.00 USD) - 2025/01/17 6:49:58 WET [2025/01/17 1:49:58 ET]
Table 'Sergestus III' 6-max Seat #5 is the button
Seat 3: peak joker33 ($100 in chips) is sitting out
Seat 1: Supermegopro ($101.50 in chips) 
Seat 2: MaRKiToScoK ($168.09 in chips) 
Seat 4: pngsix ($53.60 in chips) 
Seat 5: lnupoker ($29.53 in chips) 
Seat 6: MoRsCeReBruM ($103.86 in chips) 
MoRsCeReBruM: posts small blind $0.50
Supermegopro: posts big blind $1
peak joker33: sits out 
pngsix: posts big blind $1
*** HOLE CARDS ***
MaRKiToScoK: folds 
pngsix: checks 
lnupoker: folds 
MoRsCeReBruM: calls $0.50
Supermegopro: checks 
*** FLOP *** [5h 5d 7h]
MoRsCeReBruM: bets $1.50
Supermegopro: calls $1.50
pngsix: folds 
*** TURN *** [5h 5d 7h] [5c]
MoRsCeReBruM: bets $4.28
Supermegopro: folds 
Uncalled bet ($4.28) returned to MoRsCeReBruM
MoRsCeReBruM collected $5.70 from pot
MoRsCeReBruM: doesn't show hand 
*** SUMMARY ***
Total pot $6 | Rake $0.30 
Board [5h 5d 7h 5c]
Seat 3: peak joker33
Seat 1: Supermegopro (big blind) folded on the Turn
Seat 2: MaRKiToScoK folded before Flop (didn't bet)
Seat 4: pngsix folded on the Flop (didn't bet)
Seat 5: lnupoker (button) folded before Flop (didn't bet)
Seat 6: MoRsCeReBruM (small blind) collected ($5.70)



PokerStars Hand #254411044754:  Hold'em No Limit ($0.50/$1.00 USD) - 2025/01/17 6:50:48 WET [2025/01/17 1:50:48 ET]
Table 'Sergestus III' 6-max Seat #6 is the button
Seat 2: MaRKiToScoK ($168.09 in chips) is sitting out
Seat 1: Supermegopro ($100 in chips) 
Seat 3: peak joker33 ($100 in chips) 
Seat 4: pngsix ($52.60 in chips) 
Seat 5: lnupoker ($29.53 in chips) 
Seat 6: MoRsCeReBruM ($107.06 in chips) 
Supermegopro: posts small blind $0.50
MaRKiToScoK: is sitting out 
peak joker33: posts big blind $1
*** HOLE CARDS ***
pngsix: folds 
lnupoker: folds 
MoRsCeReBruM: folds 
Supermegopro: raises $2 to $3
peak joker33: folds 
Uncalled bet ($2) returned to Supermegopro
Supermegopro collected $2 from pot
Supermegopro: doesn't show hand 
*** SUMMARY ***
Total pot $2 | Rake $0 
Seat 2: MaRKiToScoK
Seat 1: Supermegopro (small blind) collected ($2)
Seat 3: peak joker33 (big blind) folded before Flop
Seat 4: pngsix folded before Flop (didn't bet)
Seat 5: lnupoker folded before Flop (didn't bet)
Seat 6: MoRsCeReBruM (button) folded before Flop (didn't bet)



PokerStars Hand #254411046362:  Hold'em No Limit ($0.50/$1.00 USD) - 2025/01/17 6:51:09 WET [2025/01/17 1:51:09 ET]
Table 'Sergestus III' 6-max Seat #1 is the button
Seat 2: MaRKiToScoK ($168.09 in chips) is sitting out
Seat 1: Supermegopro ($101 in chips) 
Seat 3: peak joker33 ($100 in chips) 
Seat 4: pngsix ($52.60 in chips) 
Seat 5: lnupoker ($29.53 in chips) 
Seat 6: MoRsCeReBruM ($107.06 in chips) 
peak joker33: posts small blind $0.50
pngsix: posts big blind $1
*** HOLE CARDS ***
lnupoker: folds 
MoRsCeReBruM: folds 
Supermegopro: folds 
peak joker33: raises $2 to $3
pngsix: folds 
Uncalled bet ($2) returned to peak joker33
peak joker33 collected $2 from pot
peak joker33: doesn't show hand 
*** SUMMARY ***
Total pot $2 | Rake $0 
Seat 2: MaRKiToScoK
Seat 1: Supermegopro (button) folded before Flop (didn't bet)
Seat 3: peak joker33 (small blind) collected ($2)
Seat 4: pngsix (big blind) folded before Flop
Seat 5: lnupoker folded before Flop (didn't bet)
Seat 6: MoRsCeReBruM folded before Flop (didn't bet)



PokerStars Hand #254411047624:  Hold'em No Limit ($0.50/$1.00 USD) - 2025/01/17 6:51:26 WET [2025/01/17 1:51:26 ET]
Table 'Sergestus III' 6-max Seat #3 is the button
Seat 2: MaRKiToScoK ($168.09 in chips) is sitting out
Seat 1: Supermegopro ($101 in chips) 
Seat 3: peak joker33 ($101 in chips) 
Seat 4: pngsix ($51.60 in chips) 
Seat 5: lnupoker ($29.53 in chips) 
Seat 6: MoRsCeReBruM ($107.06 in chips) 
pngsix: posts small blind $0.50
lnupoker: posts big blind $1
*** HOLE CARDS ***
MoRsCeReBruM: folds 
Supermegopro: folds 
peak joker33: raises $2 to $3
pngsix: folds 
lnupoker: calls $2
*** FLOP *** [2h Jc Js]
lnupoker: checks 
peak joker33: bets $2.04
lnupoker: folds 
Uncalled bet ($2.04) returned to peak joker33
peak joker33 collected $6.18 from pot
peak joker33: doesn't show hand 
*** SUMMARY ***
Total pot $6.50 | Rake $0.32 
Board [2h Jc Js]
Seat 2: MaRKiToScoK
Seat 1: Supermegopro folded before Flop (didn't bet)
Seat 3: peak joker33 (button) collected ($6.18)
Seat 4: pngsix (small blind) folded before Flop
Seat 5: lnupoker (big blind) folded on the Flop
Seat 6: MoRsCeReBruM folded before Flop (didn't bet)



PokerStars Hand #254411049871:  Hold'em No Limit ($0.50/$1.00 USD) - 2025/01/17 6:51:56 WET [2025/01/17 1:51:56 ET]
Table 'Sergestus III' 6-max Seat #4 is the button
Seat 2: MaRKiToScoK ($168.09 in chips) is sitting out
Seat 1: Supermegopro ($101 in chips) 
Seat 3: peak joker33 ($104.18 in chips) 
Seat 4: pngsix ($51.10 in chips) 
Seat 5: lnupoker ($26.53 in chips) 
Seat 6: MoRsCeReBruM ($107.06 in chips) 
lnupoker: posts small blind $0.50
MoRsCeReBruM: posts big blind $1
*** HOLE CARDS ***
Supermegopro: raises $1.50 to $2.50
peak joker33: folds 
pngsix: calls $2.50
lnupoker: folds 
MoRsCeReBruM: folds 
*** FLOP *** [9c Ah 5s]
Supermegopro: checks 
pngsix: checks 
*** TURN *** [9c Ah 5s] [7s]
Supermegopro: checks 
pngsix: checks 
*** RIVER *** [9c Ah 5s 7s] [Jd]
Supermegopro: bets $2.04
pngsix: folds 
Uncalled bet ($2.04) returned to Supermegopro
Supermegopro collected $6.18 from pot
Supermegopro: doesn't show hand 
*** SUMMARY ***
Total pot $6.50 | Rake $0.32 
Board [9c Ah 5s 7s Jd]
Seat 2: MaRKiToScoK
Seat 1: Supermegopro collected ($6.18)
Seat 3: peak joker33 folded before Flop (didn't bet)
Seat 4: pngsix (button) folded on the River
Seat 5: lnupoker (small blind) folded before Flop
Seat 6: MoRsCeReBruM (big blind) folded before Flop



PokerStars Hand #254411052703:  Hold'em No Limit ($0.50/$1.00 USD) - 2025/01/17 6:52:35 WET [2025/01/17 1:52:35 ET]
Table 'Sergestus III' 6-max Seat #5 is the button
Seat 2: MaRKiToScoK ($168.09 in chips) is sitting out
Seat 6: MoRsCeReBruM ($106.06 in chips) is sitting out
Seat 1: Supermegopro ($104.68 in chips) 
Seat 3: peak joker33 ($104.18 in chips) 
Seat 4: pngsix ($48.60 in chips) 
Seat 5: lnupoker ($26.03 in chips) 
MoRsCeReBruM has timed out
MoRsCeReBruM: is sitting out 
Supermegopro: posts small blind $0.50
peak joker33: posts big blind $1
*** HOLE CARDS ***
MoRsCeReBruM is disconnected 
pngsix: calls $1
lnupoker: folds 
Supermegopro: folds 
peak joker33: checks 
*** FLOP *** [2h 7d Jd]
peak joker33: checks 
pngsix: checks 
*** TURN *** [2h 7d Jd] [3s]
peak joker33: checks 
pngsix: bets $1
peak joker33: calls $1
*** RIVER *** [2h 7d Jd 3s] [Js]
peak joker33: checks 
pngsix: bets $1
peak joker33: folds 
Uncalled bet ($1) returned to pngsix
pngsix collected $4.28 from pot
pngsix: doesn't show hand 
*** SUMMARY ***
Total pot $4.50 | Rake $0.22 
Board [2h 7d Jd 3s Js]
Seat 2: MaRKiToScoK
Seat 6: MoRsCeReBruM
Seat 1: Supermegopro (small blind) folded before Flop
Seat 3: peak joker33 (big blind) folded on the River
Seat 4: pngsix collected ($4.28)
Seat 5: lnupoker (button) folded before Flop (didn't bet)



PokerStars Hand #254411055993:  Hold'em No Limit ($0.50/$1.00 USD) - 2025/01/17 6:53:20 WET [2025/01/17 1:53:20 ET]
Table 'Sergestus III' 6-max Seat #1 is the button
Seat 2: MaRKiToScoK ($168.09 in chips) is sitting out
Seat 6: MoRsCeReBruM ($106.06 in chips) is sitting out
Seat 1: Supermegopro ($104.18 in chips) 
Seat 3: peak joker33 ($102.18 in chips) 
Seat 4: pngsix ($50.88 in chips) 
Seat 5: lnupoker ($26.03 in chips) 
peak joker33: posts small blind $0.50
pngsix: posts big blind $1
MoRsCeReBruM: sits out 
*** HOLE CARDS ***
lnupoker: calls $1
Supermegopro: folds 
peak joker33: folds 
pngsix: checks 
*** FLOP *** [Qd Jc 5s]
pngsix: checks 
lnupoker: checks 
*** TURN *** [Qd Jc 5s] [6h]
pngsix: checks 
lnupoker: checks 
*** RIVER *** [Qd Jc 5s 6h] [6c]
pngsix: checks 
lnupoker: checks 
*** SHOW DOWN ***
pngsix: shows [Kd 4c] (a pair of Sixes)
lnupoker: shows [Ac Kc] (a pair of Sixes - Ace kicker)
lnupoker collected $2.38 from pot
*** SUMMARY ***
Total pot $2.50 | Rake $0.12 
Board [Qd Jc 5s 6h 6c]
Seat 2: MaRKiToScoK
Seat 6: MoRsCeReBruM
Seat 1: Supermegopro (button) folded before Flop (didn't bet)
Seat 3: peak joker33 (small blind) folded before Flop
Seat 4: pngsix (big blind) showed [Kd 4c] and lost with a pair of Sixes
Seat 5: lnupoker showed [Ac Kc] and won ($2.38) with a pair of Sixes



PokerStars Hand #254411058138:  Hold'em No Limit ($0.50/$1.00 USD) - 2025/01/17 6:53:49 WET [2025/01/17 1:53:49 ET]
Table 'Sergestus III' 6-max Seat #3 is the button
Seat 2: MaRKiToScoK ($168.09 in chips) is sitting out
Seat 6: MoRsCeReBruM ($106.06 in chips) is sitting out
Seat 1: Supermegopro ($104.18 in chips) 
Seat 3: peak joker33 ($101.68 in chips) 
Seat 4: pngsix ($49.88 in chips) 
Seat 5: lnupoker ($27.41 in chips) 
pngsix: posts small blind $0.50
lnupoker: posts big blind $1
MoRsCeReBruM: sits out 
*** HOLE CARDS ***
Supermegopro: folds 
peak joker33: folds 
pngsix: calls $0.50
lnupoker: checks 
*** FLOP *** [4d 6h Ks]
pngsix: checks 
lnupoker: checks 
*** TURN *** [4d 6h Ks] [6d]
pngsix: checks 
lnupoker: checks 
*** RIVER *** [4d 6h Ks 6d] [Tc]
pngsix: bets $1
lnupoker: folds 
Uncalled bet ($1) returned to pngsix
pngsix collected $1.90 from pot
pngsix: doesn't show hand 
*** SUMMARY ***
Total pot $2 | Rake $0.10 
Board [4d 6h Ks 6d Tc]
Seat 2: MaRKiToScoK
Seat 6: MoRsCeReBruM
Seat 1: Supermegopro folded before Flop (didn't bet)
Seat 3: peak joker33 (button) folded before Flop (didn't bet)
Seat 4: pngsix (small blind) collected ($1.90)
Seat 5: lnupoker (big blind) folded on the River



PokerStars Hand #254411060039:  Hold'em No Limit ($0.50/$1.00 USD) - 2025/01/17 6:54:16 WET [2025/01/17 1:54:16 ET]
Table 'Sergestus III' 6-max Seat #4 is the button
Seat 2: MaRKiToScoK ($168.09 in chips) is sitting out
Seat 1: Supermegopro ($104.18 in chips) 
Seat 3: peak joker33 ($101.68 in chips) 
Seat 4: pngsix ($50.78 in chips) 
Seat 5: lnupoker ($26.41 in chips) 
Seat 6: MoRsCeReBruM ($106.06 in chips) 
lnupoker: posts small blind $0.50
MoRsCeReBruM: posts big blind $1
*** HOLE CARDS ***
Supermegopro: folds 
peak joker33: raises $1.50 to $2.50
pngsix: calls $2.50
lnupoker: folds 
MoRsCeReBruM: folds 
*** FLOP *** [Kd 2d Kh]
peak joker33: bets $2.04
pngsix: folds 
Uncalled bet ($2.04) returned to peak joker33
peak joker33 collected $6.18 from pot
peak joker33: doesn't show hand 
*** SUMMARY ***
Total pot $6.50 | Rake $0.32 
Board [Kd 2d Kh]
Seat 2: MaRKiToScoK
Seat 1: Supermegopro folded before Flop (didn't bet)
Seat 3: peak joker33 collected ($6.18)
Seat 4: pngsix (button) folded on the Flop
Seat 5: lnupoker (small blind) folded before Flop
Seat 6: MoRsCeReBruM (big blind) folded before Flop



PokerStars Hand #254411061740:  Hold'em No Limit ($0.50/$1.00 USD) - 2025/01/17 6:54:39 WET [2025/01/17 1:54:39 ET]
Table 'Sergestus III' 6-max Seat #5 is the button
Seat 2: MaRKiToScoK ($168.09 in chips) is sitting out
Seat 1: Supermegopro ($104.18 in chips) 
Seat 3: peak joker33 ($105.36 in chips) 
Seat 4: pngsix ($48.28 in chips) 
Seat 5: lnupoker ($25.91 in chips) 
Seat 6: MoRsCeReBruM ($105.06 in chips) 
MoRsCeReBruM: posts small blind $0.50
Supermegopro: posts big blind $1
*** HOLE CARDS ***
peak joker33: folds 
pngsix: folds 
lnupoker: folds 
MoRsCeReBruM: folds 
Uncalled bet ($0.50) returned to Supermegopro
Supermegopro collected $1 from pot
Supermegopro: doesn't show hand 
*** SUMMARY ***
Total pot $1 | Rake $0 
Seat 2: MaRKiToScoK
Seat 1: Supermegopro (big blind) collected ($1)
Seat 3: peak joker33 folded before Flop (didn't bet)
Seat 4: pngsix folded before Flop (didn't bet)
Seat 5: lnupoker (button) folded before Flop (didn't bet)
Seat 6: MoRsCeReBruM (small blind) folded before Flop



PokerStars Hand #254411062891:  Hold'em No Limit ($0.50/$1.00 USD) - 2025/01/17 6:54:55 WET [2025/01/17 1:54:55 ET]
Table 'Sergestus III' 6-max Seat #6 is the button
Seat 2: MaRKiToScoK ($168.09 in chips) is sitting out
Seat 1: Supermegopro ($104.68 in chips) 
Seat 3: peak joker33 ($105.36 in chips) 
Seat 4: pngsix ($48.28 in chips) 
Seat 5: lnupoker ($25.91 in chips) 
Seat 6: MoRsCeReBruM ($104.56 in chips) 
Supermegopro: posts small blind $0.50
peak joker33: posts big blind $1
*** HOLE CARDS ***
pngsix: calls $1
lnupoker: folds 
MoRsCeReBruM: folds 
Supermegopro: folds 
peak joker33: checks 
*** FLOP *** [8s 2c Jd]
peak joker33: bets $1.19
pngsix: calls $1.19
*** TURN *** [8s 2c Jd] [Ah]
peak joker33: bets $2.78
pngsix: folds 
Uncalled bet ($2.78) returned to peak joker33
peak joker33 collected $4.64 from pot
peak joker33: doesn't show hand 
*** SUMMARY ***
Total pot $4.88 | Rake $0.24 
Board [8s 2c Jd Ah]
Seat 2: MaRKiToScoK
Seat 1: Supermegopro (small blind) folded before Flop
Seat 3: peak joker33 (big blind) collected ($4.64)
Seat 4: pngsix folded on the Turn
Seat 5: lnupoker folded before Flop (didn't bet)
Seat 6: MoRsCeReBruM (button) folded before Flop (didn't bet)



PokerStars Hand #254411065595:  Hold'em No Limit ($0.50/$1.00 USD) - 2025/01/17 6:55:37 WET [2025/01/17 1:55:37 ET]
Table 'Sergestus III' 6-max Seat #1 is the button
Seat 2: MaRKiToScoK ($168.09 in chips) is sitting out
Seat 1: Supermegopro ($104.18 in chips) 
Seat 3: peak joker33 ($107.81 in chips) 
Seat 4: pngsix ($46.09 in chips) 
Seat 5: lnupoker ($25.91 in chips) 
Seat 6: MoRsCeReBruM ($104.56 in chips) 
peak joker33: posts small blind $0.50
pngsix: posts big blind $1
*** HOLE CARDS ***
lnupoker: folds 
MoRsCeReBruM: raises $1.20 to $2.20
Supermegopro: raises $5.30 to $7.50
peak joker33: folds 
pngsix: folds 
MoRsCeReBruM: raises $13.50 to $21
Supermegopro: calls $13.50
*** FLOP *** [As Ts Kh]
MoRsCeReBruM: bets $11
Supermegopro: calls $11
*** TURN *** [As Ts Kh] [7s]
MoRsCeReBruM: checks 
Supermegopro: checks 
*** RIVER *** [As Ts Kh 7s] [Ad]
MoRsCeReBruM: checks 
Supermegopro: bets $72.18 and is all-in
MoRsCeReBruM: folds 
Uncalled bet ($72.18) returned to Supermegopro
Supermegopro collected $63 from pot
Supermegopro: doesn't show hand 
*** SUMMARY ***
Total pot $65.50 | Rake $2.50 
Board [As Ts Kh 7s Ad]
Seat 2: MaRKiToScoK
Seat 1: Supermegopro (button) collected ($63)
Seat 3: peak joker33 (small blind) folded before Flop
Seat 4: pngsix (big blind) folded before Flop
Seat 5: lnupoker folded before Flop (didn't bet)
Seat 6: MoRsCeReBruM folded on the River



PokerStars Hand #254411070741:  Hold'em No Limit ($0.50/$1.00 USD) - 2025/01/17 6:57:00 WET [2025/01/17 1:57:00 ET]
Table 'Sergestus III' 6-max Seat #3 is the button
Seat 2: MaRKiToScoK ($168.09 in chips) is sitting out
Seat 1: Supermegopro ($135.18 in chips) 
Seat 3: peak joker33 ($107.31 in chips) 
Seat 4: pngsix ($45.09 in chips) 
Seat 5: lnupoker ($25.91 in chips) 
Seat 6: MoRsCeReBruM ($100 in chips) 
pngsix: posts small blind $0.50
lnupoker: posts big blind $1
MaRKiToScoK: sits out 
*** HOLE CARDS ***
MoRsCeReBruM: raises $1 to $2
Supermegopro: folds 
peak joker33: folds 
pngsix: calls $1.50
lnupoker: calls $1
*** FLOP *** [Kh 8s Qs]
pngsix: checks 
lnupoker: checks 
MoRsCeReBruM: checks 
*** TURN *** [Kh 8s Qs] [Td]
pngsix: checks 
lnupoker: checks 
MoRsCeReBruM: checks 
*** RIVER *** [Kh 8s Qs Td] [4c]
pngsix: checks 
lnupoker: bets $6.70
MoRsCeReBruM: folds 
pngsix: folds 
Uncalled bet ($6.70) returned to lnupoker
lnupoker collected $5.70 from pot
*** SUMMARY ***
Total pot $6 | Rake $0.30 
Board [Kh 8s Qs Td 4c]
Seat 2: MaRKiToScoK
Seat 1: Supermegopro folded before Flop (didn't bet)
Seat 3: peak joker33 (button) folded before Flop (didn't bet)
Seat 4: pngsix (small blind) folded on the River
Seat 5: lnupoker (big blind) collected ($5.70)
Seat 6: MoRsCeReBruM folded on the River



PokerStars Hand #254411073618:  Hold'em No Limit ($0.50/$1.00 USD) - 2025/01/17 6:57:45 WET [2025/01/17 1:57:45 ET]
Table 'Sergestus III' 6-max Seat #4 is the button
Seat 2: MaRKiToScoK ($168.09 in chips) is sitting out
Seat 1: Supermegopro ($135.18 in chips) 
Seat 3: peak joker33 ($107.31 in chips) 
Seat 4: pngsix ($43.09 in chips) 
Seat 5: lnupoker ($29.61 in chips) 
Seat 6: MoRsCeReBruM ($100 in chips) 
lnupoker: posts small blind $0.50
MoRsCeReBruM: posts big blind $1
MaRKiToScoK: sits out 
*** HOLE CARDS ***
Supermegopro: folds 
peak joker33: raises $1.50 to $2.50
pngsix: folds 
lnupoker: folds 
MoRsCeReBruM: calls $1.50
*** FLOP *** [5h 7s 2c]
MoRsCeReBruM: checks 
peak joker33: checks 
*** TURN *** [5h 7s 2c] [7h]
MoRsCeReBruM: checks 
peak joker33: checks 
*** RIVER *** [5h 7s 2c 7h] [9s]
MoRsCeReBruM: checks 
peak joker33: checks 
*** SHOW DOWN ***
MoRsCeReBruM: shows [6c Ac] (a pair of Sevens)
peak joker33: mucks hand 
MoRsCeReBruM collected $5.22 from pot
*** SUMMARY ***
Total pot $5.50 | Rake $0.28 
Board [5h 7s 2c 7h 9s]
Seat 2: MaRKiToScoK
Seat 1: Supermegopro folded before Flop (didn't bet)
Seat 3: peak joker33 mucked
Seat 4: pngsix (button) folded before Flop (didn't bet)
Seat 5: lnupoker (small blind) folded before Flop
Seat 6: MoRsCeReBruM (big blind) showed [6c Ac] and won ($5.22) with a pair of Sevens



PokerStars Hand #254411076330:  Hold'em No Limit ($0.50/$1.00 USD) - 2025/01/17 6:58:28 WET [2025/01/17 1:58:28 ET]
Table 'Sergestus III' 6-max Seat #5 is the button
Seat 2: MaRKiToScoK ($168.09 in chips) is sitting out
Seat 1: Supermegopro ($135.18 in chips) 
Seat 3: peak joker33 ($104.81 in chips) 
Seat 4: pngsix ($43.09 in chips) 
Seat 5: lnupoker ($29.11 in chips) 
Seat 6: MoRsCeReBruM ($102.72 in chips) 
MoRsCeReBruM: posts small blind $0.50
Supermegopro: posts big blind $1
MaRKiToScoK: sits out 
*** HOLE CARDS ***
peak joker33: folds 
pngsix: calls $1
lnupoker: calls $1
MoRsCeReBruM: folds 
Supermegopro: checks 
*** FLOP *** [6c Ad 2d]
Supermegopro: checks 
pngsix: checks 
lnupoker: bets $2
Supermegopro: folds 
pngsix: folds 
Uncalled bet ($2) returned to lnupoker
lnupoker collected $3.32 from pot
lnupoker: doesn't show hand 
*** SUMMARY ***
Total pot $3.50 | Rake $0.18 
Board [6c Ad 2d]
Seat 2: MaRKiToScoK
Seat 1: Supermegopro (big blind) folded on the Flop
Seat 3: peak joker33 folded before Flop (didn't bet)
Seat 4: pngsix folded on the Flop
Seat 5: lnupoker (button) collected ($3.32)
Seat 6: MoRsCeReBruM (small blind) folded before Flop



PokerStars Hand #254411078635:  Hold'em No Limit ($0.50/$1.00 USD) - 2025/01/17 6:59:05 WET [2025/01/17 1:59:05 ET]
Table 'Sergestus III' 6-max Seat #6 is the button
Seat 1: Supermegopro ($134.18 in chips) 
Seat 2: MaRKiToScoK ($168.09 in chips) 
Seat 3: peak joker33 ($104.81 in chips) 
Seat 4: pngsix ($42.09 in chips) 
Seat 5: lnupoker ($31.43 in chips) 
Seat 6: MoRsCeReBruM ($102.22 in chips) 
Supermegopro: posts small blind $0.50
MaRKiToScoK: posts big blind $1
*** HOLE CARDS ***
peak joker33: folds 
pngsix has timed out
pngsix: folds 
lnupoker: calls $1
MoRsCeReBruM: raises $2 to $3
Supermegopro: folds 
MaRKiToScoK: folds 
lnupoker: folds 
Uncalled bet ($2) returned to MoRsCeReBruM
MoRsCeReBruM collected $3.50 from pot
MoRsCeReBruM: doesn't show hand 
*** SUMMARY ***
Total pot $3.50 | Rake $0 
Seat 1: Supermegopro (small blind) folded before Flop
Seat 2: MaRKiToScoK (big blind) folded before Flop
Seat 3: peak joker33 folded before Flop (didn't bet)
Seat 4: pngsix folded before Flop (didn't bet)
Seat 5: lnupoker folded before Flop
Seat 6: MoRsCeReBruM (button) collected ($3.50)



PokerStars Hand #254411080927:  Hold'em No Limit ($0.50/$1.00 USD) - 2025/01/17 6:59:41 WET [2025/01/17 1:59:41 ET]
Table 'Sergestus III' 6-max Seat #1 is the button
Seat 1: Supermegopro ($133.68 in chips) 
Seat 2: MaRKiToScoK ($167.09 in chips) 
Seat 3: peak joker33 ($104.81 in chips) 
Seat 4: pngsix ($42.09 in chips) 
Seat 5: lnupoker ($30.43 in chips) 
Seat 6: MoRsCeReBruM ($104.72 in chips) 
MaRKiToScoK: posts small blind $0.50
peak joker33: posts big blind $1
*** HOLE CARDS ***
pngsix: folds 
lnupoker: folds 
MoRsCeReBruM: raises $1.20 to $2.20
Supermegopro: folds 
MaRKiToScoK: folds 
peak joker33: raises $7.80 to $10
MoRsCeReBruM: calls $7.80
*** FLOP *** [8c Ac Jc]
peak joker33: bets $6.43
MoRsCeReBruM: folds 
Uncalled bet ($6.43) returned to peak joker33
peak joker33 collected $19.48 from pot
peak joker33: doesn't show hand 
*** SUMMARY ***
Total pot $20.50 | Rake $1.02 
Board [8c Ac Jc]
Seat 1: Supermegopro (button) folded before Flop (didn't bet)
Seat 2: MaRKiToScoK (small blind) folded before Flop
Seat 3: peak joker33 (big blind) collected ($19.48)
Seat 4: pngsix folded before Flop (didn't bet)
Seat 5: lnupoker folded before Flop (didn't bet)
Seat 6: MoRsCeReBruM folded on the Flop



PokerStars Hand #254411084985:  Hold'em No Limit ($0.50/$1.00 USD) - 2025/01/17 7:00:43 WET [2025/01/17 2:00:43 ET]
Table 'Sergestus III' 6-max Seat #2 is the button
Seat 1: Supermegopro ($133.68 in chips) 
Seat 2: MaRKiToScoK ($166.59 in chips) 
Seat 3: peak joker33 ($114.29 in chips) 
Seat 4: pngsix ($42.09 in chips) 
Seat 5: lnupoker ($30.43 in chips) 
Seat 6: MoRsCeReBruM ($100 in chips) 
peak joker33: posts small blind $0.50
pngsix: posts big blind $1
*** HOLE CARDS ***
lnupoker: folds 
MoRsCeReBruM: folds 
Supermegopro: folds 
MaRKiToScoK: raises $1.50 to $2.50
peak joker33: folds 
pngsix: folds 
Uncalled bet ($1.50) returned to MaRKiToScoK
MaRKiToScoK collected $2.50 from pot
*** SUMMARY ***
Total pot $2.50 | Rake $0 
Seat 1: Supermegopro folded before Flop (didn't bet)
Seat 2: MaRKiToScoK (button) collected ($2.50)
Seat 3: peak joker33 (small blind) folded before Flop
Seat 4: pngsix (big blind) folded before Flop
Seat 5: lnupoker folded before Flop (didn't bet)
Seat 6: MoRsCeReBruM folded before Flop (didn't bet)



PokerStars Hand #254411086628:  Hold'em No Limit ($0.50/$1.00 USD) - 2025/01/17 7:01:05 WET [2025/01/17 2:01:05 ET]
Table 'Sergestus III' 6-max Seat #3 is the button
Seat 1: Supermegopro ($133.68 in chips) 
Seat 2: MaRKiToScoK ($168.09 in chips) 
Seat 3: peak joker33 ($113.79 in chips) 
Seat 4: pngsix ($41.09 in chips) 
Seat 5: lnupoker ($30.43 in chips) 
Seat 6: MoRsCeReBruM ($100 in chips) 
pngsix: posts small blind $0.50
lnupoker: posts big blind $1
*** HOLE CARDS ***
MoRsCeReBruM: folds 
Supermegopro: folds 
MaRKiToScoK: raises $1.25 to $2.25
peak joker33: folds 
pngsix: folds 
lnupoker: folds 
Uncalled bet ($1.25) returned to MaRKiToScoK
MaRKiToScoK collected $2.50 from pot
*** SUMMARY ***
Total pot $2.50 | Rake $0 
Seat 1: Supermegopro folded before Flop (didn't bet)
Seat 2: MaRKiToScoK collected ($2.50)
Seat 3: peak joker33 (button) folded before Flop (didn't bet)
Seat 4: pngsix (small blind) folded before Flop
Seat 5: lnupoker (big blind) folded before Flop
Seat 6: MoRsCeReBruM folded before Flop (didn't bet)



PokerStars Hand #254411089011:  Hold'em No Limit ($0.50/$1.00 USD) - 2025/01/17 7:01:38 WET [2025/01/17 2:01:38 ET]
Table 'Sergestus III' 6-max Seat #4 is the button
Seat 1: Supermegopro ($133.68 in chips) 
Seat 2: MaRKiToScoK ($169.59 in chips) 
Seat 3: peak joker33 ($113.79 in chips) 
Seat 4: pngsix ($40.59 in chips) 
Seat 5: lnupoker ($29.43 in chips) 
Seat 6: MoRsCeReBruM ($100 in chips) 
lnupoker: posts small blind $0.50
MoRsCeReBruM: posts big blind $1
*** HOLE CARDS ***
Supermegopro: folds 
MaRKiToScoK: folds 
peak joker33: raises $1.50 to $2.50
pngsix: folds 
lnupoker: calls $2
MoRsCeReBruM: raises $10 to $12.50
peak joker33: folds 
lnupoker: calls $10
*** FLOP *** [Ac Js 3h]
lnupoker: bets $16.93 and is all-in
MoRsCeReBruM: folds 
Uncalled bet ($16.93) returned to lnupoker
lnupoker collected $26.12 from pot
lnupoker: doesn't show hand 
*** SUMMARY ***
Total pot $27.50 | Rake $1.38 
Board [Ac Js 3h]
Seat 1: Supermegopro folded before Flop (didn't bet)
Seat 2: MaRKiToScoK folded before Flop (didn't bet)
Seat 3: peak joker33 folded before Flop
Seat 4: pngsix (button) folded before Flop (didn't bet)
Seat 5: lnupoker (small blind) collected ($26.12)
Seat 6: MoRsCeReBruM (big blind) folded on the Flop



PokerStars Hand #254411092644:  Hold'em No Limit ($0.50/$1.00 USD) - 2025/01/17 7:02:30 WET [2025/01/17 2:02:30 ET]
Table 'Sergestus III' 6-max Seat #5 is the button
Seat 1: Supermegopro ($133.68 in chips) is sitting out
Seat 2: MaRKiToScoK ($169.59 in chips) 
Seat 3: peak joker33 ($111.29 in chips) 
Seat 4: pngsix ($40.59 in chips) 
Seat 5: lnupoker ($43.05 in chips) 
Seat 6: MoRsCeReBruM ($100 in chips) 
MoRsCeReBruM: posts small blind $0.50
Supermegopro: is sitting out 
MaRKiToScoK: posts big blind $1
*** HOLE CARDS ***
peak joker33: folds 
pngsix: folds 
lnupoker: folds 
MoRsCeReBruM: folds 
Uncalled bet ($0.50) returned to MaRKiToScoK
MaRKiToScoK collected $1 from pot
*** SUMMARY ***
Total pot $1 | Rake $0 
Seat 1: Supermegopro
Seat 2: MaRKiToScoK (big blind) collected ($1)
Seat 3: peak joker33 folded before Flop (didn't bet)
Seat 4: pngsix folded before Flop (didn't bet)
Seat 5: lnupoker (button) folded before Flop (didn't bet)
Seat 6: MoRsCeReBruM (small blind) folded before Flop



PokerStars Hand #254411093714:  Hold'em No Limit ($0.50/$1.00 USD) - 2025/01/17 7:02:45 WET [2025/01/17 2:02:45 ET]
Table 'Sergestus III' 6-max Seat #6 is the button
Seat 1: Supermegopro ($133.68 in chips) is sitting out
Seat 2: MaRKiToScoK ($170.09 in chips) 
Seat 3: peak joker33 ($111.29 in chips) 
Seat 4: pngsix ($40.59 in chips) 
Seat 5: lnupoker ($43.05 in chips) 
Seat 6: MoRsCeReBruM ($100 in chips) 
MaRKiToScoK: posts small blind $0.50
peak joker33: posts big blind $1
*** HOLE CARDS ***
pngsix: folds 
lnupoker: folds 
MoRsCeReBruM: folds 
MaRKiToScoK: folds 
Uncalled bet ($0.50) returned to peak joker33
peak joker33 collected $1 from pot
peak joker33: doesn't show hand 
*** SUMMARY ***
Total pot $1 | Rake $0 
Seat 1: Supermegopro
Seat 2: MaRKiToScoK (small blind) folded before Flop
Seat 3: peak joker33 (big blind) collected ($1)
Seat 4: pngsix folded before Flop (didn't bet)
Seat 5: lnupoker folded before Flop (didn't bet)
Seat 6: MoRsCeReBruM (button) folded before Flop (didn't bet)



PokerStars Hand #254411095617:  Hold'em No Limit ($0.50/$1.00 USD) - 2025/01/17 7:03:11 WET [2025/01/17 2:03:11 ET]
Table 'Sergestus III' 6-max Seat #2 is the button
Seat 1: Supermegopro ($133.68 in chips) is sitting out
Seat 2: MaRKiToScoK ($169.59 in chips) 
Seat 3: peak joker33 ($111.79 in chips) 
Seat 4: pngsix ($40.59 in chips) 
Seat 5: lnupoker ($43.05 in chips) 
Seat 6: MoRsCeReBruM ($100 in chips) 
peak joker33: posts small blind $0.50
pngsix: posts big blind $1
Supermegopro: sits out 
*** HOLE CARDS ***
lnupoker: folds 
MoRsCeReBruM: folds 
MaRKiToScoK: raises $1.50 to $2.50
peak joker33: folds 
pngsix: folds 
Uncalled bet ($1.50) returned to MaRKiToScoK
MaRKiToScoK collected $2.50 from pot
*** SUMMARY ***
Total pot $2.50 | Rake $0 
Seat 1: Supermegopro
Seat 2: MaRKiToScoK (button) collected ($2.50)
Seat 3: peak joker33 (small blind) folded before Flop
Seat 4: pngsix (big blind) folded before Flop
Seat 5: lnupoker folded before Flop (didn't bet)
Seat 6: MoRsCeReBruM folded before Flop (didn't bet)



PokerStars Hand #254411096964:  Hold'em No Limit ($0.50/$1.00 USD) - 2025/01/17 7:03:30 WET [2025/01/17 2:03:30 ET]
Table 'Sergestus III' 6-max Seat #3 is the button
Seat 1: Supermegopro ($133.68 in chips) is sitting out
Seat 2: MaRKiToScoK ($171.09 in chips) 
Seat 3: peak joker33 ($111.29 in chips) 
Seat 4: pngsix ($39.59 in chips) 
Seat 5: lnupoker ($43.05 in chips) 
Seat 6: MoRsCeReBruM ($100 in chips) 
pngsix: posts small blind $0.50
lnupoker: posts big blind $1
Supermegopro: sits out 
*** HOLE CARDS ***
MoRsCeReBruM: folds 
MaRKiToScoK: raises $1.25 to $2.25
peak joker33: folds 
pngsix: calls $1.75
lnupoker: folds 
*** FLOP *** [6d 9s 4c]
pngsix: checks 
MaRKiToScoK: bets $3.92
pngsix: folds 
Uncalled bet ($3.92) returned to MaRKiToScoK
MaRKiToScoK collected $5.22 from pot
*** SUMMARY ***
Total pot $5.50 | Rake $0.28 
Board [6d 9s 4c]
Seat 1: Supermegopro
Seat 2: MaRKiToScoK collected ($5.22)
Seat 3: peak joker33 (button) folded before Flop (didn't bet)
Seat 4: pngsix (small blind) folded on the Flop
Seat 5: lnupoker (big blind) folded before Flop
Seat 6: MoRsCeReBruM folded before Flop (didn't bet)



PokerStars Hand #254411099239:  Hold'em No Limit ($0.50/$1.00 USD) - 2025/01/17 7:04:01 WET [2025/01/17 2:04:01 ET]
Table 'Sergestus III' 6-max Seat #4 is the button
Seat 1: Supermegopro ($133.68 in chips) is sitting out
Seat 2: MaRKiToScoK ($174.06 in chips) 
Seat 3: peak joker33 ($111.29 in chips) 
Seat 4: pngsix ($37.34 in chips) 
Seat 5: lnupoker ($42.05 in chips) 
Seat 6: MoRsCeReBruM ($100 in chips) 
lnupoker: posts small blind $0.50
MoRsCeReBruM: posts big blind $1
Supermegopro: sits out 
*** HOLE CARDS ***
MaRKiToScoK: folds 
peak joker33: folds 
pngsix: calls $1
lnupoker: folds 
MoRsCeReBruM: checks 
*** FLOP *** [Tc Ks Qh]
MoRsCeReBruM: checks 
pngsix: checks 
*** TURN *** [Tc Ks Qh] [Qc]
MoRsCeReBruM: checks 
pngsix: checks 
*** RIVER *** [Tc Ks Qh Qc] [4h]
MoRsCeReBruM: bets $1.50
pngsix: folds 
Uncalled bet ($1.50) returned to MoRsCeReBruM
MoRsCeReBruM collected $2.38 from pot
MoRsCeReBruM: doesn't show hand 
*** SUMMARY ***
Total pot $2.50 | Rake $0.12 
Board [Tc Ks Qh Qc 4h]
Seat 1: Supermegopro
Seat 2: MaRKiToScoK folded before Flop (didn't bet)
Seat 3: peak joker33 folded before Flop (didn't bet)
Seat 4: pngsix (button) folded on the River
Seat 5: lnupoker (small blind) folded before Flop
Seat 6: MoRsCeReBruM (big blind) collected ($2.38)



PokerStars Hand #254411102219:  Hold'em No Limit ($0.50/$1.00 USD) - 2025/01/17 7:04:41 WET [2025/01/17 2:04:41 ET]
Table 'Sergestus III' 6-max Seat #5 is the button
Seat 1: Supermegopro ($133.68 in chips) 
Seat 2: MaRKiToScoK ($174.06 in chips) 
Seat 3: peak joker33 ($111.29 in chips) 
Seat 4: pngsix ($36.34 in chips) 
Seat 5: lnupoker ($41.55 in chips) 
Seat 6: MoRsCeReBruM ($101.38 in chips) 
MoRsCeReBruM: posts small blind $0.50
Supermegopro: posts big blind $1
*** HOLE CARDS ***
MaRKiToScoK: raises $1 to $2
peak joker33: folds 
pngsix: folds 
lnupoker: raises $1 to $3
MoRsCeReBruM: folds 
Supermegopro: folds 
MaRKiToScoK: calls $1
*** FLOP *** [Ac 4d 3h]
MaRKiToScoK: checks 
lnupoker: bets $3
MaRKiToScoK: calls $3
*** TURN *** [Ac 4d 3h] [2d]
pngsix leaves the table
MaRKiToScoK: checks 
lnupoker: checks 
*** RIVER *** [Ac 4d 3h 2d] [6h]
MaRKiToScoK: bets $19.50
lnupoker: folds 
Uncalled bet ($19.50) returned to MaRKiToScoK
janarr5 joins the table at seat #4 
MaRKiToScoK collected $12.82 from pot
*** SUMMARY ***
Total pot $13.50 | Rake $0.68 
Board [Ac 4d 3h 2d 6h]
Seat 1: Supermegopro (big blind) folded before Flop
Seat 2: MaRKiToScoK collected ($12.82)
Seat 3: peak joker33 folded before Flop (didn't bet)
Seat 4: pngsix folded before Flop (didn't bet)
Seat 5: lnupoker (button) folded on the River
Seat 6: MoRsCeReBruM (small blind) folded before Flop



PokerStars Hand #254411105750:  Hold'em No Limit ($0.50/$1.00 USD) - 2025/01/17 7:05:29 WET [2025/01/17 2:05:29 ET]
Table 'Sergestus III' 6-max Seat #6 is the button
Seat 4: janarr5 ($100 in chips) is sitting out
Seat 1: Supermegopro ($132.68 in chips) 
Seat 2: MaRKiToScoK ($180.88 in chips) 
Seat 3: peak joker33 ($111.29 in chips) 
Seat 5: lnupoker ($35.55 in chips) 
Seat 6: MoRsCeReBruM ($100.88 in chips) 
Supermegopro: posts small blind $0.50
MaRKiToScoK: posts big blind $1
janarr5: sits out 
*** HOLE CARDS ***
peak joker33: folds 
lnupoker: folds 
MoRsCeReBruM: folds 
Supermegopro: raises $2 to $3
MaRKiToScoK: folds 
Uncalled bet ($2) returned to Supermegopro
Supermegopro collected $2 from pot
Supermegopro: doesn't show hand 
*** SUMMARY ***
Total pot $2 | Rake $0 
Seat 4: janarr5
Seat 1: Supermegopro (small blind) collected ($2)
Seat 2: MaRKiToScoK (big blind) folded before Flop
Seat 3: peak joker33 folded before Flop (didn't bet)
Seat 5: lnupoker folded before Flop (didn't bet)
Seat 6: MoRsCeReBruM (button) folded before Flop (didn't bet)



PokerStars Hand #254411106982:  Hold'em No Limit ($0.50/$1.00 USD) - 2025/01/17 7:05:46 WET [2025/01/17 2:05:46 ET]
Table 'Sergestus III' 6-max Seat #1 is the button
Seat 4: janarr5 ($100 in chips) is sitting out
Seat 1: Supermegopro ($133.68 in chips) 
Seat 2: MaRKiToScoK ($179.88 in chips) 
Seat 3: peak joker33 ($111.29 in chips) 
Seat 5: lnupoker ($35.55 in chips) 
Seat 6: MoRsCeReBruM ($100.88 in chips) 
MaRKiToScoK: posts small blind $0.50
peak joker33: posts big blind $1
janarr5: sits out 
*** HOLE CARDS ***
lnupoker: folds 
MoRsCeReBruM: folds 
Supermegopro: raises $1.50 to $2.50
MaRKiToScoK: folds 
peak joker33: folds 
Uncalled bet ($1.50) returned to Supermegopro
Supermegopro collected $2.50 from pot
Supermegopro: doesn't show hand 
*** SUMMARY ***
Total pot $2.50 | Rake $0 
Seat 4: janarr5
Seat 1: Supermegopro (button) collected ($2.50)
Seat 2: MaRKiToScoK (small blind) folded before Flop
Seat 3: peak joker33 (big blind) folded before Flop
Seat 5: lnupoker folded before Flop (didn't bet)
Seat 6: MoRsCeReBruM folded before Flop (didn't bet)



PokerStars Hand #254411108368:  Hold'em No Limit ($0.50/$1.00 USD) - 2025/01/17 7:06:05 WET [2025/01/17 2:06:05 ET]
Table 'Sergestus III' 6-max Seat #2 is the button
Seat 1: Supermegopro ($135.18 in chips) 
Seat 2: MaRKiToScoK ($179.38 in chips) 
Seat 3: peak joker33 ($110.29 in chips) 
Seat 4: janarr5 ($100 in chips) 
Seat 5: lnupoker ($35.55 in chips) 
Seat 6: MoRsCeReBruM ($100.88 in chips) 
peak joker33: posts small blind $0.50
janarr5: posts big blind $1
*** HOLE CARDS ***
lnupoker: folds 
MoRsCeReBruM: folds 
Supermegopro: raises $1.50 to $2.50
MaRKiToScoK: raises $5 to $7.50
peak joker33: folds 
janarr5: folds 
Supermegopro: calls $5
*** FLOP *** [9s Jh 8d]
Supermegopro: checks 
MaRKiToScoK: checks 
*** TURN *** [9s Jh 8d] [5s]
Supermegopro: checks 
MaRKiToScoK: checks 
*** RIVER *** [9s Jh 8d 5s] [Ks]
Supermegopro: bets $23.52
MaRKiToScoK: folds 
Uncalled bet ($23.52) returned to Supermegopro
Supermegopro collected $15.68 from pot
Supermegopro: doesn't show hand 
*** SUMMARY ***
Total pot $16.50 | Rake $0.82 
Board [9s Jh 8d 5s Ks]
Seat 1: Supermegopro collected ($15.68)
Seat 2: MaRKiToScoK (button) folded on the River
Seat 3: peak joker33 (small blind) folded before Flop
Seat 4: janarr5 (big blind) folded before Flop
Seat 5: lnupoker folded before Flop (didn't bet)
Seat 6: MoRsCeReBruM folded before Flop (didn't bet)



PokerStars Hand #254411111894:  Hold'em No Limit ($0.50/$1.00 USD) - 2025/01/17 7:06:52 WET [2025/01/17 2:06:52 ET]
Table 'Sergestus III' 6-max Seat #3 is the button
Seat 1: Supermegopro ($143.36 in chips) 
Seat 2: MaRKiToScoK ($171.88 in chips) 
Seat 3: peak joker33 ($109.79 in chips) 
Seat 4: janarr5 ($100 in chips) 
Seat 5: lnupoker ($35.55 in chips) 
Seat 6: MoRsCeReBruM ($100.88 in chips) 
janarr5: posts small blind $0.50
lnupoker: posts big blind $1
*** HOLE CARDS ***
MoRsCeReBruM: folds 
Supermegopro: folds 
MaRKiToScoK: raises $1.25 to $2.25
peak joker33: folds 
janarr5: folds 
lnupoker: calls $1.25
*** FLOP *** [3c 9d 2s]
lnupoker: checks 
MaRKiToScoK: bets $1.57
lnupoker: folds 
Uncalled bet ($1.57) returned to MaRKiToScoK
MaRKiToScoK collected $4.75 from pot
*** SUMMARY ***
Total pot $5 | Rake $0.25 
Board [3c 9d 2s]
Seat 1: Supermegopro folded before Flop (didn't bet)
Seat 2: MaRKiToScoK collected ($4.75)
Seat 3: peak joker33 (button) folded before Flop (didn't bet)
Seat 4: janarr5 (small blind) folded before Flop
Seat 5: lnupoker (big blind) folded on the Flop
Seat 6: MoRsCeReBruM folded before Flop (didn't bet)



PokerStars Hand #254411114235:  Hold'em No Limit ($0.50/$1.00 USD) - 2025/01/17 7:07:24 WET [2025/01/17 2:07:24 ET]
Table 'Sergestus III' 6-max Seat #4 is the button
Seat 1: Supermegopro ($143.36 in chips) 
Seat 2: MaRKiToScoK ($174.38 in chips) 
Seat 3: peak joker33 ($109.79 in chips) 
Seat 4: janarr5 ($100 in chips) 
Seat 5: lnupoker ($33.30 in chips) 
Seat 6: MoRsCeReBruM ($100.88 in chips) 
lnupoker: posts small blind $0.50
MoRsCeReBruM: posts big blind $1
*** HOLE CARDS ***
Supermegopro: folds 
MaRKiToScoK: folds 
peak joker33: folds 
janarr5: folds 
lnupoker: calls $0.50
MoRsCeReBruM: raises $2.50 to $3.50
lnupoker: folds 
Uncalled bet ($2.50) returned to MoRsCeReBruM
MoRsCeReBruM collected $2 from pot
MoRsCeReBruM: doesn't show hand 
*** SUMMARY ***
Total pot $2 | Rake $0 
Seat 1: Supermegopro folded before Flop (didn't bet)
Seat 2: MaRKiToScoK folded before Flop (didn't bet)
Seat 3: peak joker33 folded before Flop (didn't bet)
Seat 4: janarr5 (button) folded before Flop (didn't bet)
Seat 5: lnupoker (small blind) folded before Flop
Seat 6: MoRsCeReBruM (big blind) collected ($2)



PokerStars Hand #254411115647:  Hold'em No Limit ($0.50/$1.00 USD) - 2025/01/17 7:07:43 WET [2025/01/17 2:07:43 ET]
Table 'Sergestus III' 6-max Seat #5 is the button
Seat 1: Supermegopro ($143.36 in chips) is sitting out
Seat 2: MaRKiToScoK ($174.38 in chips) 
Seat 3: peak joker33 ($109.79 in chips) 
Seat 4: janarr5 ($100 in chips) 
Seat 5: lnupoker ($32.30 in chips) 
Seat 6: MoRsCeReBruM ($101.88 in chips) 
MoRsCeReBruM: posts small blind $0.50
Supermegopro: is sitting out 
MaRKiToScoK: posts big blind $1
*** HOLE CARDS ***
peak joker33: folds 
Supermegopro leaves the table
janarr5: folds 
lnupoker: folds 
MoRsCeReBruM: folds 
Uncalled bet ($0.50) returned to MaRKiToScoK
MaRKiToScoK collected $1 from pot
*** SUMMARY ***
Total pot $1 | Rake $0 
Seat 1: Supermegopro
Seat 2: MaRKiToScoK (big blind) collected ($1)
Seat 3: peak joker33 folded before Flop (didn't bet)
Seat 4: janarr5 folded before Flop (didn't bet)
Seat 5: lnupoker (button) folded before Flop (didn't bet)
Seat 6: MoRsCeReBruM (small blind) folded before Flop



PokerStars Hand #254411117344:  Hold'em No Limit ($0.50/$1.00 USD) - 2025/01/17 7:08:05 WET [2025/01/17 2:08:05 ET]
Table 'Sergestus III' 6-max Seat #6 is the button
Seat 2: MaRKiToScoK ($174.88 in chips) 
Seat 3: peak joker33 ($109.79 in chips) 
Seat 4: janarr5 ($100 in chips) 
Seat 5: lnupoker ($32.30 in chips) 
Seat 6: MoRsCeReBruM ($101.38 in chips) 
MaRKiToScoK: posts small blind $0.50
peak joker33: posts big blind $1
*** HOLE CARDS ***
janarr5: folds 
lnupoker: folds 
MoRsCeReBruM: folds 
MaRKiToScoK: raises $2 to $3
peak joker33: folds 
Uncalled bet ($2) returned to MaRKiToScoK
MaRKiToScoK collected $2 from pot
*** SUMMARY ***
Total pot $2 | Rake $0 
Seat 2: MaRKiToScoK (small blind) collected ($2)
Seat 3: peak joker33 (big blind) folded before Flop
Seat 4: janarr5 folded before Flop (didn't bet)
Seat 5: lnupoker folded before Flop (didn't bet)
Seat 6: MoRsCeReBruM (button) folded before Flop (didn't bet)



PokerStars Hand #254411118830:  Hold'em No Limit ($0.50/$1.00 USD) - 2025/01/17 7:08:25 WET [2025/01/17 2:08:25 ET]
Table 'Sergestus III' 6-max Seat #2 is the button
Seat 2: MaRKiToScoK ($175.88 in chips) 
Seat 3: peak joker33 ($108.79 in chips) 
Seat 4: janarr5 ($100 in chips) 
Seat 5: lnupoker ($32.30 in chips) 
Seat 6: MoRsCeReBruM ($101.38 in chips) 
peak joker33: posts small blind $0.50
janarr5: posts big blind $1
*** HOLE CARDS ***
Pon4uk.ua joins the table at seat #1 
lnupoker: folds 
MoRsCeReBruM: folds 
MaRKiToScoK: folds 
peak joker33: folds 
Uncalled bet ($0.50) returned to janarr5
janarr5 collected $1 from pot
janarr5: doesn't show hand 
*** SUMMARY ***
Total pot $1 | Rake $0 
Seat 2: MaRKiToScoK (button) folded before Flop (didn't bet)
Seat 3: peak joker33 (small blind) folded before Flop
Seat 4: janarr5 (big blind) collected ($1)
Seat 5: lnupoker folded before Flop (didn't bet)
Seat 6: MoRsCeReBruM folded before Flop (didn't bet)



PokerStars Hand #254411119920:  Hold'em No Limit ($0.50/$1.00 USD) - 2025/01/17 7:08:40 WET [2025/01/17 2:08:40 ET]
Table 'Sergestus III' 6-max Seat #3 is the button
Seat 1: Pon4uk.ua ($100 in chips) is sitting out
Seat 2: MaRKiToScoK ($175.88 in chips) 
Seat 3: peak joker33 ($108.29 in chips) 
Seat 4: janarr5 ($100.50 in chips) 
Seat 5: lnupoker ($32.30 in chips) 
Seat 6: MoRsCeReBruM ($101.38 in chips) 
janarr5: posts small blind $0.50
lnupoker: posts big blind $1
Pon4uk.ua: sits out 
*** HOLE CARDS ***
MoRsCeReBruM: folds 
MaRKiToScoK: raises $1.25 to $2.25
peak joker33: folds 
janarr5: folds 
lnupoker: calls $1.25
*** FLOP *** [9s 3h 6h]
lnupoker: bets $30.05 and is all-in
MaRKiToScoK: calls $30.05
*** TURN *** [9s 3h 6h] [Qd]
*** RIVER *** [9s 3h 6h Qd] [4c]
*** SHOW DOWN ***
lnupoker: shows [Ad 6d] (a pair of Sixes)
MaRKiToScoK: shows [Kd Kc] (a pair of Kings)
MaRKiToScoK collected $62.60 from pot
*** SUMMARY ***
Total pot $65.10 | Rake $2.50 
Board [9s 3h 6h Qd 4c]
Seat 1: Pon4uk.ua
Seat 2: MaRKiToScoK showed [Kd Kc] and won ($62.60) with a pair of Kings
Seat 3: peak joker33 (button) folded before Flop (didn't bet)
Seat 4: janarr5 (small blind) folded before Flop
Seat 5: lnupoker (big blind) showed [Ad 6d] and lost with a pair of Sixes
Seat 6: MoRsCeReBruM folded before Flop (didn't bet)



PokerStars Hand #254411122097:  Hold'em No Limit ($0.50/$1.00 USD) - 2025/01/17 7:09:08 WET [2025/01/17 2:09:08 ET]
Table 'Sergestus III' 6-max Seat #4 is the button
Seat 5: lnupoker ($0 in chips) is sitting out
Seat 1: Pon4uk.ua ($100 in chips) 
Seat 2: MaRKiToScoK ($206.18 in chips) 
Seat 3: peak joker33 ($108.29 in chips) 
Seat 4: janarr5 ($100 in chips) 
Seat 6: MoRsCeReBruM ($101.38 in chips) 
MoRsCeReBruM: posts small blind $0.50
Pon4uk.ua: posts big blind $1
*** HOLE CARDS ***
MaRKiToScoK: folds 
peak joker33: folds 
janarr5: folds 
MaRKiToScoK leaves the table
lnupoker leaves the table
MoRsCeReBruM: raises $2 to $3
Pon4uk.ua: folds 
Uncalled bet ($2) returned to MoRsCeReBruM
MoRsCeReBruM collected $2 from pot
MoRsCeReBruM: doesn't show hand 
*** SUMMARY ***
Total pot $2 | Rake $0 
Seat 5: lnupoker
Seat 1: Pon4uk.ua (big blind) folded before Flop
Seat 2: MaRKiToScoK folded before Flop (didn't bet)
Seat 3: peak joker33 folded before Flop (didn't bet)
Seat 4: janarr5 (button) folded before Flop (didn't bet)
Seat 6: MoRsCeReBruM (small blind) collected ($2)



PokerStars Hand #254411123163:  Hold'em No Limit ($0.50/$1.00 USD) - 2025/01/17 7:09:23 WET [2025/01/17 2:09:23 ET]
Table 'Sergestus III' 6-max Seat #6 is the button
Seat 1: Pon4uk.ua ($100 in chips) 
Seat 3: peak joker33 ($108.29 in chips) 
Seat 4: janarr5 ($100 in chips) 
Seat 6: MoRsCeReBruM ($102.38 in chips) 
Pon4uk.ua: posts small blind $0.50
peak joker33: posts big blind $1
*** HOLE CARDS ***
janarr5: folds 
MoRsCeReBruM: raises $1.50 to $2.50
Pon4uk.ua: folds 
peak joker33: calls $1.50
*** FLOP *** [6h 4s Ac]
peak joker33: checks 
MoRsCeReBruM: bets $1.72
peak joker33: folds 
Uncalled bet ($1.72) returned to MoRsCeReBruM
MoRsCeReBruM collected $5.22 from pot
MoRsCeReBruM: doesn't show hand 
*** SUMMARY ***
Total pot $5.50 | Rake $0.28 
Board [6h 4s Ac]
Seat 1: Pon4uk.ua (small blind) folded before Flop
Seat 3: peak joker33 (big blind) folded on the Flop
Seat 4: janarr5 folded before Flop (didn't bet)
Seat 6: MoRsCeReBruM (button) collected ($5.22)



PokerStars Hand #254411125221:  Hold'em No Limit ($0.50/$1.00 USD) - 2025/01/17 7:09:50 WET [2025/01/17 2:09:50 ET]
Table 'Sergestus III' 6-max Seat #1 is the button
Seat 1: Pon4uk.ua ($100 in chips) 
Seat 3: peak joker33 ($105.79 in chips) 
Seat 4: janarr5 ($100 in chips) 
Seat 6: MoRsCeReBruM ($105.10 in chips) 
peak joker33: posts small blind $0.50
janarr5: posts big blind $1
*** HOLE CARDS ***
MoRsCeReBruM: folds 
Pon4uk.ua: folds 
peak joker33: folds 
Uncalled bet ($0.50) returned to janarr5
janarr5 collected $1 from pot
janarr5: doesn't show hand 
*** SUMMARY ***
Total pot $1 | Rake $0 
Seat 1: Pon4uk.ua (button) folded before Flop (didn't bet)
Seat 3: peak joker33 (small blind) folded before Flop
Seat 4: janarr5 (big blind) collected ($1)
Seat 6: MoRsCeReBruM folded before Flop (didn't bet)



PokerStars Hand #254411125848:  Hold'em No Limit ($0.50/$1.00 USD) - 2025/01/17 7:09:59 WET [2025/01/17 2:09:59 ET]
Table 'Sergestus III' 6-max Seat #3 is the button
Seat 1: Pon4uk.ua ($100 in chips) 
Seat 3: peak joker33 ($105.29 in chips) 
Seat 4: janarr5 ($100.50 in chips) 
Seat 6: MoRsCeReBruM ($105.10 in chips) 
janarr5: posts small blind $0.50
MoRsCeReBruM: posts big blind $1
*** HOLE CARDS ***
Pon4uk.ua: folds 
peak joker33: raises $1.50 to $2.50
janarr5: raises $7.50 to $10
MoRsCeReBruM: folds 
peak joker33: calls $7.50
*** FLOP *** [9c Kd 8h]
janarr5: bets $6.60
peak joker33: calls $6.60
*** TURN *** [9c Kd 8h] [Kc]
janarr5: checks 
peak joker33: checks 
*** RIVER *** [9c Kd 8h Kc] [4d]
janarr5: checks 
peak joker33: bets $24.90
janarr5: calls $24.90
*** SHOW DOWN ***
peak joker33: shows [As 9s] (two pair, Kings and Nines)
janarr5: mucks hand 
peak joker33 collected $83 from pot
*** SUMMARY ***
Total pot $84 | Rake $1 
Board [9c Kd 8h Kc 4d]
Seat 1: Pon4uk.ua folded before Flop (didn't bet)
Seat 3: peak joker33 (button) showed [As 9s] and won ($83) with two pair, Kings and Nines
Seat 4: janarr5 (small blind) mucked
Seat 6: MoRsCeReBruM (big blind) folded before Flop



PokerStars Hand #254411132757:  Hold'em No Limit ($0.50/$1.00 USD) - 2025/01/17 7:11:32 WET [2025/01/17 2:11:32 ET]
Table 'Sergestus III' 6-max Seat #4 is the button
Seat 1: Pon4uk.ua ($100 in chips) 
Seat 3: peak joker33 ($146.79 in chips) 
Seat 4: janarr5 ($100 in chips) 
Seat 6: MoRsCeReBruM ($104.10 in chips) 
MoRsCeReBruM: posts small blind $0.50
Pon4uk.ua: posts big blind $1
*** HOLE CARDS ***
peak joker33: folds 
janarr5: raises $1.50 to $2.50
MoRsCeReBruM: folds 
Pon4uk.ua: folds 
Uncalled bet ($1.50) returned to janarr5
janarr5 collected $2.50 from pot
janarr5: doesn't show hand 
*** SUMMARY ***
Total pot $2.50 | Rake $0 
Seat 1: Pon4uk.ua (big blind) folded before Flop
Seat 3: peak joker33 folded before Flop (didn't bet)
Seat 4: janarr5 (button) collected ($2.50)
Seat 6: MoRsCeReBruM (small blind) folded before Flop



PokerStars Hand #254411133678:  Hold'em No Limit ($0.50/$1.00 USD) - 2025/01/17 7:11:44 WET [2025/01/17 2:11:44 ET]
Table 'Sergestus III' 6-max Seat #6 is the button
Seat 1: Pon4uk.ua ($100 in chips) 
Seat 3: peak joker33 ($146.79 in chips) 
Seat 4: janarr5 ($101.50 in chips) 
Seat 6: MoRsCeReBruM ($103.60 in chips) 
Pon4uk.ua: posts small blind $0.50
peak joker33: posts big blind $1
*** HOLE CARDS ***
janarr5: folds 
MoRsCeReBruM: raises $1.50 to $2.50
Pon4uk.ua: folds 
peak joker33: raises $8.50 to $11
MoRsCeReBruM: folds 
Uncalled bet ($8.50) returned to peak joker33
peak joker33 collected $5.50 from pot
peak joker33: doesn't show hand 
*** SUMMARY ***
Total pot $5.50 | Rake $0 
Seat 1: Pon4uk.ua (small blind) folded before Flop
Seat 3: peak joker33 (big blind) collected ($5.50)
Seat 4: janarr5 folded before Flop (didn't bet)
Seat 6: MoRsCeReBruM (button) folded before Flop



PokerStars Hand #254411135413:  Hold'em No Limit ($0.50/$1.00 USD) - 2025/01/17 7:12:08 WET [2025/01/17 2:12:08 ET]
Table 'Sergestus III' 6-max Seat #1 is the button
Seat 1: Pon4uk.ua ($100 in chips) 
Seat 3: peak joker33 ($149.79 in chips) 
Seat 4: janarr5 ($101.50 in chips) 
Seat 6: MoRsCeReBruM ($101.10 in chips) 
peak joker33: posts small blind $0.50
janarr5: posts big blind $1
*** HOLE CARDS ***
MoRsCeReBruM: folds 
Pon4uk.ua: folds 
peak joker33: folds 
Uncalled bet ($0.50) returned to janarr5
janarr5 collected $1 from pot
janarr5: doesn't show hand 
*** SUMMARY ***
Total pot $1 | Rake $0 
Seat 1: Pon4uk.ua (button) folded before Flop (didn't bet)
Seat 3: peak joker33 (small blind) folded before Flop
Seat 4: janarr5 (big blind) collected ($1)
Seat 6: MoRsCeReBruM folded before Flop (didn't bet)



PokerStars Hand #254411136661:  Hold'em No Limit ($0.50/$1.00 USD) - 2025/01/17 7:12:25 WET [2025/01/17 2:12:25 ET]
Table 'Sergestus III' 6-max Seat #3 is the button
Seat 6: MoRsCeReBruM ($101.10 in chips) is sitting out
Seat 1: Pon4uk.ua ($100 in chips) 
Seat 3: peak joker33 ($149.29 in chips) 
Seat 4: janarr5 ($102 in chips) 
janarr5: posts small blind $0.50
MoRsCeReBruM: is sitting out 
Pon4uk.ua: posts big blind $1
*** HOLE CARDS ***
peak joker33: raises $1.50 to $2.50
MoRsCeReBruM leaves the table
janarr5: folds 
Pon4uk.ua: folds 
Uncalled bet ($1.50) returned to peak joker33
peak joker33 collected $2.50 from pot
peak joker33: doesn't show hand 
*** SUMMARY ***
Total pot $2.50 | Rake $0 
Seat 6: MoRsCeReBruM
Seat 1: Pon4uk.ua (big blind) folded before Flop
Seat 3: peak joker33 (button) collected ($2.50)
Seat 4: janarr5 (small blind) folded before Flop



PokerStars Hand #254411137402:  Hold'em No Limit ($0.50/$1.00 USD) - 2025/01/17 7:12:35 WET [2025/01/17 2:12:35 ET]
Table 'Sergestus III' 6-max Seat #1 is the button
Seat 3: peak joker33 ($150.79 in chips) is sitting out
Seat 1: Pon4uk.ua ($100 in chips) 
Seat 4: janarr5 ($101.50 in chips) 
Pon4uk.ua: posts small blind $0.50
peak joker33: is sitting out 
janarr5: posts big blind $1
*** HOLE CARDS ***
peak joker33 leaves the table
Pon4uk.ua: raises $1.50 to $2.50
janarr5: folds 
Uncalled bet ($1.50) returned to Pon4uk.ua
Pon4uk.ua collected $2 from pot
Pon4uk.ua: doesn't show hand 
*** SUMMARY ***
Total pot $2 | Rake $0 
Seat 3: peak joker33
Seat 1: Pon4uk.ua (button) (small blind) collected ($2)
Seat 4: janarr5 (big blind) folded before Flop



PokerStars Hand #254411138174:  Hold'em No Limit ($0.50/$1.00 USD) - 2025/01/17 7:12:45 WET [2025/01/17 2:12:45 ET]
Table 'Sergestus III' 6-max Seat #4 is the button
Seat 1: Pon4uk.ua ($101 in chips) 
Seat 4: janarr5 ($100.50 in chips) 
janarr5: posts small blind $0.50
Pon4uk.ua: posts big blind $1
*** HOLE CARDS ***
janarr5: raises $1.50 to $2.50
Pon4uk.ua: calls $1.50
*** FLOP *** [4h 8d Qd]
Pon4uk.ua: checks 
janarr5: bets $1.57
Pon4uk.ua: calls $1.57
*** TURN *** [4h 8d Qd] [Kd]
Pon4uk.ua: checks 
janarr5: checks 
*** RIVER *** [4h 8d Qd Kd] [8s]
Pon4uk.ua: bets $2.55
janarr5: calls $2.55
*** SHOW DOWN ***
Pon4uk.ua: shows [Qs Th] (two pair, Queens and Eights)
janarr5: shows [7d Ks] (two pair, Kings and Eights)
janarr5 collected $12.58 from pot
*** SUMMARY ***
Total pot $13.24 | Rake $0.66 
Board [4h 8d Qd Kd 8s]
Seat 1: Pon4uk.ua (big blind) showed [Qs Th] and lost with two pair, Queens and Eights
Seat 4: janarr5 (button) (small blind) showed [7d Ks] and won ($12.58) with two pair, Kings and Eights



