PokerStars Hand #254425632152:  Hold'em No Limit ($0.50/$1.00 USD) - 2025/01/17 2:39:57 WET [2025/01/17 21:39:57 ET]
Table 'Enif III' 6-max Seat #4 is the button
Seat 1: steepfell ($100 in chips) 
Seat 2: Timonessb ($100 in chips) 
Seat 3: An1an1 ($112.10 in chips) 
Seat 4: pr0tecto ($100 in chips) 
Seat 5: rostickkin ($204.23 in chips) 
Seat 6: kris4ana94111 ($57.17 in chips) 
rostickkin: posts small blind $0.50
kris4ana94111: posts big blind $1
*** HOLE CARDS ***
steepfell: folds 
Timonessb: folds 
An1an1: folds 
pr0tecto: folds 
rostickkin: folds 
Uncalled bet ($0.50) returned to kris4ana94111
kris4ana94111 collected $1 from pot
*** SUMMARY ***
Total pot $1 | Rake $0 
Seat 1: steepfell folded before Flop (didn't bet)
Seat 2: Timonessb folded before Flop (didn't bet)
Seat 3: An1an1 folded before Flop (didn't bet)
Seat 4: pr0tecto (button) folded before Flop (didn't bet)
Seat 5: rostickkin (small blind) folded before Flop
Seat 6: kris4ana94111 (big blind) collected ($1)



PokerStars Hand #254425634269:  Hold'em No Limit ($0.50/$1.00 USD) - 2025/01/17 2:40:10 WET [2025/01/17 21:40:10 ET]
Table 'Enif III' 6-max Seat #5 is the button
Seat 1: steepfell ($100 in chips) 
Seat 2: Timonessb ($100 in chips) 
Seat 3: An1an1 ($112.10 in chips) 
Seat 4: pr0tecto ($100 in chips) 
Seat 5: rostickkin ($203.73 in chips) 
Seat 6: kris4ana94111 ($57.67 in chips) 
kris4ana94111: posts small blind $0.50
steepfell: posts big blind $1
*** HOLE CARDS ***
Timonessb: folds 
An1an1: folds 
pr0tecto: folds 
rostickkin: folds 
kris4ana94111: folds 
Uncalled bet ($0.50) returned to steepfell
steepfell collected $1 from pot
steepfell: doesn't show hand 
*** SUMMARY ***
Total pot $1 | Rake $0 
Seat 1: steepfell (big blind) collected ($1)
Seat 2: Timonessb folded before Flop (didn't bet)
Seat 3: An1an1 folded before Flop (didn't bet)
Seat 4: pr0tecto folded before Flop (didn't bet)
Seat 5: rostickkin (button) folded before Flop (didn't bet)
Seat 6: kris4ana94111 (small blind) folded before Flop



PokerStars Hand #254425635619:  Hold'em No Limit ($0.50/$1.00 USD) - 2025/01/17 2:40:18 WET [2025/01/17 21:40:18 ET]
Table 'Enif III' 6-max Seat #6 is the button
Seat 1: steepfell ($100.50 in chips) 
Seat 2: Timonessb ($100 in chips) 
Seat 3: An1an1 ($112.10 in chips) 
Seat 4: pr0tecto ($100 in chips) 
Seat 5: rostickkin ($203.73 in chips) 
Seat 6: kris4ana94111 ($57.17 in chips) 
steepfell: posts small blind $0.50
Timonessb: posts big blind $1
*** HOLE CARDS ***
An1an1: folds 
pr0tecto: folds 
rostickkin: folds 
kris4ana94111: folds 
steepfell: folds 
Uncalled bet ($0.50) returned to Timonessb
Timonessb collected $1 from pot
Timonessb: doesn't show hand 
*** SUMMARY ***
Total pot $1 | Rake $0 
Seat 1: steepfell (small blind) folded before Flop
Seat 2: Timonessb (big blind) collected ($1)
Seat 3: An1an1 folded before Flop (didn't bet)
Seat 4: pr0tecto folded before Flop (didn't bet)
Seat 5: rostickkin folded before Flop (didn't bet)
Seat 6: kris4ana94111 (button) folded before Flop (didn't bet)



PokerStars Hand #254425637735:  Hold'em No Limit ($0.50/$1.00 USD) - 2025/01/17 2:40:31 WET [2025/01/17 21:40:31 ET]
Table 'Enif III' 6-max Seat #1 is the button
Seat 1: steepfell ($100 in chips) 
Seat 2: Timonessb ($100.50 in chips) 
Seat 3: An1an1 ($112.10 in chips) 
Seat 4: pr0tecto ($100 in chips) 
Seat 5: rostickkin ($203.73 in chips) 
Seat 6: kris4ana94111 ($57.17 in chips) 
Timonessb: posts small blind $0.50
An1an1: posts big blind $1
*** HOLE CARDS ***
pr0tecto: folds 
rostickkin: raises $1.20 to $2.20
kris4ana94111: raises $4.80 to $7
steepfell: folds 
Timonessb: folds 
An1an1: folds 
rostickkin: calls $4.80
*** FLOP *** [8s 5c Kc]
rostickkin: checks 
kris4ana94111: bets $5
rostickkin: raises $5 to $10
kris4ana94111: raises $12 to $22
rostickkin: raises $174.73 to $196.73 and is all-in
kris4ana94111: calls $28.17 and is all-in
Uncalled bet ($146.56) returned to rostickkin
*** TURN *** [8s 5c Kc] [7d]
*** RIVER *** [8s 5c Kc 7d] [9s]
*** SHOW DOWN ***
rostickkin: shows [Ks Jh] (a pair of Kings)
kris4ana94111: shows [As Kd] (a pair of Kings - Ace kicker)
kris4ana94111 collected $113.34 from pot
*** SUMMARY ***
Total pot $115.84 | Rake $2.50 
Board [8s 5c Kc 7d 9s]
Seat 1: steepfell (button) folded before Flop (didn't bet)
Seat 2: Timonessb (small blind) folded before Flop
Seat 3: An1an1 (big blind) folded before Flop
Seat 4: pr0tecto folded before Flop (didn't bet)
Seat 5: rostickkin showed [Ks Jh] and lost with a pair of Kings
Seat 6: kris4ana94111 showed [As Kd] and won ($113.34) with a pair of Kings



PokerStars Hand #254425647559:  Hold'em No Limit ($0.50/$1.00 USD) - 2025/01/17 2:41:32 WET [2025/01/17 21:41:32 ET]
Table 'Enif III' 6-max Seat #2 is the button
Seat 1: steepfell ($100 in chips) 
Seat 2: Timonessb ($100 in chips) 
Seat 3: An1an1 ($111.10 in chips) 
Seat 4: pr0tecto ($100 in chips) 
Seat 5: rostickkin ($146.56 in chips) 
Seat 6: kris4ana94111 ($113.34 in chips) 
An1an1: posts small blind $0.50
pr0tecto: posts big blind $1
*** HOLE CARDS ***
rostickkin: folds 
kris4ana94111: calls $1
steepfell: folds 
Timonessb: folds 
An1an1: calls $0.50
pr0tecto: checks 
*** FLOP *** [Ks Ad 5d]
An1an1: bets $1
pr0tecto: folds 
kris4ana94111: calls $1
*** TURN *** [Ks Ad 5d] [Kh]
An1an1: checks 
kris4ana94111: checks 
*** RIVER *** [Ks Ad 5d Kh] [Ac]
An1an1: bets $3.74
kris4ana94111: raises $7.26 to $11
An1an1: calls $7.26
*** SHOW DOWN ***
kris4ana94111: shows [7h Ah] (a full house, Aces full of Kings)
An1an1: shows [2c As] (a full house, Aces full of Kings)
An1an1 collected $12.83 from pot
kris4ana94111 collected $12.82 from pot
*** SUMMARY ***
Total pot $27 | Rake $1.35 
Board [Ks Ad 5d Kh Ac]
Seat 1: steepfell folded before Flop (didn't bet)
Seat 2: Timonessb (button) folded before Flop (didn't bet)
Seat 3: An1an1 (small blind) showed [2c As] and won ($12.83) with a full house, Aces full of Kings
Seat 4: pr0tecto (big blind) folded on the Flop
Seat 5: rostickkin folded before Flop (didn't bet)
Seat 6: kris4ana94111 showed [7h Ah] and won ($12.82) with a full house, Aces full of Kings



PokerStars Hand #254425658245:  Hold'em No Limit ($0.50/$1.00 USD) - 2025/01/17 2:42:37 WET [2025/01/17 21:42:37 ET]
Table 'Enif III' 6-max Seat #4 is the button
Seat 1: steepfell ($100 in chips) 
Seat 2: Timonessb ($100 in chips) 
Seat 4: pr0tecto ($99 in chips) 
Seat 5: rostickkin ($146.56 in chips) 
Seat 6: kris4ana94111 ($113.16 in chips) 
rostickkin: posts small blind $0.50
kris4ana94111: posts big blind $1
*** HOLE CARDS ***
steepfell: folds 
Timonessb: folds 
pr0tecto: raises $2 to $3
rostickkin: folds 
kris4ana94111: calls $2
*** FLOP *** [4d Ts 2c]
kris4ana94111: checks 
MaRKiToScoK joins the table at seat #3 
pr0tecto: checks 
*** TURN *** [4d Ts 2c] [7d]
kris4ana94111: bets $3
pr0tecto: calls $3
*** RIVER *** [4d Ts 2c 7d] [Qd]
kris4ana94111: bets $7
pr0tecto: calls $7
*** SHOW DOWN ***
kris4ana94111: shows [Jd Qc] (a pair of Queens)
pr0tecto: mucks hand 
kris4ana94111 collected $25.18 from pot
*** SUMMARY ***
Total pot $26.50 | Rake $1.32 
Board [4d Ts 2c 7d Qd]
Seat 1: steepfell folded before Flop (didn't bet)
Seat 2: Timonessb folded before Flop (didn't bet)
Seat 4: pr0tecto (button) mucked
Seat 5: rostickkin (small blind) folded before Flop
Seat 6: kris4ana94111 (big blind) showed [Jd Qc] and won ($25.18) with a pair of Queens



PokerStars Hand #254425667219:  Hold'em No Limit ($0.50/$1.00 USD) - 2025/01/17 2:43:33 WET [2025/01/17 21:43:33 ET]
Table 'Enif III' 6-max Seat #5 is the button
Seat 3: MaRKiToScoK ($100 in chips) is sitting out
Seat 1: steepfell ($100 in chips) 
Seat 2: Timonessb ($100 in chips) 
Seat 4: pr0tecto ($100 in chips) 
Seat 5: rostickkin ($146.06 in chips) 
Seat 6: kris4ana94111 ($125.34 in chips) 
kris4ana94111: posts small blind $0.50
steepfell: posts big blind $1
MaRKiToScoK: sits out 
*** HOLE CARDS ***
Timonessb: raises $1.30 to $2.30
pr0tecto: folds 
rostickkin: folds 
kris4ana94111: calls $1.80
steepfell: raises $10.70 to $13
Timonessb: calls $10.70
kris4ana94111: folds 
*** FLOP *** [Ah 6c 2s]
steepfell: bets $8.87
Timonessb: calls $8.87
*** TURN *** [Ah 6c 2s] [8d]
steepfell: bets $21.87
Timonessb: folds 
Uncalled bet ($21.87) returned to steepfell
steepfell collected $43.74 from pot
steepfell: doesn't show hand 
*** SUMMARY ***
Total pot $46.04 | Rake $2.30 
Board [Ah 6c 2s 8d]
Seat 3: MaRKiToScoK
Seat 1: steepfell (big blind) collected ($43.74)
Seat 2: Timonessb folded on the Turn
Seat 4: pr0tecto folded before Flop (didn't bet)
Seat 5: rostickkin (button) folded before Flop (didn't bet)
Seat 6: kris4ana94111 (small blind) folded before Flop



PokerStars Hand #254425674895:  Hold'em No Limit ($0.50/$1.00 USD) - 2025/01/17 2:44:20 WET [2025/01/17 21:44:20 ET]
Table 'Enif III' 6-max Seat #6 is the button
Seat 3: MaRKiToScoK ($100 in chips) is sitting out
Seat 1: steepfell ($121.87 in chips) 
Seat 2: Timonessb ($100 in chips) 
Seat 4: pr0tecto ($100 in chips) 
Seat 5: rostickkin ($146.06 in chips) 
Seat 6: kris4ana94111 ($123.04 in chips) 
steepfell: posts small blind $0.50
Timonessb: posts big blind $1
MaRKiToScoK: sits out 
*** HOLE CARDS ***
pr0tecto: folds 
rostickkin: raises $1.50 to $2.50
kris4ana94111: folds 
steepfell: folds 
Timonessb: folds 
Uncalled bet ($1.50) returned to rostickkin
rostickkin collected $2.50 from pot
rostickkin: doesn't show hand 
*** SUMMARY ***
Total pot $2.50 | Rake $0 
Seat 3: MaRKiToScoK
Seat 1: steepfell (small blind) folded before Flop
Seat 2: Timonessb (big blind) folded before Flop
Seat 4: pr0tecto folded before Flop (didn't bet)
Seat 5: rostickkin collected ($2.50)
Seat 6: kris4ana94111 (button) folded before Flop (didn't bet)



PokerStars Hand #254425676619:  Hold'em No Limit ($0.50/$1.00 USD) - 2025/01/17 2:44:32 WET [2025/01/17 21:44:32 ET]
Table 'Enif III' 6-max Seat #1 is the button
Seat 1: steepfell ($121.37 in chips) 
Seat 2: Timonessb ($100 in chips) 
Seat 3: MaRKiToScoK ($100 in chips) 
Seat 4: pr0tecto ($100 in chips) 
Seat 5: rostickkin ($147.56 in chips) 
Seat 6: kris4ana94111 ($123.04 in chips) 
Timonessb: posts small blind $0.50
MaRKiToScoK: posts big blind $1
*** HOLE CARDS ***
pr0tecto: folds 
rostickkin: folds 
kris4ana94111: folds 
steepfell: folds 
Timonessb: folds 
Uncalled bet ($0.50) returned to MaRKiToScoK
MaRKiToScoK collected $1 from pot
*** SUMMARY ***
Total pot $1 | Rake $0 
Seat 1: steepfell (button) folded before Flop (didn't bet)
Seat 2: Timonessb (small blind) folded before Flop
Seat 3: MaRKiToScoK (big blind) collected ($1)
Seat 4: pr0tecto folded before Flop (didn't bet)
Seat 5: rostickkin folded before Flop (didn't bet)
Seat 6: kris4ana94111 folded before Flop (didn't bet)



PokerStars Hand #254425679881:  Hold'em No Limit ($0.50/$1.00 USD) - 2025/01/17 2:44:52 WET [2025/01/17 21:44:52 ET]
Table 'Enif III' 6-max Seat #2 is the button
Seat 1: steepfell ($121.37 in chips) 
Seat 2: Timonessb ($100 in chips) 
Seat 3: MaRKiToScoK ($100.50 in chips) 
Seat 4: pr0tecto ($100 in chips) 
Seat 5: rostickkin ($147.56 in chips) 
Seat 6: kris4ana94111 ($123.04 in chips) 
MaRKiToScoK: posts small blind $0.50
pr0tecto: posts big blind $1
*** HOLE CARDS ***
rostickkin: folds 
kris4ana94111: raises $2 to $3
steepfell: folds 
Timonessb: folds 
MaRKiToScoK: folds 
pr0tecto: folds 
Uncalled bet ($2) returned to kris4ana94111
kris4ana94111 collected $2.50 from pot
rostickkin leaves the table
*** SUMMARY ***
Total pot $2.50 | Rake $0 
Seat 1: steepfell folded before Flop (didn't bet)
Seat 2: Timonessb (button) folded before Flop (didn't bet)
Seat 3: MaRKiToScoK (small blind) folded before Flop
Seat 4: pr0tecto (big blind) folded before Flop
Seat 5: rostickkin folded before Flop (didn't bet)
Seat 6: kris4ana94111 collected ($2.50)



PokerStars Hand #254425682325:  Hold'em No Limit ($0.50/$1.00 USD) - 2025/01/17 2:45:07 WET [2025/01/17 21:45:07 ET]
Table 'Enif III' 6-max Seat #3 is the button
Seat 1: steepfell ($121.37 in chips) 
Seat 2: Timonessb ($100 in chips) 
Seat 3: MaRKiToScoK ($100 in chips) 
Seat 4: pr0tecto ($99 in chips) 
Seat 6: kris4ana94111 ($124.54 in chips) 
pr0tecto: posts small blind $0.50
kris4ana94111: posts big blind $1
*** HOLE CARDS ***
steepfell: folds 
Timonessb: raises $1.50 to $2.50
MaRKiToScoK: calls $2.50
pr0tecto: folds 
kris4ana94111: folds 
*** FLOP *** [3d 6d 2c]
Timonessb: checks 
kris4ana94111 leaves the table
MaRKiToScoK: bets $2.04
Timonessb: calls $2.04
*** TURN *** [3d 6d 2c] [8s]
Timonessb: checks 
MaRKiToScoK: bets $7.54
Timonessb: calls $7.54
*** RIVER *** [3d 6d 2c 8s] [9h]
Timonessb: checks 
MaRKiToScoK: checks 
*** SHOW DOWN ***
Timonessb: shows [As Ks] (high card Ace)
MaRKiToScoK: shows [Ts Tc] (a pair of Tens)
MaRKiToScoK collected $24.38 from pot
*** SUMMARY ***
Total pot $25.66 | Rake $1.28 
Board [3d 6d 2c 8s 9h]
Seat 1: steepfell folded before Flop (didn't bet)
Seat 2: Timonessb showed [As Ks] and lost with high card Ace
Seat 3: MaRKiToScoK (button) showed [Ts Tc] and won ($24.38) with a pair of Tens
Seat 4: pr0tecto (small blind) folded before Flop
Seat 6: kris4ana94111 (big blind) folded before Flop



PokerStars Hand #254425689667:  Hold'em No Limit ($0.50/$1.00 USD) - 2025/01/17 2:45:53 WET [2025/01/17 21:45:53 ET]
Table 'Enif III' 6-max Seat #1 is the button
Seat 2: Timonessb ($100 in chips) is sitting out
Seat 3: MaRKiToScoK ($112.30 in chips) is sitting out
Seat 1: steepfell ($121.37 in chips) 
Seat 4: pr0tecto ($100 in chips) 
steepfell: posts small blind $0.50
Timonessb: is sitting out 
MaRKiToScoK: is sitting out 
pr0tecto: posts big blind $1
*** HOLE CARDS ***
Timonessb leaves the table
steepfell: raises $1.50 to $2.50
MaRKiToScoK leaves the table
pr0tecto: folds 
Uncalled bet ($1.50) returned to steepfell
steepfell collected $2 from pot
steepfell: doesn't show hand 
*** SUMMARY ***
Total pot $2 | Rake $0 
Seat 2: Timonessb
Seat 3: MaRKiToScoK
Seat 1: steepfell (button) (small blind) collected ($2)
Seat 4: pr0tecto (big blind) folded before Flop



PokerStars Hand #254425691389:  Hold'em No Limit ($0.50/$1.00 USD) - 2025/01/17 2:46:03 WET [2025/01/17 21:46:03 ET]
Table 'Enif III' 6-max Seat #4 is the button
Seat 1: steepfell ($122.37 in chips) 
Seat 4: pr0tecto ($99 in chips) 
pr0tecto: posts small blind $0.50
steepfell: posts big blind $1
*** HOLE CARDS ***
pr0tecto: raises $1.24 to $2.24
steepfell: calls $1.24
*** FLOP *** [4c Qc Tc]
steepfell: checks 
pr0tecto: checks 
*** TURN *** [4c Qc Tc] [Jc]
steepfell: checks 
pr0tecto: bets $2.56
steepfell: folds 
Uncalled bet ($2.56) returned to pr0tecto
pr0tecto collected $4.26 from pot
pr0tecto: doesn't show hand 
*** SUMMARY ***
Total pot $4.48 | Rake $0.22 
Board [4c Qc Tc Jc]
Seat 1: steepfell (big blind) folded on the Turn
Seat 4: pr0tecto (button) (small blind) collected ($4.26)



PokerStars Hand #254425695984:  Hold'em No Limit ($0.50/$1.00 USD) - 2025/01/17 2:46:32 WET [2025/01/17 21:46:32 ET]
Table 'Enif III' 6-max Seat #1 is the button
Seat 1: steepfell ($120.13 in chips) 
Seat 4: pr0tecto ($101.02 in chips) 
steepfell: posts small blind $0.50
pr0tecto: posts big blind $1
*** HOLE CARDS ***
steepfell: raises $1.50 to $2.50
pr0tecto: raises $8.50 to $11
steepfell: calls $8.50
*** FLOP *** [6s 9c 8h]
pr0tecto: bets $10.71
steepfell: calls $10.71
*** TURN *** [6s 9c 8h] [5d]
pr0tecto: bets $25.45
steepfell: calls $25.45
*** RIVER *** [6s 9c 8h 5d] [3s]
pr0tecto: bets $53.86 and is all-in
steepfell: calls $53.86
*** SHOW DOWN ***
pr0tecto: shows [Ts Td] (a pair of Tens)
steepfell: shows [6h 5h] (two pair, Sixes and Fives)
steepfell collected $201.04 from pot
*** SUMMARY ***
Total pot $202.04 | Rake $1 
Board [6s 9c 8h 5d 3s]
Seat 1: steepfell (button) (small blind) showed [6h 5h] and won ($201.04) with two pair, Sixes and Fives
Seat 4: pr0tecto (big blind) showed [Ts Td] and lost with a pair of Tens



PokerStars Hand #254425798401:  Hold'em No Limit ($0.50/$1.00 USD) - 2025/01/17 2:58:02 WET [2025/01/17 21:58:02 ET]
Table 'Enif III' 6-max Seat #4 is the button
Seat 1: machinedada23 ($100 in chips) 
Seat 4: Rysiff ($100 in chips) 
Seat 6: vezis3 ($100 in chips) 
vezis3: posts small blind $0.50
machinedada23: posts big blind $1
*** HOLE CARDS ***
Rysiff: folds 
vezis3: folds 
Uncalled bet ($0.50) returned to machinedada23
MaRKiToScoK joins the table at seat #2 
machinedada23 collected $1 from pot
*** SUMMARY ***
Total pot $1 | Rake $0 
Seat 1: machinedada23 (big blind) collected ($1)
Seat 4: Rysiff (button) folded before Flop (didn't bet)
Seat 6: vezis3 (small blind) folded before Flop



PokerStars Hand #254425799950:  Hold'em No Limit ($0.50/$1.00 USD) - 2025/01/17 2:58:14 WET [2025/01/17 21:58:14 ET]
Table 'Enif III' 6-max Seat #6 is the button
Seat 1: machinedada23 ($100.50 in chips) 
Seat 2: MaRKiToScoK ($112.30 in chips) 
Seat 4: Rysiff ($100 in chips) 
Seat 6: vezis3 ($100 in chips) 
machinedada23: posts small blind $0.50
MaRKiToScoK: posts big blind $1
*** HOLE CARDS ***
Rysiff: folds 
vezis3: raises $1.40 to $2.40
machinedada23: folds 
MaRKiToScoK: calls $1.40
*** FLOP *** [3c 5c 7c]
MaRKiToScoK: checks 
vezis3: bets $1.66
MaRKiToScoK: folds 
Uncalled bet ($1.66) returned to vezis3
vezis3 collected $5.04 from pot
vezis3: doesn't show hand 
*** SUMMARY ***
Total pot $5.30 | Rake $0.26 
Board [3c 5c 7c]
Seat 1: machinedada23 (small blind) folded before Flop
Seat 2: MaRKiToScoK (big blind) folded on the Flop
Seat 4: Rysiff folded before Flop (didn't bet)
Seat 6: vezis3 (button) collected ($5.04)



PokerStars Hand #254425803410:  Hold'em No Limit ($0.50/$1.00 USD) - 2025/01/17 2:58:43 WET [2025/01/17 21:58:43 ET]
Table 'Enif III' 6-max Seat #1 is the button
Seat 1: machinedada23 ($100 in chips) 
Seat 2: MaRKiToScoK ($109.90 in chips) 
Seat 4: Rysiff ($100 in chips) 
Seat 6: vezis3 ($102.64 in chips) 
MaRKiToScoK: posts small blind $0.50
Rysiff: posts big blind $1
*** HOLE CARDS ***
vezis3: raises $1.40 to $2.40
Timonessb joins the table at seat #3 
machinedada23: calls $2.40
MaRKiToScoK: folds 
Rysiff: folds 
*** FLOP *** [Th 3c As]
LuckyShikari joins the table at seat #5 
vezis3: bets $2.51
machinedada23: calls $2.51
*** TURN *** [Th 3c As] [Jd]
vezis3: bets $11.83
machinedada23: folds 
Uncalled bet ($11.83) returned to vezis3
vezis3 collected $10.75 from pot
vezis3: doesn't show hand 
*** SUMMARY ***
Total pot $11.32 | Rake $0.57 
Board [Th 3c As Jd]
Seat 1: machinedada23 (button) folded on the Turn
Seat 2: MaRKiToScoK (small blind) folded before Flop
Seat 4: Rysiff (big blind) folded before Flop
Seat 6: vezis3 collected ($10.75)



PokerStars Hand #254425809215:  Hold'em No Limit ($0.50/$1.00 USD) - 2025/01/17 2:59:30 WET [2025/01/17 21:59:30 ET]
Table 'Enif III' 6-max Seat #2 is the button
Seat 3: Timonessb ($100 in chips) is sitting out
Seat 1: machinedada23 ($95.09 in chips) 
Seat 2: MaRKiToScoK ($109.40 in chips) 
Seat 4: Rysiff ($100 in chips) 
Seat 5: LuckyShikari ($100 in chips) 
Seat 6: vezis3 ($108.48 in chips) 
Rysiff: posts small blind $0.50
LuckyShikari: posts big blind $1
*** HOLE CARDS ***
vezis3: folds 
machinedada23: folds 
MaRKiToScoK: folds 
Rysiff: folds 
Uncalled bet ($0.50) returned to LuckyShikari
LuckyShikari collected $1 from pot
LuckyShikari: doesn't show hand 
*** SUMMARY ***
Total pot $1 | Rake $0 
Seat 3: Timonessb
Seat 1: machinedada23 folded before Flop (didn't bet)
Seat 2: MaRKiToScoK (button) folded before Flop (didn't bet)
Seat 4: Rysiff (small blind) folded before Flop
Seat 5: LuckyShikari (big blind) collected ($1)
Seat 6: vezis3 folded before Flop (didn't bet)



PokerStars Hand #254425811410:  Hold'em No Limit ($0.50/$1.00 USD) - 2025/01/17 2:59:48 WET [2025/01/17 21:59:48 ET]
Table 'Enif III' 6-max Seat #4 is the button
Seat 3: Timonessb ($100 in chips) is sitting out
Seat 1: machinedada23 ($95.09 in chips) 
Seat 2: MaRKiToScoK ($109.40 in chips) 
Seat 4: Rysiff ($100 in chips) 
Seat 5: LuckyShikari ($100.50 in chips) 
Seat 6: vezis3 ($108.48 in chips) 
LuckyShikari: posts small blind $0.50
vezis3: posts big blind $1
Timonessb: sits out 
*** HOLE CARDS ***
machinedada23: folds 
MaRKiToScoK: raises $1.25 to $2.25
Rysiff: folds 
LuckyShikari: folds 
vezis3: calls $1.25
*** FLOP *** [6d 6s 5s]
vezis3: checks 
MaRKiToScoK: checks 
*** TURN *** [6d 6s 5s] [Ts]
vezis3: bets $3.66
MaRKiToScoK: folds 
Uncalled bet ($3.66) returned to vezis3
vezis3 collected $4.75 from pot
vezis3: doesn't show hand 
*** SUMMARY ***
Total pot $5 | Rake $0.25 
Board [6d 6s 5s Ts]
Seat 3: Timonessb
Seat 1: machinedada23 folded before Flop (didn't bet)
Seat 2: MaRKiToScoK folded on the Turn
Seat 4: Rysiff (button) folded before Flop (didn't bet)
Seat 5: LuckyShikari (small blind) folded before Flop
Seat 6: vezis3 (big blind) collected ($4.75)



PokerStars Hand #254425815582:  Hold'em No Limit ($0.50/$1.00 USD) - 2025/01/17 3:00:21 WET [2025/01/17 22:00:21 ET]
Table 'Enif III' 6-max Seat #5 is the button
Seat 3: Timonessb ($100 in chips) is sitting out
Seat 1: machinedada23 ($95.09 in chips) 
Seat 2: MaRKiToScoK ($107.15 in chips) 
Seat 4: Rysiff ($100 in chips) 
Seat 5: LuckyShikari ($100 in chips) 
Seat 6: vezis3 ($110.98 in chips) 
vezis3: posts small blind $0.50
machinedada23: posts big blind $1
Timonessb: sits out 
*** HOLE CARDS ***
MaRKiToScoK: folds 
Rysiff: folds 
LuckyShikari: raises $1 to $2
vezis3: folds 
machinedada23: calls $1
*** FLOP *** [Kc 3h Kd]
machinedada23: checks 
LuckyShikari: bets $1.20
machinedada23: calls $1.20
*** TURN *** [Kc 3h Kd] [7c]
machinedada23: checks 
LuckyShikari: bets $1.84
machinedada23: calls $1.84
*** RIVER *** [Kc 3h Kd 7c] [Td]
machinedada23: bets $10.05
LuckyShikari: folds 
Uncalled bet ($10.05) returned to machinedada23
machinedada23 collected $10.05 from pot
*** SUMMARY ***
Total pot $10.58 | Rake $0.53 
Board [Kc 3h Kd 7c Td]
Seat 3: Timonessb
Seat 1: machinedada23 (big blind) collected ($10.05)
Seat 2: MaRKiToScoK folded before Flop (didn't bet)
Seat 4: Rysiff folded before Flop (didn't bet)
Seat 5: LuckyShikari (button) folded on the River
Seat 6: vezis3 (small blind) folded before Flop



PokerStars Hand #254425821958:  Hold'em No Limit ($0.50/$1.00 USD) - 2025/01/17 3:01:05 WET [2025/01/17 22:01:05 ET]
Table 'Enif III' 6-max Seat #6 is the button
Seat 3: Timonessb ($100 in chips) is sitting out
Seat 1: machinedada23 ($100.10 in chips) 
Seat 2: MaRKiToScoK ($107.15 in chips) 
Seat 4: Rysiff ($100 in chips) 
Seat 5: LuckyShikari ($100 in chips) 
Seat 6: vezis3 ($110.48 in chips) 
machinedada23: posts small blind $0.50
MaRKiToScoK: posts big blind $1
Timonessb: sits out 
*** HOLE CARDS ***
Rysiff: raises $1.50 to $2.50
LuckyShikari: raises $5 to $7.50
vezis3: folds 
machinedada23: folds 
MaRKiToScoK: folds 
Rysiff: raises $92.50 to $100 and is all-in
LuckyShikari: calls $92.50 and is all-in
*** FLOP *** [Kc 6h As]
*** TURN *** [Kc 6h As] [7d]
*** RIVER *** [Kc 6h As 7d] [9c]
*** SHOW DOWN ***
Rysiff: shows [9s 9h] (three of a kind, Nines)
LuckyShikari: shows [Kd Ad] (two pair, Aces and Kings)
Rysiff collected $199 from pot
*** SUMMARY ***
Total pot $201.50 | Rake $2.50 
Board [Kc 6h As 7d 9c]
Seat 3: Timonessb
Seat 1: machinedada23 (small blind) folded before Flop
Seat 2: MaRKiToScoK (big blind) folded before Flop
Seat 4: Rysiff showed [9s 9h] and won ($199) with three of a kind, Nines
Seat 5: LuckyShikari showed [Kd Ad] and lost with two pair, Aces and Kings
Seat 6: vezis3 (button) folded before Flop (didn't bet)



PokerStars Hand #254425828930:  Hold'em No Limit ($0.50/$1.00 USD) - 2025/01/17 3:01:51 WET [2025/01/17 22:01:51 ET]
Table 'Enif III' 6-max Seat #1 is the button
Seat 1: machinedada23 ($99.60 in chips) 
Seat 2: MaRKiToScoK ($106.15 in chips) 
Seat 3: Timonessb ($100 in chips) 
Seat 4: Rysiff ($199 in chips) 
Seat 5: LuckyShikari ($100 in chips) 
Seat 6: vezis3 ($110.48 in chips) 
MaRKiToScoK: posts small blind $0.50
Timonessb: posts big blind $1
*** HOLE CARDS ***
Rysiff: folds 
LuckyShikari: folds 
vezis3: folds 
machinedada23: raises $2 to $3
MaRKiToScoK: folds 
Timonessb: calls $2
*** FLOP *** [4c Qc Js]
Timonessb: checks 
machinedada23: checks 
*** TURN *** [4c Qc Js] [3c]
Timonessb: checks 
machinedada23: checks 
*** RIVER *** [4c Qc Js 3c] [6c]
Timonessb: bets $4.50
machinedada23: calls $4.50
*** SHOW DOWN ***
Timonessb: shows [2h 7h] (high card Queen)
machinedada23: shows [Jc Ts] (a flush, Queen high)
machinedada23 collected $14.72 from pot
*** SUMMARY ***
Total pot $15.50 | Rake $0.78 
Board [4c Qc Js 3c 6c]
Seat 1: machinedada23 (button) showed [Jc Ts] and won ($14.72) with a flush, Queen high
Seat 2: MaRKiToScoK (small blind) folded before Flop
Seat 3: Timonessb (big blind) showed [2h 7h] and lost with high card Queen
Seat 4: Rysiff folded before Flop (didn't bet)
Seat 5: LuckyShikari folded before Flop (didn't bet)
Seat 6: vezis3 folded before Flop (didn't bet)



PokerStars Hand #254425833752:  Hold'em No Limit ($0.50/$1.00 USD) - 2025/01/17 3:02:22 WET [2025/01/17 22:02:22 ET]
Table 'Enif III' 6-max Seat #2 is the button
Seat 1: machinedada23 ($106.82 in chips) 
Seat 2: MaRKiToScoK ($105.65 in chips) 
Seat 3: Timonessb ($100 in chips) 
Seat 4: Rysiff ($199 in chips) 
Seat 5: LuckyShikari ($100 in chips) 
Seat 6: vezis3 ($110.48 in chips) 
Timonessb: posts small blind $0.50
Rysiff: posts big blind $1
*** HOLE CARDS ***
LuckyShikari: folds 
vezis3: folds 
machinedada23: raises $2 to $3
MaRKiToScoK: folds 
Timonessb: folds 
Rysiff: folds 
Uncalled bet ($2) returned to machinedada23
machinedada23 collected $2.50 from pot
*** SUMMARY ***
Total pot $2.50 | Rake $0 
Seat 1: machinedada23 collected ($2.50)
Seat 2: MaRKiToScoK (button) folded before Flop (didn't bet)
Seat 3: Timonessb (small blind) folded before Flop
Seat 4: Rysiff (big blind) folded before Flop
Seat 5: LuckyShikari folded before Flop (didn't bet)
Seat 6: vezis3 folded before Flop (didn't bet)



PokerStars Hand #254425836394:  Hold'em No Limit ($0.50/$1.00 USD) - 2025/01/17 3:02:39 WET [2025/01/17 22:02:39 ET]
Table 'Enif III' 6-max Seat #3 is the button
Seat 1: machinedada23 ($108.32 in chips) 
Seat 2: MaRKiToScoK ($105.65 in chips) 
Seat 3: Timonessb ($100 in chips) 
Seat 4: Rysiff ($198 in chips) 
Seat 5: LuckyShikari ($100 in chips) 
Seat 6: vezis3 ($110.48 in chips) 
Rysiff: posts small blind $0.50
LuckyShikari: posts big blind $1
*** HOLE CARDS ***
vezis3: folds 
machinedada23: raises $2 to $3
MaRKiToScoK: folds 
Timonessb: raises $6 to $9
Rysiff: raises $13 to $22
LuckyShikari: folds 
machinedada23: folds 
Timonessb: raises $78 to $100 and is all-in
Rysiff: calls $78
*** FLOP *** [3c 7d Qc]
*** TURN *** [3c 7d Qc] [Js]
*** RIVER *** [3c 7d Qc Js] [8c]
*** SHOW DOWN ***
Rysiff: shows [Kh Ah] (high card Ace)
Timonessb: shows [Qh Qd] (three of a kind, Queens)
Timonessb collected $201.50 from pot
*** SUMMARY ***
Total pot $204 | Rake $2.50 
Board [3c 7d Qc Js 8c]
Seat 1: machinedada23 folded before Flop
Seat 2: MaRKiToScoK folded before Flop (didn't bet)
Seat 3: Timonessb (button) showed [Qh Qd] and won ($201.50) with three of a kind, Queens
Seat 4: Rysiff (small blind) showed [Kh Ah] and lost with high card Ace
Seat 5: LuckyShikari (big blind) folded before Flop
Seat 6: vezis3 folded before Flop (didn't bet)



PokerStars Hand #254425844125:  Hold'em No Limit ($0.50/$1.00 USD) - 2025/01/17 3:03:28 WET [2025/01/17 22:03:28 ET]
Table 'Enif III' 6-max Seat #4 is the button
Seat 1: machinedada23 ($105.32 in chips) 
Seat 2: MaRKiToScoK ($105.65 in chips) 
Seat 3: Timonessb ($201.50 in chips) 
Seat 4: Rysiff ($100 in chips) 
Seat 5: LuckyShikari ($100 in chips) 
Seat 6: vezis3 ($110.48 in chips) 
LuckyShikari: posts small blind $0.50
vezis3: posts big blind $1
*** HOLE CARDS ***
machinedada23: folds 
MaRKiToScoK: folds 
Timonessb: folds 
Rysiff: folds 
LuckyShikari: folds 
Uncalled bet ($0.50) returned to vezis3
vezis3 collected $1 from pot
vezis3: doesn't show hand 
*** SUMMARY ***
Total pot $1 | Rake $0 
Seat 1: machinedada23 folded before Flop (didn't bet)
Seat 2: MaRKiToScoK folded before Flop (didn't bet)
Seat 3: Timonessb folded before Flop (didn't bet)
Seat 4: Rysiff (button) folded before Flop (didn't bet)
Seat 5: LuckyShikari (small blind) folded before Flop
Seat 6: vezis3 (big blind) collected ($1)



PokerStars Hand #254425845952:  Hold'em No Limit ($0.50/$1.00 USD) - 2025/01/17 3:03:40 WET [2025/01/17 22:03:40 ET]
Table 'Enif III' 6-max Seat #5 is the button
Seat 1: machinedada23 ($105.32 in chips) 
Seat 2: MaRKiToScoK ($105.65 in chips) 
Seat 3: Timonessb ($201.50 in chips) 
Seat 4: Rysiff ($100 in chips) 
Seat 5: LuckyShikari ($100 in chips) 
Seat 6: vezis3 ($110.98 in chips) 
vezis3: posts small blind $0.50
machinedada23: posts big blind $1
*** HOLE CARDS ***
MaRKiToScoK: folds 
Timonessb: raises $1.30 to $2.30
Rysiff: folds 
LuckyShikari: folds 
vezis3: folds 
machinedada23: folds 
Uncalled bet ($1.30) returned to Timonessb
Timonessb collected $2.50 from pot
Timonessb: doesn't show hand 
*** SUMMARY ***
Total pot $2.50 | Rake $0 
Seat 1: machinedada23 (big blind) folded before Flop
Seat 2: MaRKiToScoK folded before Flop (didn't bet)
Seat 3: Timonessb collected ($2.50)
Seat 4: Rysiff folded before Flop (didn't bet)
Seat 5: LuckyShikari (button) folded before Flop (didn't bet)
Seat 6: vezis3 (small blind) folded before Flop



PokerStars Hand #254425848452:  Hold'em No Limit ($0.50/$1.00 USD) - 2025/01/17 3:03:55 WET [2025/01/17 22:03:55 ET]
Table 'Enif III' 6-max Seat #6 is the button
Seat 1: machinedada23 ($104.32 in chips) 
Seat 2: MaRKiToScoK ($105.65 in chips) 
Seat 3: Timonessb ($203 in chips) 
Seat 4: Rysiff ($100 in chips) 
Seat 5: LuckyShikari ($100 in chips) 
Seat 6: vezis3 ($110.48 in chips) 
machinedada23: posts small blind $0.50
MaRKiToScoK: posts big blind $1
*** HOLE CARDS ***
Timonessb: folds 
Rysiff: folds 
LuckyShikari: raises $1.50 to $2.50
vezis3: folds 
machinedada23: folds 
MaRKiToScoK: calls $1.50
*** FLOP *** [5c Ks 3c]
MaRKiToScoK: checks 
LuckyShikari: bets $1.72
MaRKiToScoK: calls $1.72
*** TURN *** [5c Ks 3c] [Qs]
MaRKiToScoK: checks 
LuckyShikari: bets $5.69
MaRKiToScoK: folds 
Uncalled bet ($5.69) returned to LuckyShikari
LuckyShikari collected $8.49 from pot
LuckyShikari: doesn't show hand 
*** SUMMARY ***
Total pot $8.94 | Rake $0.45 
Board [5c Ks 3c Qs]
Seat 1: machinedada23 (small blind) folded before Flop
Seat 2: MaRKiToScoK (big blind) folded on the Turn
Seat 3: Timonessb folded before Flop (didn't bet)
Seat 4: Rysiff folded before Flop (didn't bet)
Seat 5: LuckyShikari collected ($8.49)
Seat 6: vezis3 (button) folded before Flop (didn't bet)



PokerStars Hand #254425853093:  Hold'em No Limit ($0.50/$1.00 USD) - 2025/01/17 3:04:25 WET [2025/01/17 22:04:25 ET]
Table 'Enif III' 6-max Seat #1 is the button
Seat 1: machinedada23 ($103.82 in chips) 
Seat 2: MaRKiToScoK ($101.43 in chips) 
Seat 3: Timonessb ($203 in chips) 
Seat 4: Rysiff ($100 in chips) 
Seat 5: LuckyShikari ($104.27 in chips) 
Seat 6: vezis3 ($110.48 in chips) 
MaRKiToScoK: posts small blind $0.50
Timonessb: posts big blind $1
*** HOLE CARDS ***
Rysiff: folds 
LuckyShikari: raises $1 to $2
vezis3: folds 
machinedada23: calls $2
MaRKiToScoK: folds 
Timonessb: calls $1
*** FLOP *** [Kc 8d 3s]
Timonessb: checks 
LuckyShikari: checks 
machinedada23: bets $3.09
Timonessb: folds 
LuckyShikari: calls $3.09
*** TURN *** [Kc 8d 3s] [7c]
LuckyShikari: checks 
machinedada23: bets $6
LuckyShikari: raises $13 to $19
machinedada23: calls $13
*** RIVER *** [Kc 8d 3s 7c] [5c]
LuckyShikari: checks 
machinedada23: bets $79.73 and is all-in
LuckyShikari: folds 
Uncalled bet ($79.73) returned to machinedada23
machinedada23 collected $48.18 from pot
*** SUMMARY ***
Total pot $50.68 | Rake $2.50 
Board [Kc 8d 3s 7c 5c]
Seat 1: machinedada23 (button) collected ($48.18)
Seat 2: MaRKiToScoK (small blind) folded before Flop
Seat 3: Timonessb (big blind) folded on the Flop
Seat 4: Rysiff folded before Flop (didn't bet)
Seat 5: LuckyShikari folded on the River
Seat 6: vezis3 folded before Flop (didn't bet)



PokerStars Hand #254425864944:  Hold'em No Limit ($0.50/$1.00 USD) - 2025/01/17 3:05:42 WET [2025/01/17 22:05:42 ET]
Table 'Enif III' 6-max Seat #2 is the button
Seat 1: machinedada23 ($127.91 in chips) 
Seat 2: MaRKiToScoK ($100.93 in chips) 
Seat 3: Timonessb ($201 in chips) 
Seat 4: Rysiff ($100 in chips) 
Seat 5: LuckyShikari ($100 in chips) 
Seat 6: vezis3 ($110.48 in chips) 
Timonessb: posts small blind $0.50
Rysiff: posts big blind $1
*** HOLE CARDS ***
LuckyShikari: folds 
vezis3: folds 
machinedada23: raises $2 to $3
MaRKiToScoK: folds 
Timonessb: folds 
Rysiff: raises $9 to $12
machinedada23: folds 
Uncalled bet ($9) returned to Rysiff
Rysiff collected $6.50 from pot
Rysiff: doesn't show hand 
*** SUMMARY ***
Total pot $6.50 | Rake $0 
Seat 1: machinedada23 folded before Flop
Seat 2: MaRKiToScoK (button) folded before Flop (didn't bet)
Seat 3: Timonessb (small blind) folded before Flop
Seat 4: Rysiff (big blind) collected ($6.50)
Seat 5: LuckyShikari folded before Flop (didn't bet)
Seat 6: vezis3 folded before Flop (didn't bet)



PokerStars Hand #254425868905:  Hold'em No Limit ($0.50/$1.00 USD) - 2025/01/17 3:06:08 WET [2025/01/17 22:06:08 ET]
Table 'Enif III' 6-max Seat #3 is the button
Seat 1: machinedada23 ($124.91 in chips) 
Seat 2: MaRKiToScoK ($100.93 in chips) 
Seat 3: Timonessb ($200.50 in chips) 
Seat 4: Rysiff ($103.50 in chips) 
Seat 5: LuckyShikari ($100 in chips) 
Seat 6: vezis3 ($110.48 in chips) 
Rysiff: posts small blind $0.50
LuckyShikari: posts big blind $1
*** HOLE CARDS ***
vezis3: folds 
machinedada23: folds 
MaRKiToScoK: folds 
Timonessb: raises $1.50 to $2.50
Rysiff: folds 
LuckyShikari: raises $7.50 to $10
Timonessb: calls $7.50
*** FLOP *** [Jc Jh 5c]
LuckyShikari: bets $10
Timonessb: folds 
Uncalled bet ($10) returned to LuckyShikari
LuckyShikari collected $19.48 from pot
LuckyShikari: doesn't show hand 
*** SUMMARY ***
Total pot $20.50 | Rake $1.02 
Board [Jc Jh 5c]
Seat 1: machinedada23 folded before Flop (didn't bet)
Seat 2: MaRKiToScoK folded before Flop (didn't bet)
Seat 3: Timonessb (button) folded on the Flop
Seat 4: Rysiff (small blind) folded before Flop
Seat 5: LuckyShikari (big blind) collected ($19.48)
Seat 6: vezis3 folded before Flop (didn't bet)



PokerStars Hand #254425872932:  Hold'em No Limit ($0.50/$1.00 USD) - 2025/01/17 3:06:34 WET [2025/01/17 22:06:34 ET]
Table 'Enif III' 6-max Seat #4 is the button
Seat 1: machinedada23 ($124.91 in chips) 
Seat 2: MaRKiToScoK ($100.93 in chips) 
Seat 3: Timonessb ($190.50 in chips) 
Seat 4: Rysiff ($103 in chips) 
Seat 5: LuckyShikari ($109.48 in chips) 
Seat 6: vezis3 ($110.48 in chips) 
LuckyShikari: posts small blind $0.50
vezis3: posts big blind $1
*** HOLE CARDS ***
machinedada23: raises $2 to $3
MaRKiToScoK: folds 
Timonessb: folds 
Rysiff: folds 
LuckyShikari: folds 
vezis3: calls $2
*** FLOP *** [4h 5c 3s]
vezis3: checks 
machinedada23: bets $3
vezis3: calls $3
*** TURN *** [4h 5c 3s] [7d]
vezis3: checks 
machinedada23: bets $3
vezis3: calls $3
*** RIVER *** [4h 5c 3s 7d] [7c]
vezis3: checks 
machinedada23: bets $17.58
vezis3: calls $17.58
*** SHOW DOWN ***
machinedada23: shows [Ad Jd] (a pair of Sevens)
vezis3: shows [9s 9h] (two pair, Nines and Sevens)
vezis3 collected $51.16 from pot
*** SUMMARY ***
Total pot $53.66 | Rake $2.50 
Board [4h 5c 3s 7d 7c]
Seat 1: machinedada23 showed [Ad Jd] and lost with a pair of Sevens
Seat 2: MaRKiToScoK folded before Flop (didn't bet)
Seat 3: Timonessb folded before Flop (didn't bet)
Seat 4: Rysiff (button) folded before Flop (didn't bet)
Seat 5: LuckyShikari (small blind) folded before Flop
Seat 6: vezis3 (big blind) showed [9s 9h] and won ($51.16) with two pair, Nines and Sevens



PokerStars Hand #254425882434:  Hold'em No Limit ($0.50/$1.00 USD) - 2025/01/17 3:07:37 WET [2025/01/17 22:07:37 ET]
Table 'Enif III' 6-max Seat #5 is the button
Seat 1: machinedada23 ($98.33 in chips) 
Seat 2: MaRKiToScoK ($100.93 in chips) 
Seat 3: Timonessb ($190.50 in chips) 
Seat 4: Rysiff ($103 in chips) 
Seat 5: LuckyShikari ($108.98 in chips) 
Seat 6: vezis3 ($135.06 in chips) 
vezis3: posts small blind $0.50
machinedada23: posts big blind $1
*** HOLE CARDS ***
MaRKiToScoK: raises $1 to $2
Timonessb: folds 
Rysiff: folds 
LuckyShikari: folds 
vezis3: folds 
machinedada23: folds 
Uncalled bet ($1) returned to MaRKiToScoK
machinedada23 leaves the table
MaRKiToScoK collected $2.50 from pot
*** SUMMARY ***
Total pot $2.50 | Rake $0 
Seat 1: machinedada23 (big blind) folded before Flop
Seat 2: MaRKiToScoK collected ($2.50)
Seat 3: Timonessb folded before Flop (didn't bet)
Seat 4: Rysiff folded before Flop (didn't bet)
Seat 5: LuckyShikari (button) folded before Flop (didn't bet)
Seat 6: vezis3 (small blind) folded before Flop



PokerStars Hand #254425884253:  Hold'em No Limit ($0.50/$1.00 USD) - 2025/01/17 3:07:49 WET [2025/01/17 22:07:49 ET]
Table 'Enif III' 6-max Seat #6 is the button
Seat 2: MaRKiToScoK ($102.43 in chips) 
Seat 3: Timonessb ($190.50 in chips) 
Seat 4: Rysiff ($103 in chips) 
Seat 5: LuckyShikari ($108.98 in chips) 
Seat 6: vezis3 ($134.56 in chips) 
MaRKiToScoK: posts small blind $0.50
Timonessb: posts big blind $1
*** HOLE CARDS ***
Rysiff: folds 
Rysiff leaves the table
LuckyShikari: folds 
vezis3: folds 
MaRKiToScoK: folds 
Uncalled bet ($0.50) returned to Timonessb
Timonessb collected $1 from pot
Timonessb: doesn't show hand 
*** SUMMARY ***
Total pot $1 | Rake $0 
Seat 2: MaRKiToScoK (small blind) folded before Flop
Seat 3: Timonessb (big blind) collected ($1)
Seat 4: Rysiff folded before Flop (didn't bet)
Seat 5: LuckyShikari folded before Flop (didn't bet)
Seat 6: vezis3 (button) folded before Flop (didn't bet)



PokerStars Hand #254425892304:  Hold'em No Limit ($0.50/$1.00 USD) - 2025/01/17 3:08:43 WET [2025/01/17 22:08:43 ET]
Table 'Enif III' 6-max Seat #5 is the button
Seat 5: LuckyShikari ($108.98 in chips) 
Seat 6: poker2013 ($40 in chips) 
LuckyShikari: posts small blind $0.50
poker2013: posts big blind $1
*** HOLE CARDS ***
LuckyShikari: raises $2.50 to $3.50
poker2013: folds 
Uncalled bet ($2.50) returned to LuckyShikari
LuckyShikari collected $2 from pot
LuckyShikari: doesn't show hand 
*** SUMMARY ***
Total pot $2 | Rake $0 
Seat 5: LuckyShikari (button) (small blind) collected ($2)
Seat 6: poker2013 (big blind) folded before Flop



PokerStars Hand #254425894791:  Hold'em No Limit ($0.50/$1.00 USD) - 2025/01/17 3:09:00 WET [2025/01/17 22:09:00 ET]
Table 'Enif III' 6-max Seat #6 is the button
Seat 5: LuckyShikari ($109.98 in chips) 
Seat 6: poker2013 ($39 in chips) 
poker2013: posts small blind $0.50
LuckyShikari: posts big blind $1
*** HOLE CARDS ***
poker2013: raises $4 to $5
LuckyShikari: folds 
Uncalled bet ($4) returned to poker2013
poker2013 collected $2 from pot
*** SUMMARY ***
Total pot $2 | Rake $0 
Seat 5: LuckyShikari (big blind) folded before Flop
Seat 6: poker2013 (button) (small blind) collected ($2)



PokerStars Hand #254425897572:  Hold'em No Limit ($0.50/$1.00 USD) - 2025/01/17 3:09:19 WET [2025/01/17 22:09:19 ET]
Table 'Enif III' 6-max Seat #5 is the button
Seat 5: LuckyShikari ($108.98 in chips) 
Seat 6: poker2013 ($40 in chips) 
LuckyShikari: posts small blind $0.50
poker2013: posts big blind $1
*** HOLE CARDS ***
LuckyShikari: raises $1.50 to $2.50
poker2013: folds 
Uncalled bet ($1.50) returned to LuckyShikari
LuckyShikari collected $2 from pot
LuckyShikari: doesn't show hand 
*** SUMMARY ***
Total pot $2 | Rake $0 
Seat 5: LuckyShikari (button) (small blind) collected ($2)
Seat 6: poker2013 (big blind) folded before Flop



PokerStars Hand #254425899491:  Hold'em No Limit ($0.50/$1.00 USD) - 2025/01/17 3:09:31 WET [2025/01/17 22:09:31 ET]
Table 'Enif III' 6-max Seat #6 is the button
Seat 5: LuckyShikari ($109.98 in chips) 
Seat 6: poker2013 ($39 in chips) 
poker2013: posts small blind $0.50
LuckyShikari: posts big blind $1
*** HOLE CARDS ***
z00mba joins the table at seat #1 
poker2013: raises $2 to $3
LuckyShikari: calls $2
*** FLOP *** [Kh 4s Jc]
LuckyShikari: checks 
poker2013: bets $2
z00mba leaves the table
LuckyShikari: folds 
Uncalled bet ($2) returned to poker2013
poker2013 collected $5.70 from pot
*** SUMMARY ***
Total pot $6 | Rake $0.30 
Board [Kh 4s Jc]
Seat 5: LuckyShikari (big blind) folded on the Flop
Seat 6: poker2013 (button) (small blind) collected ($5.70)



