PokerStars Hand #254419829078:  Hold'em No Limit ($0.50/$1.00 USD) - 2025/01/17 20:46:42 WET [2025/01/17 15:46:42 ET]
Table 'Titan IV' 6-max Seat #5 is the button
Seat 1: ptolejmus ($12.75 in chips) 
Seat 2: M1k_DP ($100 in chips) 
Seat 3: turquoise75 ($51.12 in chips) 
Seat 4: MaikonAll ($103.63 in chips) 
Seat 5: Alinyr ($118.04 in chips) 
Seat 6: itaba ($36.42 in chips) 
itaba: posts small blind $0.50
ptolejmus: posts big blind $1
*** HOLE CARDS ***
M1k_DP: folds 
turquoise75: raises $2.20 to $3.20
MaikonAll: raises $4.80 to $8
Alinyr: folds 
itaba: folds 
ptolejmus: folds 
turquoise75: raises $13 to $21
MaikonAll: folds 
Uncalled bet ($13) returned to turquoise75
turquoise75 collected $17.50 from pot
*** SUMMARY ***
Total pot $17.50 | Rake $0 
Seat 1: ptolejmus (big blind) folded before Flop
Seat 2: M1k_DP folded before Flop (didn't bet)
Seat 3: turquoise75 collected ($17.50)
Seat 4: MaikonAll folded before Flop
Seat 5: Alinyr (button) folded before Flop (didn't bet)
Seat 6: itaba (small blind) folded before Flop



PokerStars Hand #254419841433:  Hold'em No Limit ($0.50/$1.00 USD) - 2025/01/17 20:47:21 WET [2025/01/17 15:47:21 ET]
Table 'Titan IV' 6-max Seat #6 is the button
Seat 2: M1k_DP ($100 in chips) is sitting out
Seat 1: ptolejmus ($11.75 in chips) 
Seat 3: turquoise75 ($60.62 in chips) 
Seat 4: MaikonAll ($100 in chips) 
Seat 5: Alinyr ($118.04 in chips) 
Seat 6: itaba ($35.92 in chips) 
ptolejmus: posts small blind $0.50
M1k_DP: is sitting out 
turquoise75: posts big blind $1
*** HOLE CARDS ***
MaikonAll: folds 
Alinyr: raises $1.28 to $2.28
itaba: folds 
ptolejmus: folds 
turquoise75: calls $1.28
*** FLOP *** [Td 5s 8d]
turquoise75: checks 
Alinyr: bets $1.59
turquoise75: calls $1.59
*** TURN *** [Td 5s 8d] [9s]
turquoise75: checks 
Alinyr: bets $3.99
turquoise75: calls $3.99
*** RIVER *** [Td 5s 8d 9s] [9d]
turquoise75: checks 
Alinyr: checks 
*** SHOW DOWN ***
turquoise75: shows [Th Qh] (two pair, Tens and Nines)
Alinyr: mucks hand 
turquoise75 collected $15.21 from pot
*** SUMMARY ***
Total pot $16.22 | Rake $1.01 
Board [Td 5s 8d 9s 9d]
Seat 2: M1k_DP
Seat 1: ptolejmus (small blind) folded before Flop
Seat 3: turquoise75 (big blind) showed [Th Qh] and won ($15.21) with two pair, Tens and Nines
Seat 4: MaikonAll folded before Flop (didn't bet)
Seat 5: Alinyr mucked
Seat 6: itaba (button) folded before Flop (didn't bet)



PokerStars Hand #254419854824:  Hold'em No Limit ($0.50/$1.00 USD) - 2025/01/17 20:48:03 WET [2025/01/17 15:48:03 ET]
Table 'Titan IV' 6-max Seat #1 is the button
Seat 2: M1k_DP ($100 in chips) is sitting out
Seat 1: ptolejmus ($11.25 in chips) 
Seat 3: turquoise75 ($67.97 in chips) 
Seat 4: MaikonAll ($100 in chips) 
Seat 5: Alinyr ($110.18 in chips) 
Seat 6: itaba ($35.92 in chips) 
turquoise75: posts small blind $0.50
MaikonAll: posts big blind $1
*** HOLE CARDS ***
Alinyr: folds 
itaba: folds 
ptolejmus: raises $10.25 to $11.25 and is all-in
M1k_DP leaves the table
turquoise75: calls $10.75
MaikonAll: folds 
fataleggs13 joins the table at seat #2 
*** FLOP *** [Qc Th Js]
*** TURN *** [Qc Th Js] [5s]
*** RIVER *** [Qc Th Js 5s] [Ad]
*** SHOW DOWN ***
turquoise75: shows [7d 7s] (a pair of Sevens)
ptolejmus: shows [2d 2c] (a pair of Deuces)
turquoise75 collected $22.02 from pot
ptolejmus cashed out the hand for $3.96 | Cash Out Fee $0.08
*** SUMMARY ***
Total pot $23.50 | Rake $1.48 
Board [Qc Th Js 5s Ad]
Seat 2: M1k_DP
Seat 1: ptolejmus (button) showed [2d 2c] and lost with a pair of Deuces (cashed out).
Seat 3: turquoise75 (small blind) showed [7d 7s] and won ($22.02) with a pair of Sevens
Seat 4: MaikonAll (big blind) folded before Flop
Seat 5: Alinyr folded before Flop (didn't bet)
Seat 6: itaba folded before Flop (didn't bet)



PokerStars Hand #254419864537:  Hold'em No Limit ($0.50/$1.00 USD) - 2025/01/17 20:48:34 WET [2025/01/17 15:48:34 ET]
Table 'Titan IV' 6-max Seat #3 is the button
Seat 2: fataleggs13 ($75 in chips) is sitting out
Seat 1: ptolejmus ($10 in chips) 
Seat 3: turquoise75 ($78.74 in chips) 
Seat 4: MaikonAll ($100 in chips) 
Seat 5: Alinyr ($110.18 in chips) 
Seat 6: itaba ($35.92 in chips) 
MaikonAll: posts small blind $0.50
Alinyr: posts big blind $1
fataleggs13: sits out 
*** HOLE CARDS ***
itaba: folds 
ptolejmus: folds 
turquoise75: folds 
MaikonAll: raises $2 to $3
Alinyr: folds 
Uncalled bet ($2) returned to MaikonAll
MaikonAll collected $2 from pot
MaikonAll: doesn't show hand 
*** SUMMARY ***
Total pot $2 | Rake $0 
Seat 2: fataleggs13
Seat 1: ptolejmus folded before Flop (didn't bet)
Seat 3: turquoise75 (button) folded before Flop (didn't bet)
Seat 4: MaikonAll (small blind) collected ($2)
Seat 5: Alinyr (big blind) folded before Flop
Seat 6: itaba folded before Flop (didn't bet)



PokerStars Hand #254419870596:  Hold'em No Limit ($0.50/$1.00 USD) - 2025/01/17 20:48:53 WET [2025/01/17 15:48:53 ET]
Table 'Titan IV' 6-max Seat #4 is the button
Seat 2: fataleggs13 ($75 in chips) is sitting out
Seat 1: ptolejmus ($10 in chips) 
Seat 3: turquoise75 ($78.74 in chips) 
Seat 4: MaikonAll ($101 in chips) 
Seat 5: Alinyr ($109.18 in chips) 
Seat 6: itaba ($35.92 in chips) 
Alinyr: posts small blind $0.50
itaba: posts big blind $1
fataleggs13: sits out 
*** HOLE CARDS ***
ptolejmus: raises $1 to $2
turquoise75: folds 
MaikonAll: folds 
Alinyr: folds 
itaba: folds 
Uncalled bet ($1) returned to ptolejmus
ptolejmus collected $2.50 from pot
*** SUMMARY ***
Total pot $2.50 | Rake $0 
Seat 2: fataleggs13
Seat 1: ptolejmus collected ($2.50)
Seat 3: turquoise75 folded before Flop (didn't bet)
Seat 4: MaikonAll (button) folded before Flop (didn't bet)
Seat 5: Alinyr (small blind) folded before Flop
Seat 6: itaba (big blind) folded before Flop



PokerStars Hand #254419880312:  Hold'em No Limit ($0.50/$1.00 USD) - 2025/01/17 20:49:24 WET [2025/01/17 15:49:24 ET]
Table 'Titan IV' 6-max Seat #5 is the button
Seat 2: fataleggs13 ($75 in chips) is sitting out
Seat 1: ptolejmus ($11.50 in chips) 
Seat 3: turquoise75 ($78.74 in chips) 
Seat 4: MaikonAll ($101 in chips) 
Seat 5: Alinyr ($108.68 in chips) 
Seat 6: itaba ($34.92 in chips) 
itaba: posts small blind $0.50
ptolejmus: posts big blind $1
fataleggs13: sits out 
*** HOLE CARDS ***
turquoise75: raises $1.10 to $2.10
MaikonAll: folds 
Alinyr: folds 
itaba: folds 
ptolejmus: calls $1.10
*** FLOP *** [6s 3c 7h]
ptolejmus: checks 
turquoise75: checks 
*** TURN *** [6s 3c 7h] [7d]
ptolejmus: bets $1.20
turquoise75: calls $1.20
*** RIVER *** [6s 3c 7h 7d] [7c]
ptolejmus: checks 
turquoise75: bets $3.71
ptolejmus: folds 
Uncalled bet ($3.71) returned to turquoise75
turquoise75 collected $6.65 from pot
*** SUMMARY ***
Total pot $7.10 | Rake $0.45 
Board [6s 3c 7h 7d 7c]
Seat 2: fataleggs13
Seat 1: ptolejmus (big blind) folded on the River
Seat 3: turquoise75 collected ($6.65)
Seat 4: MaikonAll folded before Flop (didn't bet)
Seat 5: Alinyr (button) folded before Flop (didn't bet)
Seat 6: itaba (small blind) folded before Flop



PokerStars Hand #254419900881:  Hold'em No Limit ($0.50/$1.00 USD) - 2025/01/17 20:50:30 WET [2025/01/17 15:50:30 ET]
Table 'Titan IV' 6-max Seat #6 is the button
Seat 1: ptolejmus ($10 in chips) 
Seat 2: fataleggs13 ($75 in chips) 
Seat 3: turquoise75 ($82.09 in chips) 
Seat 4: MaikonAll ($101 in chips) 
Seat 5: Alinyr ($108.68 in chips) 
Seat 6: itaba ($34.42 in chips) 
ptolejmus: posts small blind $0.50
fataleggs13: posts big blind $1
*** HOLE CARDS ***
turquoise75: raises $1.10 to $2.10
MaikonAll: folds 
Alinyr: folds 
itaba: raises $3.10 to $5.20
ptolejmus: folds 
fataleggs13: folds 
turquoise75: calls $3.10
*** FLOP *** [4s 7c As]
turquoise75: checks 
itaba: checks 
*** TURN *** [4s 7c As] [7s]
turquoise75: bets $6.22
itaba: calls $6.22
*** RIVER *** [4s 7c As 7s] [2d]
turquoise75: bets $5.09
itaba: calls $5.09
*** SHOW DOWN ***
turquoise75: shows [Jc Ad] (two pair, Aces and Sevens)
itaba: mucks hand 
turquoise75 collected $32.36 from pot
*** SUMMARY ***
Total pot $34.52 | Rake $2.16 
Board [4s 7c As 7s 2d]
Seat 1: ptolejmus (small blind) folded before Flop
Seat 2: fataleggs13 (big blind) folded before Flop
Seat 3: turquoise75 showed [Jc Ad] and won ($32.36) with two pair, Aces and Sevens
Seat 4: MaikonAll folded before Flop (didn't bet)
Seat 5: Alinyr folded before Flop (didn't bet)
Seat 6: itaba (button) mucked



PokerStars Hand #254419918058:  Hold'em No Limit ($0.50/$1.00 USD) - 2025/01/17 20:51:25 WET [2025/01/17 15:51:25 ET]
Table 'Titan IV' 6-max Seat #1 is the button
Seat 1: ptolejmus ($10 in chips) 
Seat 2: fataleggs13 ($75 in chips) 
Seat 3: turquoise75 ($97.94 in chips) 
Seat 4: MaikonAll ($101 in chips) 
Seat 5: Alinyr ($108.68 in chips) 
Seat 6: itaba ($17.91 in chips) 
fataleggs13: posts small blind $0.50
turquoise75: posts big blind $1
*** HOLE CARDS ***
MaikonAll: folds 
Alinyr: raises $1.05 to $2.05
itaba: folds 
ptolejmus: folds 
fataleggs13: folds 
turquoise75: calls $1.05
*** FLOP *** [9c 7h 5c]
turquoise75: checks 
Alinyr: bets $1.44
turquoise75: folds 
Uncalled bet ($1.44) returned to Alinyr
Alinyr collected $4.37 from pot
Alinyr: doesn't show hand 
*** SUMMARY ***
Total pot $4.60 | Rake $0.23 
Board [9c 7h 5c]
Seat 1: ptolejmus (button) folded before Flop (didn't bet)
Seat 2: fataleggs13 (small blind) folded before Flop
Seat 3: turquoise75 (big blind) folded on the Flop
Seat 4: MaikonAll folded before Flop (didn't bet)
Seat 5: Alinyr collected ($4.37)
Seat 6: itaba folded before Flop (didn't bet)



PokerStars Hand #254419925329:  Hold'em No Limit ($0.50/$1.00 USD) - 2025/01/17 20:51:49 WET [2025/01/17 15:51:49 ET]
Table 'Titan IV' 6-max Seat #2 is the button
Seat 1: ptolejmus ($10 in chips) 
Seat 2: fataleggs13 ($75 in chips) 
Seat 3: turquoise75 ($95.89 in chips) 
Seat 4: MaikonAll ($101 in chips) 
Seat 5: Alinyr ($111 in chips) 
Seat 6: itaba ($17.91 in chips) 
turquoise75: posts small blind $0.50
MaikonAll: posts big blind $1
*** HOLE CARDS ***
Alinyr: folds 
itaba: folds 
ptolejmus: raises $1 to $2
fataleggs13: folds 
turquoise75: folds 
MaikonAll: folds 
Uncalled bet ($1) returned to ptolejmus
ptolejmus collected $2.50 from pot
*** SUMMARY ***
Total pot $2.50 | Rake $0 
Seat 1: ptolejmus collected ($2.50)
Seat 2: fataleggs13 (button) folded before Flop (didn't bet)
Seat 3: turquoise75 (small blind) folded before Flop
Seat 4: MaikonAll (big blind) folded before Flop
Seat 5: Alinyr folded before Flop (didn't bet)
Seat 6: itaba folded before Flop (didn't bet)



PokerStars Hand #254419930393:  Hold'em No Limit ($0.50/$1.00 USD) - 2025/01/17 20:52:05 WET [2025/01/17 15:52:05 ET]
Table 'Titan IV' 6-max Seat #3 is the button
Seat 1: ptolejmus ($11.50 in chips) 
Seat 2: fataleggs13 ($75 in chips) 
Seat 3: turquoise75 ($95.39 in chips) 
Seat 4: MaikonAll ($100 in chips) 
Seat 5: Alinyr ($111 in chips) 
Seat 6: itaba ($17.91 in chips) 
MaikonAll: posts small blind $0.50
Alinyr: posts big blind $1
*** HOLE CARDS ***
itaba: raises $1 to $2
ptolejmus: folds 
fataleggs13: folds 
turquoise75: folds 
MaikonAll: folds 
Alinyr: folds 
Uncalled bet ($1) returned to itaba
itaba collected $2.50 from pot
itaba: doesn't show hand 
*** SUMMARY ***
Total pot $2.50 | Rake $0 
Seat 1: ptolejmus folded before Flop (didn't bet)
Seat 2: fataleggs13 folded before Flop (didn't bet)
Seat 3: turquoise75 (button) folded before Flop (didn't bet)
Seat 4: MaikonAll (small blind) folded before Flop
Seat 5: Alinyr (big blind) folded before Flop
Seat 6: itaba collected ($2.50)



PokerStars Hand #254419935697:  Hold'em No Limit ($0.50/$1.00 USD) - 2025/01/17 20:52:22 WET [2025/01/17 15:52:22 ET]
Table 'Titan IV' 6-max Seat #4 is the button
Seat 1: ptolejmus ($11.50 in chips) 
Seat 2: fataleggs13 ($75 in chips) 
Seat 3: turquoise75 ($95.39 in chips) 
Seat 4: MaikonAll ($100 in chips) 
Seat 5: Alinyr ($110 in chips) 
Seat 6: itaba ($19.41 in chips) 
Alinyr: posts small blind $0.50
itaba: posts big blind $1
*** HOLE CARDS ***
ptolejmus: folds 
fataleggs13: raises $1.20 to $2.20
turquoise75: folds 
MaikonAll: folds 
Alinyr: folds 
itaba: folds 
Uncalled bet ($1.20) returned to fataleggs13
fataleggs13 collected $2.50 from pot
fataleggs13: doesn't show hand 
*** SUMMARY ***
Total pot $2.50 | Rake $0 
Seat 1: ptolejmus folded before Flop (didn't bet)
Seat 2: fataleggs13 collected ($2.50)
Seat 3: turquoise75 folded before Flop (didn't bet)
Seat 4: MaikonAll (button) folded before Flop (didn't bet)
Seat 5: Alinyr (small blind) folded before Flop
Seat 6: itaba (big blind) folded before Flop



PokerStars Hand #254419944428:  Hold'em No Limit ($0.50/$1.00 USD) - 2025/01/17 20:52:50 WET [2025/01/17 15:52:50 ET]
Table 'Titan IV' 6-max Seat #5 is the button
Seat 1: ptolejmus ($11.50 in chips) 
Seat 2: fataleggs13 ($76.50 in chips) 
Seat 3: turquoise75 ($95.39 in chips) 
Seat 4: MaikonAll ($100 in chips) 
Seat 5: Alinyr ($109.50 in chips) 
Seat 6: itaba ($18.41 in chips) 
itaba: posts small blind $0.50
ptolejmus: posts big blind $1
*** HOLE CARDS ***
fataleggs13: folds 
turquoise75: folds 
MaikonAll: folds 
Alinyr: folds 
itaba: raises $17.41 to $18.41 and is all-in
ptolejmus: folds 
Uncalled bet ($17.41) returned to itaba
itaba collected $2 from pot
itaba: doesn't show hand 
*** SUMMARY ***
Total pot $2 | Rake $0 
Seat 1: ptolejmus (big blind) folded before Flop
Seat 2: fataleggs13 folded before Flop (didn't bet)
Seat 3: turquoise75 folded before Flop (didn't bet)
Seat 4: MaikonAll folded before Flop (didn't bet)
Seat 5: Alinyr (button) folded before Flop (didn't bet)
Seat 6: itaba (small blind) collected ($2)



PokerStars Hand #254419952938:  Hold'em No Limit ($0.50/$1.00 USD) - 2025/01/17 20:53:18 WET [2025/01/17 15:53:18 ET]
Table 'Titan IV' 6-max Seat #6 is the button
Seat 1: ptolejmus ($10.50 in chips) 
Seat 2: fataleggs13 ($76.50 in chips) 
Seat 3: turquoise75 ($95.39 in chips) 
Seat 4: MaikonAll ($100 in chips) 
Seat 5: Alinyr ($109.50 in chips) 
Seat 6: itaba ($19.41 in chips) 
ptolejmus: posts small blind $0.50
fataleggs13: posts big blind $1
*** HOLE CARDS ***
turquoise75: folds 
MaikonAll: folds 
Alinyr: raises $1.28 to $2.28
itaba: folds 
ptolejmus: folds 
fataleggs13: folds 
Uncalled bet ($1.28) returned to Alinyr
Alinyr collected $2.50 from pot
Alinyr: doesn't show hand 
*** SUMMARY ***
Total pot $2.50 | Rake $0 
Seat 1: ptolejmus (small blind) folded before Flop
Seat 2: fataleggs13 (big blind) folded before Flop
Seat 3: turquoise75 folded before Flop (didn't bet)
Seat 4: MaikonAll folded before Flop (didn't bet)
Seat 5: Alinyr collected ($2.50)
Seat 6: itaba (button) folded before Flop (didn't bet)



PokerStars Hand #254419962190:  Hold'em No Limit ($0.50/$1.00 USD) - 2025/01/17 20:53:49 WET [2025/01/17 15:53:49 ET]
Table 'Titan IV' 6-max Seat #1 is the button
Seat 1: ptolejmus ($10 in chips) 
Seat 2: fataleggs13 ($75.50 in chips) 
Seat 3: turquoise75 ($95.39 in chips) 
Seat 4: MaikonAll ($100 in chips) 
Seat 5: Alinyr ($111 in chips) 
Seat 6: itaba ($19.41 in chips) 
fataleggs13: posts small blind $0.50
turquoise75: posts big blind $1
*** HOLE CARDS ***
MaikonAll: folds 
Alinyr: folds 
itaba: folds 
ptolejmus: folds 
fataleggs13: folds 
Uncalled bet ($0.50) returned to turquoise75
turquoise75 collected $1 from pot
*** SUMMARY ***
Total pot $1 | Rake $0 
Seat 1: ptolejmus (button) folded before Flop (didn't bet)
Seat 2: fataleggs13 (small blind) folded before Flop
Seat 3: turquoise75 (big blind) collected ($1)
Seat 4: MaikonAll folded before Flop (didn't bet)
Seat 5: Alinyr folded before Flop (didn't bet)
Seat 6: itaba folded before Flop (didn't bet)



PokerStars Hand #254419969061:  Hold'em No Limit ($0.50/$1.00 USD) - 2025/01/17 20:54:11 WET [2025/01/17 15:54:11 ET]
Table 'Titan IV' 6-max Seat #2 is the button
Seat 1: ptolejmus ($10 in chips) 
Seat 2: fataleggs13 ($75 in chips) 
Seat 3: turquoise75 ($95.89 in chips) 
Seat 4: MaikonAll ($100 in chips) 
Seat 5: Alinyr ($111 in chips) 
Seat 6: itaba ($19.41 in chips) 
turquoise75: posts small blind $0.50
MaikonAll: posts big blind $1
*** HOLE CARDS ***
Alinyr: raises $1.05 to $2.05
itaba: folds 
ptolejmus: folds 
fataleggs13: calls $2.05
turquoise75: calls $1.55
MaikonAll: folds 
*** FLOP *** [2s 6d 3h]
turquoise75: checks 
Alinyr: checks 
ptolejmus leaves the table
fataleggs13: bets $3.53
turquoise75: folds 
Alinyr: folds 
Uncalled bet ($3.53) returned to fataleggs13
fataleggs13 collected $6.79 from pot
fataleggs13: doesn't show hand 
*** SUMMARY ***
Total pot $7.15 | Rake $0.36 
Board [2s 6d 3h]
Seat 1: ptolejmus folded before Flop (didn't bet)
Seat 2: fataleggs13 (button) collected ($6.79)
Seat 3: turquoise75 (small blind) folded on the Flop
Seat 4: MaikonAll (big blind) folded before Flop
Seat 5: Alinyr folded on the Flop
Seat 6: itaba folded before Flop (didn't bet)



PokerStars Hand #254419985309:  Hold'em No Limit ($0.50/$1.00 USD) - 2025/01/17 20:55:04 WET [2025/01/17 15:55:04 ET]
Table 'Titan IV' 6-max Seat #3 is the button
Seat 2: fataleggs13 ($79.74 in chips) 
Seat 3: turquoise75 ($93.84 in chips) 
Seat 4: MaikonAll ($100 in chips) 
Seat 5: Alinyr ($108.95 in chips) 
Seat 6: itaba ($19.41 in chips) 
MaikonAll: posts small blind $0.50
Alinyr: posts big blind $1
*** HOLE CARDS ***
itaba: folds 
fataleggs13: raises $1.20 to $2.20
turquoise75: folds 
MaikonAll: folds 
Alinyr: folds 
Uncalled bet ($1.20) returned to fataleggs13
fataleggs13 collected $2.50 from pot
fataleggs13: doesn't show hand 
*** SUMMARY ***
Total pot $2.50 | Rake $0 
Seat 2: fataleggs13 collected ($2.50)
Seat 3: turquoise75 (button) folded before Flop (didn't bet)
Seat 4: MaikonAll (small blind) folded before Flop
Seat 5: Alinyr (big blind) folded before Flop
Seat 6: itaba folded before Flop (didn't bet)



PokerStars Hand #254419988416:  Hold'em No Limit ($0.50/$1.00 USD) - 2025/01/17 20:55:17 WET [2025/01/17 15:55:17 ET]
Table 'Titan IV' 6-max Seat #4 is the button
Seat 2: fataleggs13 ($81.24 in chips) 
Seat 3: turquoise75 ($93.84 in chips) 
Seat 4: MaikonAll ($100 in chips) 
Seat 5: Alinyr ($107.95 in chips) 
Seat 6: itaba ($19.41 in chips) 
Alinyr: posts small blind $0.50
itaba: posts big blind $1
*** HOLE CARDS ***
fataleggs13: folds 
turquoise75: raises $1.10 to $2.10
MaikonAll: raises $4.90 to $7
Alinyr: folds 
OrioNCOOL joins the table at seat #1 
itaba: folds 
turquoise75: folds 
Uncalled bet ($4.90) returned to MaikonAll
MaikonAll collected $5.70 from pot
MaikonAll: doesn't show hand 
*** SUMMARY ***
Total pot $5.70 | Rake $0 
Seat 2: fataleggs13 folded before Flop (didn't bet)
Seat 3: turquoise75 folded before Flop
Seat 4: MaikonAll (button) collected ($5.70)
Seat 5: Alinyr (small blind) folded before Flop
Seat 6: itaba (big blind) folded before Flop



PokerStars Hand #254419994851:  Hold'em No Limit ($0.50/$1.00 USD) - 2025/01/17 20:55:47 WET [2025/01/17 15:55:47 ET]
Table 'Titan IV' 6-max Seat #5 is the button
Seat 1: OrioNCOOL ($100 in chips) 
Seat 2: fataleggs13 ($81.24 in chips) 
Seat 3: turquoise75 ($91.74 in chips) 
Seat 4: MaikonAll ($103.60 in chips) 
Seat 5: Alinyr ($107.45 in chips) 
Seat 6: itaba ($18.41 in chips) 
itaba: posts small blind $0.50
OrioNCOOL: posts big blind $1
*** HOLE CARDS ***
fataleggs13: folds 
turquoise75: folds 
MaikonAll: folds 
Alinyr: raises $1.50 to $2.50
itaba: folds 
OrioNCOOL: folds 
Uncalled bet ($1.50) returned to Alinyr
Alinyr collected $2.50 from pot
Alinyr: doesn't show hand 
*** SUMMARY ***
Total pot $2.50 | Rake $0 
Seat 1: OrioNCOOL (big blind) folded before Flop
Seat 2: fataleggs13 folded before Flop (didn't bet)
Seat 3: turquoise75 folded before Flop (didn't bet)
Seat 4: MaikonAll folded before Flop (didn't bet)
Seat 5: Alinyr (button) collected ($2.50)
Seat 6: itaba (small blind) folded before Flop



PokerStars Hand #254420002021:  Hold'em No Limit ($0.50/$1.00 USD) - 2025/01/17 20:56:20 WET [2025/01/17 15:56:20 ET]
Table 'Titan IV' 6-max Seat #6 is the button
Seat 1: OrioNCOOL ($100 in chips) 
Seat 2: fataleggs13 ($81.24 in chips) 
Seat 3: turquoise75 ($91.74 in chips) 
Seat 4: MaikonAll ($103.60 in chips) 
Seat 5: Alinyr ($108.95 in chips) 
Seat 6: itaba ($17.91 in chips) 
OrioNCOOL: posts small blind $0.50
fataleggs13: posts big blind $1
*** HOLE CARDS ***
turquoise75: folds 
MaikonAll: folds 
Alinyr: raises $1.28 to $2.28
itaba: folds 
OrioNCOOL: folds 
fataleggs13: folds 
Uncalled bet ($1.28) returned to Alinyr
Alinyr collected $2.50 from pot
Alinyr: doesn't show hand 
*** SUMMARY ***
Total pot $2.50 | Rake $0 
Seat 1: OrioNCOOL (small blind) folded before Flop
Seat 2: fataleggs13 (big blind) folded before Flop
Seat 3: turquoise75 folded before Flop (didn't bet)
Seat 4: MaikonAll folded before Flop (didn't bet)
Seat 5: Alinyr collected ($2.50)
Seat 6: itaba (button) folded before Flop (didn't bet)



PokerStars Hand #254420005123:  Hold'em No Limit ($0.50/$1.00 USD) - 2025/01/17 20:56:34 WET [2025/01/17 15:56:34 ET]
Table 'Titan IV' 6-max Seat #1 is the button
Seat 1: OrioNCOOL ($100 in chips) 
Seat 2: fataleggs13 ($80.24 in chips) 
Seat 3: turquoise75 ($91.74 in chips) 
Seat 4: MaikonAll ($103.60 in chips) 
Seat 5: Alinyr ($110.45 in chips) 
Seat 6: itaba ($17.91 in chips) 
fataleggs13: posts small blind $0.50
turquoise75: posts big blind $1
*** HOLE CARDS ***
MaikonAll: folds 
Alinyr: raises $1.05 to $2.05
itaba: folds 
OrioNCOOL: folds 
fataleggs13: folds 
turquoise75: calls $1.05
*** FLOP *** [6c 6s 5d]
turquoise75: checks 
Alinyr: checks 
*** TURN *** [6c 6s 5d] [7h]
turquoise75: bets $1.44
Alinyr: folds 
Uncalled bet ($1.44) returned to turquoise75
turquoise75 collected $4.31 from pot
*** SUMMARY ***
Total pot $4.60 | Rake $0.29 
Board [6c 6s 5d 7h]
Seat 1: OrioNCOOL (button) folded before Flop (didn't bet)
Seat 2: fataleggs13 (small blind) folded before Flop
Seat 3: turquoise75 (big blind) collected ($4.31)
Seat 4: MaikonAll folded before Flop (didn't bet)
Seat 5: Alinyr folded on the Turn
Seat 6: itaba folded before Flop (didn't bet)



PokerStars Hand #254420012122:  Hold'em No Limit ($0.50/$1.00 USD) - 2025/01/17 20:57:07 WET [2025/01/17 15:57:07 ET]
Table 'Titan IV' 6-max Seat #2 is the button
Seat 1: OrioNCOOL ($100 in chips) 
Seat 2: fataleggs13 ($79.74 in chips) 
Seat 3: turquoise75 ($94 in chips) 
Seat 4: MaikonAll ($103.60 in chips) 
Seat 5: Alinyr ($108.40 in chips) 
Seat 6: itaba ($17.91 in chips) 
turquoise75: posts small blind $0.50
MaikonAll: posts big blind $1
*** HOLE CARDS ***
Alinyr: folds 
itaba: folds 
OrioNCOOL: folds 
fataleggs13: folds 
turquoise75: calls $0.50
MaikonAll: checks 
*** FLOP *** [2h Ks 6s]
turquoise75: checks 
MaikonAll: checks 
*** TURN *** [2h Ks 6s] [Qs]
turquoise75: bets $1.05
MaikonAll: calls $1.05
*** RIVER *** [2h Ks 6s Qs] [7c]
turquoise75: checks 
MaikonAll: checks 
*** SHOW DOWN ***
turquoise75: shows [Ts Ad] (high card Ace)
MaikonAll: shows [Qd 5d] (a pair of Queens)
MaikonAll collected $3.90 from pot
*** SUMMARY ***
Total pot $4.10 | Rake $0.20 
Board [2h Ks 6s Qs 7c]
Seat 1: OrioNCOOL folded before Flop (didn't bet)
Seat 2: fataleggs13 (button) folded before Flop (didn't bet)
Seat 3: turquoise75 (small blind) showed [Ts Ad] and lost with high card Ace
Seat 4: MaikonAll (big blind) showed [Qd 5d] and won ($3.90) with a pair of Queens
Seat 5: Alinyr folded before Flop (didn't bet)
Seat 6: itaba folded before Flop (didn't bet)



PokerStars Hand #254420031384:  Hold'em No Limit ($0.50/$1.00 USD) - 2025/01/17 20:58:34 WET [2025/01/17 15:58:34 ET]
Table 'Titan IV' 6-max Seat #3 is the button
Seat 1: OrioNCOOL ($100 in chips) 
Seat 2: fataleggs13 ($79.74 in chips) 
Seat 3: turquoise75 ($91.95 in chips) 
Seat 4: MaikonAll ($105.45 in chips) 
Seat 5: Alinyr ($108.40 in chips) 
Seat 6: itaba ($17.91 in chips) 
MaikonAll: posts small blind $0.50
Alinyr: posts big blind $1
*** HOLE CARDS ***
itaba: folds 
OrioNCOOL: folds 
fataleggs13: folds 
turquoise75: raises $2.20 to $3.20
MaikonAll: raises $8.80 to $12
Alinyr: folds 
turquoise75: calls $8.80
*** FLOP *** [6d Kh Jd]
MaikonAll: bets $5.95
turquoise75: folds 
Uncalled bet ($5.95) returned to MaikonAll
MaikonAll collected $23.75 from pot
MaikonAll: doesn't show hand 
*** SUMMARY ***
Total pot $25 | Rake $1.25 
Board [6d Kh Jd]
Seat 1: OrioNCOOL folded before Flop (didn't bet)
Seat 2: fataleggs13 folded before Flop (didn't bet)
Seat 3: turquoise75 (button) folded on the Flop
Seat 4: MaikonAll (small blind) collected ($23.75)
Seat 5: Alinyr (big blind) folded before Flop
Seat 6: itaba folded before Flop (didn't bet)



PokerStars Hand #254420041478:  Hold'em No Limit ($0.50/$1.00 USD) - 2025/01/17 20:59:20 WET [2025/01/17 15:59:20 ET]
Table 'Titan IV' 6-max Seat #4 is the button
Seat 1: OrioNCOOL ($100 in chips) 
Seat 2: fataleggs13 ($79.74 in chips) 
Seat 3: turquoise75 ($79.95 in chips) 
Seat 4: MaikonAll ($117.20 in chips) 
Seat 5: Alinyr ($107.40 in chips) 
Seat 6: itaba ($17.91 in chips) 
Alinyr: posts small blind $0.50
itaba: posts big blind $1
*** HOLE CARDS ***
OrioNCOOL: raises $1.50 to $2.50
fataleggs13: folds 
turquoise75: folds 
MaikonAll: folds 
Alinyr: folds 
itaba: folds 
Uncalled bet ($1.50) returned to OrioNCOOL
OrioNCOOL collected $2.50 from pot
OrioNCOOL: doesn't show hand 
*** SUMMARY ***
Total pot $2.50 | Rake $0 
Seat 1: OrioNCOOL collected ($2.50)
Seat 2: fataleggs13 folded before Flop (didn't bet)
Seat 3: turquoise75 folded before Flop (didn't bet)
Seat 4: MaikonAll (button) folded before Flop (didn't bet)
Seat 5: Alinyr (small blind) folded before Flop
Seat 6: itaba (big blind) folded before Flop



PokerStars Hand #254420046908:  Hold'em No Limit ($0.50/$1.00 USD) - 2025/01/17 20:59:44 WET [2025/01/17 15:59:44 ET]
Table 'Titan IV' 6-max Seat #5 is the button
Seat 1: OrioNCOOL ($101.50 in chips) 
Seat 2: fataleggs13 ($79.74 in chips) 
Seat 3: turquoise75 ($79.95 in chips) 
Seat 4: MaikonAll ($117.20 in chips) 
Seat 5: Alinyr ($106.90 in chips) 
Seat 6: itaba ($16.91 in chips) 
itaba: posts small blind $0.50
OrioNCOOL: posts big blind $1
*** HOLE CARDS ***
fataleggs13: folds 
turquoise75: folds 
MaikonAll: raises $1.30 to $2.30
Alinyr: folds 
itaba: folds 
OrioNCOOL: folds 
Uncalled bet ($1.30) returned to MaikonAll
MaikonAll collected $2.50 from pot
MaikonAll: doesn't show hand 
*** SUMMARY ***
Total pot $2.50 | Rake $0 
Seat 1: OrioNCOOL (big blind) folded before Flop
Seat 2: fataleggs13 folded before Flop (didn't bet)
Seat 3: turquoise75 folded before Flop (didn't bet)
Seat 4: MaikonAll collected ($2.50)
Seat 5: Alinyr (button) folded before Flop (didn't bet)
Seat 6: itaba (small blind) folded before Flop



PokerStars Hand #254420051136:  Hold'em No Limit ($0.50/$1.00 USD) - 2025/01/17 21:00:03 WET [2025/01/17 16:00:03 ET]
Table 'Titan IV' 6-max Seat #6 is the button
Seat 1: OrioNCOOL ($100.50 in chips) 
Seat 2: fataleggs13 ($79.74 in chips) 
Seat 3: turquoise75 ($79.95 in chips) 
Seat 4: MaikonAll ($118.70 in chips) 
Seat 5: Alinyr ($106.90 in chips) 
Seat 6: itaba ($19.41 in chips) 
OrioNCOOL: posts small blind $0.50
fataleggs13: posts big blind $1
*** HOLE CARDS ***
turquoise75: raises $1.10 to $2.10
MaikonAll: folds 
Alinyr: folds 
itaba: folds 
OrioNCOOL: folds 
fataleggs13: folds 
Uncalled bet ($1.10) returned to turquoise75
turquoise75 collected $2.50 from pot
*** SUMMARY ***
Total pot $2.50 | Rake $0 
Seat 1: OrioNCOOL (small blind) folded before Flop
Seat 2: fataleggs13 (big blind) folded before Flop
Seat 3: turquoise75 collected ($2.50)
Seat 4: MaikonAll folded before Flop (didn't bet)
Seat 5: Alinyr folded before Flop (didn't bet)
Seat 6: itaba (button) folded before Flop (didn't bet)



PokerStars Hand #254420056300:  Hold'em No Limit ($0.50/$1.00 USD) - 2025/01/17 21:00:26 WET [2025/01/17 16:00:26 ET]
Table 'Titan IV' 6-max Seat #1 is the button
Seat 1: OrioNCOOL ($100 in chips) 
Seat 2: fataleggs13 ($78.74 in chips) 
Seat 3: turquoise75 ($81.45 in chips) 
Seat 4: MaikonAll ($118.70 in chips) 
Seat 5: Alinyr ($106.90 in chips) 
Seat 6: itaba ($19.41 in chips) 
fataleggs13: posts small blind $0.50
turquoise75: posts big blind $1
*** HOLE CARDS ***
MaikonAll: folds 
Alinyr: raises $1.05 to $2.05
itaba: folds 
OrioNCOOL: calls $2.05
fataleggs13: folds 
turquoise75: folds 
*** FLOP *** [Kc 7d 9s]
Alinyr: checks 
OrioNCOOL: checks 
*** TURN *** [Kc 7d 9s] [3h]
Alinyr: checks 
OrioNCOOL: checks 
*** RIVER *** [Kc 7d 9s 3h] [8d]
Alinyr: bets $2.71
OrioNCOOL: folds 
Uncalled bet ($2.71) returned to Alinyr
Alinyr collected $5.32 from pot
Alinyr: doesn't show hand 
*** SUMMARY ***
Total pot $5.60 | Rake $0.28 
Board [Kc 7d 9s 3h 8d]
Seat 1: OrioNCOOL (button) folded on the River
Seat 2: fataleggs13 (small blind) folded before Flop
Seat 3: turquoise75 (big blind) folded before Flop
Seat 4: MaikonAll folded before Flop (didn't bet)
Seat 5: Alinyr collected ($5.32)
Seat 6: itaba folded before Flop (didn't bet)



PokerStars Hand #254420064783:  Hold'em No Limit ($0.50/$1.00 USD) - 2025/01/17 21:01:00 WET [2025/01/17 16:01:00 ET]
Table 'Titan IV' 6-max Seat #2 is the button
Seat 1: OrioNCOOL ($100 in chips) 
Seat 2: fataleggs13 ($78.24 in chips) 
Seat 3: turquoise75 ($80.45 in chips) 
Seat 4: MaikonAll ($118.70 in chips) 
Seat 5: Alinyr ($110.17 in chips) 
Seat 6: itaba ($19.41 in chips) 
turquoise75: posts small blind $0.50
MaikonAll: posts big blind $1
*** HOLE CARDS ***
Alinyr: folds 
itaba: folds 
OrioNCOOL: folds 
fataleggs13: raises $1.50 to $2.50
turquoise75: calls $2
MaikonAll: raises $8.50 to $11
fataleggs13: folds 
turquoise75: folds 
Uncalled bet ($8.50) returned to MaikonAll
MaikonAll collected $7.50 from pot
MaikonAll: doesn't show hand 
*** SUMMARY ***
Total pot $7.50 | Rake $0 
Seat 1: OrioNCOOL folded before Flop (didn't bet)
Seat 2: fataleggs13 (button) folded before Flop
Seat 3: turquoise75 (small blind) folded before Flop
Seat 4: MaikonAll (big blind) collected ($7.50)
Seat 5: Alinyr folded before Flop (didn't bet)
Seat 6: itaba folded before Flop (didn't bet)



PokerStars Hand #254420080938:  Hold'em No Limit ($0.50/$1.00 USD) - 2025/01/17 21:01:59 WET [2025/01/17 16:01:59 ET]
Table 'Titan IV' 6-max Seat #3 is the button
Seat 1: OrioNCOOL ($100 in chips) 
Seat 2: fataleggs13 ($75.74 in chips) 
Seat 3: turquoise75 ($77.95 in chips) 
Seat 4: MaikonAll ($123.70 in chips) 
Seat 5: Alinyr ($110.17 in chips) 
Seat 6: itaba ($19.41 in chips) 
MaikonAll: posts small blind $0.50
Alinyr: posts big blind $1
*** HOLE CARDS ***
itaba: folds 
OrioNCOOL: folds 
fataleggs13: raises $1.20 to $2.20
turquoise75: folds 
MaikonAll: folds 
Alinyr: folds 
Uncalled bet ($1.20) returned to fataleggs13
fataleggs13 collected $2.50 from pot
fataleggs13: doesn't show hand 
*** SUMMARY ***
Total pot $2.50 | Rake $0 
Seat 1: OrioNCOOL folded before Flop (didn't bet)
Seat 2: fataleggs13 collected ($2.50)
Seat 3: turquoise75 (button) folded before Flop (didn't bet)
Seat 4: MaikonAll (small blind) folded before Flop
Seat 5: Alinyr (big blind) folded before Flop
Seat 6: itaba folded before Flop (didn't bet)



PokerStars Hand #254420085102:  Hold'em No Limit ($0.50/$1.00 USD) - 2025/01/17 21:02:13 WET [2025/01/17 16:02:13 ET]
Table 'Titan IV' 6-max Seat #4 is the button
Seat 1: OrioNCOOL ($100 in chips) 
Seat 2: fataleggs13 ($77.24 in chips) 
Seat 3: turquoise75 ($77.95 in chips) 
Seat 4: MaikonAll ($123.20 in chips) 
Seat 5: Alinyr ($109.17 in chips) 
Seat 6: itaba ($19.41 in chips) 
Alinyr: posts small blind $0.50
itaba: posts big blind $1
*** HOLE CARDS ***
OrioNCOOL: folds 
fataleggs13: folds 
turquoise75: folds 
MaikonAll: folds 
Alinyr: raises $2 to $3
itaba: raises $16.41 to $19.41 and is all-in
Alinyr: folds 
Uncalled bet ($16.41) returned to itaba
itaba collected $6 from pot
itaba: doesn't show hand 
*** SUMMARY ***
Total pot $6 | Rake $0 
Seat 1: OrioNCOOL folded before Flop (didn't bet)
Seat 2: fataleggs13 folded before Flop (didn't bet)
Seat 3: turquoise75 folded before Flop (didn't bet)
Seat 4: MaikonAll (button) folded before Flop (didn't bet)
Seat 5: Alinyr (small blind) folded before Flop
Seat 6: itaba (big blind) collected ($6)



PokerStars Hand #254420091376:  Hold'em No Limit ($0.50/$1.00 USD) - 2025/01/17 21:02:33 WET [2025/01/17 16:02:33 ET]
Table 'Titan IV' 6-max Seat #5 is the button
Seat 1: OrioNCOOL ($100 in chips) 
Seat 2: fataleggs13 ($77.24 in chips) 
Seat 3: turquoise75 ($77.95 in chips) 
Seat 4: MaikonAll ($123.20 in chips) 
Seat 5: Alinyr ($106.17 in chips) 
Seat 6: itaba ($22.41 in chips) 
itaba: posts small blind $0.50
OrioNCOOL: posts big blind $1
*** HOLE CARDS ***
fataleggs13: raises $1.20 to $2.20
turquoise75: folds 
MaikonAll: folds 
Alinyr: folds 
itaba: raises $3.20 to $5.40
OrioNCOOL: folds 
fataleggs13: calls $3.20
*** FLOP *** [4d 8s Qc]
itaba: bets $2.24
fataleggs13: raises $3.76 to $6
itaba: calls $3.76
*** TURN *** [4d 8s Qc] [3s]
itaba: checks 
fataleggs13: bets $16.96
itaba: folds 
Uncalled bet ($16.96) returned to fataleggs13
fataleggs13 collected $22.61 from pot
fataleggs13: doesn't show hand 
*** SUMMARY ***
Total pot $23.80 | Rake $1.19 
Board [4d 8s Qc 3s]
Seat 1: OrioNCOOL (big blind) folded before Flop
Seat 2: fataleggs13 collected ($22.61)
Seat 3: turquoise75 folded before Flop (didn't bet)
Seat 4: MaikonAll folded before Flop (didn't bet)
Seat 5: Alinyr (button) folded before Flop (didn't bet)
Seat 6: itaba (small blind) folded on the Turn



PokerStars Hand #254420113668:  Hold'em No Limit ($0.50/$1.00 USD) - 2025/01/17 21:03:44 WET [2025/01/17 16:03:44 ET]
Table 'Titan IV' 6-max Seat #6 is the button
Seat 1: OrioNCOOL ($100 in chips) 
Seat 2: fataleggs13 ($88.45 in chips) 
Seat 3: turquoise75 ($77.95 in chips) 
Seat 4: MaikonAll ($123.20 in chips) 
Seat 5: Alinyr ($106.17 in chips) 
Seat 6: itaba ($11.01 in chips) 
OrioNCOOL: posts small blind $0.50
fataleggs13: posts big blind $1
*** HOLE CARDS ***
turquoise75: folds 
MaikonAll: folds 
Alinyr: folds 
itaba: raises $1 to $2
OrioNCOOL: raises $10 to $12
fataleggs13: folds 
itaba: calls $9.01 and is all-in
Uncalled bet ($0.99) returned to OrioNCOOL
*** FLOP *** [9d Qs 4s]
*** TURN *** [9d Qs 4s] [Tc]
*** RIVER *** [9d Qs 4s Tc] [6s]
*** SHOW DOWN ***
OrioNCOOL: shows [Th Ac] (a pair of Tens)
itaba: shows [Kd Kc] (a pair of Kings)
itaba collected $21.87 from pot
*** SUMMARY ***
Total pot $23.02 | Rake $1.15 
Board [9d Qs 4s Tc 6s]
Seat 1: OrioNCOOL (small blind) showed [Th Ac] and lost with a pair of Tens
Seat 2: fataleggs13 (big blind) folded before Flop
Seat 3: turquoise75 folded before Flop (didn't bet)
Seat 4: MaikonAll folded before Flop (didn't bet)
Seat 5: Alinyr folded before Flop (didn't bet)
Seat 6: itaba (button) showed [Kd Kc] and won ($21.87) with a pair of Kings



PokerStars Hand #254420122347:  Hold'em No Limit ($0.50/$1.00 USD) - 2025/01/17 21:04:12 WET [2025/01/17 16:04:12 ET]
Table 'Titan IV' 6-max Seat #1 is the button
Seat 1: OrioNCOOL ($100 in chips) 
Seat 2: fataleggs13 ($87.45 in chips) 
Seat 3: turquoise75 ($77.95 in chips) 
Seat 4: MaikonAll ($123.20 in chips) 
Seat 5: Alinyr ($106.17 in chips) 
Seat 6: itaba ($21.87 in chips) 
fataleggs13: posts small blind $0.50
turquoise75: posts big blind $1
*** HOLE CARDS ***
MaikonAll: folds 
Alinyr: folds 
itaba: folds 
OrioNCOOL: folds 
fataleggs13: folds 
Uncalled bet ($0.50) returned to turquoise75
turquoise75 collected $1 from pot
*** SUMMARY ***
Total pot $1 | Rake $0 
Seat 1: OrioNCOOL (button) folded before Flop (didn't bet)
Seat 2: fataleggs13 (small blind) folded before Flop
Seat 3: turquoise75 (big blind) collected ($1)
Seat 4: MaikonAll folded before Flop (didn't bet)
Seat 5: Alinyr folded before Flop (didn't bet)
Seat 6: itaba folded before Flop (didn't bet)



PokerStars Hand #254420125842:  Hold'em No Limit ($0.50/$1.00 USD) - 2025/01/17 21:04:23 WET [2025/01/17 16:04:23 ET]
Table 'Titan IV' 6-max Seat #2 is the button
Seat 1: OrioNCOOL ($100 in chips) 
Seat 2: fataleggs13 ($86.95 in chips) 
Seat 3: turquoise75 ($78.45 in chips) 
Seat 4: MaikonAll ($123.20 in chips) 
Seat 5: Alinyr ($106.17 in chips) 
Seat 6: itaba ($21.87 in chips) 
turquoise75: posts small blind $0.50
MaikonAll: posts big blind $1
*** HOLE CARDS ***
Alinyr: raises $1.05 to $2.05
itaba: folds 
OrioNCOOL: folds 
fataleggs13: folds 
turquoise75: folds 
MaikonAll: raises $9.95 to $12
Alinyr: calls $9.95
*** FLOP *** [Qd 4d 8d]
MaikonAll: bets $2.80
Alinyr: calls $2.80
*** TURN *** [Qd 4d 8d] [Ts]
MaikonAll: bets $21.45
Alinyr: folds 
Uncalled bet ($21.45) returned to MaikonAll
MaikonAll collected $28.60 from pot
MaikonAll: doesn't show hand 
*** SUMMARY ***
Total pot $30.10 | Rake $1.50 
Board [Qd 4d 8d Ts]
Seat 1: OrioNCOOL folded before Flop (didn't bet)
Seat 2: fataleggs13 (button) folded before Flop (didn't bet)
Seat 3: turquoise75 (small blind) folded before Flop
Seat 4: MaikonAll (big blind) collected ($28.60)
Seat 5: Alinyr folded on the Turn
Seat 6: itaba folded before Flop (didn't bet)



PokerStars Hand #254420156326:  Hold'em No Limit ($0.50/$1.00 USD) - 2025/01/17 21:06:00 WET [2025/01/17 16:06:00 ET]
Table 'Titan IV' 6-max Seat #3 is the button
Seat 1: OrioNCOOL ($100 in chips) 
Seat 2: fataleggs13 ($86.95 in chips) 
Seat 3: turquoise75 ($77.95 in chips) 
Seat 4: MaikonAll ($137 in chips) 
Seat 5: Alinyr ($100 in chips) 
Seat 6: itaba ($21.87 in chips) 
MaikonAll: posts small blind $0.50
Alinyr: posts big blind $1
*** HOLE CARDS ***
itaba: raises $1 to $2
OrioNCOOL: folds 
fataleggs13: folds 
turquoise75: folds 
MaikonAll: folds 
Alinyr: calls $1
*** FLOP *** [Tc Ks 5d]
Alinyr: checks 
itaba: bets $1.41
Alinyr: calls $1.41
*** TURN *** [Tc Ks 5d] [4h]
Alinyr: checks 
itaba: checks 
*** RIVER *** [Tc Ks 5d 4h] [3d]
Alinyr: checks 
itaba: checks 
*** SHOW DOWN ***
Alinyr: shows [As 5s] (a pair of Fives)
itaba: shows [Qc Qd] (a pair of Queens)
itaba collected $6.95 from pot
*** SUMMARY ***
Total pot $7.32 | Rake $0.37 
Board [Tc Ks 5d 4h 3d]
Seat 1: OrioNCOOL folded before Flop (didn't bet)
Seat 2: fataleggs13 folded before Flop (didn't bet)
Seat 3: turquoise75 (button) folded before Flop (didn't bet)
Seat 4: MaikonAll (small blind) folded before Flop
Seat 5: Alinyr (big blind) showed [As 5s] and lost with a pair of Fives
Seat 6: itaba showed [Qc Qd] and won ($6.95) with a pair of Queens



PokerStars Hand #254420178579:  Hold'em No Limit ($0.50/$1.00 USD) - 2025/01/17 21:07:10 WET [2025/01/17 16:07:10 ET]
Table 'Titan IV' 6-max Seat #4 is the button
Seat 1: OrioNCOOL ($100 in chips) 
Seat 2: fataleggs13 ($86.95 in chips) 
Seat 3: turquoise75 ($77.95 in chips) 
Seat 4: MaikonAll ($136.50 in chips) 
Seat 5: Alinyr ($100 in chips) 
Seat 6: itaba ($25.41 in chips) 
Alinyr: posts small blind $0.50
itaba: posts big blind $1
*** HOLE CARDS ***
OrioNCOOL: folds 
fataleggs13: folds 
turquoise75: raises $1.10 to $2.10
MaikonAll: folds 
Alinyr: folds 
itaba: calls $1.10
*** FLOP *** [6c 4d Qs]
itaba: checks 
turquoise75: checks 
*** TURN *** [6c 4d Qs] [7h]
itaba: checks 
turquoise75: checks 
*** RIVER *** [6c 4d Qs 7h] [3d]
itaba: bets $3.35
turquoise75: folds 
Uncalled bet ($3.35) returned to itaba
itaba collected $4.46 from pot
itaba: doesn't show hand 
*** SUMMARY ***
Total pot $4.70 | Rake $0.24 
Board [6c 4d Qs 7h 3d]
Seat 1: OrioNCOOL folded before Flop (didn't bet)
Seat 2: fataleggs13 folded before Flop (didn't bet)
Seat 3: turquoise75 folded on the River
Seat 4: MaikonAll (button) folded before Flop (didn't bet)
Seat 5: Alinyr (small blind) folded before Flop
Seat 6: itaba (big blind) collected ($4.46)



PokerStars Hand #254420201912:  Hold'em No Limit ($0.50/$1.00 USD) - 2025/01/17 21:08:23 WET [2025/01/17 16:08:23 ET]
Table 'Titan IV' 6-max Seat #5 is the button
Seat 1: OrioNCOOL ($100 in chips) 
Seat 2: fataleggs13 ($86.95 in chips) 
Seat 3: turquoise75 ($75.85 in chips) 
Seat 4: MaikonAll ($136.50 in chips) 
Seat 5: Alinyr ($100 in chips) 
Seat 6: itaba ($27.77 in chips) 
itaba: posts small blind $0.50
OrioNCOOL: posts big blind $1
*** HOLE CARDS ***
fataleggs13: folds 
turquoise75: folds 
MaikonAll: raises $1.30 to $2.30
Alinyr: folds 
itaba: folds 
OrioNCOOL: folds 
Uncalled bet ($1.30) returned to MaikonAll
MaikonAll collected $2.50 from pot
MaikonAll: doesn't show hand 
*** SUMMARY ***
Total pot $2.50 | Rake $0 
Seat 1: OrioNCOOL (big blind) folded before Flop
Seat 2: fataleggs13 folded before Flop (didn't bet)
Seat 3: turquoise75 folded before Flop (didn't bet)
Seat 4: MaikonAll collected ($2.50)
Seat 5: Alinyr (button) folded before Flop (didn't bet)
Seat 6: itaba (small blind) folded before Flop



PokerStars Hand #254420207366:  Hold'em No Limit ($0.50/$1.00 USD) - 2025/01/17 21:08:40 WET [2025/01/17 16:08:40 ET]
Table 'Titan IV' 6-max Seat #6 is the button
Seat 1: OrioNCOOL ($100 in chips) 
Seat 2: fataleggs13 ($86.95 in chips) 
Seat 3: turquoise75 ($75.85 in chips) 
Seat 4: MaikonAll ($138 in chips) 
Seat 5: Alinyr ($100 in chips) 
Seat 6: itaba ($27.27 in chips) 
OrioNCOOL: posts small blind $0.50
fataleggs13: posts big blind $1
*** HOLE CARDS ***
turquoise75: folds 
MaikonAll: folds 
Alinyr: folds 
itaba: folds 
OrioNCOOL: raises $2 to $3
fataleggs13: folds 
Uncalled bet ($2) returned to OrioNCOOL
OrioNCOOL collected $2 from pot
OrioNCOOL: doesn't show hand 
*** SUMMARY ***
Total pot $2 | Rake $0 
Seat 1: OrioNCOOL (small blind) collected ($2)
Seat 2: fataleggs13 (big blind) folded before Flop
Seat 3: turquoise75 folded before Flop (didn't bet)
Seat 4: MaikonAll folded before Flop (didn't bet)
Seat 5: Alinyr folded before Flop (didn't bet)
Seat 6: itaba (button) folded before Flop (didn't bet)



PokerStars Hand #254420212406:  Hold'em No Limit ($0.50/$1.00 USD) - 2025/01/17 21:08:56 WET [2025/01/17 16:08:56 ET]
Table 'Titan IV' 6-max Seat #1 is the button
Seat 1: OrioNCOOL ($101 in chips) 
Seat 2: fataleggs13 ($85.95 in chips) 
Seat 3: turquoise75 ($75.85 in chips) 
Seat 4: MaikonAll ($138 in chips) 
Seat 5: Alinyr ($100 in chips) 
Seat 6: itaba ($27.27 in chips) 
fataleggs13: posts small blind $0.50
turquoise75: posts big blind $1
*** HOLE CARDS ***
MaikonAll: folds 
Alinyr: folds 
itaba: raises $1 to $2
OrioNCOOL: calls $2
fataleggs13: folds 
turquoise75: calls $1
*** FLOP *** [5d Tc 7s]
turquoise75: checks 
itaba: checks 
OrioNCOOL: checks 
*** TURN *** [5d Tc 7s] [Js]
turquoise75: bets $2.04
itaba: folds 
OrioNCOOL: raises $8.70 to $10.74
turquoise75: calls $8.70
*** RIVER *** [5d Tc 7s Js] [Jh]
turquoise75: bets $8.77
OrioNCOOL: raises $79.49 to $88.26 and is all-in
turquoise75: folds 
Uncalled bet ($79.49) returned to OrioNCOOL
OrioNCOOL collected $43.24 from pot
OrioNCOOL: doesn't show hand 
*** SUMMARY ***
Total pot $45.52 | Rake $2.28 
Board [5d Tc 7s Js Jh]
Seat 1: OrioNCOOL (button) collected ($43.24)
Seat 2: fataleggs13 (small blind) folded before Flop
Seat 3: turquoise75 (big blind) folded on the River
Seat 4: MaikonAll folded before Flop (didn't bet)
Seat 5: Alinyr folded before Flop (didn't bet)
Seat 6: itaba folded on the Turn



PokerStars Hand #254420247042:  Hold'em No Limit ($0.50/$1.00 USD) - 2025/01/17 21:10:43 WET [2025/01/17 16:10:43 ET]
Table 'Titan IV' 6-max Seat #2 is the button
Seat 1: OrioNCOOL ($122.73 in chips) 
Seat 2: fataleggs13 ($85.45 in chips) 
Seat 3: turquoise75 ($54.34 in chips) 
Seat 4: MaikonAll ($138 in chips) 
Seat 5: Alinyr ($100 in chips) 
Seat 6: itaba ($25.27 in chips) 
turquoise75: posts small blind $0.50
MaikonAll: posts big blind $1
*** HOLE CARDS ***
Alinyr: folds 
itaba: folds 
OrioNCOOL: folds 
fataleggs13: folds 
turquoise75: raises $1.10 to $2.10
MaikonAll: calls $1.10
*** FLOP *** [9s Tc Kd]
turquoise75: bets $2.19
MaikonAll: calls $2.19
*** TURN *** [9s Tc Kd] [6h]
turquoise75: bets $4.48
MaikonAll: calls $4.48
*** RIVER *** [9s Tc Kd 6h] [4s]
turquoise75: bets $9.16
MaikonAll: calls $9.16
*** SHOW DOWN ***
turquoise75: shows [Ah As] (a pair of Aces)
MaikonAll: mucks hand 
turquoise75 collected $33.62 from pot
*** SUMMARY ***
Total pot $35.86 | Rake $2.24 
Board [9s Tc Kd 6h 4s]
Seat 1: OrioNCOOL folded before Flop (didn't bet)
Seat 2: fataleggs13 (button) folded before Flop (didn't bet)
Seat 3: turquoise75 (small blind) showed [Ah As] and won ($33.62) with a pair of Aces
Seat 4: MaikonAll (big blind) mucked
Seat 5: Alinyr folded before Flop (didn't bet)
Seat 6: itaba folded before Flop (didn't bet)



PokerStars Hand #254420271444:  Hold'em No Limit ($0.50/$1.00 USD) - 2025/01/17 21:11:59 WET [2025/01/17 16:11:59 ET]
Table 'Titan IV' 6-max Seat #3 is the button
Seat 1: OrioNCOOL ($122.73 in chips) 
Seat 2: fataleggs13 ($85.45 in chips) 
Seat 3: turquoise75 ($70.03 in chips) 
Seat 4: MaikonAll ($120.07 in chips) 
Seat 5: Alinyr ($100 in chips) 
Seat 6: itaba ($25.27 in chips) 
MaikonAll: posts small blind $0.50
Alinyr: posts big blind $1
*** HOLE CARDS ***
itaba: folds 
OrioNCOOL: folds 
fataleggs13: folds 
turquoise75: raises $1 to $2
MaikonAll: folds 
Alinyr: folds 
Uncalled bet ($1) returned to turquoise75
turquoise75 collected $2.50 from pot
*** SUMMARY ***
Total pot $2.50 | Rake $0 
Seat 1: OrioNCOOL folded before Flop (didn't bet)
Seat 2: fataleggs13 folded before Flop (didn't bet)
Seat 3: turquoise75 (button) collected ($2.50)
Seat 4: MaikonAll (small blind) folded before Flop
Seat 5: Alinyr (big blind) folded before Flop
Seat 6: itaba folded before Flop (didn't bet)



PokerStars Hand #254420280521:  Hold'em No Limit ($0.50/$1.00 USD) - 2025/01/17 21:12:27 WET [2025/01/17 16:12:27 ET]
Table 'Titan IV' 6-max Seat #4 is the button
Seat 1: OrioNCOOL ($122.73 in chips) 
Seat 2: fataleggs13 ($85.45 in chips) 
Seat 3: turquoise75 ($71.53 in chips) 
Seat 4: MaikonAll ($119.57 in chips) 
Seat 5: Alinyr ($100 in chips) 
Seat 6: itaba ($25.27 in chips) 
Alinyr: posts small blind $0.50
itaba: posts big blind $1
*** HOLE CARDS ***
OrioNCOOL: folds 
fataleggs13: folds 
turquoise75: folds 
MaikonAll: folds 
Alinyr: raises $2 to $3
itaba: folds 
Uncalled bet ($2) returned to Alinyr
Alinyr collected $2 from pot
Alinyr: doesn't show hand 
*** SUMMARY ***
Total pot $2 | Rake $0 
Seat 1: OrioNCOOL folded before Flop (didn't bet)
Seat 2: fataleggs13 folded before Flop (didn't bet)
Seat 3: turquoise75 folded before Flop (didn't bet)
Seat 4: MaikonAll (button) folded before Flop (didn't bet)
Seat 5: Alinyr (small blind) collected ($2)
Seat 6: itaba (big blind) folded before Flop



PokerStars Hand #254420287149:  Hold'em No Limit ($0.50/$1.00 USD) - 2025/01/17 21:12:47 WET [2025/01/17 16:12:47 ET]
Table 'Titan IV' 6-max Seat #5 is the button
Seat 1: OrioNCOOL ($122.73 in chips) 
Seat 2: fataleggs13 ($85.45 in chips) 
Seat 3: turquoise75 ($71.53 in chips) 
Seat 4: MaikonAll ($119.57 in chips) 
Seat 5: Alinyr ($101 in chips) 
Seat 6: itaba ($24.27 in chips) 
itaba: posts small blind $0.50
OrioNCOOL: posts big blind $1
*** HOLE CARDS ***
fataleggs13: folds 
turquoise75: folds 
MaikonAll: folds 
Alinyr: raises $1.50 to $2.50
itaba: folds 
OrioNCOOL: folds 
Uncalled bet ($1.50) returned to Alinyr
Alinyr collected $2.50 from pot
Alinyr: doesn't show hand 
*** SUMMARY ***
Total pot $2.50 | Rake $0 
Seat 1: OrioNCOOL (big blind) folded before Flop
Seat 2: fataleggs13 folded before Flop (didn't bet)
Seat 3: turquoise75 folded before Flop (didn't bet)
Seat 4: MaikonAll folded before Flop (didn't bet)
Seat 5: Alinyr (button) collected ($2.50)
Seat 6: itaba (small blind) folded before Flop



PokerStars Hand #254420293967:  Hold'em No Limit ($0.50/$1.00 USD) - 2025/01/17 21:13:08 WET [2025/01/17 16:13:08 ET]
Table 'Titan IV' 6-max Seat #6 is the button
Seat 1: OrioNCOOL ($121.73 in chips) 
Seat 2: fataleggs13 ($85.45 in chips) 
Seat 3: turquoise75 ($71.53 in chips) 
Seat 4: MaikonAll ($119.57 in chips) 
Seat 5: Alinyr ($102.50 in chips) 
Seat 6: itaba ($23.77 in chips) 
OrioNCOOL: posts small blind $0.50
fataleggs13: posts big blind $1
*** HOLE CARDS ***
turquoise75: folds 
MaikonAll: folds 
Alinyr: folds 
itaba: folds 
OrioNCOOL: raises $2 to $3
fataleggs13: raises $6 to $9
OrioNCOOL: folds 
Uncalled bet ($6) returned to fataleggs13
fataleggs13 collected $6 from pot
fataleggs13: doesn't show hand 
*** SUMMARY ***
Total pot $6 | Rake $0 
Seat 1: OrioNCOOL (small blind) folded before Flop
Seat 2: fataleggs13 (big blind) collected ($6)
Seat 3: turquoise75 folded before Flop (didn't bet)
Seat 4: MaikonAll folded before Flop (didn't bet)
Seat 5: Alinyr folded before Flop (didn't bet)
Seat 6: itaba (button) folded before Flop (didn't bet)



PokerStars Hand #254420302758:  Hold'em No Limit ($0.50/$1.00 USD) - 2025/01/17 21:13:35 WET [2025/01/17 16:13:35 ET]
Table 'Titan IV' 6-max Seat #1 is the button
Seat 1: OrioNCOOL ($118.73 in chips) 
Seat 2: fataleggs13 ($88.45 in chips) 
Seat 3: turquoise75 ($71.53 in chips) 
Seat 4: MaikonAll ($119.57 in chips) 
Seat 5: Alinyr ($102.50 in chips) 
Seat 6: itaba ($23.77 in chips) 
fataleggs13: posts small blind $0.50
turquoise75: posts big blind $1
*** HOLE CARDS ***
MaikonAll: raises $1.30 to $2.30
Alinyr: folds 
itaba: folds 
OrioNCOOL: folds 
fataleggs13: folds 
turquoise75: calls $1.30
*** FLOP *** [6c 5s 7c]
turquoise75: checks 
MaikonAll: checks 
*** TURN *** [6c 5s 7c] [Th]
turquoise75: bets $1.60
MaikonAll: folds 
Uncalled bet ($1.60) returned to turquoise75
turquoise75 collected $4.78 from pot
*** SUMMARY ***
Total pot $5.10 | Rake $0.32 
Board [6c 5s 7c Th]
Seat 1: OrioNCOOL (button) folded before Flop (didn't bet)
Seat 2: fataleggs13 (small blind) folded before Flop
Seat 3: turquoise75 (big blind) collected ($4.78)
Seat 4: MaikonAll folded on the Turn
Seat 5: Alinyr folded before Flop (didn't bet)
Seat 6: itaba folded before Flop (didn't bet)



PokerStars Hand #254420319670:  Hold'em No Limit ($0.50/$1.00 USD) - 2025/01/17 21:14:27 WET [2025/01/17 16:14:27 ET]
Table 'Titan IV' 6-max Seat #2 is the button
Seat 1: OrioNCOOL ($118.73 in chips) 
Seat 2: fataleggs13 ($87.95 in chips) 
Seat 3: turquoise75 ($74.01 in chips) 
Seat 4: MaikonAll ($117.27 in chips) 
Seat 5: Alinyr ($102.50 in chips) 
Seat 6: itaba ($23.77 in chips) 
turquoise75: posts small blind $0.50
MaikonAll: posts big blind $1
*** HOLE CARDS ***
Alinyr: folds 
itaba: folds 
OrioNCOOL: folds 
fataleggs13: folds 
turquoise75: folds 
Uncalled bet ($0.50) returned to MaikonAll
MaikonAll collected $1 from pot
MaikonAll: doesn't show hand 
*** SUMMARY ***
Total pot $1 | Rake $0 
Seat 1: OrioNCOOL folded before Flop (didn't bet)
Seat 2: fataleggs13 (button) folded before Flop (didn't bet)
Seat 3: turquoise75 (small blind) folded before Flop
Seat 4: MaikonAll (big blind) collected ($1)
Seat 5: Alinyr folded before Flop (didn't bet)
Seat 6: itaba folded before Flop (didn't bet)



PokerStars Hand #254420323529:  Hold'em No Limit ($0.50/$1.00 USD) - 2025/01/17 21:14:39 WET [2025/01/17 16:14:39 ET]
Table 'Titan IV' 6-max Seat #3 is the button
Seat 1: OrioNCOOL ($118.73 in chips) 
Seat 2: fataleggs13 ($87.95 in chips) 
Seat 3: turquoise75 ($73.51 in chips) 
Seat 4: MaikonAll ($117.77 in chips) 
Seat 5: Alinyr ($102.50 in chips) 
Seat 6: itaba ($23.77 in chips) 
MaikonAll: posts small blind $0.50
Alinyr: posts big blind $1
*** HOLE CARDS ***
itaba: folds 
OrioNCOOL: folds 
fataleggs13: raises $1.20 to $2.20
turquoise75: folds 
MaikonAll: folds 
Alinyr: folds 
Uncalled bet ($1.20) returned to fataleggs13
fataleggs13 collected $2.50 from pot
fataleggs13: doesn't show hand 
*** SUMMARY ***
Total pot $2.50 | Rake $0 
Seat 1: OrioNCOOL folded before Flop (didn't bet)
Seat 2: fataleggs13 collected ($2.50)
Seat 3: turquoise75 (button) folded before Flop (didn't bet)
Seat 4: MaikonAll (small blind) folded before Flop
Seat 5: Alinyr (big blind) folded before Flop
Seat 6: itaba folded before Flop (didn't bet)



PokerStars Hand #254420330541:  Hold'em No Limit ($0.50/$1.00 USD) - 2025/01/17 21:15:00 WET [2025/01/17 16:15:00 ET]
Table 'Titan IV' 6-max Seat #4 is the button
Seat 1: OrioNCOOL ($118.73 in chips) 
Seat 2: fataleggs13 ($89.45 in chips) 
Seat 3: turquoise75 ($73.51 in chips) 
Seat 4: MaikonAll ($117.27 in chips) 
Seat 5: Alinyr ($101.50 in chips) 
Seat 6: itaba ($23.77 in chips) 
Alinyr: posts small blind $0.50
itaba: posts big blind $1
*** HOLE CARDS ***
OrioNCOOL: raises $1.50 to $2.50
fataleggs13: folds 
turquoise75: folds 
MaikonAll: folds 
Alinyr: folds 
itaba: folds 
Uncalled bet ($1.50) returned to OrioNCOOL
OrioNCOOL collected $2.50 from pot
OrioNCOOL: doesn't show hand 
*** SUMMARY ***
Total pot $2.50 | Rake $0 
Seat 1: OrioNCOOL collected ($2.50)
Seat 2: fataleggs13 folded before Flop (didn't bet)
Seat 3: turquoise75 folded before Flop (didn't bet)
Seat 4: MaikonAll (button) folded before Flop (didn't bet)
Seat 5: Alinyr (small blind) folded before Flop
Seat 6: itaba (big blind) folded before Flop



PokerStars Hand #254420339864:  Hold'em No Limit ($0.50/$1.00 USD) - 2025/01/17 21:15:29 WET [2025/01/17 16:15:29 ET]
Table 'Titan IV' 6-max Seat #5 is the button
Seat 1: OrioNCOOL ($120.23 in chips) 
Seat 2: fataleggs13 ($89.45 in chips) 
Seat 3: turquoise75 ($73.51 in chips) 
Seat 4: MaikonAll ($117.27 in chips) 
Seat 5: Alinyr ($101 in chips) 
Seat 6: itaba ($22.77 in chips) 
itaba: posts small blind $0.50
OrioNCOOL: posts big blind $1
*** HOLE CARDS ***
fataleggs13: folds 
turquoise75: raises $1 to $2
MaikonAll: raises $5 to $7
Alinyr: raises $8 to $15
itaba: folds 
OrioNCOOL: folds 
turquoise75: folds 
MaikonAll: folds 
Uncalled bet ($8) returned to Alinyr
Alinyr collected $17.50 from pot
Alinyr: doesn't show hand 
*** SUMMARY ***
Total pot $17.50 | Rake $0 
Seat 1: OrioNCOOL (big blind) folded before Flop
Seat 2: fataleggs13 folded before Flop (didn't bet)
Seat 3: turquoise75 folded before Flop
Seat 4: MaikonAll folded before Flop
Seat 5: Alinyr (button) collected ($17.50)
Seat 6: itaba (small blind) folded before Flop



PokerStars Hand #254420350365:  Hold'em No Limit ($0.50/$1.00 USD) - 2025/01/17 21:16:00 WET [2025/01/17 16:16:00 ET]
Table 'Titan IV' 6-max Seat #6 is the button
Seat 1: OrioNCOOL ($119.23 in chips) 
Seat 2: fataleggs13 ($89.45 in chips) 
Seat 3: turquoise75 ($71.51 in chips) 
Seat 4: MaikonAll ($110.27 in chips) 
Seat 5: Alinyr ($111.50 in chips) 
Seat 6: itaba ($22.27 in chips) 
OrioNCOOL: posts small blind $0.50
fataleggs13: posts big blind $1
*** HOLE CARDS ***
turquoise75: raises $1.10 to $2.10
MaikonAll: folds 
Alinyr: folds 
itaba: folds 
OrioNCOOL: folds 
fataleggs13: folds 
Uncalled bet ($1.10) returned to turquoise75
turquoise75 collected $2.50 from pot
*** SUMMARY ***
Total pot $2.50 | Rake $0 
Seat 1: OrioNCOOL (small blind) folded before Flop
Seat 2: fataleggs13 (big blind) folded before Flop
Seat 3: turquoise75 collected ($2.50)
Seat 4: MaikonAll folded before Flop (didn't bet)
Seat 5: Alinyr folded before Flop (didn't bet)
Seat 6: itaba (button) folded before Flop (didn't bet)



PokerStars Hand #254420356400:  Hold'em No Limit ($0.50/$1.00 USD) - 2025/01/17 21:16:19 WET [2025/01/17 16:16:19 ET]
Table 'Titan IV' 6-max Seat #1 is the button
Seat 1: OrioNCOOL ($118.73 in chips) 
Seat 2: fataleggs13 ($88.45 in chips) 
Seat 3: turquoise75 ($73.01 in chips) 
Seat 4: MaikonAll ($110.27 in chips) 
Seat 5: Alinyr ($111.50 in chips) 
Seat 6: itaba ($22.27 in chips) 
fataleggs13: posts small blind $0.50
turquoise75: posts big blind $1
*** HOLE CARDS ***
MaikonAll: folds 
Alinyr: raises $1.05 to $2.05
itaba: raises $3.05 to $5.10
OrioNCOOL: folds 
fataleggs13: folds 
turquoise75: folds 
Alinyr: calls $3.05
*** FLOP *** [Jh Ac Qh]
Alinyr: checks 
itaba: bets $2.22
Alinyr: raises $104.18 to $106.40 and is all-in
itaba: calls $14.95 and is all-in
Uncalled bet ($89.23) returned to Alinyr
*** TURN *** [Jh Ac Qh] [Ts]
*** RIVER *** [Jh Ac Qh Ts] [2h]
*** SHOW DOWN ***
Alinyr: shows [Th 9h] (a flush, Queen high)
itaba: shows [Kh Kd] (a straight, Ten to Ace)
Alinyr collected $43.74 from pot
*** SUMMARY ***
Total pot $46.04 | Rake $2.30 
Board [Jh Ac Qh Ts 2h]
Seat 1: OrioNCOOL (button) folded before Flop (didn't bet)
Seat 2: fataleggs13 (small blind) folded before Flop
Seat 3: turquoise75 (big blind) folded before Flop
Seat 4: MaikonAll folded before Flop (didn't bet)
Seat 5: Alinyr showed [Th 9h] and won ($43.74) with a flush, Queen high
Seat 6: itaba showed [Kh Kd] and lost with a straight, Ten to Ace



PokerStars Hand #254420375179:  Hold'em No Limit ($0.50/$1.00 USD) - 2025/01/17 21:17:17 WET [2025/01/17 16:17:17 ET]
Table 'Titan IV' 6-max Seat #2 is the button
Seat 1: OrioNCOOL ($118.73 in chips) 
Seat 2: fataleggs13 ($87.95 in chips) 
Seat 3: turquoise75 ($72.01 in chips) 
Seat 4: MaikonAll ($110.27 in chips) 
Seat 5: Alinyr ($132.97 in chips) 
Seat 6: itaba ($10 in chips) 
turquoise75: posts small blind $0.50
MaikonAll: posts big blind $1
*** HOLE CARDS ***
Alinyr: folds 
itaba: folds 
OrioNCOOL: folds 
fataleggs13: folds 
turquoise75: folds 
Uncalled bet ($0.50) returned to MaikonAll
MaikonAll collected $1 from pot
MaikonAll: doesn't show hand 
*** SUMMARY ***
Total pot $1 | Rake $0 
Seat 1: OrioNCOOL folded before Flop (didn't bet)
Seat 2: fataleggs13 (button) folded before Flop (didn't bet)
Seat 3: turquoise75 (small blind) folded before Flop
Seat 4: MaikonAll (big blind) collected ($1)
Seat 5: Alinyr folded before Flop (didn't bet)
Seat 6: itaba folded before Flop (didn't bet)



PokerStars Hand #254420379423:  Hold'em No Limit ($0.50/$1.00 USD) - 2025/01/17 21:17:29 WET [2025/01/17 16:17:29 ET]
Table 'Titan IV' 6-max Seat #3 is the button
Seat 1: OrioNCOOL ($118.73 in chips) 
Seat 2: fataleggs13 ($87.95 in chips) 
Seat 3: turquoise75 ($71.51 in chips) 
Seat 4: MaikonAll ($110.77 in chips) 
Seat 5: Alinyr ($132.97 in chips) 
Seat 6: itaba ($18 in chips) 
MaikonAll: posts small blind $0.50
Alinyr: posts big blind $1
*** HOLE CARDS ***
itaba: folds 
OrioNCOOL: folds 
fataleggs13: folds 
turquoise75: raises $2.20 to $3.20
MaikonAll: raises $6.80 to $10
Alinyr: folds 
turquoise75: calls $6.80
*** FLOP *** [4d 2d 9d]
MaikonAll: bets $5
turquoise75: calls $5
*** TURN *** [4d 2d 9d] [2c]
MaikonAll: checks 
turquoise75: bets $13.20
MaikonAll: calls $13.20
*** RIVER *** [4d 2d 9d 2c] [6s]
MaikonAll: checks 
turquoise75: bets $19.12
MaikonAll: raises $63.45 to $82.57 and is all-in
turquoise75: folds 
Uncalled bet ($63.45) returned to MaikonAll
MaikonAll collected $93.14 from pot
MaikonAll: doesn't show hand 
*** SUMMARY ***
Total pot $95.64 | Rake $2.50 
Board [4d 2d 9d 2c 6s]
Seat 1: OrioNCOOL folded before Flop (didn't bet)
Seat 2: fataleggs13 folded before Flop (didn't bet)
Seat 3: turquoise75 (button) folded on the River
Seat 4: MaikonAll (small blind) collected ($93.14)
Seat 5: Alinyr (big blind) folded before Flop
Seat 6: itaba folded before Flop (didn't bet)



PokerStars Hand #254420415750:  Hold'em No Limit ($0.50/$1.00 USD) - 2025/01/17 21:19:19 WET [2025/01/17 16:19:19 ET]
Table 'Titan IV' 6-max Seat #4 is the button
Seat 1: OrioNCOOL ($118.73 in chips) 
Seat 2: fataleggs13 ($87.95 in chips) 
Seat 3: turquoise75 ($24.19 in chips) 
Seat 4: MaikonAll ($156.59 in chips) 
Seat 5: Alinyr ($131.97 in chips) 
Seat 6: itaba ($18 in chips) 
Alinyr: posts small blind $0.50
itaba: posts big blind $1
*** HOLE CARDS ***
OrioNCOOL: raises $1.50 to $2.50
fataleggs13: folds 
turquoise75: calls $2.50
MaikonAll: folds 
Alinyr: folds 
itaba: folds 
*** FLOP *** [2c 3c 7h]
OrioNCOOL: bets $2.09
turquoise75: folds 
Uncalled bet ($2.09) returned to OrioNCOOL
OrioNCOOL collected $6.18 from pot
OrioNCOOL: doesn't show hand 
*** SUMMARY ***
Total pot $6.50 | Rake $0.32 
Board [2c 3c 7h]
Seat 1: OrioNCOOL collected ($6.18)
Seat 2: fataleggs13 folded before Flop (didn't bet)
Seat 3: turquoise75 folded on the Flop
Seat 4: MaikonAll (button) folded before Flop (didn't bet)
Seat 5: Alinyr (small blind) folded before Flop
Seat 6: itaba (big blind) folded before Flop



PokerStars Hand #254420421999:  Hold'em No Limit ($0.50/$1.00 USD) - 2025/01/17 21:19:38 WET [2025/01/17 16:19:38 ET]
Table 'Titan IV' 6-max Seat #5 is the button
Seat 1: OrioNCOOL ($122.41 in chips) 
Seat 2: fataleggs13 ($87.95 in chips) 
Seat 3: turquoise75 ($21.69 in chips) 
Seat 4: MaikonAll ($156.59 in chips) 
Seat 5: Alinyr ($131.47 in chips) 
Seat 6: itaba ($17 in chips) 
itaba: posts small blind $0.50
OrioNCOOL: posts big blind $1
*** HOLE CARDS ***
fataleggs13: folds 
turquoise75: folds 
MaikonAll: folds 
Alinyr: folds 
itaba: raises $16 to $17 and is all-in
OrioNCOOL: folds 
Uncalled bet ($16) returned to itaba
itaba collected $2 from pot
itaba: doesn't show hand 
*** SUMMARY ***
Total pot $2 | Rake $0 
Seat 1: OrioNCOOL (big blind) folded before Flop
Seat 2: fataleggs13 folded before Flop (didn't bet)
Seat 3: turquoise75 folded before Flop (didn't bet)
Seat 4: MaikonAll folded before Flop (didn't bet)
Seat 5: Alinyr (button) folded before Flop (didn't bet)
Seat 6: itaba (small blind) collected ($2)



PokerStars Hand #254420428389:  Hold'em No Limit ($0.50/$1.00 USD) - 2025/01/17 21:19:58 WET [2025/01/17 16:19:58 ET]
Table 'Titan IV' 6-max Seat #6 is the button
Seat 1: OrioNCOOL ($121.41 in chips) 
Seat 2: fataleggs13 ($87.95 in chips) 
Seat 3: turquoise75 ($21.69 in chips) 
Seat 4: MaikonAll ($156.59 in chips) 
Seat 5: Alinyr ($131.47 in chips) 
Seat 6: itaba ($18 in chips) 
OrioNCOOL: posts small blind $0.50
fataleggs13: posts big blind $1
*** HOLE CARDS ***
turquoise75: folds 
MaikonAll: folds 
Alinyr: folds 
itaba: raises $1 to $2
OrioNCOOL: folds 
fataleggs13: folds 
Uncalled bet ($1) returned to itaba
itaba collected $2.50 from pot
itaba: doesn't show hand 
*** SUMMARY ***
Total pot $2.50 | Rake $0 
Seat 1: OrioNCOOL (small blind) folded before Flop
Seat 2: fataleggs13 (big blind) folded before Flop
Seat 3: turquoise75 folded before Flop (didn't bet)
Seat 4: MaikonAll folded before Flop (didn't bet)
Seat 5: Alinyr folded before Flop (didn't bet)
Seat 6: itaba (button) collected ($2.50)



PokerStars Hand #254420436511:  Hold'em No Limit ($0.50/$1.00 USD) - 2025/01/17 21:20:22 WET [2025/01/17 16:20:22 ET]
Table 'Titan IV' 6-max Seat #1 is the button
Seat 1: OrioNCOOL ($120.91 in chips) 
Seat 2: fataleggs13 ($86.95 in chips) 
Seat 3: turquoise75 ($21.69 in chips) 
Seat 4: MaikonAll ($156.59 in chips) 
Seat 5: Alinyr ($131.47 in chips) 
Seat 6: itaba ($19.50 in chips) 
fataleggs13: posts small blind $0.50
turquoise75: posts big blind $1
*** HOLE CARDS ***
MaikonAll: raises $1.30 to $2.30
Alinyr: folds 
itaba: folds 
OrioNCOOL: folds 
fataleggs13: folds 
turquoise75: raises $4.30 to $6.60
MaikonAll: folds 
Uncalled bet ($4.30) returned to turquoise75
turquoise75 collected $5.10 from pot
*** SUMMARY ***
Total pot $5.10 | Rake $0 
Seat 1: OrioNCOOL (button) folded before Flop (didn't bet)
Seat 2: fataleggs13 (small blind) folded before Flop
Seat 3: turquoise75 (big blind) collected ($5.10)
Seat 4: MaikonAll folded before Flop
Seat 5: Alinyr folded before Flop (didn't bet)
Seat 6: itaba folded before Flop (didn't bet)



PokerStars Hand #254420446587:  Hold'em No Limit ($0.50/$1.00 USD) - 2025/01/17 21:20:53 WET [2025/01/17 16:20:53 ET]
Table 'Titan IV' 6-max Seat #2 is the button
Seat 1: OrioNCOOL ($120.91 in chips) 
Seat 2: fataleggs13 ($86.45 in chips) 
Seat 3: turquoise75 ($24.49 in chips) 
Seat 4: MaikonAll ($154.29 in chips) 
Seat 5: Alinyr ($131.47 in chips) 
Seat 6: itaba ($19.50 in chips) 
turquoise75: posts small blind $0.50
MaikonAll: posts big blind $1
*** HOLE CARDS ***
Alinyr: folds 
itaba: folds 
OrioNCOOL: folds 
fataleggs13: folds 
turquoise75: folds 
Uncalled bet ($0.50) returned to MaikonAll
MaikonAll collected $1 from pot
MaikonAll: doesn't show hand 
*** SUMMARY ***
Total pot $1 | Rake $0 
Seat 1: OrioNCOOL folded before Flop (didn't bet)
Seat 2: fataleggs13 (button) folded before Flop (didn't bet)
Seat 3: turquoise75 (small blind) folded before Flop
Seat 4: MaikonAll (big blind) collected ($1)
Seat 5: Alinyr folded before Flop (didn't bet)
Seat 6: itaba folded before Flop (didn't bet)



PokerStars Hand #254420453819:  Hold'em No Limit ($0.50/$1.00 USD) - 2025/01/17 21:21:14 WET [2025/01/17 16:21:14 ET]
Table 'Titan IV' 6-max Seat #3 is the button
Seat 1: OrioNCOOL ($120.91 in chips) 
Seat 2: fataleggs13 ($86.45 in chips) 
Seat 3: turquoise75 ($23.99 in chips) 
Seat 4: MaikonAll ($154.79 in chips) 
Seat 5: Alinyr ($131.47 in chips) 
Seat 6: itaba ($19.50 in chips) 
MaikonAll: posts small blind $0.50
Alinyr: posts big blind $1
*** HOLE CARDS ***
itaba: folds 
OrioNCOOL: folds 
fataleggs13: folds 
turquoise75: folds 
MaikonAll: folds 
Uncalled bet ($0.50) returned to Alinyr
Alinyr collected $1 from pot
Alinyr: doesn't show hand 
*** SUMMARY ***
Total pot $1 | Rake $0 
Seat 1: OrioNCOOL folded before Flop (didn't bet)
Seat 2: fataleggs13 folded before Flop (didn't bet)
Seat 3: turquoise75 (button) folded before Flop (didn't bet)
Seat 4: MaikonAll (small blind) folded before Flop
Seat 5: Alinyr (big blind) collected ($1)
Seat 6: itaba folded before Flop (didn't bet)



PokerStars Hand #254420460082:  Hold'em No Limit ($0.50/$1.00 USD) - 2025/01/17 21:21:34 WET [2025/01/17 16:21:34 ET]
Table 'Titan IV' 6-max Seat #4 is the button
Seat 1: OrioNCOOL ($120.91 in chips) 
Seat 2: fataleggs13 ($86.45 in chips) 
Seat 3: turquoise75 ($23.99 in chips) 
Seat 4: MaikonAll ($154.29 in chips) 
Seat 5: Alinyr ($131.97 in chips) 
Seat 6: itaba ($19.50 in chips) 
Alinyr: posts small blind $0.50
itaba: posts big blind $1
*** HOLE CARDS ***
OrioNCOOL: folds 
fataleggs13: raises $1.20 to $2.20
turquoise75: folds 
MaikonAll: folds 
Alinyr: folds 
itaba: folds 
Uncalled bet ($1.20) returned to fataleggs13
fataleggs13 collected $2.50 from pot
fataleggs13: doesn't show hand 
*** SUMMARY ***
Total pot $2.50 | Rake $0 
Seat 1: OrioNCOOL folded before Flop (didn't bet)
Seat 2: fataleggs13 collected ($2.50)
Seat 3: turquoise75 folded before Flop (didn't bet)
Seat 4: MaikonAll (button) folded before Flop (didn't bet)
Seat 5: Alinyr (small blind) folded before Flop
Seat 6: itaba (big blind) folded before Flop



PokerStars Hand #254420469054:  Hold'em No Limit ($0.50/$1.00 USD) - 2025/01/17 21:22:01 WET [2025/01/17 16:22:01 ET]
Table 'Titan IV' 6-max Seat #5 is the button
Seat 1: OrioNCOOL ($120.91 in chips) 
Seat 3: turquoise75 ($23.99 in chips) 
Seat 4: MaikonAll ($154.29 in chips) 
Seat 5: Alinyr ($131.47 in chips) 
Seat 6: itaba ($18.50 in chips) 
itaba: posts small blind $0.50
OrioNCOOL: posts big blind $1
*** HOLE CARDS ***
turquoise75: folds 
MaikonAll: raises $1.30 to $2.30
Alinyr: folds 
itaba: folds 
OrioNCOOL: folds 
Uncalled bet ($1.30) returned to MaikonAll
MaikonAll collected $2.50 from pot
MaikonAll: doesn't show hand 
*** SUMMARY ***
Total pot $2.50 | Rake $0 
Seat 1: OrioNCOOL (big blind) folded before Flop
Seat 3: turquoise75 folded before Flop (didn't bet)
Seat 4: MaikonAll collected ($2.50)
Seat 5: Alinyr (button) folded before Flop (didn't bet)
Seat 6: itaba (small blind) folded before Flop



PokerStars Hand #254420477637:  Hold'em No Limit ($0.50/$1.00 USD) - 2025/01/17 21:22:27 WET [2025/01/17 16:22:27 ET]
Table 'Titan IV' 6-max Seat #6 is the button
Seat 1: OrioNCOOL ($119.91 in chips) 
Seat 3: turquoise75 ($23.99 in chips) 
Seat 4: MaikonAll ($155.79 in chips) 
Seat 5: Alinyr ($131.47 in chips) 
Seat 6: itaba ($18 in chips) 
OrioNCOOL: posts small blind $0.50
turquoise75: posts big blind $1
*** HOLE CARDS ***
MaikonAll: folds 
Alinyr: raises $1.28 to $2.28
itaba: folds 
OrioNCOOL: folds 
turquoise75: calls $1.28
*** FLOP *** [Ah 8c Kd]
turquoise75: bets $21.71 and is all-in
Alinyr: folds 
Uncalled bet ($21.71) returned to turquoise75
turquoise75 collected $4.75 from pot
*** SUMMARY ***
Total pot $5.06 | Rake $0.31 
Board [Ah 8c Kd]
Seat 1: OrioNCOOL (small blind) folded before Flop
Seat 3: turquoise75 (big blind) collected ($4.75)
Seat 4: MaikonAll folded before Flop (didn't bet)
Seat 5: Alinyr folded on the Flop
Seat 6: itaba (button) folded before Flop (didn't bet)



PokerStars Hand #254420485316:  Hold'em No Limit ($0.50/$1.00 USD) - 2025/01/17 21:22:51 WET [2025/01/17 16:22:51 ET]
Table 'Titan IV' 6-max Seat #1 is the button
Seat 1: OrioNCOOL ($119.41 in chips) 
Seat 3: turquoise75 ($26.46 in chips) 
Seat 4: MaikonAll ($155.79 in chips) 
Seat 5: Alinyr ($129.19 in chips) 
Seat 6: itaba ($18 in chips) 
turquoise75: posts small blind $0.50
MaikonAll: posts big blind $1
*** HOLE CARDS ***
Alinyr: folds 
itaba: folds 
OrioNCOOL: raises $1.50 to $2.50
socito joins the table at seat #2 
turquoise75: calls $2
MaikonAll: folds 
*** FLOP *** [Tc 4h 2h]
turquoise75: checks 
OrioNCOOL: bets $1.71
turquoise75: calls $1.71
*** TURN *** [Tc 4h 2h] [6h]
turquoise75: bets $2.95
OrioNCOOL: folds 
Uncalled bet ($2.95) returned to turquoise75
turquoise75 collected $8.83 from pot
*** SUMMARY ***
Total pot $9.42 | Rake $0.59 
Board [Tc 4h 2h 6h]
Seat 1: OrioNCOOL (button) folded on the Turn
Seat 3: turquoise75 (small blind) collected ($8.83)
Seat 4: MaikonAll (big blind) folded before Flop
Seat 5: Alinyr folded before Flop (didn't bet)
Seat 6: itaba folded before Flop (didn't bet)



PokerStars Hand #254420499638:  Hold'em No Limit ($0.50/$1.00 USD) - 2025/01/17 21:23:34 WET [2025/01/17 16:23:34 ET]
Table 'Titan IV' 6-max Seat #3 is the button
Seat 2: socito ($100 in chips) is sitting out
Seat 1: OrioNCOOL ($115.20 in chips) 
Seat 3: turquoise75 ($31.08 in chips) 
Seat 4: MaikonAll ($154.79 in chips) 
Seat 5: Alinyr ($129.19 in chips) 
Seat 6: itaba ($18 in chips) 
MaikonAll: posts small blind $0.50
Alinyr: posts big blind $1
socito: sits out 
*** HOLE CARDS ***
itaba: raises $1 to $2
OrioNCOOL: folds 
turquoise75: folds 
MaikonAll: folds 
Alinyr: calls $1
*** FLOP *** [8h 2s 3d]
Alinyr: checks 
itaba: checks 
*** TURN *** [8h 2s 3d] [Tc]
Alinyr: checks 
itaba: bets $3.21
Alinyr: calls $3.21
*** RIVER *** [8h 2s 3d Tc] [Kc]
Alinyr: checks 
itaba: bets $3.42
Alinyr: folds 
Uncalled bet ($3.42) returned to itaba
itaba collected $10.37 from pot
itaba: doesn't show hand 
*** SUMMARY ***
Total pot $10.92 | Rake $0.55 
Board [8h 2s 3d Tc Kc]
Seat 2: socito
Seat 1: OrioNCOOL folded before Flop (didn't bet)
Seat 3: turquoise75 (button) folded before Flop (didn't bet)
Seat 4: MaikonAll (small blind) folded before Flop
Seat 5: Alinyr (big blind) folded on the River
Seat 6: itaba collected ($10.37)



PokerStars Hand #254420535149:  Hold'em No Limit ($0.50/$1.00 USD) - 2025/01/17 21:25:22 WET [2025/01/17 16:25:22 ET]
Table 'Titan IV' 6-max Seat #4 is the button
Seat 2: socito ($100 in chips) is sitting out
Seat 1: OrioNCOOL ($115.20 in chips) 
Seat 3: turquoise75 ($31.08 in chips) 
Seat 4: MaikonAll ($154.29 in chips) 
Seat 5: Alinyr ($123.98 in chips) 
Seat 6: itaba ($23.16 in chips) 
Alinyr: posts small blind $0.50
itaba: posts big blind $1
socito: sits out 
*** HOLE CARDS ***
OrioNCOOL: folds 
turquoise75: raises $1 to $2
MaikonAll: folds 
Alinyr: folds 
itaba: folds 
Uncalled bet ($1) returned to turquoise75
turquoise75 collected $2.50 from pot
*** SUMMARY ***
Total pot $2.50 | Rake $0 
Seat 2: socito
Seat 1: OrioNCOOL folded before Flop (didn't bet)
Seat 3: turquoise75 collected ($2.50)
Seat 4: MaikonAll (button) folded before Flop (didn't bet)
Seat 5: Alinyr (small blind) folded before Flop
Seat 6: itaba (big blind) folded before Flop



PokerStars Hand #254420542551:  Hold'em No Limit ($0.50/$1.00 USD) - 2025/01/17 21:25:45 WET [2025/01/17 16:25:45 ET]
Table 'Titan IV' 6-max Seat #5 is the button
Seat 2: socito ($100 in chips) is sitting out
Seat 1: OrioNCOOL ($115.20 in chips) 
Seat 3: turquoise75 ($32.58 in chips) 
Seat 4: MaikonAll ($154.29 in chips) 
Seat 5: Alinyr ($123.48 in chips) 
Seat 6: itaba ($22.16 in chips) 
itaba: posts small blind $0.50
OrioNCOOL: posts big blind $1
socito: sits out 
*** HOLE CARDS ***
turquoise75: folds 
MaikonAll: folds 
Alinyr: folds 
itaba: raises $1.50 to $2.50
OrioNCOOL: raises $3.50 to $6
itaba: calls $3.50
*** FLOP *** [3c Ad Qs]
itaba: checks 
OrioNCOOL: bets $3
itaba: folds 
Uncalled bet ($3) returned to OrioNCOOL
OrioNCOOL collected $11.40 from pot
OrioNCOOL: doesn't show hand 
*** SUMMARY ***
Total pot $12 | Rake $0.60 
Board [3c Ad Qs]
Seat 2: socito
Seat 1: OrioNCOOL (big blind) collected ($11.40)
Seat 3: turquoise75 folded before Flop (didn't bet)
Seat 4: MaikonAll folded before Flop (didn't bet)
Seat 5: Alinyr (button) folded before Flop (didn't bet)
Seat 6: itaba (small blind) folded on the Flop



PokerStars Hand #254420560766:  Hold'em No Limit ($0.50/$1.00 USD) - 2025/01/17 21:26:40 WET [2025/01/17 16:26:40 ET]
Table 'Titan IV' 6-max Seat #6 is the button
Seat 1: OrioNCOOL ($120.60 in chips) 
Seat 2: socito ($100 in chips) 
Seat 3: turquoise75 ($32.58 in chips) 
Seat 4: MaikonAll ($154.29 in chips) 
Seat 5: Alinyr ($123.48 in chips) 
Seat 6: itaba ($20.16 in chips) 
OrioNCOOL: posts small blind $0.50
socito: posts big blind $1
*** HOLE CARDS ***
turquoise75: folds 
MaikonAll: folds 
Alinyr: folds 
itaba: folds 
OrioNCOOL: folds 
Uncalled bet ($0.50) returned to socito
socito collected $1 from pot
socito: doesn't show hand 
*** SUMMARY ***
Total pot $1 | Rake $0 
Seat 1: OrioNCOOL (small blind) folded before Flop
Seat 2: socito (big blind) collected ($1)
Seat 3: turquoise75 folded before Flop (didn't bet)
Seat 4: MaikonAll folded before Flop (didn't bet)
Seat 5: Alinyr folded before Flop (didn't bet)
Seat 6: itaba (button) folded before Flop (didn't bet)



PokerStars Hand #254420564579:  Hold'em No Limit ($0.50/$1.00 USD) - 2025/01/17 21:26:52 WET [2025/01/17 16:26:52 ET]
Table 'Titan IV' 6-max Seat #1 is the button
Seat 1: OrioNCOOL ($120.10 in chips) 
Seat 2: socito ($100.50 in chips) 
Seat 3: turquoise75 ($32.58 in chips) 
Seat 4: MaikonAll ($154.29 in chips) 
Seat 5: Alinyr ($123.48 in chips) 
Seat 6: itaba ($20.16 in chips) 
socito: posts small blind $0.50
turquoise75: posts big blind $1
*** HOLE CARDS ***
MaikonAll: folds 
Alinyr: folds 
itaba: folds 
OrioNCOOL: folds 
socito: raises $2 to $3
turquoise75: folds 
Uncalled bet ($2) returned to socito
socito collected $2 from pot
socito: doesn't show hand 
*** SUMMARY ***
Total pot $2 | Rake $0 
Seat 1: OrioNCOOL (button) folded before Flop (didn't bet)
Seat 2: socito (small blind) collected ($2)
Seat 3: turquoise75 (big blind) folded before Flop
Seat 4: MaikonAll folded before Flop (didn't bet)
Seat 5: Alinyr folded before Flop (didn't bet)
Seat 6: itaba folded before Flop (didn't bet)



PokerStars Hand #254420571447:  Hold'em No Limit ($0.50/$1.00 USD) - 2025/01/17 21:27:13 WET [2025/01/17 16:27:13 ET]
Table 'Titan IV' 6-max Seat #2 is the button
Seat 1: OrioNCOOL ($120.10 in chips) 
Seat 2: socito ($101.50 in chips) 
Seat 3: turquoise75 ($31.58 in chips) 
Seat 4: MaikonAll ($154.29 in chips) 
Seat 5: Alinyr ($123.48 in chips) 
Seat 6: itaba ($20.16 in chips) 
turquoise75: posts small blind $0.50
MaikonAll: posts big blind $1
*** HOLE CARDS ***
Alinyr: raises $1.05 to $2.05
itaba: folds 
OrioNCOOL: folds 
socito: folds 
turquoise75: folds 
MaikonAll: folds 
Uncalled bet ($1.05) returned to Alinyr
Alinyr collected $2.50 from pot
Alinyr: doesn't show hand 
*** SUMMARY ***
Total pot $2.50 | Rake $0 
Seat 1: OrioNCOOL folded before Flop (didn't bet)
Seat 2: socito (button) folded before Flop (didn't bet)
Seat 3: turquoise75 (small blind) folded before Flop
Seat 4: MaikonAll (big blind) folded before Flop
Seat 5: Alinyr collected ($2.50)
Seat 6: itaba folded before Flop (didn't bet)



PokerStars Hand #254420578839:  Hold'em No Limit ($0.50/$1.00 USD) - 2025/01/17 21:27:36 WET [2025/01/17 16:27:36 ET]
Table 'Titan IV' 6-max Seat #3 is the button
Seat 1: OrioNCOOL ($120.10 in chips) 
Seat 2: socito ($101.50 in chips) 
Seat 3: turquoise75 ($31.08 in chips) 
Seat 4: MaikonAll ($153.29 in chips) 
Seat 5: Alinyr ($124.98 in chips) 
Seat 6: itaba ($20.16 in chips) 
MaikonAll: posts small blind $0.50
Alinyr: posts big blind $1
*** HOLE CARDS ***
itaba: folds 
OrioNCOOL: raises $1.50 to $2.50
socito: folds 
turquoise75: calls $2.50
MaikonAll: folds 
Alinyr: calls $1.50
*** FLOP *** [Jh 3c 6s]
Alinyr: checks 
OrioNCOOL: checks 
turquoise75: checks 
*** TURN *** [Jh 3c 6s] [Jc]
Alinyr: checks 
OrioNCOOL: checks 
turquoise75: checks 
*** RIVER *** [Jh 3c 6s Jc] [Kc]
Alinyr: checks 
OrioNCOOL: bets $3
turquoise75: calls $3
Alinyr: folds 
*** SHOW DOWN ***
OrioNCOOL: shows [Kd 8d] (two pair, Kings and Jacks)
turquoise75: shows [Tc Ks] (two pair, Kings and Jacks - Ten kicker)
turquoise75 collected $13.12 from pot
*** SUMMARY ***
Total pot $14 | Rake $0.88 
Board [Jh 3c 6s Jc Kc]
Seat 1: OrioNCOOL showed [Kd 8d] and lost with two pair, Kings and Jacks
Seat 2: socito folded before Flop (didn't bet)
Seat 3: turquoise75 (button) showed [Tc Ks] and won ($13.12) with two pair, Kings and Jacks
Seat 4: MaikonAll (small blind) folded before Flop
Seat 5: Alinyr (big blind) folded on the River
Seat 6: itaba folded before Flop (didn't bet)



PokerStars Hand #254420596005:  Hold'em No Limit ($0.50/$1.00 USD) - 2025/01/17 21:28:28 WET [2025/01/17 16:28:28 ET]
Table 'Titan IV' 6-max Seat #4 is the button
Seat 1: OrioNCOOL ($114.60 in chips) 
Seat 2: socito ($101.50 in chips) 
Seat 3: turquoise75 ($38.70 in chips) 
Seat 4: MaikonAll ($152.79 in chips) 
Seat 5: Alinyr ($122.48 in chips) 
Seat 6: itaba ($20.16 in chips) 
Alinyr: posts small blind $0.50
itaba: posts big blind $1
*** HOLE CARDS ***
OrioNCOOL: folds 
socito: folds 
turquoise75: folds 
MaikonAll: raises $1.50 to $2.50
Alinyr: folds 
itaba: folds 
Uncalled bet ($1.50) returned to MaikonAll
MaikonAll collected $2.50 from pot
MaikonAll: doesn't show hand 
*** SUMMARY ***
Total pot $2.50 | Rake $0 
Seat 1: OrioNCOOL folded before Flop (didn't bet)
Seat 2: socito folded before Flop (didn't bet)
Seat 3: turquoise75 folded before Flop (didn't bet)
Seat 4: MaikonAll (button) collected ($2.50)
Seat 5: Alinyr (small blind) folded before Flop
Seat 6: itaba (big blind) folded before Flop



PokerStars Hand #254420605097:  Hold'em No Limit ($0.50/$1.00 USD) - 2025/01/17 21:28:56 WET [2025/01/17 16:28:56 ET]
Table 'Titan IV' 6-max Seat #5 is the button
Seat 1: OrioNCOOL ($114.60 in chips) is sitting out
Seat 2: socito ($101.50 in chips) is sitting out
Seat 3: turquoise75 ($38.70 in chips) 
Seat 4: MaikonAll ($154.29 in chips) 
Seat 5: Alinyr ($121.98 in chips) 
Seat 6: itaba ($19.16 in chips) 
itaba: posts small blind $0.50
socito: is sitting out 
turquoise75: posts big blind $1
*** HOLE CARDS ***
socito leaves the table
MaikonAll: folds 
Alinyr: raises $1.50 to $2.50
itaba: folds 
turquoise75: calls $1.50
*** FLOP *** [Js Jd 8h]
turquoise75: checks 
Alinyr: bets $1.72
turquoise75: folds 
Uncalled bet ($1.72) returned to Alinyr
Alinyr collected $5.22 from pot
Alinyr: doesn't show hand 
kellu567 joins the table at seat #2 
kellu567 is disconnected 
*** SUMMARY ***
Total pot $5.50 | Rake $0.28 
Board [Js Jd 8h]
Seat 1: OrioNCOOL
Seat 2: socito
Seat 3: turquoise75 (big blind) folded on the Flop
Seat 4: MaikonAll folded before Flop (didn't bet)
Seat 5: Alinyr (button) collected ($5.22)
Seat 6: itaba (small blind) folded before Flop



PokerStars Hand #254420614559:  Hold'em No Limit ($0.50/$1.00 USD) - 2025/01/17 21:29:25 WET [2025/01/17 16:29:25 ET]
Table 'Titan IV' 6-max Seat #6 is the button
Seat 1: OrioNCOOL ($114.60 in chips) is sitting out
Seat 2: kellu567 ($10 in chips) is sitting out
Seat 3: turquoise75 ($36.20 in chips) 
Seat 4: MaikonAll ($154.29 in chips) 
Seat 5: Alinyr ($124.70 in chips) 
Seat 6: itaba ($18.66 in chips) 
turquoise75: posts small blind $0.50
MaikonAll: posts big blind $1
*** HOLE CARDS ***
Alinyr: folds 
itaba: folds 
turquoise75: calls $0.50
MaikonAll: raises $3 to $4
turquoise75: folds 
Uncalled bet ($3) returned to MaikonAll
MaikonAll collected $2 from pot
MaikonAll: doesn't show hand 
*** SUMMARY ***
Total pot $2 | Rake $0 
Seat 1: OrioNCOOL
Seat 2: kellu567
Seat 3: turquoise75 (small blind) folded before Flop
Seat 4: MaikonAll (big blind) collected ($2)
Seat 5: Alinyr folded before Flop (didn't bet)
Seat 6: itaba (button) folded before Flop (didn't bet)



PokerStars Hand #254420622770:  Hold'em No Limit ($0.50/$1.00 USD) - 2025/01/17 21:29:50 WET [2025/01/17 16:29:50 ET]
Table 'Titan IV' 6-max Seat #3 is the button
Seat 1: OrioNCOOL ($114.60 in chips) is sitting out
Seat 2: kellu567 ($10 in chips) is sitting out
Seat 3: turquoise75 ($35.20 in chips) 
Seat 4: MaikonAll ($155.29 in chips) 
Seat 5: Alinyr ($124.70 in chips) 
Seat 6: itaba ($18.66 in chips) 
MaikonAll: posts small blind $0.50
Alinyr: posts big blind $1
kellu567: sits out 
*** HOLE CARDS ***
itaba: raises $1 to $2
turquoise75: folds 
MaikonAll: folds 
Alinyr: folds 
Uncalled bet ($1) returned to itaba
itaba collected $2.50 from pot
itaba: doesn't show hand 
*** SUMMARY ***
Total pot $2.50 | Rake $0 
Seat 1: OrioNCOOL
Seat 2: kellu567
Seat 3: turquoise75 (button) folded before Flop (didn't bet)
Seat 4: MaikonAll (small blind) folded before Flop
Seat 5: Alinyr (big blind) folded before Flop
Seat 6: itaba collected ($2.50)



PokerStars Hand #254420626607:  Hold'em No Limit ($0.50/$1.00 USD) - 2025/01/17 21:30:02 WET [2025/01/17 16:30:02 ET]
Table 'Titan IV' 6-max Seat #4 is the button
Seat 1: OrioNCOOL ($114.60 in chips) is sitting out
Seat 2: kellu567 ($10 in chips) is sitting out
Seat 3: turquoise75 ($35.20 in chips) 
Seat 4: MaikonAll ($154.79 in chips) 
Seat 5: Alinyr ($123.70 in chips) 
Seat 6: itaba ($20.16 in chips) 
Alinyr: posts small blind $0.50
itaba: posts big blind $1
kellu567: sits out 
*** HOLE CARDS ***
turquoise75: raises $1 to $2
MaikonAll: folds 
Alinyr: folds 
itaba: folds 
Uncalled bet ($1) returned to turquoise75
turquoise75 collected $2.50 from pot
*** SUMMARY ***
Total pot $2.50 | Rake $0 
Seat 1: OrioNCOOL
Seat 2: kellu567
Seat 3: turquoise75 collected ($2.50)
Seat 4: MaikonAll (button) folded before Flop (didn't bet)
Seat 5: Alinyr (small blind) folded before Flop
Seat 6: itaba (big blind) folded before Flop



PokerStars Hand #254420631089:  Hold'em No Limit ($0.50/$1.00 USD) - 2025/01/17 21:30:16 WET [2025/01/17 16:30:16 ET]
Table 'Titan IV' 6-max Seat #5 is the button
Seat 1: OrioNCOOL ($114.60 in chips) is sitting out
Seat 2: kellu567 ($10 in chips) 
Seat 3: turquoise75 ($36.70 in chips) 
Seat 4: MaikonAll ($154.79 in chips) 
Seat 5: Alinyr ($123.20 in chips) 
Seat 6: itaba ($19.16 in chips) 
itaba: posts small blind $0.50
kellu567: posts big blind $1
*** HOLE CARDS ***
turquoise75: raises $1 to $2
MaikonAll: folds 
Alinyr: folds 
itaba: folds 
kellu567: calls $1
*** FLOP *** [3s 3h 2d]
kellu567: checks 
turquoise75: bets $2.41
kellu567: folds 
Uncalled bet ($2.41) returned to turquoise75
turquoise75 collected $4.22 from pot
*** SUMMARY ***
Total pot $4.50 | Rake $0.28 
Board [3s 3h 2d]
Seat 1: OrioNCOOL
Seat 2: kellu567 (big blind) folded on the Flop
Seat 3: turquoise75 collected ($4.22)
Seat 4: MaikonAll folded before Flop (didn't bet)
Seat 5: Alinyr (button) folded before Flop (didn't bet)
Seat 6: itaba (small blind) folded before Flop



PokerStars Hand #254420638749:  Hold'em No Limit ($0.50/$1.00 USD) - 2025/01/17 21:30:39 WET [2025/01/17 16:30:39 ET]
Table 'Titan IV' 6-max Seat #6 is the button
Seat 1: OrioNCOOL ($114.60 in chips) is sitting out
Seat 2: kellu567 ($8 in chips) 
Seat 3: turquoise75 ($38.92 in chips) 
Seat 4: MaikonAll ($154.79 in chips) 
Seat 5: Alinyr ($123.20 in chips) 
Seat 6: itaba ($18.66 in chips) 
kellu567: posts small blind $0.50
turquoise75: posts big blind $1
*** HOLE CARDS ***
MaikonAll: raises $1.30 to $2.30
Alinyr: folds 
itaba: folds 
kellu567: calls $1.80
turquoise75: calls $1.30
*** FLOP *** [4c 2s 3c]
kellu567: checks 
turquoise75: checks 
MaikonAll: checks 
*** TURN *** [4c 2s 3c] [Th]
kellu567: bets $2
turquoise75: folds 
MaikonAll: folds 
Uncalled bet ($2) returned to kellu567
kellu567 collected $6.56 from pot
*** SUMMARY ***
Total pot $6.90 | Rake $0.34 
Board [4c 2s 3c Th]
Seat 1: OrioNCOOL
Seat 2: kellu567 (small blind) collected ($6.56)
Seat 3: turquoise75 (big blind) folded on the Turn
Seat 4: MaikonAll folded on the Turn
Seat 5: Alinyr folded before Flop (didn't bet)
Seat 6: itaba (button) folded before Flop (didn't bet)



PokerStars Hand #254420649657:  Hold'em No Limit ($0.50/$1.00 USD) - 2025/01/17 21:31:12 WET [2025/01/17 16:31:12 ET]
Table 'Titan IV' 6-max Seat #2 is the button
Seat 1: OrioNCOOL ($114.60 in chips) is sitting out
Seat 2: kellu567 ($12.26 in chips) 
Seat 3: turquoise75 ($36.62 in chips) 
Seat 4: MaikonAll ($152.49 in chips) 
Seat 5: Alinyr ($123.20 in chips) 
Seat 6: itaba ($18.66 in chips) 
turquoise75: posts small blind $0.50
MaikonAll: posts big blind $1
*** HOLE CARDS ***
Alinyr: folds 
itaba: raises $1 to $2
kellu567: folds 
turquoise75: folds 
MaikonAll: raises $19 to $21
itaba: folds 
Uncalled bet ($19) returned to MaikonAll
MaikonAll collected $4.50 from pot
MaikonAll: doesn't show hand 
*** SUMMARY ***
Total pot $4.50 | Rake $0 
Seat 1: OrioNCOOL
Seat 2: kellu567 (button) folded before Flop (didn't bet)
Seat 3: turquoise75 (small blind) folded before Flop
Seat 4: MaikonAll (big blind) collected ($4.50)
Seat 5: Alinyr folded before Flop (didn't bet)
Seat 6: itaba folded before Flop



PokerStars Hand #254420661749:  Hold'em No Limit ($0.50/$1.00 USD) - 2025/01/17 21:31:49 WET [2025/01/17 16:31:49 ET]
Table 'Titan IV' 6-max Seat #3 is the button
Seat 1: OrioNCOOL ($114.60 in chips) is sitting out
Seat 2: kellu567 ($12.26 in chips) 
Seat 3: turquoise75 ($36.12 in chips) 
Seat 4: MaikonAll ($154.99 in chips) 
Seat 5: Alinyr ($123.20 in chips) 
Seat 6: itaba ($18.66 in chips) 
MaikonAll: posts small blind $0.50
Alinyr: posts big blind $1
*** HOLE CARDS ***
itaba: raises $1 to $2
kellu567: folds 
turquoise75: raises $3 to $5
MaikonAll: folds 
Alinyr: folds 
itaba: raises $13.66 to $18.66 and is all-in
turquoise75: calls $13.66
*** FLOP *** [Jh 6s 5h]
*** TURN *** [Jh 6s 5h] [Kd]
*** RIVER *** [Jh 6s 5h Kd] [Kc]
*** SHOW DOWN ***
itaba: shows [As Qs] (a pair of Kings)
turquoise75: shows [Ah Ac] (two pair, Aces and Kings)
turquoise75 collected $36.40 from pot
*** SUMMARY ***
Total pot $38.82 | Rake $2.42 
Board [Jh 6s 5h Kd Kc]
Seat 1: OrioNCOOL
Seat 2: kellu567 folded before Flop (didn't bet)
Seat 3: turquoise75 (button) showed [Ah Ac] and won ($36.40) with two pair, Aces and Kings
Seat 4: MaikonAll (small blind) folded before Flop
Seat 5: Alinyr (big blind) folded before Flop
Seat 6: itaba showed [As Qs] and lost with a pair of Kings



PokerStars Hand #254420671002:  Hold'em No Limit ($0.50/$1.00 USD) - 2025/01/17 21:32:18 WET [2025/01/17 16:32:18 ET]
Table 'Titan IV' 6-max Seat #4 is the button
Seat 1: OrioNCOOL ($114.60 in chips) is sitting out
Seat 2: kellu567 ($12.26 in chips) 
Seat 3: turquoise75 ($53.86 in chips) 
Seat 4: MaikonAll ($154.49 in chips) 
Seat 5: Alinyr ($122.20 in chips) 
Seat 6: itaba ($10 in chips) 
Alinyr: posts small blind $0.50
itaba: posts big blind $1
*** HOLE CARDS ***
kellu567: folds 
turquoise75: raises $1 to $2
MaikonAll: folds 
Alinyr: folds 
itaba: calls $1
*** FLOP *** [2s 3h 8c]
itaba: checks 
turquoise75: checks 
*** TURN *** [2s 3h 8c] [Kd]
itaba: checks 
turquoise75: checks 
*** RIVER *** [2s 3h 8c Kd] [As]
itaba: checks 
turquoise75: checks 
*** SHOW DOWN ***
itaba: shows [2h Kh] (two pair, Kings and Deuces)
turquoise75: mucks hand 
itaba collected $4.28 from pot
*** SUMMARY ***
Total pot $4.50 | Rake $0.22 
Board [2s 3h 8c Kd As]
Seat 1: OrioNCOOL
Seat 2: kellu567 folded before Flop (didn't bet)
Seat 3: turquoise75 mucked
Seat 4: MaikonAll (button) folded before Flop (didn't bet)
Seat 5: Alinyr (small blind) folded before Flop
Seat 6: itaba (big blind) showed [2h Kh] and won ($4.28) with two pair, Kings and Deuces



PokerStars Hand #254420691068:  Hold'em No Limit ($0.50/$1.00 USD) - 2025/01/17 21:33:19 WET [2025/01/17 16:33:19 ET]
Table 'Titan IV' 6-max Seat #5 is the button
Seat 1: OrioNCOOL ($114.60 in chips) 
Seat 2: kellu567 ($12.26 in chips) 
Seat 3: turquoise75 ($51.86 in chips) 
Seat 4: MaikonAll ($154.49 in chips) 
Seat 5: Alinyr ($121.70 in chips) 
Seat 6: itaba ($12.28 in chips) 
itaba: posts small blind $0.50
OrioNCOOL: posts big blind $1
*** HOLE CARDS ***
kellu567: folds 
turquoise75: folds 
MaikonAll: folds 
Alinyr: raises $1.50 to $2.50
itaba: folds 
OrioNCOOL: raises $8.50 to $11
Alinyr: raises $13 to $24
OrioNCOOL: folds 
Uncalled bet ($13) returned to Alinyr
Alinyr collected $22.50 from pot
Alinyr: doesn't show hand 
*** SUMMARY ***
Total pot $22.50 | Rake $0 
Seat 1: OrioNCOOL (big blind) folded before Flop
Seat 2: kellu567 folded before Flop (didn't bet)
Seat 3: turquoise75 folded before Flop (didn't bet)
Seat 4: MaikonAll folded before Flop (didn't bet)
Seat 5: Alinyr (button) collected ($22.50)
Seat 6: itaba (small blind) folded before Flop



PokerStars Hand #254420706820:  Hold'em No Limit ($0.50/$1.00 USD) - 2025/01/17 21:34:07 WET [2025/01/17 16:34:07 ET]
Table 'Titan IV' 6-max Seat #6 is the button
Seat 1: OrioNCOOL ($103.60 in chips) 
Seat 2: kellu567 ($12.26 in chips) 
Seat 3: turquoise75 ($51.86 in chips) 
Seat 4: MaikonAll ($154.49 in chips) 
Seat 5: Alinyr ($133.20 in chips) 
Seat 6: itaba ($18.78 in chips) 
OrioNCOOL: posts small blind $0.50
kellu567: posts big blind $1
*** HOLE CARDS ***
turquoise75: folds 
MaikonAll: folds 
Alinyr: raises $1.28 to $2.28
itaba: folds 
OrioNCOOL: folds 
kellu567: calls $1.28
*** FLOP *** [Td Js 2c]
kellu567: checks 
Alinyr: bets $1.59
kellu567: calls $1.59
*** TURN *** [Td Js 2c] [Ah]
kellu567: bets $1
Alinyr: raises $9 to $10
kellu567: folds 
Uncalled bet ($9) returned to Alinyr
Alinyr collected $9.73 from pot
Alinyr: doesn't show hand 
*** SUMMARY ***
Total pot $10.24 | Rake $0.51 
Board [Td Js 2c Ah]
Seat 1: OrioNCOOL (small blind) folded before Flop
Seat 2: kellu567 (big blind) folded on the Turn
Seat 3: turquoise75 folded before Flop (didn't bet)
Seat 4: MaikonAll folded before Flop (didn't bet)
Seat 5: Alinyr collected ($9.73)
Seat 6: itaba (button) folded before Flop (didn't bet)



PokerStars Hand #254420721842:  Hold'em No Limit ($0.50/$1.00 USD) - 2025/01/17 21:34:52 WET [2025/01/17 16:34:52 ET]
Table 'Titan IV' 6-max Seat #1 is the button
Seat 1: OrioNCOOL ($103.10 in chips) 
Seat 2: kellu567 ($7.39 in chips) 
Seat 3: turquoise75 ($51.86 in chips) 
Seat 4: MaikonAll ($154.49 in chips) 
Seat 5: Alinyr ($138.06 in chips) 
Seat 6: itaba ($18.78 in chips) 
kellu567: posts small blind $0.50
turquoise75: posts big blind $1
*** HOLE CARDS ***
MaikonAll: folds 
Alinyr: folds 
itaba: folds 
OrioNCOOL: folds 
kellu567: raises $1 to $2
turquoise75: folds 
Uncalled bet ($1) returned to kellu567
kellu567 collected $2 from pot
*** SUMMARY ***
Total pot $2 | Rake $0 
Seat 1: OrioNCOOL (button) folded before Flop (didn't bet)
Seat 2: kellu567 (small blind) collected ($2)
Seat 3: turquoise75 (big blind) folded before Flop
Seat 4: MaikonAll folded before Flop (didn't bet)
Seat 5: Alinyr folded before Flop (didn't bet)
Seat 6: itaba folded before Flop (didn't bet)



PokerStars Hand #254420726745:  Hold'em No Limit ($0.50/$1.00 USD) - 2025/01/17 21:35:07 WET [2025/01/17 16:35:07 ET]
Table 'Titan IV' 6-max Seat #2 is the button
Seat 1: OrioNCOOL ($103.10 in chips) 
Seat 2: kellu567 ($8.39 in chips) 
Seat 3: turquoise75 ($50.86 in chips) 
Seat 4: MaikonAll ($154.49 in chips) 
Seat 5: Alinyr ($138.06 in chips) 
Seat 6: itaba ($18.78 in chips) 
turquoise75: posts small blind $0.50
MaikonAll: posts big blind $1
*** HOLE CARDS ***
Alinyr: folds 
itaba: folds 
OrioNCOOL: folds 
kellu567: raises $1 to $2
turquoise75: folds 
MaikonAll: folds 
Uncalled bet ($1) returned to kellu567
kellu567 collected $2.50 from pot
*** SUMMARY ***
Total pot $2.50 | Rake $0 
Seat 1: OrioNCOOL folded before Flop (didn't bet)
Seat 2: kellu567 (button) collected ($2.50)
Seat 3: turquoise75 (small blind) folded before Flop
Seat 4: MaikonAll (big blind) folded before Flop
Seat 5: Alinyr folded before Flop (didn't bet)
Seat 6: itaba folded before Flop (didn't bet)



PokerStars Hand #254420734461:  Hold'em No Limit ($0.50/$1.00 USD) - 2025/01/17 21:35:31 WET [2025/01/17 16:35:31 ET]
Table 'Titan IV' 6-max Seat #3 is the button
Seat 1: OrioNCOOL ($103.10 in chips) 
Seat 2: kellu567 ($9.89 in chips) 
Seat 3: turquoise75 ($50.36 in chips) 
Seat 4: MaikonAll ($153.49 in chips) 
Seat 5: Alinyr ($138.06 in chips) 
Seat 6: itaba ($18.78 in chips) 
MaikonAll: posts small blind $0.50
Alinyr: posts big blind $1
*** HOLE CARDS ***
itaba: folds 
OrioNCOOL: folds 
kellu567: folds 
turquoise75: raises $1 to $2
MaikonAll: folds 
Alinyr: folds 
Uncalled bet ($1) returned to turquoise75
turquoise75 collected $2.50 from pot
*** SUMMARY ***
Total pot $2.50 | Rake $0 
Seat 1: OrioNCOOL folded before Flop (didn't bet)
Seat 2: kellu567 folded before Flop (didn't bet)
Seat 3: turquoise75 (button) collected ($2.50)
Seat 4: MaikonAll (small blind) folded before Flop
Seat 5: Alinyr (big blind) folded before Flop
Seat 6: itaba folded before Flop (didn't bet)



PokerStars Hand #254420740563:  Hold'em No Limit ($0.50/$1.00 USD) - 2025/01/17 21:35:49 WET [2025/01/17 16:35:49 ET]
Table 'Titan IV' 6-max Seat #4 is the button
Seat 1: OrioNCOOL ($103.10 in chips) 
Seat 2: kellu567 ($9.89 in chips) 
Seat 3: turquoise75 ($51.86 in chips) 
Seat 4: MaikonAll ($152.99 in chips) 
Seat 5: Alinyr ($137.06 in chips) 
Seat 6: itaba ($18.78 in chips) 
Alinyr: posts small blind $0.50
itaba: posts big blind $1
*** HOLE CARDS ***
OrioNCOOL: folds 
kellu567: calls $1
turquoise75: folds 
MaikonAll: folds 
Alinyr: folds 
itaba: checks 
*** FLOP *** [4h 6d 8c]
itaba: checks 
kellu567: bets $1
itaba: calls $1
*** TURN *** [4h 6d 8c] [Kh]
itaba: checks 
kellu567: bets $2
itaba: folds 
Uncalled bet ($2) returned to kellu567
kellu567 collected $4.28 from pot
*** SUMMARY ***
Total pot $4.50 | Rake $0.22 
Board [4h 6d 8c Kh]
Seat 1: OrioNCOOL folded before Flop (didn't bet)
Seat 2: kellu567 collected ($4.28)
Seat 3: turquoise75 folded before Flop (didn't bet)
Seat 4: MaikonAll (button) folded before Flop (didn't bet)
Seat 5: Alinyr (small blind) folded before Flop
Seat 6: itaba (big blind) folded on the Turn



PokerStars Hand #254420768551:  Hold'em No Limit ($0.50/$1.00 USD) - 2025/01/17 21:37:15 WET [2025/01/17 16:37:15 ET]
Table 'Titan IV' 6-max Seat #5 is the button
Seat 1: OrioNCOOL ($103.10 in chips) 
Seat 2: kellu567 ($12.17 in chips) 
Seat 3: turquoise75 ($51.86 in chips) 
Seat 4: MaikonAll ($152.99 in chips) 
Seat 5: Alinyr ($136.56 in chips) 
Seat 6: itaba ($16.78 in chips) 
itaba: posts small blind $0.50
OrioNCOOL: posts big blind $1
*** HOLE CARDS ***
kellu567: folds 
turquoise75: raises $1 to $2
MaikonAll: folds 
Alinyr: folds 
itaba: folds 
OrioNCOOL: folds 
Uncalled bet ($1) returned to turquoise75
turquoise75 collected $2.50 from pot
*** SUMMARY ***
Total pot $2.50 | Rake $0 
Seat 1: OrioNCOOL (big blind) folded before Flop
Seat 2: kellu567 folded before Flop (didn't bet)
Seat 3: turquoise75 collected ($2.50)
Seat 4: MaikonAll folded before Flop (didn't bet)
Seat 5: Alinyr (button) folded before Flop (didn't bet)
Seat 6: itaba (small blind) folded before Flop



PokerStars Hand #254420779249:  Hold'em No Limit ($0.50/$1.00 USD) - 2025/01/17 21:37:48 WET [2025/01/17 16:37:48 ET]
Table 'Titan IV' 6-max Seat #6 is the button
Seat 1: OrioNCOOL ($102.10 in chips) 
Seat 2: kellu567 ($12.17 in chips) 
Seat 3: turquoise75 ($53.36 in chips) 
Seat 4: MaikonAll ($152.99 in chips) 
Seat 5: Alinyr ($136.56 in chips) 
Seat 6: itaba ($18.28 in chips) 
OrioNCOOL: posts small blind $0.50
kellu567: posts big blind $1
*** HOLE CARDS ***
turquoise75: folds 
MaikonAll: folds 
Alinyr: folds 
itaba: raises $1 to $2
OrioNCOOL: folds 
kellu567: folds 
Uncalled bet ($1) returned to itaba
itaba collected $2.50 from pot
itaba: doesn't show hand 
*** SUMMARY ***
Total pot $2.50 | Rake $0 
Seat 1: OrioNCOOL (small blind) folded before Flop
Seat 2: kellu567 (big blind) folded before Flop
Seat 3: turquoise75 folded before Flop (didn't bet)
Seat 4: MaikonAll folded before Flop (didn't bet)
Seat 5: Alinyr folded before Flop (didn't bet)
Seat 6: itaba (button) collected ($2.50)



PokerStars Hand #254420784316:  Hold'em No Limit ($0.50/$1.00 USD) - 2025/01/17 21:38:04 WET [2025/01/17 16:38:04 ET]
Table 'Titan IV' 6-max Seat #1 is the button
Seat 1: OrioNCOOL ($101.60 in chips) 
Seat 2: kellu567 ($11.17 in chips) 
Seat 3: turquoise75 ($53.36 in chips) 
Seat 4: MaikonAll ($152.99 in chips) 
Seat 5: Alinyr ($136.56 in chips) 
Seat 6: itaba ($19.78 in chips) 
kellu567: posts small blind $0.50
turquoise75: posts big blind $1
*** HOLE CARDS ***
MaikonAll: folds 
Alinyr: folds 
itaba: folds 
OrioNCOOL: raises $1.50 to $2.50
kellu567: folds 
turquoise75: folds 
Uncalled bet ($1.50) returned to OrioNCOOL
OrioNCOOL collected $2.50 from pot
OrioNCOOL: doesn't show hand 
*** SUMMARY ***
Total pot $2.50 | Rake $0 
Seat 1: OrioNCOOL (button) collected ($2.50)
Seat 2: kellu567 (small blind) folded before Flop
Seat 3: turquoise75 (big blind) folded before Flop
Seat 4: MaikonAll folded before Flop (didn't bet)
Seat 5: Alinyr folded before Flop (didn't bet)
Seat 6: itaba folded before Flop (didn't bet)



PokerStars Hand #254420790833:  Hold'em No Limit ($0.50/$1.00 USD) - 2025/01/17 21:38:23 WET [2025/01/17 16:38:23 ET]
Table 'Titan IV' 6-max Seat #2 is the button
Seat 1: OrioNCOOL ($103.10 in chips) 
Seat 2: kellu567 ($10.67 in chips) 
Seat 3: turquoise75 ($52.36 in chips) 
Seat 4: MaikonAll ($152.99 in chips) 
Seat 5: Alinyr ($136.56 in chips) 
Seat 6: itaba ($19.78 in chips) 
turquoise75: posts small blind $0.50
MaikonAll: posts big blind $1
*** HOLE CARDS ***
Alinyr: folds 
itaba: folds 
OrioNCOOL: raises $1.50 to $2.50
kellu567: folds 
turquoise75: folds 
MaikonAll: folds 
Uncalled bet ($1.50) returned to OrioNCOOL
OrioNCOOL collected $2.50 from pot
OrioNCOOL: doesn't show hand 
*** SUMMARY ***
Total pot $2.50 | Rake $0 
Seat 1: OrioNCOOL collected ($2.50)
Seat 2: kellu567 (button) folded before Flop (didn't bet)
Seat 3: turquoise75 (small blind) folded before Flop
Seat 4: MaikonAll (big blind) folded before Flop
Seat 5: Alinyr folded before Flop (didn't bet)
Seat 6: itaba folded before Flop (didn't bet)



PokerStars Hand #254420801595:  Hold'em No Limit ($0.50/$1.00 USD) - 2025/01/17 21:38:56 WET [2025/01/17 16:38:56 ET]
Table 'Titan IV' 6-max Seat #3 is the button
Seat 1: OrioNCOOL ($104.60 in chips) 
Seat 2: kellu567 ($10.67 in chips) 
Seat 3: turquoise75 ($51.86 in chips) 
Seat 4: MaikonAll ($151.99 in chips) 
Seat 5: Alinyr ($136.56 in chips) 
Seat 6: itaba ($19.78 in chips) 
MaikonAll: posts small blind $0.50
Alinyr: posts big blind $1
*** HOLE CARDS ***
itaba: folds 
OrioNCOOL: raises $1.50 to $2.50
kellu567: calls $2.50
turquoise75: folds 
MaikonAll: folds 
Alinyr: calls $1.50
*** FLOP *** [Ac 7s Qs]
Alinyr: checks 
OrioNCOOL: checks 
kellu567: bets $4
Alinyr: raises $8.15 to $12.15
OrioNCOOL: folds 
kellu567: calls $4.17 and is all-in
Uncalled bet ($3.98) returned to Alinyr
*** TURN *** [Ac 7s Qs] [3c]
*** RIVER *** [Ac 7s Qs 3c] [8d]
*** SHOW DOWN ***
Alinyr: shows [Ad 7d] (two pair, Aces and Sevens)
kellu567: shows [Js Ts] (high card Ace)
Alinyr collected $23.12 from pot
*** SUMMARY ***
Total pot $24.34 | Rake $1.22 
Board [Ac 7s Qs 3c 8d]
Seat 1: OrioNCOOL folded on the Flop
Seat 2: kellu567 showed [Js Ts] and lost with high card Ace
Seat 3: turquoise75 (button) folded before Flop (didn't bet)
Seat 4: MaikonAll (small blind) folded before Flop
Seat 5: Alinyr (big blind) showed [Ad 7d] and won ($23.12) with two pair, Aces and Sevens
Seat 6: itaba folded before Flop (didn't bet)



PokerStars Hand #254420818311:  Hold'em No Limit ($0.50/$1.00 USD) - 2025/01/17 21:39:47 WET [2025/01/17 16:39:47 ET]
Table 'Titan IV' 6-max Seat #4 is the button
Seat 2: kellu567 ($0 in chips) is sitting out
Seat 1: OrioNCOOL ($102.10 in chips) 
Seat 3: turquoise75 ($51.86 in chips) 
Seat 4: MaikonAll ($151.49 in chips) 
Seat 5: Alinyr ($149.01 in chips) 
Seat 6: itaba ($19.78 in chips) 
Alinyr: posts small blind $0.50
itaba: posts big blind $1
*** HOLE CARDS ***
OrioNCOOL: folds 
turquoise75: folds 
MaikonAll: folds 
Alinyr: raises $2 to $3
itaba: folds 
Uncalled bet ($2) returned to Alinyr
Alinyr collected $2 from pot
Alinyr: doesn't show hand 
*** SUMMARY ***
Total pot $2 | Rake $0 
Seat 2: kellu567
Seat 1: OrioNCOOL folded before Flop (didn't bet)
Seat 3: turquoise75 folded before Flop (didn't bet)
Seat 4: MaikonAll (button) folded before Flop (didn't bet)
Seat 5: Alinyr (small blind) collected ($2)
Seat 6: itaba (big blind) folded before Flop



PokerStars Hand #254420826447:  Hold'em No Limit ($0.50/$1.00 USD) - 2025/01/17 21:40:12 WET [2025/01/17 16:40:12 ET]
Table 'Titan IV' 6-max Seat #5 is the button
Seat 2: kellu567 ($0 in chips) is sitting out
Seat 1: OrioNCOOL ($102.10 in chips) 
Seat 3: turquoise75 ($51.86 in chips) 
Seat 4: MaikonAll ($151.49 in chips) 
Seat 5: Alinyr ($150.01 in chips) 
Seat 6: itaba ($18.78 in chips) 
itaba: posts small blind $0.50
OrioNCOOL: posts big blind $1
*** HOLE CARDS ***
turquoise75: raises $1 to $2
MaikonAll: folds 
Alinyr: folds 
itaba: folds 
OrioNCOOL: folds 
Uncalled bet ($1) returned to turquoise75
turquoise75 collected $2.50 from pot
*** SUMMARY ***
Total pot $2.50 | Rake $0 
Seat 2: kellu567
Seat 1: OrioNCOOL (big blind) folded before Flop
Seat 3: turquoise75 collected ($2.50)
Seat 4: MaikonAll folded before Flop (didn't bet)
Seat 5: Alinyr (button) folded before Flop (didn't bet)
Seat 6: itaba (small blind) folded before Flop



PokerStars Hand #254420831412:  Hold'em No Limit ($0.50/$1.00 USD) - 2025/01/17 21:40:27 WET [2025/01/17 16:40:27 ET]
Table 'Titan IV' 6-max Seat #6 is the button
Seat 2: kellu567 ($0 in chips) is sitting out
Seat 1: OrioNCOOL ($101.10 in chips) 
Seat 3: turquoise75 ($53.36 in chips) 
Seat 4: MaikonAll ($151.49 in chips) 
Seat 5: Alinyr ($150.01 in chips) 
Seat 6: itaba ($18.28 in chips) 
OrioNCOOL: posts small blind $0.50
turquoise75: posts big blind $1
*** HOLE CARDS ***
MaikonAll: folds 
Alinyr: folds 
itaba: raises $1 to $2
OrioNCOOL: folds 
turquoise75: calls $1
*** FLOP *** [5c Qh Js]
turquoise75: checks 
itaba: bets $1.41
turquoise75: folds 
Uncalled bet ($1.41) returned to itaba
itaba collected $4.28 from pot
itaba: doesn't show hand 
*** SUMMARY ***
Total pot $4.50 | Rake $0.22 
Board [5c Qh Js]
Seat 2: kellu567
Seat 1: OrioNCOOL (small blind) folded before Flop
Seat 3: turquoise75 (big blind) folded on the Flop
Seat 4: MaikonAll folded before Flop (didn't bet)
Seat 5: Alinyr folded before Flop (didn't bet)
Seat 6: itaba (button) collected ($4.28)



PokerStars Hand #254420845631:  Hold'em No Limit ($0.50/$1.00 USD) - 2025/01/17 21:41:11 WET [2025/01/17 16:41:11 ET]
Table 'Titan IV' 6-max Seat #1 is the button
Seat 2: kellu567 ($0 in chips) is sitting out
Seat 1: OrioNCOOL ($100.60 in chips) 
Seat 3: turquoise75 ($51.36 in chips) 
Seat 4: MaikonAll ($151.49 in chips) 
Seat 5: Alinyr ($150.01 in chips) 
Seat 6: itaba ($20.56 in chips) 
turquoise75: posts small blind $0.50
MaikonAll: posts big blind $1
*** HOLE CARDS ***
Alinyr: folds 
itaba: folds 
OrioNCOOL: folds 
turquoise75: raises $1.10 to $2.10
MaikonAll: raises $4.90 to $7
turquoise75: calls $4.90
*** FLOP *** [Qh 5c Th]
turquoise75: checks 
MaikonAll: bets $3.33
turquoise75: calls $3.33
*** TURN *** [Qh 5c Th] [3c]
turquoise75: checks 
MaikonAll: checks 
*** RIVER *** [Qh 5c Th 3c] [Ad]
turquoise75: checks 
MaikonAll: checks 
*** SHOW DOWN ***
turquoise75: shows [Js Ah] (a pair of Aces)
MaikonAll: mucks hand 
turquoise75 collected $19.37 from pot
*** SUMMARY ***
Total pot $20.66 | Rake $1.29 
Board [Qh 5c Th 3c Ad]
Seat 2: kellu567
Seat 1: OrioNCOOL (button) folded before Flop (didn't bet)
Seat 3: turquoise75 (small blind) showed [Js Ah] and won ($19.37) with a pair of Aces
Seat 4: MaikonAll (big blind) mucked
Seat 5: Alinyr folded before Flop (didn't bet)
Seat 6: itaba folded before Flop (didn't bet)



PokerStars Hand #254420864322:  Hold'em No Limit ($0.50/$1.00 USD) - 2025/01/17 21:42:08 WET [2025/01/17 16:42:08 ET]
Table 'Titan IV' 6-max Seat #3 is the button
Seat 2: kellu567 ($0 in chips) is sitting out
Seat 1: OrioNCOOL ($100.60 in chips) 
Seat 3: turquoise75 ($60.40 in chips) 
Seat 4: MaikonAll ($141.16 in chips) 
Seat 5: Alinyr ($150.01 in chips) 
Seat 6: itaba ($20.56 in chips) 
MaikonAll: posts small blind $0.50
Alinyr: posts big blind $1
*** HOLE CARDS ***
itaba: raises $1 to $2
OrioNCOOL: folds 
turquoise75: calls $2
MaikonAll: folds 
Alinyr: calls $1
*** FLOP *** [3s 2d Ah]
Alinyr: checks 
kellu567 is disconnected 
itaba: checks 
turquoise75: checks 
*** TURN *** [3s 2d Ah] [6c]
Alinyr: checks 
itaba: checks 
turquoise75: bets $3.40
Alinyr: folds 
itaba: folds 
Uncalled bet ($3.40) returned to turquoise75
turquoise75 collected $6.10 from pot
*** SUMMARY ***
Total pot $6.50 | Rake $0.40 
Board [3s 2d Ah 6c]
Seat 2: kellu567
Seat 1: OrioNCOOL folded before Flop (didn't bet)
Seat 3: turquoise75 (button) collected ($6.10)
Seat 4: MaikonAll (small blind) folded before Flop
Seat 5: Alinyr (big blind) folded on the Turn
Seat 6: itaba folded on the Turn



PokerStars Hand #254420886596:  Hold'em No Limit ($0.50/$1.00 USD) - 2025/01/17 21:43:16 WET [2025/01/17 16:43:16 ET]
Table 'Titan IV' 6-max Seat #4 is the button
Seat 2: kellu567 ($0 in chips) is sitting out
Seat 1: OrioNCOOL ($100.60 in chips) 
Seat 3: turquoise75 ($64.50 in chips) 
Seat 4: MaikonAll ($140.66 in chips) 
Seat 5: Alinyr ($148.01 in chips) 
Seat 6: itaba ($18.56 in chips) 
Alinyr: posts small blind $0.50
itaba: posts big blind $1
*** HOLE CARDS ***
OrioNCOOL: folds 
turquoise75: folds 
MaikonAll: raises $1.50 to $2.50
Alinyr: folds 
itaba: raises $16.06 to $18.56 and is all-in
MaikonAll: folds 
Uncalled bet ($16.06) returned to itaba
itaba collected $5.50 from pot
itaba: doesn't show hand 
*** SUMMARY ***
Total pot $5.50 | Rake $0 
Seat 2: kellu567
Seat 1: OrioNCOOL folded before Flop (didn't bet)
Seat 3: turquoise75 folded before Flop (didn't bet)
Seat 4: MaikonAll (button) folded before Flop
Seat 5: Alinyr (small blind) folded before Flop
Seat 6: itaba (big blind) collected ($5.50)



PokerStars Hand #254420895141:  Hold'em No Limit ($0.50/$1.00 USD) - 2025/01/17 21:43:43 WET [2025/01/17 16:43:43 ET]
Table 'Titan IV' 6-max Seat #5 is the button
Seat 2: kellu567 ($0 in chips) is sitting out
Seat 1: OrioNCOOL ($100.60 in chips) 
Seat 3: turquoise75 ($64.50 in chips) 
Seat 4: MaikonAll ($138.16 in chips) 
Seat 5: Alinyr ($147.51 in chips) 
Seat 6: itaba ($21.56 in chips) 
itaba: posts small blind $0.50
OrioNCOOL: posts big blind $1
*** HOLE CARDS ***
turquoise75: raises $1.10 to $2.10
MaikonAll: raises $4.90 to $7
Alinyr: folds 
itaba: raises $14.56 to $21.56 and is all-in
OrioNCOOL: folds 
turquoise75: folds 
MaikonAll: calls $14.56
*** FLOP *** [3s Ks Qd]
*** TURN *** [3s Ks Qd] [5c]
*** RIVER *** [3s Ks Qd 5c] [6d]
*** SHOW DOWN ***
itaba: shows [Kh As] (a pair of Kings)
MaikonAll: shows [Qh Ah] (a pair of Queens)
itaba collected $43.91 from pot
*** SUMMARY ***
Total pot $46.22 | Rake $2.31 
Board [3s Ks Qd 5c 6d]
Seat 2: kellu567
Seat 1: OrioNCOOL (big blind) folded before Flop
Seat 3: turquoise75 folded before Flop
Seat 4: MaikonAll showed [Qh Ah] and lost with a pair of Queens
Seat 5: Alinyr (button) folded before Flop (didn't bet)
Seat 6: itaba (small blind) showed [Kh As] and won ($43.91) with a pair of Kings



PokerStars Hand #254420906317:  Hold'em No Limit ($0.50/$1.00 USD) - 2025/01/17 21:44:18 WET [2025/01/17 16:44:18 ET]
Table 'Titan IV' 6-max Seat #6 is the button
Seat 2: kellu567 ($0 in chips) is sitting out
Seat 1: OrioNCOOL ($100 in chips) 
Seat 3: turquoise75 ($62.40 in chips) 
Seat 4: MaikonAll ($116.60 in chips) 
Seat 5: Alinyr ($147.51 in chips) 
Seat 6: itaba ($43.91 in chips) 
OrioNCOOL: posts small blind $0.50
turquoise75: posts big blind $1
*** HOLE CARDS ***
MaikonAll: folds 
Alinyr: folds 
itaba: folds 
OrioNCOOL: raises $1.50 to $2.50
turquoise75: calls $1.50
*** FLOP *** [Tc Qc Td]
OrioNCOOL: bets $2
turquoise75: folds 
Uncalled bet ($2) returned to OrioNCOOL
OrioNCOOL collected $4.75 from pot
OrioNCOOL: doesn't show hand 
*** SUMMARY ***
Total pot $5 | Rake $0.25 
Board [Tc Qc Td]
Seat 2: kellu567
Seat 1: OrioNCOOL (small blind) collected ($4.75)
Seat 3: turquoise75 (big blind) folded on the Flop
Seat 4: MaikonAll folded before Flop (didn't bet)
Seat 5: Alinyr folded before Flop (didn't bet)
Seat 6: itaba (button) folded before Flop (didn't bet)



PokerStars Hand #254420914901:  Hold'em No Limit ($0.50/$1.00 USD) - 2025/01/17 21:44:45 WET [2025/01/17 16:44:45 ET]
Table 'Titan IV' 6-max Seat #1 is the button
Seat 2: kellu567 ($0 in chips) is sitting out
Seat 1: OrioNCOOL ($102.25 in chips) 
Seat 3: turquoise75 ($59.90 in chips) 
Seat 4: MaikonAll ($116.60 in chips) 
Seat 5: Alinyr ($147.51 in chips) 
Seat 6: itaba ($43.91 in chips) 
turquoise75: posts small blind $0.50
MaikonAll: posts big blind $1
*** HOLE CARDS ***
Alinyr: folds 
itaba: raises $1 to $2
OrioNCOOL: calls $2
turquoise75: raises $5 to $7
MaikonAll: raises $14 to $21
itaba: folds 
OrioNCOOL: folds 
turquoise75: calls $14
*** FLOP *** [9h Kh 9s]
turquoise75: bets $38.90 and is all-in
MaikonAll: calls $38.90
*** TURN *** [9h Kh 9s] [Js]
*** RIVER *** [9h Kh 9s Js] [8d]
*** SHOW DOWN ***
turquoise75: shows [7d 7c] (two pair, Nines and Sevens)
MaikonAll: shows [As Ah] (two pair, Aces and Nines)
MaikonAll collected $121.30 from pot
*** SUMMARY ***
Total pot $123.80 | Rake $2.50 
Board [9h Kh 9s Js 8d]
Seat 2: kellu567
Seat 1: OrioNCOOL (button) folded before Flop
Seat 3: turquoise75 (small blind) showed [7d 7c] and lost with two pair, Nines and Sevens
Seat 4: MaikonAll (big blind) showed [As Ah] and won ($121.30) with two pair, Aces and Nines
Seat 5: Alinyr folded before Flop (didn't bet)
Seat 6: itaba folded before Flop



PokerStars Hand #254420928546:  Hold'em No Limit ($0.50/$1.00 USD) - 2025/01/17 21:45:28 WET [2025/01/17 16:45:28 ET]
Table 'Titan IV' 6-max Seat #4 is the button
Seat 2: kellu567 ($0 in chips) is sitting out
Seat 3: turquoise75 ($0 in chips) is sitting out
Seat 1: OrioNCOOL ($100.25 in chips) 
Seat 4: MaikonAll ($178 in chips) 
Seat 5: Alinyr ($147.51 in chips) 
Seat 6: itaba ($41.91 in chips) 
Alinyr: posts small blind $0.50
itaba: posts big blind $1
*** HOLE CARDS ***
OrioNCOOL: raises $1.50 to $2.50
MaikonAll: folds 
Alinyr: folds 
turquoise75 leaves the table
itaba: calls $1.50
*** FLOP *** [6s Qs Qh]
itaba: checks 
OrioNCOOL: bets $2
itaba: folds 
Uncalled bet ($2) returned to OrioNCOOL
OrioNCOOL collected $5.22 from pot
OrioNCOOL: doesn't show hand 
*** SUMMARY ***
Total pot $5.50 | Rake $0.28 
Board [6s Qs Qh]
Seat 2: kellu567
Seat 3: turquoise75
Seat 1: OrioNCOOL collected ($5.22)
Seat 4: MaikonAll (button) folded before Flop (didn't bet)
Seat 5: Alinyr (small blind) folded before Flop
Seat 6: itaba (big blind) folded on the Flop



PokerStars Hand #254420937577:  Hold'em No Limit ($0.50/$1.00 USD) - 2025/01/17 21:45:56 WET [2025/01/17 16:45:56 ET]
Table 'Titan IV' 6-max Seat #5 is the button
Seat 1: OrioNCOOL ($102.97 in chips) is sitting out
Seat 2: kellu567 ($0 in chips) is sitting out
Seat 4: MaikonAll ($178 in chips) 
Seat 5: Alinyr ($147.01 in chips) 
Seat 6: itaba ($39.41 in chips) 
itaba: posts small blind $0.50
OrioNCOOL: is sitting out 
MaikonAll: posts big blind $1
*** HOLE CARDS ***
Alinyr: folds 
OrioNCOOL leaves the table
itaba: folds 
Uncalled bet ($0.50) returned to MaikonAll
MaikonAll collected $1 from pot
MaikonAll: doesn't show hand 
*** SUMMARY ***
Total pot $1 | Rake $0 
Seat 1: OrioNCOOL
Seat 2: kellu567
Seat 4: MaikonAll (big blind) collected ($1)
Seat 5: Alinyr (button) folded before Flop (didn't bet)
Seat 6: itaba (small blind) folded before Flop



