PokerStars Hand #254413042722:  Hold'em No Limit ($0.50/$1.00 USD) - 2025/01/17 12:25:41 WET [2025/01/17 7:25:41 ET]
Table 'Pepita III' 6-max Seat #3 is the button
Seat 3: stevoooo34 ($44.35 in chips) 
Seat 4: Supermegopro ($110.31 in chips) 
stevoooo34: posts small blind $0.50
Supermegopro: posts big blind $1
*** HOLE CARDS ***
stevoooo34: folds 
Uncalled bet ($0.50) returned to Supermegopro
Supermegopro collected $1 from pot
Supermegopro: doesn't show hand 
*** SUMMARY ***
Total pot $1 | Rake $0 
Seat 3: stevoooo34 (button) (small blind) folded before Flop
Seat 4: Supermegopro (big blind) collected ($1)



PokerStars Hand #254413043739:  Hold'em No Limit ($0.50/$1.00 USD) - 2025/01/17 12:25:48 WET [2025/01/17 7:25:48 ET]
Table 'Pepita III' 6-max Seat #4 is the button
Seat 3: stevoooo34 ($43.85 in chips) 
Seat 4: Supermegopro ($110.81 in chips) 
Supermegopro: posts small blind $0.50
stevoooo34: posts big blind $1
*** HOLE CARDS ***
Supermegopro: folds 
Uncalled bet ($0.50) returned to stevoooo34
stevoooo34 collected $1 from pot
*** SUMMARY ***
Total pot $1 | Rake $0 
Seat 3: stevoooo34 (big blind) collected ($1)
Seat 4: Supermegopro (button) (small blind) folded before Flop



PokerStars Hand #254413044946:  Hold'em No Limit ($0.50/$1.00 USD) - 2025/01/17 12:25:56 WET [2025/01/17 7:25:56 ET]
Table 'Pepita III' 6-max Seat #3 is the button
Seat 3: stevoooo34 ($44.35 in chips) 
Seat 4: Supermegopro ($110.31 in chips) 
stevoooo34: posts small blind $0.50
Supermegopro: posts big blind $1
*** HOLE CARDS ***
stevoooo34: raises $1 to $2
Supermegopro: calls $1
*** FLOP *** [2h 2d 4d]
Supermegopro: checks 
Kristo 914 joins the table at seat #5 
stevoooo34: bets $4.80
Supermegopro: folds 
Uncalled bet ($4.80) returned to stevoooo34
stevoooo34 collected $3.80 from pot
*** SUMMARY ***
Total pot $4 | Rake $0.20 
Board [2h 2d 4d]
Seat 3: stevoooo34 (button) (small blind) collected ($3.80)
Seat 4: Supermegopro (big blind) folded on the Flop



PokerStars Hand #254413048317:  Hold'em No Limit ($0.50/$1.00 USD) - 2025/01/17 12:26:21 WET [2025/01/17 7:26:21 ET]
Table 'Pepita III' 6-max Seat #3 is the button
Seat 3: stevoooo34 ($46.15 in chips) 
Seat 4: Supermegopro ($108.31 in chips) 
Seat 5: Kristo 914 ($100 in chips) 
Supermegopro: posts small blind $0.50
Kristo 914: posts big blind $1
*** HOLE CARDS ***
stevoooo34: folds 
Supermegopro: raises $1.50 to $2.50
Kristo 914: raises $6.50 to $9
Supermegopro: folds 
Uncalled bet ($6.50) returned to Kristo 914
Kristo 914 collected $5 from pot
Kristo 914: doesn't show hand 
*** SUMMARY ***
Total pot $5 | Rake $0 
Seat 3: stevoooo34 (button) folded before Flop (didn't bet)
Seat 4: Supermegopro (small blind) folded before Flop
Seat 5: Kristo 914 (big blind) collected ($5)



PokerStars Hand #254413051180:  Hold'em No Limit ($0.50/$1.00 USD) - 2025/01/17 12:26:41 WET [2025/01/17 7:26:41 ET]
Table 'Pepita III' 6-max Seat #4 is the button
Seat 3: stevoooo34 ($46.15 in chips) 
Seat 4: Supermegopro ($105.81 in chips) 
Seat 5: Kristo 914 ($102.50 in chips) 
Kristo 914: posts small blind $0.50
stevoooo34: posts big blind $1
*** HOLE CARDS ***
Supermegopro: folds 
Kristo 914: folds 
Uncalled bet ($0.50) returned to stevoooo34
stevoooo34 collected $1 from pot
*** SUMMARY ***
Total pot $1 | Rake $0 
Seat 3: stevoooo34 (big blind) collected ($1)
Seat 4: Supermegopro (button) folded before Flop (didn't bet)
Seat 5: Kristo 914 (small blind) folded before Flop



PokerStars Hand #254413053777:  Hold'em No Limit ($0.50/$1.00 USD) - 2025/01/17 12:26:59 WET [2025/01/17 7:26:59 ET]
Table 'Pepita III' 6-max Seat #5 is the button
Seat 3: stevoooo34 ($46.65 in chips) 
Seat 4: Supermegopro ($105.81 in chips) 
Seat 5: Kristo 914 ($102 in chips) 
stevoooo34: posts small blind $0.50
Supermegopro: posts big blind $1
*** HOLE CARDS ***
Kristo 914: raises $1.40 to $2.40
stevoooo34: folds 
Supermegopro: folds 
Uncalled bet ($1.40) returned to Kristo 914
Kristo 914 collected $2.50 from pot
Kristo 914: doesn't show hand 
*** SUMMARY ***
Total pot $2.50 | Rake $0 
Seat 3: stevoooo34 (small blind) folded before Flop
Seat 4: Supermegopro (big blind) folded before Flop
Seat 5: Kristo 914 (button) collected ($2.50)



PokerStars Hand #254413055363:  Hold'em No Limit ($0.50/$1.00 USD) - 2025/01/17 12:27:10 WET [2025/01/17 7:27:10 ET]
Table 'Pepita III' 6-max Seat #3 is the button
Seat 3: stevoooo34 ($46.15 in chips) 
Seat 4: Supermegopro ($104.81 in chips) 
Seat 5: Kristo 914 ($103.50 in chips) 
Supermegopro: posts small blind $0.50
Kristo 914: posts big blind $1
*** HOLE CARDS ***
stevoooo34: raises $1 to $2
Supermegopro: raises $6 to $8
Kristo 914: folds 
stevoooo34: folds 
Uncalled bet ($6) returned to Supermegopro
Supermegopro collected $5 from pot
Supermegopro: doesn't show hand 
*** SUMMARY ***
Total pot $5 | Rake $0 
Seat 3: stevoooo34 (button) folded before Flop
Seat 4: Supermegopro (small blind) collected ($5)
Seat 5: Kristo 914 (big blind) folded before Flop



PokerStars Hand #254413058223:  Hold'em No Limit ($0.50/$1.00 USD) - 2025/01/17 12:27:30 WET [2025/01/17 7:27:30 ET]
Table 'Pepita III' 6-max Seat #4 is the button
Seat 3: stevoooo34 ($44.15 in chips) 
Seat 4: Supermegopro ($107.81 in chips) 
Seat 5: Kristo 914 ($102.50 in chips) 
Kristo 914: posts small blind $0.50
stevoooo34: posts big blind $1
*** HOLE CARDS ***
Supermegopro: raises $1.50 to $2.50
Kristo 914: raises $7.50 to $10
stevoooo34: folds 
Supermegopro: folds 
Uncalled bet ($7.50) returned to Kristo 914
Kristo 914 collected $6 from pot
Kristo 914: doesn't show hand 
*** SUMMARY ***
Total pot $6 | Rake $0 
Seat 3: stevoooo34 (big blind) folded before Flop
Seat 4: Supermegopro (button) folded before Flop
Seat 5: Kristo 914 (small blind) collected ($6)



PokerStars Hand #254413060274:  Hold'em No Limit ($0.50/$1.00 USD) - 2025/01/17 12:27:45 WET [2025/01/17 7:27:45 ET]
Table 'Pepita III' 6-max Seat #5 is the button
Seat 3: stevoooo34 ($43.15 in chips) 
Seat 4: Supermegopro ($105.31 in chips) 
Seat 5: Kristo 914 ($106 in chips) 
stevoooo34: posts small blind $0.50
Supermegopro: posts big blind $1
*** HOLE CARDS ***
iNeverBluff398 joins the table at seat #2 
Kristo 914: folds 
stevoooo34: folds 
Uncalled bet ($0.50) returned to Supermegopro
Supermegopro collected $1 from pot
Supermegopro: doesn't show hand 
*** SUMMARY ***
Total pot $1 | Rake $0 
Seat 3: stevoooo34 (small blind) folded before Flop
Seat 4: Supermegopro (big blind) collected ($1)
Seat 5: Kristo 914 (button) folded before Flop (didn't bet)



PokerStars Hand #254413061274:  Hold'em No Limit ($0.50/$1.00 USD) - 2025/01/17 12:27:52 WET [2025/01/17 7:27:52 ET]
Table 'Pepita III' 6-max Seat #3 is the button
Seat 2: iNeverBluff398 ($100 in chips) is sitting out
Seat 3: stevoooo34 ($42.65 in chips) 
Seat 4: Supermegopro ($105.81 in chips) 
Seat 5: Kristo 914 ($106 in chips) 
Supermegopro: posts small blind $0.50
Kristo 914: posts big blind $1
iNeverBluff398: sits out 
*** HOLE CARDS ***
stevoooo34: folds 
Supermegopro: folds 
Uncalled bet ($0.50) returned to Kristo 914
Kristo 914 collected $1 from pot
Kristo 914: doesn't show hand 
*** SUMMARY ***
Total pot $1 | Rake $0 
Seat 2: iNeverBluff398
Seat 3: stevoooo34 (button) folded before Flop (didn't bet)
Seat 4: Supermegopro (small blind) folded before Flop
Seat 5: Kristo 914 (big blind) collected ($1)



PokerStars Hand #254413062341:  Hold'em No Limit ($0.50/$1.00 USD) - 2025/01/17 12:28:00 WET [2025/01/17 7:28:00 ET]
Table 'Pepita III' 6-max Seat #4 is the button
Seat 2: iNeverBluff398 ($100 in chips) 
Seat 3: stevoooo34 ($42.65 in chips) 
Seat 4: Supermegopro ($105.31 in chips) 
Seat 5: Kristo 914 ($106.50 in chips) 
Kristo 914: posts small blind $0.50
iNeverBluff398: posts big blind $1
*** HOLE CARDS ***
stevoooo34: folds 
Supermegopro: folds 
Kristo 914: raises $2 to $3
iNeverBluff398: folds 
Uncalled bet ($2) returned to Kristo 914
Kristo 914 collected $2 from pot
Kristo 914: doesn't show hand 
*** SUMMARY ***
Total pot $2 | Rake $0 
Seat 2: iNeverBluff398 (big blind) folded before Flop
Seat 3: stevoooo34 folded before Flop (didn't bet)
Seat 4: Supermegopro (button) folded before Flop (didn't bet)
Seat 5: Kristo 914 (small blind) collected ($2)



PokerStars Hand #254413064201:  Hold'em No Limit ($0.50/$1.00 USD) - 2025/01/17 12:28:13 WET [2025/01/17 7:28:13 ET]
Table 'Pepita III' 6-max Seat #5 is the button
Seat 2: iNeverBluff398 ($100 in chips) 
Seat 3: stevoooo34 ($42.65 in chips) 
Seat 4: Supermegopro ($105.31 in chips) 
Seat 5: Kristo 914 ($107.50 in chips) 
iNeverBluff398: posts small blind $0.50
stevoooo34: posts big blind $1
*** HOLE CARDS ***
Supermegopro: raises $1.50 to $2.50
Kristo 914: folds 
iNeverBluff398: folds 
stevoooo34: calls $1.50
*** FLOP *** [6s 4d 9s]
stevoooo34: checks 
Supermegopro: bets $1.72
stevoooo34: raises $1.72 to $3.44
Supermegopro: calls $1.72
*** TURN *** [6s 4d 9s] [3d]
stevoooo34: checks 
Supermegopro: bets $7.84
stevoooo34: calls $7.84
*** RIVER *** [6s 4d 9s 3d] [Ah]
stevoooo34: checks 
Supermegopro: bets $40.59
stevoooo34: folds 
Uncalled bet ($40.59) returned to Supermegopro
Supermegopro collected $27.06 from pot
Supermegopro: doesn't show hand 
*** SUMMARY ***
Total pot $28.06 | Rake $1 
Board [6s 4d 9s 3d Ah]
Seat 2: iNeverBluff398 (small blind) folded before Flop
Seat 3: stevoooo34 (big blind) folded on the River
Seat 4: Supermegopro collected ($27.06)
Seat 5: Kristo 914 (button) folded before Flop (didn't bet)



PokerStars Hand #254413069598:  Hold'em No Limit ($0.50/$1.00 USD) - 2025/01/17 12:28:51 WET [2025/01/17 7:28:51 ET]
Table 'Pepita III' 6-max Seat #2 is the button
Seat 2: iNeverBluff398 ($100 in chips) 
Seat 3: stevoooo34 ($28.87 in chips) 
Seat 4: Supermegopro ($118.59 in chips) 
Seat 5: Kristo 914 ($107.50 in chips) 
stevoooo34: posts small blind $0.50
Supermegopro: posts big blind $1
*** HOLE CARDS ***
Kristo 914: folds 
iNeverBluff398: raises $1.20 to $2.20
stevoooo34: folds 
Supermegopro: folds 
Uncalled bet ($1.20) returned to iNeverBluff398
iNeverBluff398 collected $2.50 from pot
iNeverBluff398: doesn't show hand 
*** SUMMARY ***
Total pot $2.50 | Rake $0 
Seat 2: iNeverBluff398 (button) collected ($2.50)
Seat 3: stevoooo34 (small blind) folded before Flop
Seat 4: Supermegopro (big blind) folded before Flop
Seat 5: Kristo 914 folded before Flop (didn't bet)



PokerStars Hand #254413072389:  Hold'em No Limit ($0.50/$1.00 USD) - 2025/01/17 12:29:10 WET [2025/01/17 7:29:10 ET]
Table 'Pepita III' 6-max Seat #3 is the button
Seat 2: iNeverBluff398 ($101.50 in chips) 
Seat 3: stevoooo34 ($28.37 in chips) 
Seat 4: Supermegopro ($117.59 in chips) 
Seat 5: Kristo 914 ($107.50 in chips) 
Supermegopro: posts small blind $0.50
Kristo 914: posts big blind $1
*** HOLE CARDS ***
iNeverBluff398: folds 
stevoooo34: folds 
Supermegopro: raises $2 to $3
Kristo 914: folds 
Uncalled bet ($2) returned to Supermegopro
Supermegopro collected $2 from pot
Supermegopro: doesn't show hand 
*** SUMMARY ***
Total pot $2 | Rake $0 
Seat 2: iNeverBluff398 folded before Flop (didn't bet)
Seat 3: stevoooo34 (button) folded before Flop (didn't bet)
Seat 4: Supermegopro (small blind) collected ($2)
Seat 5: Kristo 914 (big blind) folded before Flop



PokerStars Hand #254413074727:  Hold'em No Limit ($0.50/$1.00 USD) - 2025/01/17 12:29:27 WET [2025/01/17 7:29:27 ET]
Table 'Pepita III' 6-max Seat #4 is the button
Seat 2: iNeverBluff398 ($101.50 in chips) 
Seat 3: stevoooo34 ($28.37 in chips) 
Seat 4: Supermegopro ($118.59 in chips) 
Seat 5: Kristo 914 ($106.50 in chips) 
Kristo 914: posts small blind $0.50
iNeverBluff398: posts big blind $1
*** HOLE CARDS ***
stevoooo34: folds 
Supermegopro: raises $1.50 to $2.50
Kristo 914: folds 
iNeverBluff398: calls $1.50
*** FLOP *** [7d 2c Ks]
iNeverBluff398: checks 
Supermegopro: bets $2.09
iNeverBluff398: calls $2.09
*** TURN *** [7d 2c Ks] [9c]
iNeverBluff398: checks 
Supermegopro: checks 
*** RIVER *** [7d 2c Ks 9c] [9h]
iNeverBluff398: bets $3.04
Supermegopro: folds 
Uncalled bet ($3.04) returned to iNeverBluff398
iNeverBluff398 collected $9.20 from pot
iNeverBluff398: doesn't show hand 
*** SUMMARY ***
Total pot $9.68 | Rake $0.48 
Board [7d 2c Ks 9c 9h]
Seat 2: iNeverBluff398 (big blind) collected ($9.20)
Seat 3: stevoooo34 folded before Flop (didn't bet)
Seat 4: Supermegopro (button) folded on the River
Seat 5: Kristo 914 (small blind) folded before Flop



PokerStars Hand #254413082701:  Hold'em No Limit ($0.50/$1.00 USD) - 2025/01/17 12:30:22 WET [2025/01/17 7:30:22 ET]
Table 'Pepita III' 6-max Seat #5 is the button
Seat 2: iNeverBluff398 ($106.11 in chips) 
Seat 3: stevoooo34 ($28.37 in chips) 
Seat 4: Supermegopro ($114 in chips) 
Seat 5: Kristo 914 ($106 in chips) 
iNeverBluff398: posts small blind $0.50
stevoooo34: posts big blind $1
*** HOLE CARDS ***
Supermegopro: raises $1.50 to $2.50
Kristo 914: folds 
iNeverBluff398: folds 
stevoooo34: folds 
Uncalled bet ($1.50) returned to Supermegopro
Supermegopro collected $2.50 from pot
Supermegopro: doesn't show hand 
*** SUMMARY ***
Total pot $2.50 | Rake $0 
Seat 2: iNeverBluff398 (small blind) folded before Flop
Seat 3: stevoooo34 (big blind) folded before Flop
Seat 4: Supermegopro collected ($2.50)
Seat 5: Kristo 914 (button) folded before Flop (didn't bet)



PokerStars Hand #254413084528:  Hold'em No Limit ($0.50/$1.00 USD) - 2025/01/17 12:30:35 WET [2025/01/17 7:30:35 ET]
Table 'Pepita III' 6-max Seat #2 is the button
Seat 2: iNeverBluff398 ($105.61 in chips) 
Seat 3: stevoooo34 ($27.37 in chips) 
Seat 4: Supermegopro ($115.50 in chips) 
Seat 5: Kristo 914 ($106 in chips) 
stevoooo34: posts small blind $0.50
Supermegopro: posts big blind $1
*** HOLE CARDS ***
Kristo 914: raises $1.40 to $2.40
iNeverBluff398: folds 
stevoooo34: folds 
Supermegopro: calls $1.40
*** FLOP *** [8h 9c 3h]
Supermegopro: checks 
Kristo 914: checks 
*** TURN *** [8h 9c 3h] [3s]
Supermegopro: bets $7.56
Kristo 914: folds 
Uncalled bet ($7.56) returned to Supermegopro
Supermegopro collected $5.04 from pot
Supermegopro: doesn't show hand 
*** SUMMARY ***
Total pot $5.30 | Rake $0.26 
Board [8h 9c 3h 3s]
Seat 2: iNeverBluff398 (button) folded before Flop (didn't bet)
Seat 3: stevoooo34 (small blind) folded before Flop
Seat 4: Supermegopro (big blind) collected ($5.04)
Seat 5: Kristo 914 folded on the Turn



PokerStars Hand #254413089489:  Hold'em No Limit ($0.50/$1.00 USD) - 2025/01/17 12:31:09 WET [2025/01/17 7:31:09 ET]
Table 'Pepita III' 6-max Seat #3 is the button
Seat 2: iNeverBluff398 ($105.61 in chips) 
Seat 3: stevoooo34 ($26.87 in chips) 
Seat 4: Supermegopro ($118.14 in chips) 
Seat 5: Kristo 914 ($103.60 in chips) 
Supermegopro: posts small blind $0.50
Kristo 914: posts big blind $1
*** HOLE CARDS ***
iNeverBluff398: folds 
stevoooo34: folds 
Supermegopro: raises $2 to $3
GuigaMan joins the table at seat #6 
Kristo 914: raises $6 to $9
Supermegopro: calls $6
*** FLOP *** [7s Tc 6c]
Supermegopro: checks 
leka_aa joins the table at seat #1 
leka_aa is disconnected 
Kristo 914: checks 
*** TURN *** [7s Tc 6c] [Ts]
Supermegopro: bets $11.40
Kristo 914: calls $11.40
*** RIVER *** [7s Tc 6c Ts] [8d]
leka_aa leaves the table
Supermegopro: bets $33.83
Kristo 914: raises $49.37 to $83.20 and is all-in
Supermegopro: calls $49.37
*** SHOW DOWN ***
Kristo 914: shows [Td 8h] (a full house, Tens full of Eights)
Supermegopro: shows [9d 8c] (a straight, Six to Ten)
Kristo 914 collected $206.20 from pot
*** SUMMARY ***
Total pot $207.20 | Rake $1 
Board [7s Tc 6c Ts 8d]
Seat 2: iNeverBluff398 folded before Flop (didn't bet)
Seat 3: stevoooo34 (button) folded before Flop (didn't bet)
Seat 4: Supermegopro (small blind) showed [9d 8c] and lost with a straight, Six to Ten
Seat 5: Kristo 914 (big blind) showed [Td 8h] and won ($206.20) with a full house, Tens full of Eights



PokerStars Hand #254413098583:  Hold'em No Limit ($0.50/$1.00 USD) - 2025/01/17 12:32:10 WET [2025/01/17 7:32:10 ET]
Table 'Pepita III' 6-max Seat #4 is the button
Seat 2: iNeverBluff398 ($105.61 in chips) 
Seat 3: stevoooo34 ($26.87 in chips) 
Seat 4: Supermegopro ($100 in chips) 
Seat 5: Kristo 914 ($206.20 in chips) 
Seat 6: GuigaMan ($100 in chips) 
Kristo 914: posts small blind $0.50
GuigaMan: posts big blind $1
*** HOLE CARDS ***
iNeverBluff398: raises $1.20 to $2.20
stevoooo34: folds 
Supermegopro: folds 
Kristo 914: raises $8.80 to $11
GuigaMan: folds 
iNeverBluff398: calls $8.80
*** FLOP *** [Ks 7s 4s]
Kristo 914: bets $2.25
iNeverBluff398: calls $2.25
*** TURN *** [Ks 7s 4s] [4h]
Kristo 914: bets $3.50
iNeverBluff398: raises $7 to $10.50
Kristo 914: folds 
Uncalled bet ($7) returned to iNeverBluff398
iNeverBluff398 collected $32.78 from pot
iNeverBluff398: doesn't show hand 
*** SUMMARY ***
Total pot $34.50 | Rake $1.72 
Board [Ks 7s 4s 4h]
Seat 2: iNeverBluff398 collected ($32.78)
Seat 3: stevoooo34 folded before Flop (didn't bet)
Seat 4: Supermegopro (button) folded before Flop (didn't bet)
Seat 5: Kristo 914 (small blind) folded on the Turn
Seat 6: GuigaMan (big blind) folded before Flop



PokerStars Hand #254413109203:  Hold'em No Limit ($0.50/$1.00 USD) - 2025/01/17 12:33:22 WET [2025/01/17 7:33:22 ET]
Table 'Pepita III' 6-max Seat #5 is the button
Seat 2: iNeverBluff398 ($121.64 in chips) 
Seat 3: stevoooo34 ($26.87 in chips) 
Seat 4: Supermegopro ($100 in chips) 
Seat 5: Kristo 914 ($189.45 in chips) 
Seat 6: GuigaMan ($100 in chips) 
GuigaMan: posts small blind $0.50
iNeverBluff398: posts big blind $1
*** HOLE CARDS ***
stevoooo34: calls $1
Supermegopro: raises $2.50 to $3.50
Kristo 914: raises $7 to $10.50
GuigaMan: folds 
iNeverBluff398: folds 
stevoooo34: calls $9.50
Supermegopro: calls $7
*** FLOP *** [4c 7s 3d]
stevoooo34: bets $16.37 and is all-in
Supermegopro: calls $16.37
Kristo 914: calls $16.37
*** TURN *** [4c 7s 3d] [Td]
Supermegopro: checks 
Kristo 914: checks 
*** RIVER *** [4c 7s 3d Td] [3c]
Supermegopro: bets $53.07
Kristo 914: folds 
Uncalled bet ($53.07) returned to Supermegopro
*** SHOW DOWN ***
Supermegopro: shows [5h 3h] (three of a kind, Threes)
stevoooo34: shows [Ah 8h] (a pair of Threes)
Supermegopro collected $79.61 from pot
*** SUMMARY ***
Total pot $82.11 | Rake $2.50 
Board [4c 7s 3d Td 3c]
Seat 2: iNeverBluff398 (big blind) folded before Flop
Seat 3: stevoooo34 showed [Ah 8h] and lost with a pair of Threes
Seat 4: Supermegopro showed [5h 3h] and won ($79.61) with three of a kind, Threes
Seat 5: Kristo 914 (button) folded on the River
Seat 6: GuigaMan (small blind) folded before Flop



PokerStars Hand #254413120155:  Hold'em No Limit ($0.50/$1.00 USD) - 2025/01/17 12:34:36 WET [2025/01/17 7:34:36 ET]
Table 'Pepita III' 6-max Seat #6 is the button
Seat 3: stevoooo34 ($0 in chips) is sitting out
Seat 2: iNeverBluff398 ($120.64 in chips) 
Seat 4: Supermegopro ($152.74 in chips) 
Seat 5: Kristo 914 ($162.58 in chips) 
Seat 6: GuigaMan ($100 in chips) 
iNeverBluff398: posts small blind $0.50
Supermegopro: posts big blind $1
*** HOLE CARDS ***
Kristo 914: folds 
Kristo 914 leaves the table
GuigaMan: folds 
iNeverBluff398: raises $2 to $3
Supermegopro: raises $6 to $9
iNeverBluff398: folds 
Uncalled bet ($6) returned to Supermegopro
Supermegopro collected $6 from pot
Supermegopro: doesn't show hand 
*** SUMMARY ***
Total pot $6 | Rake $0 
Seat 3: stevoooo34
Seat 2: iNeverBluff398 (small blind) folded before Flop
Seat 4: Supermegopro (big blind) collected ($6)
Seat 5: Kristo 914 folded before Flop (didn't bet)
Seat 6: GuigaMan (button) folded before Flop (didn't bet)



PokerStars Hand #254413122489:  Hold'em No Limit ($0.50/$1.00 USD) - 2025/01/17 12:34:51 WET [2025/01/17 7:34:51 ET]
Table 'Pepita III' 6-max Seat #2 is the button
Seat 3: stevoooo34 ($22.06 in chips) is sitting out
Seat 2: iNeverBluff398 ($117.64 in chips) 
Seat 4: Supermegopro ($155.74 in chips) 
Seat 6: GuigaMan ($100 in chips) 
Supermegopro: posts small blind $0.50
GuigaMan: posts big blind $1
*** HOLE CARDS ***
iNeverBluff398: folds 
Supermegopro: raises $2 to $3
GuigaMan: raises $6 to $9
Supermegopro: folds 
Uncalled bet ($6) returned to GuigaMan
GuigaMan collected $6 from pot
*** SUMMARY ***
Total pot $6 | Rake $0 
Seat 3: stevoooo34
Seat 2: iNeverBluff398 (button) folded before Flop (didn't bet)
Seat 4: Supermegopro (small blind) folded before Flop
Seat 6: GuigaMan (big blind) collected ($6)



PokerStars Hand #254413124752:  Hold'em No Limit ($0.50/$1.00 USD) - 2025/01/17 12:35:06 WET [2025/01/17 7:35:06 ET]
Table 'Pepita III' 6-max Seat #4 is the button
Seat 2: iNeverBluff398 ($117.64 in chips) 
Seat 3: stevoooo34 ($22.06 in chips) 
Seat 4: Supermegopro ($152.74 in chips) 
Seat 6: GuigaMan ($103 in chips) 
GuigaMan: posts small blind $0.50
iNeverBluff398: posts big blind $1
stevoooo34: posts small & big blinds $1.50
*** HOLE CARDS ***
stevoooo34: checks 
Supermegopro: folds 
GuigaMan: folds 
iNeverBluff398: raises $3 to $4
stevoooo34: folds 
Uncalled bet ($3) returned to iNeverBluff398
iNeverBluff398 collected $3 from pot
iNeverBluff398: doesn't show hand 
*** SUMMARY ***
Total pot $3 | Rake $0 
Seat 2: iNeverBluff398 (big blind) collected ($3)
Seat 3: stevoooo34 folded before Flop (didn't bet)
Seat 4: Supermegopro (button) folded before Flop (didn't bet)
Seat 6: GuigaMan (small blind) folded before Flop



PokerStars Hand #254413126627:  Hold'em No Limit ($0.50/$1.00 USD) - 2025/01/17 12:35:19 WET [2025/01/17 7:35:19 ET]
Table 'Pepita III' 6-max Seat #6 is the button
Seat 2: iNeverBluff398 ($119.64 in chips) 
Seat 3: stevoooo34 ($20.56 in chips) 
Seat 4: Supermegopro ($152.74 in chips) 
Seat 6: GuigaMan ($102.50 in chips) 
iNeverBluff398: posts small blind $0.50
stevoooo34: posts big blind $1
*** HOLE CARDS ***
Supermegopro: folds 
GuigaMan: raises $1.10 to $2.10
iNeverBluff398: folds 
stevoooo34: folds 
Uncalled bet ($1.10) returned to GuigaMan
GuigaMan collected $2.50 from pot
*** SUMMARY ***
Total pot $2.50 | Rake $0 
Seat 2: iNeverBluff398 (small blind) folded before Flop
Seat 3: stevoooo34 (big blind) folded before Flop
Seat 4: Supermegopro folded before Flop (didn't bet)
Seat 6: GuigaMan (button) collected ($2.50)



PokerStars Hand #254413128325:  Hold'em No Limit ($0.50/$1.00 USD) - 2025/01/17 12:35:31 WET [2025/01/17 7:35:31 ET]
Table 'Pepita III' 6-max Seat #2 is the button
Seat 2: iNeverBluff398 ($119.14 in chips) 
Seat 3: stevoooo34 ($19.56 in chips) 
Seat 4: Supermegopro ($152.74 in chips) 
Seat 6: GuigaMan ($104 in chips) 
stevoooo34: posts small blind $0.50
Supermegopro: posts big blind $1
*** HOLE CARDS ***
GuigaMan: folds 
iNeverBluff398: folds 
stevoooo34: calls $0.50
Supermegopro: checks 
*** FLOP *** [Ts 3d Qs]
stevoooo34: checks 
Supermegopro: bets $1.27
stevoooo34: folds 
Uncalled bet ($1.27) returned to Supermegopro
Supermegopro collected $1.90 from pot
Supermegopro: doesn't show hand 
*** SUMMARY ***
Total pot $2 | Rake $0.10 
Board [Ts 3d Qs]
Seat 2: iNeverBluff398 (button) folded before Flop (didn't bet)
Seat 3: stevoooo34 (small blind) folded on the Flop
Seat 4: Supermegopro (big blind) collected ($1.90)
Seat 6: GuigaMan folded before Flop (didn't bet)



PokerStars Hand #254413132012:  Hold'em No Limit ($0.50/$1.00 USD) - 2025/01/17 12:35:56 WET [2025/01/17 7:35:56 ET]
Table 'Pepita III' 6-max Seat #3 is the button
Seat 2: iNeverBluff398 ($119.14 in chips) 
Seat 3: stevoooo34 ($18.56 in chips) 
Seat 4: Supermegopro ($153.64 in chips) 
Seat 6: GuigaMan ($104 in chips) 
Supermegopro: posts small blind $0.50
GuigaMan: posts big blind $1
*** HOLE CARDS ***
iNeverBluff398: folds 
stevoooo34: folds 
Supermegopro: folds 
Uncalled bet ($0.50) returned to GuigaMan
GuigaMan collected $1 from pot
*** SUMMARY ***
Total pot $1 | Rake $0 
Seat 2: iNeverBluff398 folded before Flop (didn't bet)
Seat 3: stevoooo34 (button) folded before Flop (didn't bet)
Seat 4: Supermegopro (small blind) folded before Flop
Seat 6: GuigaMan (big blind) collected ($1)



PokerStars Hand #254413133628:  Hold'em No Limit ($0.50/$1.00 USD) - 2025/01/17 12:36:07 WET [2025/01/17 7:36:07 ET]
Table 'Pepita III' 6-max Seat #4 is the button
Seat 2: iNeverBluff398 ($119.14 in chips) 
Seat 3: stevoooo34 ($18.56 in chips) 
Seat 4: Supermegopro ($153.14 in chips) 
Seat 6: GuigaMan ($104.50 in chips) 
GuigaMan: posts small blind $0.50
iNeverBluff398: posts big blind $1
*** HOLE CARDS ***
stevoooo34: folds 
Supermegopro: folds 
GuigaMan: raises $2 to $3
iNeverBluff398: raises $6 to $9
GuigaMan: folds 
Uncalled bet ($6) returned to iNeverBluff398
iNeverBluff398 collected $6 from pot
iNeverBluff398: doesn't show hand 
*** SUMMARY ***
Total pot $6 | Rake $0 
Seat 2: iNeverBluff398 (big blind) collected ($6)
Seat 3: stevoooo34 folded before Flop (didn't bet)
Seat 4: Supermegopro (button) folded before Flop (didn't bet)
Seat 6: GuigaMan (small blind) folded before Flop



PokerStars Hand #254413135855:  Hold'em No Limit ($0.50/$1.00 USD) - 2025/01/17 12:36:22 WET [2025/01/17 7:36:22 ET]
Table 'Pepita III' 6-max Seat #6 is the button
Seat 2: iNeverBluff398 ($122.14 in chips) 
Seat 3: stevoooo34 ($18.56 in chips) 
Seat 4: Supermegopro ($153.14 in chips) 
Seat 6: GuigaMan ($101.50 in chips) 
iNeverBluff398: posts small blind $0.50
stevoooo34: posts big blind $1
*** HOLE CARDS ***
Supermegopro: raises $1.50 to $2.50
GuigaMan: folds 
iNeverBluff398: raises $8 to $10.50
stevoooo34: folds 
Supermegopro: folds 
Uncalled bet ($8) returned to iNeverBluff398
iNeverBluff398 collected $6 from pot
iNeverBluff398: doesn't show hand 
*** SUMMARY ***
Total pot $6 | Rake $0 
Seat 2: iNeverBluff398 (small blind) collected ($6)
Seat 3: stevoooo34 (big blind) folded before Flop
Seat 4: Supermegopro folded before Flop
Seat 6: GuigaMan (button) folded before Flop (didn't bet)



PokerStars Hand #254413137887:  Hold'em No Limit ($0.50/$1.00 USD) - 2025/01/17 12:36:35 WET [2025/01/17 7:36:35 ET]
Table 'Pepita III' 6-max Seat #2 is the button
Seat 2: iNeverBluff398 ($125.64 in chips) 
Seat 3: stevoooo34 ($17.56 in chips) 
Seat 4: Supermegopro ($150.64 in chips) 
Seat 6: GuigaMan ($101.50 in chips) 
stevoooo34: posts small blind $0.50
Supermegopro: posts big blind $1
*** HOLE CARDS ***
GuigaMan: folds 
iNeverBluff398: raises $1.20 to $2.20
stevoooo34: calls $1.70
Supermegopro: calls $1.20
*** FLOP *** [3c 2s Kc]
stevoooo34: checks 
Supermegopro: checks 
iNeverBluff398: checks 
*** TURN *** [3c 2s Kc] [Th]
stevoooo34: checks 
Supermegopro: checks 
iNeverBluff398: checks 
*** RIVER *** [3c 2s Kc Th] [6c]
stevoooo34: bets $3.14
Supermegopro: folds 
iNeverBluff398: folds 
Uncalled bet ($3.14) returned to stevoooo34
stevoooo34 collected $6.27 from pot
*** SUMMARY ***
Total pot $6.60 | Rake $0.33 
Board [3c 2s Kc Th 6c]
Seat 2: iNeverBluff398 (button) folded on the River
Seat 3: stevoooo34 (small blind) collected ($6.27)
Seat 4: Supermegopro (big blind) folded on the River
Seat 6: GuigaMan folded before Flop (didn't bet)



PokerStars Hand #254413144436:  Hold'em No Limit ($0.50/$1.00 USD) - 2025/01/17 12:37:19 WET [2025/01/17 7:37:19 ET]
Table 'Pepita III' 6-max Seat #3 is the button
Seat 6: GuigaMan ($101.50 in chips) is sitting out
Seat 2: iNeverBluff398 ($123.44 in chips) 
Seat 3: stevoooo34 ($21.63 in chips) 
Seat 4: Supermegopro ($148.44 in chips) 
Supermegopro: posts small blind $0.50
GuigaMan: is sitting out 
iNeverBluff398: posts big blind $1
*** HOLE CARDS ***
stevoooo34: folds 
Supermegopro: raises $2 to $3
iNeverBluff398: calls $2
*** FLOP *** [Kh 8c 8d]
Supermegopro: bets $2.28
iNeverBluff398: raises $5.70 to $7.98
Supermegopro: folds 
Uncalled bet ($5.70) returned to iNeverBluff398
iNeverBluff398 collected $10.03 from pot
iNeverBluff398: doesn't show hand 
*** SUMMARY ***
Total pot $10.56 | Rake $0.53 
Board [Kh 8c 8d]
Seat 6: GuigaMan
Seat 2: iNeverBluff398 (big blind) collected ($10.03)
Seat 3: stevoooo34 (button) folded before Flop (didn't bet)
Seat 4: Supermegopro (small blind) folded on the Flop



PokerStars Hand #254413147437:  Hold'em No Limit ($0.50/$1.00 USD) - 2025/01/17 12:37:39 WET [2025/01/17 7:37:39 ET]
Table 'Pepita III' 6-max Seat #4 is the button
Seat 6: GuigaMan ($101.50 in chips) is sitting out
Seat 2: iNeverBluff398 ($128.19 in chips) 
Seat 3: stevoooo34 ($21.63 in chips) 
Seat 4: Supermegopro ($143.16 in chips) 
iNeverBluff398: posts small blind $0.50
stevoooo34: posts big blind $1
*** HOLE CARDS ***
Supermegopro: raises $1.50 to $2.50
iNeverBluff398: folds 
stevoooo34: calls $1.50
*** FLOP *** [Qc Td 2c]
stevoooo34: checks 
Supermegopro: bets $3.48
stevoooo34: calls $3.48
*** TURN *** [Qc Td 2c] [7c]
stevoooo34: bets $6
Supermegopro: raises $12 to $18
stevoooo34: folds 
Uncalled bet ($12) returned to Supermegopro
Supermegopro collected $23.46 from pot
Supermegopro: doesn't show hand 
*** SUMMARY ***
Total pot $24.46 | Rake $1 
Board [Qc Td 2c 7c]
Seat 6: GuigaMan
Seat 2: iNeverBluff398 (small blind) folded before Flop
Seat 3: stevoooo34 (big blind) folded on the Turn
Seat 4: Supermegopro (button) collected ($23.46)



PokerStars Hand #254413152343:  Hold'em No Limit ($0.50/$1.00 USD) - 2025/01/17 12:38:12 WET [2025/01/17 7:38:12 ET]
Table 'Pepita III' 6-max Seat #2 is the button
Seat 6: GuigaMan ($101.50 in chips) is sitting out
Seat 2: iNeverBluff398 ($127.69 in chips) 
Seat 3: stevoooo34 ($9.65 in chips) 
Seat 4: Supermegopro ($154.64 in chips) 
stevoooo34: posts small blind $0.50
Supermegopro: posts big blind $1
*** HOLE CARDS ***
iNeverBluff398: raises $1.20 to $2.20
stevoooo34: folds 
Supermegopro: folds 
Uncalled bet ($1.20) returned to iNeverBluff398
iNeverBluff398 collected $2.50 from pot
iNeverBluff398: doesn't show hand 
*** SUMMARY ***
Total pot $2.50 | Rake $0 
Seat 6: GuigaMan
Seat 2: iNeverBluff398 (button) collected ($2.50)
Seat 3: stevoooo34 (small blind) folded before Flop
Seat 4: Supermegopro (big blind) folded before Flop



PokerStars Hand #254413154061:  Hold'em No Limit ($0.50/$1.00 USD) - 2025/01/17 12:38:23 WET [2025/01/17 7:38:23 ET]
Table 'Pepita III' 6-max Seat #3 is the button
Seat 6: GuigaMan ($101.50 in chips) is sitting out
Seat 2: iNeverBluff398 ($129.19 in chips) 
Seat 3: stevoooo34 ($9.15 in chips) 
Seat 4: Supermegopro ($153.64 in chips) 
Supermegopro: posts small blind $0.50
iNeverBluff398: posts big blind $1
*** HOLE CARDS ***
stevoooo34: folds 
GuigaMan leaves the table
Supermegopro: folds 
Uncalled bet ($0.50) returned to iNeverBluff398
iNeverBluff398 collected $1 from pot
iNeverBluff398: doesn't show hand 
*** SUMMARY ***
Total pot $1 | Rake $0 
Seat 6: GuigaMan
Seat 2: iNeverBluff398 (big blind) collected ($1)
Seat 3: stevoooo34 (button) folded before Flop (didn't bet)
Seat 4: Supermegopro (small blind) folded before Flop



PokerStars Hand #254413155686:  Hold'em No Limit ($0.50/$1.00 USD) - 2025/01/17 12:38:34 WET [2025/01/17 7:38:34 ET]
Table 'Pepita III' 6-max Seat #4 is the button
Seat 2: iNeverBluff398 ($129.69 in chips) 
Seat 3: stevoooo34 ($9.15 in chips) 
Seat 4: Supermegopro ($153.14 in chips) 
iNeverBluff398: posts small blind $0.50
stevoooo34: posts big blind $1
*** HOLE CARDS ***
Supermegopro: raises $1.50 to $2.50
iNeverBluff398: folds 
stevoooo34: folds 
Uncalled bet ($1.50) returned to Supermegopro
Supermegopro collected $2.50 from pot
Supermegopro: doesn't show hand 
*** SUMMARY ***
Total pot $2.50 | Rake $0 
Seat 2: iNeverBluff398 (small blind) folded before Flop
Seat 3: stevoooo34 (big blind) folded before Flop
Seat 4: Supermegopro (button) collected ($2.50)



PokerStars Hand #254413156855:  Hold'em No Limit ($0.50/$1.00 USD) - 2025/01/17 12:38:42 WET [2025/01/17 7:38:42 ET]
Table 'Pepita III' 6-max Seat #2 is the button
Seat 2: iNeverBluff398 ($129.19 in chips) 
Seat 3: stevoooo34 ($8.15 in chips) 
Seat 4: Supermegopro ($154.64 in chips) 
stevoooo34: posts small blind $0.50
Supermegopro: posts big blind $1
*** HOLE CARDS ***
nastja336 joins the table at seat #6 
iNeverBluff398: folds 
stevoooo34: calls $0.50
Supermegopro: checks 
*** FLOP *** [Ah 3h 4d]
stevoooo34: checks 
Supermegopro: bets $1.27
stevoooo34: raises $1.27 to $2.54
Supermegopro: raises $6.46 to $9
stevoooo34: calls $4.61 and is all-in
Uncalled bet ($1.85) returned to Supermegopro
*** TURN *** [Ah 3h 4d] [Jd]
*** RIVER *** [Ah 3h 4d Jd] [Kh]
*** SHOW DOWN ***
stevoooo34: shows [As 8h] (a pair of Aces)
Supermegopro: shows [9h 5h] (a flush, Ace high)
Supermegopro collected $15.48 from pot
*** SUMMARY ***
Total pot $16.30 | Rake $0.82 
Board [Ah 3h 4d Jd Kh]
Seat 2: iNeverBluff398 (button) folded before Flop (didn't bet)
Seat 3: stevoooo34 (small blind) showed [As 8h] and lost with a pair of Aces
Seat 4: Supermegopro (big blind) showed [9h 5h] and won ($15.48) with a flush, Ace high



PokerStars Hand #254413184731:  Hold'em No Limit ($0.50/$1.00 USD) - 2025/01/17 12:41:48 WET [2025/01/17 7:41:48 ET]
Table 'Pepita III' 6-max Seat #4 is the button
Seat 3: stevoooo34 ($0 in chips) is sitting out
Seat 1: B1GBankroll ($100 in chips) 
Seat 2: Lopes2200 ($38.21 in chips) 
Seat 4: nastja336 ($100 in chips) 
Seat 5: Supermegopro ($161.97 in chips) 
Seat 6: v.sting ($100 in chips) 
Supermegopro: posts small blind $0.50
v.sting: posts big blind $1
*** HOLE CARDS ***
B1GBankroll: folds 
Lopes2200: folds 
nastja336: raises $1.50 to $2.50
Supermegopro: folds 
v.sting: folds 
Uncalled bet ($1.50) returned to nastja336
nastja336 collected $2.50 from pot
nastja336: doesn't show hand 
*** SUMMARY ***
Total pot $2.50 | Rake $0 
Seat 3: stevoooo34
Seat 1: B1GBankroll folded before Flop (didn't bet)
Seat 2: Lopes2200 folded before Flop (didn't bet)
Seat 4: nastja336 (button) collected ($2.50)
Seat 5: Supermegopro (small blind) folded before Flop
Seat 6: v.sting (big blind) folded before Flop



PokerStars Hand #254413187700:  Hold'em No Limit ($0.50/$1.00 USD) - 2025/01/17 12:42:08 WET [2025/01/17 7:42:08 ET]
Table 'Pepita III' 6-max Seat #5 is the button
Seat 3: stevoooo34 ($0 in chips) is sitting out
Seat 1: B1GBankroll ($100 in chips) 
Seat 2: Lopes2200 ($38.21 in chips) 
Seat 4: nastja336 ($101.50 in chips) 
Seat 5: Supermegopro ($161.47 in chips) 
Seat 6: v.sting ($100 in chips) 
v.sting: posts small blind $0.50
B1GBankroll: posts big blind $1
*** HOLE CARDS ***
Lopes2200: folds 
nastja336: folds 
Supermegopro: raises $1.50 to $2.50
v.sting: folds 
B1GBankroll: folds 
Uncalled bet ($1.50) returned to Supermegopro
Supermegopro collected $2.50 from pot
Supermegopro: doesn't show hand 
*** SUMMARY ***
Total pot $2.50 | Rake $0 
Seat 3: stevoooo34
Seat 1: B1GBankroll (big blind) folded before Flop
Seat 2: Lopes2200 folded before Flop (didn't bet)
Seat 4: nastja336 folded before Flop (didn't bet)
Seat 5: Supermegopro (button) collected ($2.50)
Seat 6: v.sting (small blind) folded before Flop



PokerStars Hand #254413190543:  Hold'em No Limit ($0.50/$1.00 USD) - 2025/01/17 12:42:26 WET [2025/01/17 7:42:26 ET]
Table 'Pepita III' 6-max Seat #6 is the button
Seat 2: Lopes2200 ($38.21 in chips) is sitting out
Seat 3: stevoooo34 ($0 in chips) is sitting out
Seat 1: B1GBankroll ($100 in chips) 
Seat 4: nastja336 ($101.50 in chips) 
Seat 5: Supermegopro ($162.97 in chips) 
Seat 6: v.sting ($100 in chips) 
B1GBankroll: posts small blind $0.50
Lopes2200 has timed out
Lopes2200: is sitting out 
nastja336: posts big blind $1
*** HOLE CARDS ***
Supermegopro: folds 
v.sting: raises $1.10 to $2.10
B1GBankroll: raises $7.35 to $9.45
nastja336: folds 
v.sting: calls $7.35
*** FLOP *** [Kc 3s 7d]
B1GBankroll: bets $6.43
v.sting: calls $6.43
*** TURN *** [Kc 3s 7d] [6s]
B1GBankroll: checks 
v.sting: checks 
*** RIVER *** [Kc 3s 7d 6s] [4d]
B1GBankroll: checks 
v.sting: bets $23.82
B1GBankroll: folds 
Uncalled bet ($23.82) returned to v.sting
v.sting collected $31.76 from pot
v.sting: doesn't show hand 
*** SUMMARY ***
Total pot $32.76 | Rake $1 
Board [Kc 3s 7d 6s 4d]
Seat 2: Lopes2200
Seat 3: stevoooo34
Seat 1: B1GBankroll (small blind) folded on the River
Seat 4: nastja336 (big blind) folded before Flop
Seat 5: Supermegopro folded before Flop (didn't bet)
Seat 6: v.sting (button) collected ($31.76)



PokerStars Hand #254413205386:  Hold'em No Limit ($0.50/$1.00 USD) - 2025/01/17 12:44:04 WET [2025/01/17 7:44:04 ET]
Table 'Pepita III' 6-max Seat #1 is the button
Seat 2: Lopes2200 ($38.21 in chips) is sitting out
Seat 3: stevoooo34 ($0 in chips) is sitting out
Seat 1: B1GBankroll ($100 in chips) 
Seat 4: nastja336 ($100.50 in chips) 
Seat 5: Supermegopro ($162.97 in chips) 
Seat 6: v.sting ($115.88 in chips) 
nastja336: posts small blind $0.50
Supermegopro: posts big blind $1
*** HOLE CARDS ***
v.sting: folds 
B1GBankroll: raises $1.50 to $2.50
nastja336: folds 
Supermegopro: folds 
Uncalled bet ($1.50) returned to B1GBankroll
B1GBankroll collected $2.50 from pot
B1GBankroll: doesn't show hand 
*** SUMMARY ***
Total pot $2.50 | Rake $0 
Seat 2: Lopes2200
Seat 3: stevoooo34
Seat 1: B1GBankroll (button) collected ($2.50)
Seat 4: nastja336 (small blind) folded before Flop
Seat 5: Supermegopro (big blind) folded before Flop
Seat 6: v.sting folded before Flop (didn't bet)



PokerStars Hand #254413207498:  Hold'em No Limit ($0.50/$1.00 USD) - 2025/01/17 12:44:19 WET [2025/01/17 7:44:19 ET]
Table 'Pepita III' 6-max Seat #4 is the button
Seat 2: Lopes2200 ($38.21 in chips) is sitting out
Seat 3: stevoooo34 ($0 in chips) is sitting out
Seat 1: B1GBankroll ($101.50 in chips) 
Seat 4: nastja336 ($100 in chips) 
Seat 5: Supermegopro ($161.97 in chips) 
Seat 6: v.sting ($115.88 in chips) 
Supermegopro: posts small blind $0.50
v.sting: posts big blind $1
Lopes2200 has timed out
Lopes2200: is sitting out 
*** HOLE CARDS ***
B1GBankroll: folds 
nastja336: folds 
Supermegopro: raises $2 to $3
v.sting: raises $7.50 to $10.50
Supermegopro: folds 
Uncalled bet ($7.50) returned to v.sting
v.sting collected $6 from pot
v.sting: doesn't show hand 
*** SUMMARY ***
Total pot $6 | Rake $0 
Seat 2: Lopes2200
Seat 3: stevoooo34
Seat 1: B1GBankroll folded before Flop (didn't bet)
Seat 4: nastja336 (button) folded before Flop (didn't bet)
Seat 5: Supermegopro (small blind) folded before Flop
Seat 6: v.sting (big blind) collected ($6)



PokerStars Hand #254413212091:  Hold'em No Limit ($0.50/$1.00 USD) - 2025/01/17 12:44:49 WET [2025/01/17 7:44:49 ET]
Table 'Pepita III' 6-max Seat #5 is the button
Seat 3: stevoooo34 ($0 in chips) is sitting out
Seat 1: B1GBankroll ($101.50 in chips) 
Seat 2: Lopes2200 ($38.21 in chips) 
Seat 4: nastja336 ($100 in chips) 
Seat 5: Supermegopro ($158.97 in chips) 
Seat 6: v.sting ($118.88 in chips) 
v.sting: posts small blind $0.50
B1GBankroll: posts big blind $1
Lopes2200: posts small & big blinds $1.50
*** HOLE CARDS ***
Lopes2200: checks 
nastja336: folds 
Supermegopro: folds 
v.sting: folds 
B1GBankroll: checks 
*** FLOP *** [9d Kh 4h]
B1GBankroll: checks 
Lopes2200: bets $2.85
B1GBankroll: folds 
Uncalled bet ($2.85) returned to Lopes2200
Lopes2200 collected $2.85 from pot
*** SUMMARY ***
Total pot $3 | Rake $0.15 
Board [9d Kh 4h]
Seat 3: stevoooo34
Seat 1: B1GBankroll (big blind) folded on the Flop
Seat 2: Lopes2200 collected ($2.85)
Seat 4: nastja336 folded before Flop (didn't bet)
Seat 5: Supermegopro (button) folded before Flop (didn't bet)
Seat 6: v.sting (small blind) folded before Flop



PokerStars Hand #254413218491:  Hold'em No Limit ($0.50/$1.00 USD) - 2025/01/17 12:45:32 WET [2025/01/17 7:45:32 ET]
Table 'Pepita III' 6-max Seat #6 is the button
Seat 3: stevoooo34 ($0 in chips) is sitting out
Seat 1: B1GBankroll ($100.50 in chips) 
Seat 2: Lopes2200 ($39.56 in chips) 
Seat 4: nastja336 ($100 in chips) 
Seat 5: Supermegopro ($158.97 in chips) 
Seat 6: v.sting ($118.38 in chips) 
B1GBankroll: posts small blind $0.50
Lopes2200: posts big blind $1
*** HOLE CARDS ***
nastja336: folds 
Supermegopro: folds 
v.sting: folds 
B1GBankroll: raises $2 to $3
Lopes2200: calls $2
*** FLOP *** [9d 7h 4h]
B1GBankroll: bets $5.07
Lopes2200: calls $5.07
*** TURN *** [9d 7h 4h] [Kc]
B1GBankroll: bets $13.64
Lopes2200: folds 
Uncalled bet ($13.64) returned to B1GBankroll
B1GBankroll collected $15.33 from pot
B1GBankroll: doesn't show hand 
*** SUMMARY ***
Total pot $16.14 | Rake $0.81 
Board [9d 7h 4h Kc]
Seat 3: stevoooo34
Seat 1: B1GBankroll (small blind) collected ($15.33)
Seat 2: Lopes2200 (big blind) folded on the Turn
Seat 4: nastja336 folded before Flop (didn't bet)
Seat 5: Supermegopro folded before Flop (didn't bet)
Seat 6: v.sting (button) folded before Flop (didn't bet)



PokerStars Hand #254413226843:  Hold'em No Limit ($0.50/$1.00 USD) - 2025/01/17 12:46:27 WET [2025/01/17 7:46:27 ET]
Table 'Pepita III' 6-max Seat #1 is the button
Seat 3: stevoooo34 ($0 in chips) is sitting out
Seat 1: B1GBankroll ($107.76 in chips) 
Seat 2: Lopes2200 ($31.49 in chips) 
Seat 4: nastja336 ($100 in chips) 
Seat 5: Supermegopro ($158.97 in chips) 
Seat 6: v.sting ($118.38 in chips) 
Lopes2200: posts small blind $0.50
nastja336: posts big blind $1
*** HOLE CARDS ***
Supermegopro: folds 
v.sting: raises $1.50 to $2.50
B1GBankroll: folds 
Lopes2200: calls $2
nastja336: folds 
*** FLOP *** [Ad 3c Ah]
Lopes2200: checks 
v.sting: checks 
*** TURN *** [Ad 3c Ah] [4s]
Lopes2200: bets $5.70
v.sting: folds 
Uncalled bet ($5.70) returned to Lopes2200
Lopes2200 collected $5.70 from pot
*** SUMMARY ***
Total pot $6 | Rake $0.30 
Board [Ad 3c Ah 4s]
Seat 3: stevoooo34
Seat 1: B1GBankroll (button) folded before Flop (didn't bet)
Seat 2: Lopes2200 (small blind) collected ($5.70)
Seat 4: nastja336 (big blind) folded before Flop
Seat 5: Supermegopro folded before Flop (didn't bet)
Seat 6: v.sting folded on the Turn



PokerStars Hand #254413232331:  Hold'em No Limit ($0.50/$1.00 USD) - 2025/01/17 12:47:03 WET [2025/01/17 7:47:03 ET]
Table 'Pepita III' 6-max Seat #2 is the button
Seat 3: stevoooo34 ($0 in chips) is sitting out
Seat 1: B1GBankroll ($107.76 in chips) 
Seat 2: Lopes2200 ($34.69 in chips) 
Seat 4: nastja336 ($100 in chips) 
Seat 5: Supermegopro ($158.97 in chips) 
Seat 6: v.sting ($115.88 in chips) 
nastja336: posts small blind $0.50
Supermegopro: posts big blind $1
*** HOLE CARDS ***
v.sting: folds 
B1GBankroll: folds 
Lopes2200: folds 
nastja336: folds 
Uncalled bet ($0.50) returned to Supermegopro
Supermegopro collected $1 from pot
Supermegopro: doesn't show hand 
*** SUMMARY ***
Total pot $1 | Rake $0 
Seat 3: stevoooo34
Seat 1: B1GBankroll folded before Flop (didn't bet)
Seat 2: Lopes2200 (button) folded before Flop (didn't bet)
Seat 4: nastja336 (small blind) folded before Flop
Seat 5: Supermegopro (big blind) collected ($1)
Seat 6: v.sting folded before Flop (didn't bet)



PokerStars Hand #254413234033:  Hold'em No Limit ($0.50/$1.00 USD) - 2025/01/17 12:47:14 WET [2025/01/17 7:47:14 ET]
Table 'Pepita III' 6-max Seat #4 is the button
Seat 3: stevoooo34 ($0 in chips) is sitting out
Seat 1: B1GBankroll ($107.76 in chips) 
Seat 2: Lopes2200 ($34.69 in chips) 
Seat 4: nastja336 ($100 in chips) 
Seat 5: Supermegopro ($159.47 in chips) 
Seat 6: v.sting ($115.88 in chips) 
Supermegopro: posts small blind $0.50
v.sting: posts big blind $1
*** HOLE CARDS ***
B1GBankroll: folds 
Lopes2200: calls $1
nastja336: folds 
Supermegopro: raises $3 to $4
v.sting: folds 
Lopes2200: calls $3
*** FLOP *** [5c Jd 2d]
Supermegopro: bets $3.42
Lopes2200: folds 
Uncalled bet ($3.42) returned to Supermegopro
Supermegopro collected $8.55 from pot
Supermegopro: doesn't show hand 
*** SUMMARY ***
Total pot $9 | Rake $0.45 
Board [5c Jd 2d]
Seat 3: stevoooo34
Seat 1: B1GBankroll folded before Flop (didn't bet)
Seat 2: Lopes2200 folded on the Flop
Seat 4: nastja336 (button) folded before Flop (didn't bet)
Seat 5: Supermegopro (small blind) collected ($8.55)
Seat 6: v.sting (big blind) folded before Flop



PokerStars Hand #254413238581:  Hold'em No Limit ($0.50/$1.00 USD) - 2025/01/17 12:47:44 WET [2025/01/17 7:47:44 ET]
Table 'Pepita III' 6-max Seat #5 is the button
Seat 2: Lopes2200 ($30.69 in chips) is sitting out
Seat 3: stevoooo34 ($0 in chips) is sitting out
Seat 1: B1GBankroll ($107.76 in chips) 
Seat 4: nastja336 ($100 in chips) 
Seat 5: Supermegopro ($164.02 in chips) 
Seat 6: v.sting ($114.88 in chips) 
v.sting: posts small blind $0.50
B1GBankroll: posts big blind $1
*** HOLE CARDS ***
nastja336: raises $1.50 to $2.50
Supermegopro: calls $2.50
v.sting: folds 
B1GBankroll: folds 
*** FLOP *** [Td 9h Js]
nastja336: checks 
Supermegopro: checks 
*** TURN *** [Td 9h Js] [4d]
nastja336: bets $5.60
Supermegopro: folds 
Uncalled bet ($5.60) returned to nastja336
nastja336 collected $6.18 from pot
nastja336: doesn't show hand 
*** SUMMARY ***
Total pot $6.50 | Rake $0.32 
Board [Td 9h Js 4d]
Seat 2: Lopes2200
Seat 3: stevoooo34
Seat 1: B1GBankroll (big blind) folded before Flop
Seat 4: nastja336 collected ($6.18)
Seat 5: Supermegopro (button) folded on the Turn
Seat 6: v.sting (small blind) folded before Flop



PokerStars Hand #254413244474:  Hold'em No Limit ($0.50/$1.00 USD) - 2025/01/17 12:48:22 WET [2025/01/17 7:48:22 ET]
Table 'Pepita III' 6-max Seat #6 is the button
Seat 2: Lopes2200 ($30.69 in chips) is sitting out
Seat 3: stevoooo34 ($0 in chips) is sitting out
Seat 1: B1GBankroll ($106.76 in chips) 
Seat 4: nastja336 ($103.68 in chips) 
Seat 5: Supermegopro ($161.52 in chips) 
Seat 6: v.sting ($114.38 in chips) 
B1GBankroll: posts small blind $0.50
nastja336: posts big blind $1
*** HOLE CARDS ***
Lopes2200 is disconnected 
Supermegopro: raises $1.50 to $2.50
v.sting: folds 
B1GBankroll: folds 
nastja336: folds 
Uncalled bet ($1.50) returned to Supermegopro
Supermegopro collected $2.50 from pot
Supermegopro: doesn't show hand 
*** SUMMARY ***
Total pot $2.50 | Rake $0 
Seat 2: Lopes2200
Seat 3: stevoooo34
Seat 1: B1GBankroll (small blind) folded before Flop
Seat 4: nastja336 (big blind) folded before Flop
Seat 5: Supermegopro collected ($2.50)
Seat 6: v.sting (button) folded before Flop (didn't bet)



PokerStars Hand #254413246211:  Hold'em No Limit ($0.50/$1.00 USD) - 2025/01/17 12:48:34 WET [2025/01/17 7:48:34 ET]
Table 'Pepita III' 6-max Seat #1 is the button
Seat 2: Lopes2200 ($30.69 in chips) is sitting out
Seat 3: stevoooo34 ($0 in chips) is sitting out
Seat 1: B1GBankroll ($106.26 in chips) 
Seat 4: nastja336 ($102.68 in chips) 
Seat 5: Supermegopro ($163.02 in chips) 
Seat 6: v.sting ($114.38 in chips) 
nastja336: posts small blind $0.50
Supermegopro: posts big blind $1
*** HOLE CARDS ***
v.sting: folds 
B1GBankroll: folds 
nastja336: raises $2 to $3
Supermegopro: folds 
Uncalled bet ($2) returned to nastja336
nastja336 collected $2 from pot
nastja336: doesn't show hand 
*** SUMMARY ***
Total pot $2 | Rake $0 
Seat 2: Lopes2200
Seat 3: stevoooo34
Seat 1: B1GBankroll (button) folded before Flop (didn't bet)
Seat 4: nastja336 (small blind) collected ($2)
Seat 5: Supermegopro (big blind) folded before Flop
Seat 6: v.sting folded before Flop (didn't bet)



PokerStars Hand #254413249285:  Hold'em No Limit ($0.50/$1.00 USD) - 2025/01/17 12:48:53 WET [2025/01/17 7:48:53 ET]
Table 'Pepita III' 6-max Seat #5 is the button
Seat 1: B1GBankroll ($106.26 in chips) is sitting out
Seat 2: Lopes2200 ($30.69 in chips) is sitting out
Seat 3: stevoooo34 ($0 in chips) is sitting out
Seat 6: v.sting ($114.38 in chips) is sitting out
Seat 4: nastja336 ($103.68 in chips) 
Seat 5: Supermegopro ($162.02 in chips) 
Supermegopro: posts small blind $0.50
v.sting: is sitting out 
B1GBankroll: is sitting out 
nastja336: posts big blind $1
*** HOLE CARDS ***
Supermegopro: folds 
Uncalled bet ($0.50) returned to nastja336
nastja336 collected $1 from pot
stevoooo34 leaves the table
nastja336: doesn't show hand 
*** SUMMARY ***
Total pot $1 | Rake $0 
Seat 1: B1GBankroll
Seat 2: Lopes2200
Seat 3: stevoooo34
Seat 6: v.sting
Seat 4: nastja336 (big blind) collected ($1)
Seat 5: Supermegopro (button) (small blind) folded before Flop



PokerStars Hand #254413250353:  Hold'em No Limit ($0.50/$1.00 USD) - 2025/01/17 12:49:00 WET [2025/01/17 7:49:00 ET]
Table 'Pepita III' 6-max Seat #4 is the button
Seat 1: B1GBankroll ($106.26 in chips) is sitting out
Seat 2: Lopes2200 ($30.69 in chips) is sitting out
Seat 6: v.sting ($114.38 in chips) is sitting out
Seat 4: nastja336 ($104.18 in chips) 
Seat 5: Supermegopro ($161.52 in chips) 
nastja336: posts small blind $0.50
Supermegopro: posts big blind $1
*** HOLE CARDS ***
B1GBankroll leaves the table
v.sting leaves the table
nastja336: raises $2 to $3
Supermegopro: raises $9 to $12
nastja336: folds 
Uncalled bet ($9) returned to Supermegopro
Supermegopro collected $6 from pot
Supermegopro: doesn't show hand 
*** SUMMARY ***
Total pot $6 | Rake $0 
Seat 1: B1GBankroll
Seat 2: Lopes2200
Seat 6: v.sting
Seat 4: nastja336 (button) (small blind) folded before Flop
Seat 5: Supermegopro (big blind) collected ($6)



PokerStars Hand #254413304344:  Hold'em No Limit ($0.50/$1.00 USD) - 2025/01/17 12:54:45 WET [2025/01/17 7:54:45 ET]
Table 'Pepita III' 6-max Seat #5 is the button
Seat 1: nastja336 ($101.18 in chips) 
Seat 5: Supermegopro ($164.52 in chips) 
Seat 6: FSBanditu' ($27.82 in chips) 
FSBanditu': posts small blind $0.50
nastja336: posts big blind $1
*** HOLE CARDS ***
janarr5 joins the table at seat #2 
Supermegopro: raises $1.50 to $2.50
FSBanditu': folds 
nastja336: calls $1.50
*** FLOP *** [3d 6s 8d]
coeeeelho joins the table at seat #3 
nastja336: bets $1.72
Supermegopro: calls $1.72
*** TURN *** [3d 6s 8d] [7s]
fiolek8 joins the table at seat #4 
fiolek8 is disconnected 
nastja336: checks 
Supermegopro: checks 
*** RIVER *** [3d 6s 8d 7s] [3h]
nastja336: bets $16
Supermegopro: folds 
Uncalled bet ($16) returned to nastja336
nastja336 collected $8.49 from pot
nastja336: doesn't show hand 
*** SUMMARY ***
Total pot $8.94 | Rake $0.45 
Board [3d 6s 8d 7s 3h]
Seat 1: nastja336 (big blind) collected ($8.49)
Seat 5: Supermegopro (button) folded on the River
Seat 6: FSBanditu' (small blind) folded before Flop



PokerStars Hand #254413310975:  Hold'em No Limit ($0.50/$1.00 USD) - 2025/01/17 12:55:31 WET [2025/01/17 7:55:31 ET]
Table 'Pepita III' 6-max Seat #6 is the button
Seat 3: coeeeelho ($100 in chips) is sitting out
Seat 4: fiolek8 ($100 in chips) is sitting out
Seat 1: nastja336 ($105.45 in chips) 
Seat 2: janarr5 ($100 in chips) 
Seat 5: Supermegopro ($160.30 in chips) 
Seat 6: FSBanditu' ($27.32 in chips) 
nastja336: posts small blind $0.50
janarr5: posts big blind $1
coeeeelho: sits out 
fiolek8: sits out 
*** HOLE CARDS ***
Supermegopro: raises $1.50 to $2.50
FSBanditu': folds 
nastja336: folds 
janarr5: folds 
Uncalled bet ($1.50) returned to Supermegopro
Supermegopro collected $2.50 from pot
Supermegopro: doesn't show hand 
*** SUMMARY ***
Total pot $2.50 | Rake $0 
Seat 3: coeeeelho
Seat 4: fiolek8
Seat 1: nastja336 (small blind) folded before Flop
Seat 2: janarr5 (big blind) folded before Flop
Seat 5: Supermegopro collected ($2.50)
Seat 6: FSBanditu' (button) folded before Flop (didn't bet)



PokerStars Hand #254413312449:  Hold'em No Limit ($0.50/$1.00 USD) - 2025/01/17 12:55:43 WET [2025/01/17 7:55:43 ET]
Table 'Pepita III' 6-max Seat #1 is the button
Seat 4: fiolek8 ($100 in chips) is sitting out
Seat 1: nastja336 ($104.95 in chips) 
Seat 2: janarr5 ($100 in chips) 
Seat 3: coeeeelho ($100 in chips) 
Seat 5: Supermegopro ($161.80 in chips) 
Seat 6: FSBanditu' ($27.32 in chips) 
janarr5: posts small blind $0.50
coeeeelho: posts big blind $1
fiolek8: sits out 
*** HOLE CARDS ***
Supermegopro: raises $1.50 to $2.50
FSBanditu': folds 
nastja336: folds 
janarr5: folds 
coeeeelho: calls $1.50
*** FLOP *** [Qd 7c 2h]
coeeeelho: checks 
Supermegopro: bets $2.61
coeeeelho: folds 
Uncalled bet ($2.61) returned to Supermegopro
Supermegopro collected $5.22 from pot
Supermegopro: doesn't show hand 
*** SUMMARY ***
Total pot $5.50 | Rake $0.28 
Board [Qd 7c 2h]
Seat 4: fiolek8
Seat 1: nastja336 (button) folded before Flop (didn't bet)
Seat 2: janarr5 (small blind) folded before Flop
Seat 3: coeeeelho (big blind) folded on the Flop
Seat 5: Supermegopro collected ($5.22)
Seat 6: FSBanditu' folded before Flop (didn't bet)



PokerStars Hand #254413316356:  Hold'em No Limit ($0.50/$1.00 USD) - 2025/01/17 12:56:13 WET [2025/01/17 7:56:13 ET]
Table 'Pepita III' 6-max Seat #3 is the button
Seat 2: janarr5 ($100 in chips) is sitting out
Seat 4: fiolek8 ($100 in chips) is sitting out
Seat 1: nastja336 ($104.95 in chips) 
Seat 3: coeeeelho ($100 in chips) 
Seat 5: Supermegopro ($164.52 in chips) 
Seat 6: FSBanditu' ($27.32 in chips) 
Supermegopro: posts small blind $0.50
FSBanditu': posts big blind $1
*** HOLE CARDS ***
nastja336: folds 
coeeeelho: folds 
Supermegopro: raises $1.50 to $2.50
FSBanditu': calls $1.50
*** FLOP *** [5c 4h 2h]
Supermegopro: checks 
FSBanditu': checks 
*** TURN *** [5c 4h 2h] [6c]
Supermegopro: checks 
FSBanditu': bets $2.38
Supermegopro: folds 
Uncalled bet ($2.38) returned to FSBanditu'
FSBanditu' collected $4.75 from pot
*** SUMMARY ***
Total pot $5 | Rake $0.25 
Board [5c 4h 2h 6c]
Seat 2: janarr5
Seat 4: fiolek8
Seat 1: nastja336 folded before Flop (didn't bet)
Seat 3: coeeeelho (button) folded before Flop (didn't bet)
Seat 5: Supermegopro (small blind) folded on the Turn
Seat 6: FSBanditu' (big blind) collected ($4.75)



PokerStars Hand #254413323330:  Hold'em No Limit ($0.50/$1.00 USD) - 2025/01/17 12:57:08 WET [2025/01/17 7:57:08 ET]
Table 'Pepita III' 6-max Seat #5 is the button
Seat 1: nastja336 ($104.95 in chips) is sitting out
Seat 2: janarr5 ($100 in chips) is sitting out
Seat 4: fiolek8 ($100 in chips) is sitting out
Seat 3: coeeeelho ($100 in chips) 
Seat 5: Supermegopro ($162.02 in chips) 
Seat 6: FSBanditu' ($29.57 in chips) 
FSBanditu': posts small blind $0.50
nastja336: is sitting out 
coeeeelho: posts big blind $1
fiolek8: sits out 
*** HOLE CARDS ***
nastja336 leaves the table
Supermegopro: raises $1.50 to $2.50
FSBanditu': calls $2
coeeeelho: folds 
*** FLOP *** [Kd Qc Th]
FSBanditu': checks 
Supermegopro: bets $1.88
FSBanditu': folds 
Uncalled bet ($1.88) returned to Supermegopro
Supermegopro collected $5.70 from pot
Supermegopro: doesn't show hand 
*** SUMMARY ***
Total pot $6 | Rake $0.30 
Board [Kd Qc Th]
Seat 1: nastja336
Seat 2: janarr5
Seat 4: fiolek8
Seat 3: coeeeelho (big blind) folded before Flop
Seat 5: Supermegopro (button) collected ($5.70)
Seat 6: FSBanditu' (small blind) folded on the Flop



PokerStars Hand #254413327462:  Hold'em No Limit ($0.50/$1.00 USD) - 2025/01/17 12:57:41 WET [2025/01/17 7:57:41 ET]
Table 'Pepita III' 6-max Seat #6 is the button
Seat 2: janarr5 ($100 in chips) is sitting out
Seat 3: coeeeelho ($100 in chips) 
Seat 4: fiolek8 ($100 in chips) 
Seat 5: Supermegopro ($165.22 in chips) 
Seat 6: FSBanditu' ($27.07 in chips) 
coeeeelho: posts small blind $0.50
fiolek8: posts big blind $1
*** HOLE CARDS ***
Supermegopro: folds 
FSBanditu': calls $1
coeeeelho: raises $3.20 to $4.20
fiolek8: folds 
FSBanditu': folds 
Uncalled bet ($3.20) returned to coeeeelho
coeeeelho collected $3 from pot
*** SUMMARY ***
Total pot $3 | Rake $0 
Seat 2: janarr5
Seat 3: coeeeelho (small blind) collected ($3)
Seat 4: fiolek8 (big blind) folded before Flop
Seat 5: Supermegopro folded before Flop (didn't bet)
Seat 6: FSBanditu' (button) folded before Flop



PokerStars Hand #254413331173:  Hold'em No Limit ($0.50/$1.00 USD) - 2025/01/17 12:58:11 WET [2025/01/17 7:58:11 ET]
Table 'Pepita III' 6-max Seat #3 is the button
Seat 2: janarr5 ($100 in chips) is sitting out
Seat 5: Supermegopro ($165.22 in chips) is sitting out
Seat 3: coeeeelho ($102 in chips) 
Seat 4: fiolek8 ($99 in chips) 
Seat 6: FSBanditu' ($26.07 in chips) 
fiolek8: posts small blind $0.50
Supermegopro: is sitting out 
FSBanditu': posts big blind $1
*** HOLE CARDS ***
Supermegopro leaves the table
coeeeelho: raises $1.50 to $2.50
fiolek8: folds 
FSBanditu': folds 
Uncalled bet ($1.50) returned to coeeeelho
coeeeelho collected $2.50 from pot
*** SUMMARY ***
Total pot $2.50 | Rake $0 
Seat 2: janarr5
Seat 5: Supermegopro
Seat 3: coeeeelho (button) collected ($2.50)
Seat 4: fiolek8 (small blind) folded before Flop
Seat 6: FSBanditu' (big blind) folded before Flop



PokerStars Hand #254413365394:  Hold'em No Limit ($0.50/$1.00 USD) - 2025/01/17 13:02:20 WET [2025/01/17 8:02:20 ET]
Table 'Pepita III' 6-max Seat #5 is the button
Seat 6: FSBanditu' ($0 in chips) is sitting out
Seat 1: GuigaMan ($102 in chips) 
Seat 2: janarr5 ($100 in chips) 
Seat 3: coeeeelho ($128.75 in chips) 
Seat 4: fiolek8 ($104.23 in chips) 
Seat 5: $ozzled ($93.50 in chips) 
GuigaMan: posts small blind $0.50
janarr5: posts big blind $1
*** HOLE CARDS ***
coeeeelho: folds 
fiolek8: folds 
$ozzled: folds 
GuigaMan: folds 
Uncalled bet ($0.50) returned to janarr5
janarr5 collected $1 from pot
janarr5: doesn't show hand 
*** SUMMARY ***
Total pot $1 | Rake $0 
Seat 6: FSBanditu'
Seat 1: GuigaMan (small blind) folded before Flop
Seat 2: janarr5 (big blind) collected ($1)
Seat 3: coeeeelho folded before Flop (didn't bet)
Seat 4: fiolek8 folded before Flop (didn't bet)
Seat 5: $ozzled (button) folded before Flop (didn't bet)



PokerStars Hand #254413368121:  Hold'em No Limit ($0.50/$1.00 USD) - 2025/01/17 13:02:38 WET [2025/01/17 8:02:38 ET]
Table 'Pepita III' 6-max Seat #1 is the button
Seat 6: FSBanditu' ($0 in chips) is sitting out
Seat 1: GuigaMan ($101.50 in chips) 
Seat 2: janarr5 ($100.50 in chips) 
Seat 3: coeeeelho ($128.75 in chips) 
Seat 4: fiolek8 ($104.23 in chips) 
Seat 5: $ozzled ($93.50 in chips) 
janarr5: posts small blind $0.50
coeeeelho: posts big blind $1
*** HOLE CARDS ***
fiolek8: folds 
$ozzled: raises $2 to $3
GuigaMan: folds 
janarr5: folds 
coeeeelho: folds 
Uncalled bet ($2) returned to $ozzled
$ozzled collected $2.50 from pot
*** SUMMARY ***
Total pot $2.50 | Rake $0 
Seat 6: FSBanditu'
Seat 1: GuigaMan (button) folded before Flop (didn't bet)
Seat 2: janarr5 (small blind) folded before Flop
Seat 3: coeeeelho (big blind) folded before Flop
Seat 4: fiolek8 folded before Flop (didn't bet)
Seat 5: $ozzled collected ($2.50)



PokerStars Hand #254413370577:  Hold'em No Limit ($0.50/$1.00 USD) - 2025/01/17 13:02:52 WET [2025/01/17 8:02:52 ET]
Table 'Pepita III' 6-max Seat #2 is the button
Seat 6: FSBanditu' ($0 in chips) is sitting out
Seat 1: GuigaMan ($101.50 in chips) 
Seat 2: janarr5 ($100 in chips) 
Seat 3: coeeeelho ($127.75 in chips) 
Seat 4: fiolek8 ($104.23 in chips) 
Seat 5: $ozzled ($95 in chips) 
coeeeelho: posts small blind $0.50
fiolek8: posts big blind $1
*** HOLE CARDS ***
$ozzled: raises $2 to $3
GuigaMan: folds 
janarr5: folds 
coeeeelho: folds 
fiolek8: calls $2
*** FLOP *** [Jh 3s 3c]
fiolek8: checks 
$ozzled: bets $3.09
fiolek8: folds 
Uncalled bet ($3.09) returned to $ozzled
$ozzled collected $6.18 from pot
*** SUMMARY ***
Total pot $6.50 | Rake $0.32 
Board [Jh 3s 3c]
Seat 6: FSBanditu'
Seat 1: GuigaMan folded before Flop (didn't bet)
Seat 2: janarr5 (button) folded before Flop (didn't bet)
Seat 3: coeeeelho (small blind) folded before Flop
Seat 4: fiolek8 (big blind) folded on the Flop
Seat 5: $ozzled collected ($6.18)



PokerStars Hand #254413374080:  Hold'em No Limit ($0.50/$1.00 USD) - 2025/01/17 13:03:14 WET [2025/01/17 8:03:14 ET]
Table 'Pepita III' 6-max Seat #3 is the button
Seat 6: FSBanditu' ($0 in chips) is sitting out
Seat 1: GuigaMan ($101.50 in chips) 
Seat 2: janarr5 ($100 in chips) 
Seat 3: coeeeelho ($127.25 in chips) 
Seat 4: fiolek8 ($101.23 in chips) 
Seat 5: $ozzled ($98.18 in chips) 
fiolek8: posts small blind $0.50
$ozzled: posts big blind $1
*** HOLE CARDS ***
GuigaMan: folds 
janarr5: raises $1.25 to $2.25
coeeeelho: folds 
fiolek8: folds 
$ozzled: calls $1.25
*** FLOP *** [Kh Ac Ks]
$ozzled: checks 
janarr5: bets $1.19
$ozzled: calls $1.19
*** TURN *** [Kh Ac Ks] [Js]
$ozzled: checks 
janarr5: checks 
*** RIVER *** [Kh Ac Ks Js] [Ah]
$ozzled: bets $3.51
janarr5: folds 
Uncalled bet ($3.51) returned to $ozzled
$ozzled collected $7.01 from pot
*** SUMMARY ***
Total pot $7.38 | Rake $0.37 
Board [Kh Ac Ks Js Ah]
Seat 6: FSBanditu'
Seat 1: GuigaMan folded before Flop (didn't bet)
Seat 2: janarr5 folded on the River
Seat 3: coeeeelho (button) folded before Flop (didn't bet)
Seat 4: fiolek8 (small blind) folded before Flop
Seat 5: $ozzled (big blind) collected ($7.01)



PokerStars Hand #254413382455:  Hold'em No Limit ($0.50/$1.00 USD) - 2025/01/17 13:04:07 WET [2025/01/17 8:04:07 ET]
Table 'Pepita III' 6-max Seat #4 is the button
Seat 6: FSBanditu' ($0 in chips) is sitting out
Seat 1: GuigaMan ($101.50 in chips) 
Seat 2: janarr5 ($100 in chips) 
Seat 3: coeeeelho ($127.25 in chips) 
Seat 4: fiolek8 ($100.73 in chips) 
Seat 5: $ozzled ($101.75 in chips) 
$ozzled: posts small blind $0.50
GuigaMan: posts big blind $1
*** HOLE CARDS ***
janarr5: folds 
coeeeelho: raises $1.20 to $2.20
fiolek8: folds 
$ozzled: folds 
GuigaMan: folds 
Uncalled bet ($1.20) returned to coeeeelho
coeeeelho collected $2.50 from pot
FSBanditu' leaves the table
*** SUMMARY ***
Total pot $2.50 | Rake $0 
Seat 6: FSBanditu'
Seat 1: GuigaMan (big blind) folded before Flop
Seat 2: janarr5 folded before Flop (didn't bet)
Seat 3: coeeeelho collected ($2.50)
Seat 4: fiolek8 (button) folded before Flop (didn't bet)
Seat 5: $ozzled (small blind) folded before Flop



PokerStars Hand #254413387437:  Hold'em No Limit ($0.50/$1.00 USD) - 2025/01/17 13:04:39 WET [2025/01/17 8:04:39 ET]
Table 'Pepita III' 6-max Seat #5 is the button
Seat 1: GuigaMan ($100.50 in chips) 
Seat 2: janarr5 ($100 in chips) 
Seat 3: coeeeelho ($128.75 in chips) 
Seat 4: fiolek8 ($100.73 in chips) 
Seat 5: $ozzled ($101.25 in chips) 
GuigaMan: posts small blind $0.50
janarr5: posts big blind $1
*** HOLE CARDS ***
franco232315 joins the table at seat #6 
coeeeelho: folds 
fiolek8: folds 
$ozzled: raises $2 to $3
GuigaMan: folds 
janarr5: raises $9 to $12
$ozzled: folds 
Uncalled bet ($9) returned to janarr5
janarr5 collected $6.50 from pot
janarr5: doesn't show hand 
*** SUMMARY ***
Total pot $6.50 | Rake $0 
Seat 1: GuigaMan (small blind) folded before Flop
Seat 2: janarr5 (big blind) collected ($6.50)
Seat 3: coeeeelho folded before Flop (didn't bet)
Seat 4: fiolek8 folded before Flop (didn't bet)
Seat 5: $ozzled (button) folded before Flop



PokerStars Hand #254413393830:  Hold'em No Limit ($0.50/$1.00 USD) - 2025/01/17 13:05:19 WET [2025/01/17 8:05:19 ET]
Table 'Pepita III' 6-max Seat #1 is the button
Seat 6: franco232315 ($100 in chips) is sitting out
Seat 1: GuigaMan ($100 in chips) 
Seat 2: janarr5 ($103.50 in chips) 
Seat 3: coeeeelho ($128.75 in chips) 
Seat 4: fiolek8 ($100.73 in chips) 
Seat 5: $ozzled ($98.25 in chips) 
janarr5: posts small blind $0.50
coeeeelho: posts big blind $1
franco232315: sits out 
*** HOLE CARDS ***
fiolek8: folds 
$ozzled: raises $1.50 to $2.50
GuigaMan: folds 
janarr5: folds 
coeeeelho: folds 
Uncalled bet ($1.50) returned to $ozzled
$ozzled collected $2.50 from pot
*** SUMMARY ***
Total pot $2.50 | Rake $0 
Seat 6: franco232315
Seat 1: GuigaMan (button) folded before Flop (didn't bet)
Seat 2: janarr5 (small blind) folded before Flop
Seat 3: coeeeelho (big blind) folded before Flop
Seat 4: fiolek8 folded before Flop (didn't bet)
Seat 5: $ozzled collected ($2.50)



PokerStars Hand #254413395979:  Hold'em No Limit ($0.50/$1.00 USD) - 2025/01/17 13:05:32 WET [2025/01/17 8:05:32 ET]
Table 'Pepita III' 6-max Seat #2 is the button
Seat 6: franco232315 ($100 in chips) is sitting out
Seat 1: GuigaMan ($100 in chips) 
Seat 2: janarr5 ($103 in chips) 
Seat 3: coeeeelho ($127.75 in chips) 
Seat 4: fiolek8 ($100.73 in chips) 
Seat 5: $ozzled ($99.75 in chips) 
coeeeelho: posts small blind $0.50
fiolek8: posts big blind $1
franco232315: sits out 
*** HOLE CARDS ***
$ozzled: folds 
GuigaMan: raises $1.10 to $2.10
janarr5: folds 
coeeeelho: folds 
fiolek8: folds 
Uncalled bet ($1.10) returned to GuigaMan
GuigaMan collected $2.50 from pot
*** SUMMARY ***
Total pot $2.50 | Rake $0 
Seat 6: franco232315
Seat 1: GuigaMan collected ($2.50)
Seat 2: janarr5 (button) folded before Flop (didn't bet)
Seat 3: coeeeelho (small blind) folded before Flop
Seat 4: fiolek8 (big blind) folded before Flop
Seat 5: $ozzled folded before Flop (didn't bet)



PokerStars Hand #254413397794:  Hold'em No Limit ($0.50/$1.00 USD) - 2025/01/17 13:05:44 WET [2025/01/17 8:05:44 ET]
Table 'Pepita III' 6-max Seat #3 is the button
Seat 6: franco232315 ($100 in chips) is sitting out
Seat 1: GuigaMan ($101.50 in chips) 
Seat 2: janarr5 ($103 in chips) 
Seat 3: coeeeelho ($127.25 in chips) 
Seat 4: fiolek8 ($99.73 in chips) 
Seat 5: $ozzled ($99.75 in chips) 
fiolek8: posts small blind $0.50
$ozzled: posts big blind $1
franco232315: sits out 
*** HOLE CARDS ***
GuigaMan: folds 
janarr5: raises $1.25 to $2.25
coeeeelho: folds 
fiolek8: folds 
$ozzled: folds 
Uncalled bet ($1.25) returned to janarr5
janarr5 collected $2.50 from pot
janarr5: doesn't show hand 
*** SUMMARY ***
Total pot $2.50 | Rake $0 
Seat 6: franco232315
Seat 1: GuigaMan folded before Flop (didn't bet)
Seat 2: janarr5 collected ($2.50)
Seat 3: coeeeelho (button) folded before Flop (didn't bet)
Seat 4: fiolek8 (small blind) folded before Flop
Seat 5: $ozzled (big blind) folded before Flop



PokerStars Hand #254413401364:  Hold'em No Limit ($0.50/$1.00 USD) - 2025/01/17 13:06:06 WET [2025/01/17 8:06:06 ET]
Table 'Pepita III' 6-max Seat #4 is the button
Seat 1: GuigaMan ($101.50 in chips) 
Seat 2: janarr5 ($104.50 in chips) 
Seat 3: coeeeelho ($127.25 in chips) 
Seat 4: fiolek8 ($99.23 in chips) 
Seat 5: $ozzled ($98.75 in chips) 
Seat 6: franco232315 ($100 in chips) 
$ozzled: posts small blind $0.50
franco232315: posts big blind $1
*** HOLE CARDS ***
GuigaMan: folds 
janarr5: folds 
coeeeelho: raises $1.20 to $2.20
fiolek8: folds 
$ozzled: calls $1.70
franco232315: calls $1.20
*** FLOP *** [Jd 2h 2c]
$ozzled: checks 
franco232315: checks 
coeeeelho: bets $1.57
$ozzled: calls $1.57
franco232315: calls $1.57
*** TURN *** [Jd 2h 2c] [Qs]
$ozzled: checks 
franco232315: checks 
coeeeelho: bets $5.37
$ozzled: folds 
franco232315: folds 
Uncalled bet ($5.37) returned to coeeeelho
coeeeelho collected $10.74 from pot
*** SUMMARY ***
Total pot $11.31 | Rake $0.57 
Board [Jd 2h 2c Qs]
Seat 1: GuigaMan folded before Flop (didn't bet)
Seat 2: janarr5 folded before Flop (didn't bet)
Seat 3: coeeeelho collected ($10.74)
Seat 4: fiolek8 (button) folded before Flop (didn't bet)
Seat 5: $ozzled (small blind) folded on the Turn
Seat 6: franco232315 (big blind) folded on the Turn



PokerStars Hand #254413413934:  Hold'em No Limit ($0.50/$1.00 USD) - 2025/01/17 13:07:25 WET [2025/01/17 8:07:25 ET]
Table 'Pepita III' 6-max Seat #5 is the button
Seat 1: GuigaMan ($101.50 in chips) 
Seat 2: janarr5 ($104.50 in chips) 
Seat 3: coeeeelho ($134.22 in chips) 
Seat 4: fiolek8 ($99.23 in chips) 
Seat 5: $ozzled ($94.98 in chips) 
Seat 6: franco232315 ($100 in chips) 
franco232315: posts small blind $0.50
GuigaMan: posts big blind $1
*** HOLE CARDS ***
janarr5: folds 
coeeeelho: raises $1.20 to $2.20
fiolek8: folds 
$ozzled: calls $2.20
franco232315: folds 
GuigaMan: folds 
*** FLOP *** [7c 3c 4c]
coeeeelho: checks 
$ozzled: bets $4.20
coeeeelho: folds 
Uncalled bet ($4.20) returned to $ozzled
$ozzled collected $5.60 from pot
*** SUMMARY ***
Total pot $5.90 | Rake $0.30 
Board [7c 3c 4c]
Seat 1: GuigaMan (big blind) folded before Flop
Seat 2: janarr5 folded before Flop (didn't bet)
Seat 3: coeeeelho folded on the Flop
Seat 4: fiolek8 folded before Flop (didn't bet)
Seat 5: $ozzled (button) collected ($5.60)
Seat 6: franco232315 (small blind) folded before Flop



PokerStars Hand #254413417555:  Hold'em No Limit ($0.50/$1.00 USD) - 2025/01/17 13:07:48 WET [2025/01/17 8:07:48 ET]
Table 'Pepita III' 6-max Seat #6 is the button
Seat 1: GuigaMan ($100.50 in chips) 
Seat 2: janarr5 ($104.50 in chips) 
Seat 3: coeeeelho ($132.02 in chips) 
Seat 4: fiolek8 ($99.23 in chips) 
Seat 5: $ozzled ($98.38 in chips) 
Seat 6: franco232315 ($100 in chips) 
GuigaMan: posts small blind $0.50
janarr5: posts big blind $1
*** HOLE CARDS ***
coeeeelho: raises $1.20 to $2.20
fiolek8: folds 
$ozzled: folds 
franco232315: folds 
GuigaMan: folds 
janarr5: calls $1.20
*** FLOP *** [2h 6h 9d]
janarr5: checks 
coeeeelho: bets $1.17
janarr5: folds 
Uncalled bet ($1.17) returned to coeeeelho
coeeeelho collected $4.66 from pot
*** SUMMARY ***
Total pot $4.90 | Rake $0.24 
Board [2h 6h 9d]
Seat 1: GuigaMan (small blind) folded before Flop
Seat 2: janarr5 (big blind) folded on the Flop
Seat 3: coeeeelho collected ($4.66)
Seat 4: fiolek8 folded before Flop (didn't bet)
Seat 5: $ozzled folded before Flop (didn't bet)
Seat 6: franco232315 (button) folded before Flop (didn't bet)



PokerStars Hand #254413421965:  Hold'em No Limit ($0.50/$1.00 USD) - 2025/01/17 13:08:16 WET [2025/01/17 8:08:16 ET]
Table 'Pepita III' 6-max Seat #1 is the button
Seat 1: GuigaMan ($100 in chips) 
Seat 2: janarr5 ($102.30 in chips) 
Seat 3: coeeeelho ($134.48 in chips) 
Seat 4: fiolek8 ($99.23 in chips) 
Seat 5: $ozzled ($98.38 in chips) 
Seat 6: franco232315 ($100 in chips) 
janarr5: posts small blind $0.50
coeeeelho: posts big blind $1
*** HOLE CARDS ***
fiolek8: folds 
$ozzled: folds 
$ozzled leaves the table
fiolek8 leaves the table
franco232315: folds 
GuigaMan: raises $1.10 to $2.10
janarr5: folds 
coeeeelho: calls $1.10
*** FLOP *** [Kc Js 2c]
coeeeelho: checks 
GuigaMan: bets $1.34
coeeeelho: folds 
Uncalled bet ($1.34) returned to GuigaMan
GuigaMan collected $4.46 from pot
*** SUMMARY ***
Total pot $4.70 | Rake $0.24 
Board [Kc Js 2c]
Seat 1: GuigaMan (button) collected ($4.46)
Seat 2: janarr5 (small blind) folded before Flop
Seat 3: coeeeelho (big blind) folded on the Flop
Seat 4: fiolek8 folded before Flop (didn't bet)
Seat 5: $ozzled folded before Flop (didn't bet)
Seat 6: franco232315 folded before Flop (didn't bet)



PokerStars Hand #254413425314:  Hold'em No Limit ($0.50/$1.00 USD) - 2025/01/17 13:08:37 WET [2025/01/17 8:08:37 ET]
Table 'Pepita III' 6-max Seat #2 is the button
Seat 1: GuigaMan ($102.36 in chips) 
Seat 2: janarr5 ($101.80 in chips) 
Seat 3: coeeeelho ($132.38 in chips) 
Seat 6: franco232315 ($100 in chips) 
coeeeelho: posts small blind $0.50
franco232315: posts big blind $1
*** HOLE CARDS ***
GuigaMan: folds 
GuigaMan leaves the table
janarr5: raises $1.50 to $2.50
coeeeelho: folds 
franco232315: raises $9 to $11.50
janarr5: raises $14.50 to $26
franco232315: folds 
Uncalled bet ($14.50) returned to janarr5
janarr5 collected $23.50 from pot
janarr5: doesn't show hand 
*** SUMMARY ***
Total pot $23.50 | Rake $0 
Seat 1: GuigaMan folded before Flop (didn't bet)
Seat 2: janarr5 (button) collected ($23.50)
Seat 3: coeeeelho (small blind) folded before Flop
Seat 6: franco232315 (big blind) folded before Flop



PokerStars Hand #254413435825:  Hold'em No Limit ($0.50/$1.00 USD) - 2025/01/17 13:09:44 WET [2025/01/17 8:09:44 ET]
Table 'Pepita III' 6-max Seat #6 is the button
Seat 2: janarr5 ($113.80 in chips) is sitting out
Seat 3: coeeeelho ($131.88 in chips) 
Seat 6: franco232315 ($100 in chips) 
franco232315: posts small blind $0.50
coeeeelho: posts big blind $1
*** HOLE CARDS ***
janarr5 leaves the table
franco232315: raises $1.50 to $2.50
coeeeelho: raises $8.72 to $11.22
franco232315: folds 
Uncalled bet ($8.72) returned to coeeeelho
coeeeelho collected $5 from pot
*** SUMMARY ***
Total pot $5 | Rake $0 
Seat 2: janarr5
Seat 3: coeeeelho (big blind) collected ($5)
Seat 6: franco232315 (button) (small blind) folded before Flop



PokerStars Hand #254413551296:  Hold'em No Limit ($0.50/$1.00 USD) - 2025/01/17 13:21:41 WET [2025/01/17 8:21:41 ET]
Table 'Pepita III' 6-max Seat #1 is the button
Seat 3: coeeeelho ($134.38 in chips) is sitting out
Seat 1: Melenya ($100 in chips) 
Seat 2: Unipoker11 ($100 in chips) 
Seat 4: Nicedaymybro ($100 in chips) 
Unipoker11: posts small blind $0.50
Nicedaymybro: posts big blind $1
*** HOLE CARDS ***
Melenya: raises $1.50 to $2.50
Unipoker11: folds 
Nicedaymybro: raises $8.50 to $11
Pon4uk.ua joins the table at seat #6 
Melenya: raises $12 to $23
Nicedaymybro: calls $12
*** FLOP *** [6h 5d 9s]
Nicedaymybro: checks 
Melenya: bets $11.38
Nicedaymybro: calls $11.38
*** TURN *** [6h 5d 9s] [Th]
Nicedaymybro: checks 
Melenya: checks 
*** RIVER *** [6h 5d 9s Th] [Ts]
Nicedaymybro: bets $65.62 and is all-in
Melenya: folds 
Uncalled bet ($65.62) returned to Nicedaymybro
Nicedaymybro collected $68.26 from pot
Nicedaymybro: doesn't show hand 
*** SUMMARY ***
Total pot $69.26 | Rake $1 
Board [6h 5d 9s Th Ts]
Seat 3: coeeeelho
Seat 1: Melenya (button) folded on the River
Seat 2: Unipoker11 (small blind) folded before Flop
Seat 4: Nicedaymybro (big blind) collected ($68.26)



PokerStars Hand #254413560117:  Hold'em No Limit ($0.50/$1.00 USD) - 2025/01/17 13:22:34 WET [2025/01/17 8:22:34 ET]
Table 'Pepita III' 6-max Seat #2 is the button
Seat 3: coeeeelho ($134.38 in chips) is sitting out
Seat 1: Melenya ($100 in chips) 
Seat 2: Unipoker11 ($100 in chips) 
Seat 4: Nicedaymybro ($133.88 in chips) 
Seat 6: Pon4uk.ua ($100 in chips) 
Nicedaymybro: posts small blind $0.50
Pon4uk.ua: posts big blind $1
*** HOLE CARDS ***
Melenya: folds 
Unipoker11: raises $1.50 to $2.50
Nicedaymybro: folds 
Pon4uk.ua: calls $1.50
*** FLOP *** [7h 2c 4s]
Pon4uk.ua: checks 
Unipoker11: bets $2.61
Pon4uk.ua: folds 
Uncalled bet ($2.61) returned to Unipoker11
Unipoker11 collected $5.22 from pot
Unipoker11: doesn't show hand 
*** SUMMARY ***
Total pot $5.50 | Rake $0.28 
Board [7h 2c 4s]
Seat 3: coeeeelho
Seat 1: Melenya folded before Flop (didn't bet)
Seat 2: Unipoker11 (button) collected ($5.22)
Seat 4: Nicedaymybro (small blind) folded before Flop
Seat 6: Pon4uk.ua (big blind) folded on the Flop



PokerStars Hand #254413566718:  Hold'em No Limit ($0.50/$1.00 USD) - 2025/01/17 13:23:15 WET [2025/01/17 8:23:15 ET]
Table 'Pepita III' 6-max Seat #4 is the button
Seat 3: coeeeelho ($134.38 in chips) is sitting out
Seat 1: Melenya ($100 in chips) 
Seat 2: Unipoker11 ($102.72 in chips) 
Seat 4: Nicedaymybro ($133.38 in chips) 
Seat 6: Pon4uk.ua ($100 in chips) 
Pon4uk.ua: posts small blind $0.50
Melenya: posts big blind $1
coeeeelho: sits out 
*** HOLE CARDS ***
Unipoker11: folds 
Nicedaymybro: raises $1.50 to $2.50
Pon4uk.ua: folds 
Melenya: raises $10.50 to $13
Nicedaymybro: folds 
Uncalled bet ($10.50) returned to Melenya
Melenya collected $5.50 from pot
Melenya: doesn't show hand 
*** SUMMARY ***
Total pot $5.50 | Rake $0 
Seat 3: coeeeelho
Seat 1: Melenya (big blind) collected ($5.50)
Seat 2: Unipoker11 folded before Flop (didn't bet)
Seat 4: Nicedaymybro (button) folded before Flop
Seat 6: Pon4uk.ua (small blind) folded before Flop



PokerStars Hand #254413572091:  Hold'em No Limit ($0.50/$1.00 USD) - 2025/01/17 13:23:49 WET [2025/01/17 8:23:49 ET]
Table 'Pepita III' 6-max Seat #6 is the button
Seat 3: coeeeelho ($134.38 in chips) is sitting out
Seat 1: Melenya ($103 in chips) 
Seat 2: Unipoker11 ($102.72 in chips) 
Seat 4: Nicedaymybro ($130.88 in chips) 
Seat 6: Pon4uk.ua ($100 in chips) 
Melenya: posts small blind $0.50
Unipoker11: posts big blind $1
coeeeelho: sits out 
*** HOLE CARDS ***
Nicedaymybro: raises $1.50 to $2.50
Pon4uk.ua: folds 
Melenya: folds 
Unipoker11: calls $1.50
*** FLOP *** [Th Jd 4d]
Unipoker11: checks 
Nicedaymybro: bets $2.61
Pon4uk.ua leaves the table
Unipoker11: folds 
Uncalled bet ($2.61) returned to Nicedaymybro
Nicedaymybro collected $5.22 from pot
Nicedaymybro: doesn't show hand 
*** SUMMARY ***
Total pot $5.50 | Rake $0.28 
Board [Th Jd 4d]
Seat 3: coeeeelho
Seat 1: Melenya (small blind) folded before Flop
Seat 2: Unipoker11 (big blind) folded on the Flop
Seat 4: Nicedaymybro collected ($5.22)
Seat 6: Pon4uk.ua (button) folded before Flop (didn't bet)



PokerStars Hand #254413581365:  Hold'em No Limit ($0.50/$1.00 USD) - 2025/01/17 13:24:45 WET [2025/01/17 8:24:45 ET]
Table 'Pepita III' 6-max Seat #1 is the button
Seat 1: Melenya ($102.50 in chips) 
Seat 2: Unipoker11 ($100.22 in chips) 
Seat 3: coeeeelho ($134.38 in chips) 
Seat 4: Nicedaymybro ($133.60 in chips) 
Unipoker11: posts small blind $0.50
coeeeelho: posts big blind $1
*** HOLE CARDS ***
Nicedaymybro: folds 
Melenya: raises $1.50 to $2.50
Unipoker11: folds 
coeeeelho: calls $1.50
*** FLOP *** [Qd Qc 8s]
coeeeelho: checks 
Melenya: bets $1.74
coeeeelho: folds 
Uncalled bet ($1.74) returned to Melenya
Melenya collected $5.22 from pot
Melenya: doesn't show hand 
*** SUMMARY ***
Total pot $5.50 | Rake $0.28 
Board [Qd Qc 8s]
Seat 1: Melenya (button) collected ($5.22)
Seat 2: Unipoker11 (small blind) folded before Flop
Seat 3: coeeeelho (big blind) folded on the Flop
Seat 4: Nicedaymybro folded before Flop (didn't bet)



PokerStars Hand #254413586513:  Hold'em No Limit ($0.50/$1.00 USD) - 2025/01/17 13:25:17 WET [2025/01/17 8:25:17 ET]
Table 'Pepita III' 6-max Seat #2 is the button
Seat 1: Melenya ($105.22 in chips) 
Seat 2: Unipoker11 ($100 in chips) 
Seat 3: coeeeelho ($131.88 in chips) 
Seat 4: Nicedaymybro ($133.60 in chips) 
coeeeelho: posts small blind $0.50
Nicedaymybro: posts big blind $1
*** HOLE CARDS ***
Melenya: folds 
Unipoker11: folds 
coeeeelho: raises $2 to $3
Nicedaymybro: calls $2
*** FLOP *** [7h Jh 9s]
coeeeelho: bets $1.43
Nicedaymybro: raises $5.65 to $7.08
coeeeelho: folds 
Uncalled bet ($5.65) returned to Nicedaymybro
Nicedaymybro collected $8.42 from pot
Nicedaymybro: doesn't show hand 
*** SUMMARY ***
Total pot $8.86 | Rake $0.44 
Board [7h Jh 9s]
Seat 1: Melenya folded before Flop (didn't bet)
Seat 2: Unipoker11 (button) folded before Flop (didn't bet)
Seat 3: coeeeelho (small blind) folded on the Flop
Seat 4: Nicedaymybro (big blind) collected ($8.42)



PokerStars Hand #254413594500:  Hold'em No Limit ($0.50/$1.00 USD) - 2025/01/17 13:26:06 WET [2025/01/17 8:26:06 ET]
Table 'Pepita III' 6-max Seat #3 is the button
Seat 1: Melenya ($105.22 in chips) 
Seat 2: Unipoker11 ($100 in chips) 
Seat 3: coeeeelho ($127.45 in chips) 
Seat 4: Nicedaymybro ($137.59 in chips) 
Nicedaymybro: posts small blind $0.50
Melenya: posts big blind $1
*** HOLE CARDS ***
Unipoker11: raises $1.30 to $2.30
coeeeelho: folds 
Nicedaymybro: raises $8.70 to $11
Melenya: folds 
Unipoker11: folds 
Uncalled bet ($8.70) returned to Nicedaymybro
Nicedaymybro collected $5.60 from pot
Nicedaymybro: doesn't show hand 
*** SUMMARY ***
Total pot $5.60 | Rake $0 
Seat 1: Melenya (big blind) folded before Flop
Seat 2: Unipoker11 folded before Flop
Seat 3: coeeeelho (button) folded before Flop (didn't bet)
Seat 4: Nicedaymybro (small blind) collected ($5.60)



PokerStars Hand #254413600706:  Hold'em No Limit ($0.50/$1.00 USD) - 2025/01/17 13:26:44 WET [2025/01/17 8:26:44 ET]
Table 'Pepita III' 6-max Seat #4 is the button
Seat 1: Melenya ($104.22 in chips) 
Seat 2: Unipoker11 ($100 in chips) 
Seat 3: coeeeelho ($127.45 in chips) 
Seat 4: Nicedaymybro ($140.89 in chips) 
Melenya: posts small blind $0.50
Unipoker11: posts big blind $1
*** HOLE CARDS ***
coeeeelho: raises $1.30 to $2.30
Nicedaymybro: folds 
Melenya: folds 
Unipoker11: folds 
Uncalled bet ($1.30) returned to coeeeelho
coeeeelho collected $2.50 from pot
*** SUMMARY ***
Total pot $2.50 | Rake $0 
Seat 1: Melenya (small blind) folded before Flop
Seat 2: Unipoker11 (big blind) folded before Flop
Seat 3: coeeeelho collected ($2.50)
Seat 4: Nicedaymybro (button) folded before Flop (didn't bet)



PokerStars Hand #254413603709:  Hold'em No Limit ($0.50/$1.00 USD) - 2025/01/17 13:27:02 WET [2025/01/17 8:27:02 ET]
Table 'Pepita III' 6-max Seat #1 is the button
Seat 1: Melenya ($103.72 in chips) 
Seat 2: Unipoker11 ($100 in chips) 
Seat 3: coeeeelho ($128.95 in chips) 
Seat 4: Nicedaymybro ($140.89 in chips) 
Unipoker11: posts small blind $0.50
coeeeelho: posts big blind $1
*** HOLE CARDS ***
Nicedaymybro: folds 
Nicedaymybro leaves the table
Melenya: raises $1.50 to $2.50
Unipoker11: folds 
coeeeelho: calls $1.50
*** FLOP *** [Jd Qs Th]
coeeeelho: checks 
Melenya: bets $3.92
coeeeelho: calls $3.92
*** TURN *** [Jd Qs Th] [5c]
coeeeelho: checks 
Melenya: bets $15.84
coeeeelho: folds 
Uncalled bet ($15.84) returned to Melenya
Melenya collected $12.67 from pot
Melenya: doesn't show hand 
*** SUMMARY ***
Total pot $13.34 | Rake $0.67 
Board [Jd Qs Th 5c]
Seat 1: Melenya (button) collected ($12.67)
Seat 2: Unipoker11 (small blind) folded before Flop
Seat 3: coeeeelho (big blind) folded on the Turn
Seat 4: Nicedaymybro folded before Flop (didn't bet)



PokerStars Hand #254413610120:  Hold'em No Limit ($0.50/$1.00 USD) - 2025/01/17 13:27:42 WET [2025/01/17 8:27:42 ET]
Table 'Pepita III' 6-max Seat #3 is the button
Seat 1: Melenya ($109.97 in chips) is sitting out
Seat 2: Unipoker11 ($100 in chips) 
Seat 3: coeeeelho ($122.53 in chips) 
coeeeelho: posts small blind $0.50
Melenya: is sitting out 
Unipoker11: posts big blind $1
*** HOLE CARDS ***
coeeeelho: folds 
Uncalled bet ($0.50) returned to Unipoker11
Melenya leaves the table
Unipoker11 collected $1 from pot
Unipoker11: doesn't show hand 
*** SUMMARY ***
Total pot $1 | Rake $0 
Seat 1: Melenya
Seat 2: Unipoker11 (big blind) collected ($1)
Seat 3: coeeeelho (button) (small blind) folded before Flop



