PokerStars Hand #254409835970:  Hold'em No Limit ($0.50/$1.00 USD) - 2025/01/17 3:17:08 WET [2025/01/16 22:17:08 ET]
Table 'Zulu II' 6-max Seat #1 is the button
Seat 1: xucruti0116 ($232.71 in chips) 
Seat 2: Overmyrange ($100.50 in chips) 
Seat 3: Tibibacsi ($308.57 in chips) 
Seat 4: CashfishT ($123.69 in chips) 
Seat 5: Rysiff ($119.38 in chips) 
Seat 6: MaRKiToScoK ($100 in chips) 
Overmyrange: posts small blind $0.50
Tibibacsi: posts big blind $1
*** HOLE CARDS ***
CashfishT: folds 
Rysiff: folds 
MaRKiToScoK: folds 
xucruti0116: folds 
Overmyrange: raises $2.25 to $3.25
Tibibacsi: calls $2.25
*** FLOP *** [4h Kd Ad]
Overmyrange: bets $1.67
Tibibacsi: calls $1.67
*** TURN *** [4h Kd Ad] [8h]
Overmyrange: checks 
Tibibacsi: checks 
*** RIVER *** [4h Kd Ad 8h] [Kc]
Overmyrange: checks 
Tibibacsi: checks 
*** SHOW DOWN ***
Overmyrange: shows [Qc Qd] (two pair, Kings and Queens)
Tibibacsi: shows [6h Ah] (two pair, Aces and Kings)
Tibibacsi collected $9.35 from pot
*** SUMMARY ***
Total pot $9.84 | Rake $0.49 
Board [4h Kd Ad 8h Kc]
Seat 1: xucruti0116 (button) folded before Flop (didn't bet)
Seat 2: Overmyrange (small blind) showed [Qc Qd] and lost with two pair, Kings and Queens
Seat 3: Tibibacsi (big blind) showed [6h Ah] and won ($9.35) with two pair, Aces and Kings
Seat 4: CashfishT folded before Flop (didn't bet)
Seat 5: Rysiff folded before Flop (didn't bet)
Seat 6: MaRKiToScoK folded before Flop (didn't bet)



PokerStars Hand #254409843279:  Hold'em No Limit ($0.50/$1.00 USD) - 2025/01/17 3:18:03 WET [2025/01/16 22:18:03 ET]
Table 'Zulu II' 6-max Seat #2 is the button
Seat 1: xucruti0116 ($232.71 in chips) 
Seat 2: Overmyrange ($100 in chips) 
Seat 3: Tibibacsi ($313 in chips) 
Seat 4: CashfishT ($123.69 in chips) 
Seat 5: Rysiff ($119.38 in chips) 
Seat 6: MaRKiToScoK ($100 in chips) 
Tibibacsi: posts small blind $0.50
CashfishT: posts big blind $1
*** HOLE CARDS ***
Rysiff: raises $1.50 to $2.50
MaRKiToScoK: calls $2.50
xucruti0116: folds 
Overmyrange: folds 
Tibibacsi: calls $2
CashfishT: folds 
*** FLOP *** [3h 8s 7d]
Tibibacsi: checks 
Rysiff: checks 
MaRKiToScoK: checks 
*** TURN *** [3h 8s 7d] [9d]
Tibibacsi: checks 
Rysiff: checks 
MaRKiToScoK: bets $12.12
Tibibacsi: calls $12.12
Rysiff: folds 
*** RIVER *** [3h 8s 7d 9d] [6s]
Tibibacsi: checks 
MaRKiToScoK: bets $10.26
Tibibacsi: folds 
Uncalled bet ($10.26) returned to MaRKiToScoK
MaRKiToScoK collected $31.10 from pot
*** SUMMARY ***
Total pot $32.74 | Rake $1.64 
Board [3h 8s 7d 9d 6s]
Seat 1: xucruti0116 folded before Flop (didn't bet)
Seat 2: Overmyrange (button) folded before Flop (didn't bet)
Seat 3: Tibibacsi (small blind) folded on the River
Seat 4: CashfishT (big blind) folded before Flop
Seat 5: Rysiff folded on the Turn
Seat 6: MaRKiToScoK collected ($31.10)



PokerStars Hand #254409853162:  Hold'em No Limit ($0.50/$1.00 USD) - 2025/01/17 3:19:19 WET [2025/01/16 22:19:19 ET]
Table 'Zulu II' 6-max Seat #3 is the button
Seat 1: xucruti0116 ($232.71 in chips) 
Seat 2: Overmyrange ($100 in chips) 
Seat 3: Tibibacsi ($298.38 in chips) 
Seat 4: CashfishT ($122.69 in chips) 
Seat 5: Rysiff ($116.88 in chips) 
Seat 6: MaRKiToScoK ($116.48 in chips) 
CashfishT: posts small blind $0.50
Rysiff: posts big blind $1
*** HOLE CARDS ***
MaRKiToScoK: folds 
xucruti0116: raises $2.50 to $3.50
Overmyrange: folds 
Tibibacsi: folds 
CashfishT: folds 
Rysiff: calls $2.50
*** FLOP *** [Qd 5d 7c]
Rysiff: checks 
xucruti0116: bets $7.12
Rysiff: raises $11.88 to $19
xucruti0116: calls $11.88
*** TURN *** [Qd 5d 7c] [3h]
Rysiff: bets $30
xucruti0116: calls $30
*** RIVER *** [Qd 5d 7c 3h] [9c]
Rysiff: bets $20.60
xucruti0116: calls $20.60
*** SHOW DOWN ***
Rysiff: shows [9d Jd] (a pair of Nines)
xucruti0116: shows [Qh 8h] (a pair of Queens)
xucruti0116 collected $144.20 from pot
*** SUMMARY ***
Total pot $146.70 | Rake $2.50 
Board [Qd 5d 7c 3h 9c]
Seat 1: xucruti0116 showed [Qh 8h] and won ($144.20) with a pair of Queens
Seat 2: Overmyrange folded before Flop (didn't bet)
Seat 3: Tibibacsi (button) folded before Flop (didn't bet)
Seat 4: CashfishT (small blind) folded before Flop
Seat 5: Rysiff (big blind) showed [9d Jd] and lost with a pair of Nines
Seat 6: MaRKiToScoK folded before Flop (didn't bet)



PokerStars Hand #254409862112:  Hold'em No Limit ($0.50/$1.00 USD) - 2025/01/17 3:20:28 WET [2025/01/16 22:20:28 ET]
Table 'Zulu II' 6-max Seat #4 is the button
Seat 1: xucruti0116 ($303.81 in chips) 
Seat 2: Overmyrange ($100 in chips) 
Seat 3: Tibibacsi ($298.38 in chips) 
Seat 4: CashfishT ($122.19 in chips) 
Seat 5: Rysiff ($100 in chips) 
Seat 6: MaRKiToScoK ($116.48 in chips) 
Rysiff: posts small blind $0.50
MaRKiToScoK: posts big blind $1
*** HOLE CARDS ***
xucruti0116: folds 
Overmyrange: folds 
Tibibacsi: folds 
CashfishT: folds 
Rysiff: folds 
Uncalled bet ($0.50) returned to MaRKiToScoK
MaRKiToScoK collected $1 from pot
*** SUMMARY ***
Total pot $1 | Rake $0 
Seat 1: xucruti0116 folded before Flop (didn't bet)
Seat 2: Overmyrange folded before Flop (didn't bet)
Seat 3: Tibibacsi folded before Flop (didn't bet)
Seat 4: CashfishT (button) folded before Flop (didn't bet)
Seat 5: Rysiff (small blind) folded before Flop
Seat 6: MaRKiToScoK (big blind) collected ($1)



PokerStars Hand #254409864192:  Hold'em No Limit ($0.50/$1.00 USD) - 2025/01/17 3:20:44 WET [2025/01/16 22:20:44 ET]
Table 'Zulu II' 6-max Seat #5 is the button
Seat 1: xucruti0116 ($303.81 in chips) 
Seat 2: Overmyrange ($100 in chips) 
Seat 3: Tibibacsi ($298.38 in chips) 
Seat 4: CashfishT ($122.19 in chips) 
Seat 5: Rysiff ($100 in chips) 
Seat 6: MaRKiToScoK ($116.98 in chips) 
MaRKiToScoK: posts small blind $0.50
xucruti0116: posts big blind $1
*** HOLE CARDS ***
Overmyrange: folds 
Tibibacsi: raises $1.50 to $2.50
CashfishT: folds 
Rysiff: calls $2.50
MaRKiToScoK: calls $2
xucruti0116: calls $1.50
*** FLOP *** [6s 3s Td]
MaRKiToScoK: checks 
xucruti0116: checks 
Tibibacsi: checks 
Rysiff: checks 
*** TURN *** [6s 3s Td] [Jh]
MaRKiToScoK: checks 
xucruti0116: checks 
Tibibacsi: checks 
Rysiff: checks 
*** RIVER *** [6s 3s Td Jh] [8d]
MaRKiToScoK: checks 
xucruti0116: checks 
Tibibacsi: checks 
Rysiff: checks 
*** SHOW DOWN ***
MaRKiToScoK: shows [Ad 9s] (high card Ace)
xucruti0116: shows [Ac Kc] (high card Ace - King kicker)
Tibibacsi: mucks hand 
Rysiff: shows [2d 2c] (a pair of Deuces)
Rysiff collected $9.50 from pot
*** SUMMARY ***
Total pot $10 | Rake $0.50 
Board [6s 3s Td Jh 8d]
Seat 1: xucruti0116 (big blind) showed [Ac Kc] and lost with high card Ace
Seat 2: Overmyrange folded before Flop (didn't bet)
Seat 3: Tibibacsi mucked
Seat 4: CashfishT folded before Flop (didn't bet)
Seat 5: Rysiff (button) showed [2d 2c] and won ($9.50) with a pair of Deuces
Seat 6: MaRKiToScoK (small blind) showed [Ad 9s] and lost with high card Ace



PokerStars Hand #254409870430:  Hold'em No Limit ($0.50/$1.00 USD) - 2025/01/17 3:21:32 WET [2025/01/16 22:21:32 ET]
Table 'Zulu II' 6-max Seat #6 is the button
Seat 1: xucruti0116 ($301.31 in chips) 
Seat 2: Overmyrange ($100 in chips) 
Seat 3: Tibibacsi ($295.88 in chips) 
Seat 4: CashfishT ($122.19 in chips) 
Seat 5: Rysiff ($107 in chips) 
Seat 6: MaRKiToScoK ($114.48 in chips) 
xucruti0116: posts small blind $0.50
Overmyrange: posts big blind $1
*** HOLE CARDS ***
Tibibacsi: raises $1.50 to $2.50
CashfishT: folds 
Rysiff: folds 
MaRKiToScoK: folds 
xucruti0116: calls $2
Overmyrange: calls $1.50
*** FLOP *** [8d 9h 8c]
xucruti0116: checks 
Overmyrange: bets $2.35
Tibibacsi: folds 
xucruti0116: calls $2.35
*** TURN *** [8d 9h 8c] [2d]
xucruti0116: checks 
Overmyrange: bets $3.82
xucruti0116: calls $3.82
*** RIVER *** [8d 9h 8c 2d] [3c]
xucruti0116: checks 
Overmyrange: checks 
*** SHOW DOWN ***
xucruti0116: shows [Jh Td] (a pair of Eights)
Overmyrange: shows [9d Tc] (two pair, Nines and Eights)
Overmyrange collected $18.85 from pot
*** SUMMARY ***
Total pot $19.84 | Rake $0.99 
Board [8d 9h 8c 2d 3c]
Seat 1: xucruti0116 (small blind) showed [Jh Td] and lost with a pair of Eights
Seat 2: Overmyrange (big blind) showed [9d Tc] and won ($18.85) with two pair, Nines and Eights
Seat 3: Tibibacsi folded on the Flop
Seat 4: CashfishT folded before Flop (didn't bet)
Seat 5: Rysiff folded before Flop (didn't bet)
Seat 6: MaRKiToScoK (button) folded before Flop (didn't bet)



PokerStars Hand #254409876878:  Hold'em No Limit ($0.50/$1.00 USD) - 2025/01/17 3:22:21 WET [2025/01/16 22:22:21 ET]
Table 'Zulu II' 6-max Seat #1 is the button
Seat 3: Tibibacsi ($293.38 in chips) is sitting out
Seat 1: xucruti0116 ($292.64 in chips) 
Seat 2: Overmyrange ($110.18 in chips) 
Seat 4: CashfishT ($122.19 in chips) 
Seat 5: Rysiff ($107 in chips) 
Seat 6: MaRKiToScoK ($114.48 in chips) 
Overmyrange: posts small blind $0.50
Tibibacsi: is sitting out 
CashfishT: posts big blind $1
*** HOLE CARDS ***
Rysiff: raises $1.50 to $2.50
MaRKiToScoK: calls $2.50
xucruti0116: calls $2.50
Overmyrange: folds 
CashfishT: folds 
*** FLOP *** [Qd 6h 4s]
Rysiff: checks 
MaRKiToScoK: checks 
xucruti0116: checks 
*** TURN *** [Qd 6h 4s] [8s]
Rysiff: checks 
MaRKiToScoK: bets $10
xucruti0116: calls $10
Rysiff: folds 
*** RIVER *** [Qd 6h 4s 8s] [8d]
MaRKiToScoK: bets $9.09
xucruti0116: raises $45.73 to $54.82
MaRKiToScoK: folds 
Uncalled bet ($45.73) returned to xucruti0116
xucruti0116 collected $44.82 from pot
xucruti0116: doesn't show hand 
*** SUMMARY ***
Total pot $47.18 | Rake $2.36 
Board [Qd 6h 4s 8s 8d]
Seat 3: Tibibacsi
Seat 1: xucruti0116 (button) collected ($44.82)
Seat 2: Overmyrange (small blind) folded before Flop
Seat 4: CashfishT (big blind) folded before Flop
Seat 5: Rysiff folded on the Turn
Seat 6: MaRKiToScoK folded on the River



PokerStars Hand #254409883469:  Hold'em No Limit ($0.50/$1.00 USD) - 2025/01/17 3:23:13 WET [2025/01/16 22:23:13 ET]
Table 'Zulu II' 6-max Seat #2 is the button
Seat 3: Tibibacsi ($293.38 in chips) is sitting out
Seat 1: xucruti0116 ($315.87 in chips) 
Seat 2: Overmyrange ($109.68 in chips) 
Seat 4: CashfishT ($121.19 in chips) 
Seat 5: Rysiff ($104.50 in chips) 
Seat 6: MaRKiToScoK ($100 in chips) 
CashfishT: posts small blind $0.50
Rysiff: posts big blind $1
*** HOLE CARDS ***
MaRKiToScoK: raises $1 to $2
xucruti0116: folds 
Overmyrange: folds 
Tibibacsi leaves the table
CashfishT: raises $10 to $12
Rysiff: folds 
MaRKiToScoK: folds 
Uncalled bet ($10) returned to CashfishT
vezis3 joins the table at seat #3 
CashfishT collected $5 from pot
CashfishT: doesn't show hand 
*** SUMMARY ***
Total pot $5 | Rake $0 
Seat 3: Tibibacsi
Seat 1: xucruti0116 folded before Flop (didn't bet)
Seat 2: Overmyrange (button) folded before Flop (didn't bet)
Seat 4: CashfishT (small blind) collected ($5)
Seat 5: Rysiff (big blind) folded before Flop
Seat 6: MaRKiToScoK folded before Flop



PokerStars Hand #254409885638:  Hold'em No Limit ($0.50/$1.00 USD) - 2025/01/17 3:23:31 WET [2025/01/16 22:23:31 ET]
Table 'Zulu II' 6-max Seat #4 is the button
Seat 3: vezis3 ($100 in chips) is sitting out
Seat 1: xucruti0116 ($315.87 in chips) 
Seat 2: Overmyrange ($109.68 in chips) 
Seat 4: CashfishT ($124.19 in chips) 
Seat 5: Rysiff ($103.50 in chips) 
Seat 6: MaRKiToScoK ($100 in chips) 
Rysiff: posts small blind $0.50
MaRKiToScoK: posts big blind $1
vezis3: sits out 
*** HOLE CARDS ***
xucruti0116: raises $2.50 to $3.50
Overmyrange: folds 
CashfishT: folds 
Rysiff: raises $8.50 to $12
MaRKiToScoK: folds 
xucruti0116: calls $8.50
*** FLOP *** [3d 4h 3s]
Rysiff: bets $11.88
xucruti0116: folds 
Uncalled bet ($11.88) returned to Rysiff
Rysiff collected $23.75 from pot
Rysiff: doesn't show hand 
*** SUMMARY ***
Total pot $25 | Rake $1.25 
Board [3d 4h 3s]
Seat 3: vezis3
Seat 1: xucruti0116 folded on the Flop
Seat 2: Overmyrange folded before Flop (didn't bet)
Seat 4: CashfishT (button) folded before Flop (didn't bet)
Seat 5: Rysiff (small blind) collected ($23.75)
Seat 6: MaRKiToScoK (big blind) folded before Flop



PokerStars Hand #254409890911:  Hold'em No Limit ($0.50/$1.00 USD) - 2025/01/17 3:24:12 WET [2025/01/16 22:24:12 ET]
Table 'Zulu II' 6-max Seat #5 is the button
Seat 3: vezis3 ($100 in chips) is sitting out
Seat 1: xucruti0116 ($303.87 in chips) 
Seat 2: Overmyrange ($109.68 in chips) 
Seat 4: CashfishT ($124.19 in chips) 
Seat 5: Rysiff ($115.25 in chips) 
Seat 6: MaRKiToScoK ($100 in chips) 
MaRKiToScoK: posts small blind $0.50
xucruti0116: posts big blind $1
vezis3: sits out 
*** HOLE CARDS ***
Overmyrange: folds 
CashfishT: raises $1.20 to $2.20
Rysiff: folds 
MaRKiToScoK: folds 
xucruti0116: folds 
Uncalled bet ($1.20) returned to CashfishT
CashfishT collected $2.50 from pot
CashfishT: doesn't show hand 
*** SUMMARY ***
Total pot $2.50 | Rake $0 
Seat 3: vezis3
Seat 1: xucruti0116 (big blind) folded before Flop
Seat 2: Overmyrange folded before Flop (didn't bet)
Seat 4: CashfishT collected ($2.50)
Seat 5: Rysiff (button) folded before Flop (didn't bet)
Seat 6: MaRKiToScoK (small blind) folded before Flop



PokerStars Hand #254409892536:  Hold'em No Limit ($0.50/$1.00 USD) - 2025/01/17 3:24:26 WET [2025/01/16 22:24:26 ET]
Table 'Zulu II' 6-max Seat #6 is the button
Seat 3: vezis3 ($100 in chips) is sitting out
Seat 1: xucruti0116 ($302.87 in chips) 
Seat 2: Overmyrange ($109.68 in chips) 
Seat 4: CashfishT ($125.69 in chips) 
Seat 5: Rysiff ($115.25 in chips) 
Seat 6: MaRKiToScoK ($100 in chips) 
xucruti0116: posts small blind $0.50
Overmyrange: posts big blind $1
vezis3: sits out 
*** HOLE CARDS ***
CashfishT: raises $1.20 to $2.20
Rysiff: calls $2.20
MaRKiToScoK: folds 
xucruti0116: folds 
Overmyrange: raises $11.80 to $14
CashfishT: folds 
Rysiff: folds 
Uncalled bet ($11.80) returned to Overmyrange
Overmyrange collected $7.10 from pot
Overmyrange: doesn't show hand 
*** SUMMARY ***
Total pot $7.10 | Rake $0 
Seat 3: vezis3
Seat 1: xucruti0116 (small blind) folded before Flop
Seat 2: Overmyrange (big blind) collected ($7.10)
Seat 4: CashfishT folded before Flop
Seat 5: Rysiff folded before Flop
Seat 6: MaRKiToScoK (button) folded before Flop (didn't bet)



PokerStars Hand #254409895962:  Hold'em No Limit ($0.50/$1.00 USD) - 2025/01/17 3:24:52 WET [2025/01/16 22:24:52 ET]
Table 'Zulu II' 6-max Seat #1 is the button
Seat 1: xucruti0116 ($302.37 in chips) 
Seat 2: Overmyrange ($114.58 in chips) 
Seat 3: vezis3 ($100 in chips) 
Seat 4: CashfishT ($123.49 in chips) 
Seat 5: Rysiff ($113.05 in chips) 
Seat 6: MaRKiToScoK ($100 in chips) 
Overmyrange: posts small blind $0.50
vezis3: posts big blind $1
*** HOLE CARDS ***
CashfishT: folds 
Rysiff: folds 
MaRKiToScoK: folds 
xucruti0116: raises $2.50 to $3.50
Overmyrange: folds 
vezis3: folds 
Uncalled bet ($2.50) returned to xucruti0116
xucruti0116 collected $2.50 from pot
xucruti0116: doesn't show hand 
*** SUMMARY ***
Total pot $2.50 | Rake $0 
Seat 1: xucruti0116 (button) collected ($2.50)
Seat 2: Overmyrange (small blind) folded before Flop
Seat 3: vezis3 (big blind) folded before Flop
Seat 4: CashfishT folded before Flop (didn't bet)
Seat 5: Rysiff folded before Flop (didn't bet)
Seat 6: MaRKiToScoK folded before Flop (didn't bet)



PokerStars Hand #254409898684:  Hold'em No Limit ($0.50/$1.00 USD) - 2025/01/17 3:25:14 WET [2025/01/16 22:25:14 ET]
Table 'Zulu II' 6-max Seat #2 is the button
Seat 1: xucruti0116 ($303.87 in chips) 
Seat 2: Overmyrange ($114.08 in chips) 
Seat 3: vezis3 ($100 in chips) 
Seat 4: CashfishT ($123.49 in chips) 
Seat 5: Rysiff ($113.05 in chips) 
Seat 6: MaRKiToScoK ($100 in chips) 
vezis3: posts small blind $0.50
CashfishT: posts big blind $1
*** HOLE CARDS ***
Rysiff: folds 
MaRKiToScoK: folds 
xucruti0116: raises $2.50 to $3.50
Overmyrange: folds 
vezis3: folds 
CashfishT: folds 
Uncalled bet ($2.50) returned to xucruti0116
xucruti0116 collected $2.50 from pot
xucruti0116: doesn't show hand 
*** SUMMARY ***
Total pot $2.50 | Rake $0 
Seat 1: xucruti0116 collected ($2.50)
Seat 2: Overmyrange (button) folded before Flop (didn't bet)
Seat 3: vezis3 (small blind) folded before Flop
Seat 4: CashfishT (big blind) folded before Flop
Seat 5: Rysiff folded before Flop (didn't bet)
Seat 6: MaRKiToScoK folded before Flop (didn't bet)



PokerStars Hand #254409900591:  Hold'em No Limit ($0.50/$1.00 USD) - 2025/01/17 3:25:29 WET [2025/01/16 22:25:29 ET]
Table 'Zulu II' 6-max Seat #3 is the button
Seat 1: xucruti0116 ($305.37 in chips) 
Seat 2: Overmyrange ($114.08 in chips) 
Seat 3: vezis3 ($100 in chips) 
Seat 4: CashfishT ($122.49 in chips) 
Seat 5: Rysiff ($113.05 in chips) 
Seat 6: MaRKiToScoK ($100 in chips) 
CashfishT: posts small blind $0.50
Rysiff: posts big blind $1
*** HOLE CARDS ***
MaRKiToScoK: folds 
xucruti0116: folds 
Overmyrange: folds 
vezis3: folds 
CashfishT: raises $2 to $3
Rysiff: raises $6 to $9
CashfishT: folds 
Uncalled bet ($6) returned to Rysiff
Rysiff collected $6 from pot
Rysiff: doesn't show hand 
*** SUMMARY ***
Total pot $6 | Rake $0 
Seat 1: xucruti0116 folded before Flop (didn't bet)
Seat 2: Overmyrange folded before Flop (didn't bet)
Seat 3: vezis3 (button) folded before Flop (didn't bet)
Seat 4: CashfishT (small blind) folded before Flop
Seat 5: Rysiff (big blind) collected ($6)
Seat 6: MaRKiToScoK folded before Flop (didn't bet)



PokerStars Hand #254409903646:  Hold'em No Limit ($0.50/$1.00 USD) - 2025/01/17 3:25:53 WET [2025/01/16 22:25:53 ET]
Table 'Zulu II' 6-max Seat #4 is the button
Seat 1: xucruti0116 ($305.37 in chips) 
Seat 2: Overmyrange ($114.08 in chips) 
Seat 3: vezis3 ($100 in chips) 
Seat 4: CashfishT ($119.49 in chips) 
Seat 5: Rysiff ($116.05 in chips) 
Seat 6: MaRKiToScoK ($100 in chips) 
Rysiff: posts small blind $0.50
MaRKiToScoK: posts big blind $1
*** HOLE CARDS ***
xucruti0116: folds 
Overmyrange: folds 
xucruti0116 leaves the table
vezis3: folds 
CashfishT: folds 
Rysiff: folds 
Uncalled bet ($0.50) returned to MaRKiToScoK
MaRKiToScoK collected $1 from pot
*** SUMMARY ***
Total pot $1 | Rake $0 
Seat 1: xucruti0116 folded before Flop (didn't bet)
Seat 2: Overmyrange folded before Flop (didn't bet)
Seat 3: vezis3 folded before Flop (didn't bet)
Seat 4: CashfishT (button) folded before Flop (didn't bet)
Seat 5: Rysiff (small blind) folded before Flop
Seat 6: MaRKiToScoK (big blind) collected ($1)



PokerStars Hand #254409905486:  Hold'em No Limit ($0.50/$1.00 USD) - 2025/01/17 3:26:08 WET [2025/01/16 22:26:08 ET]
Table 'Zulu II' 6-max Seat #5 is the button
Seat 2: Overmyrange ($114.08 in chips) 
Seat 3: vezis3 ($100 in chips) 
Seat 4: CashfishT ($119.49 in chips) 
Seat 5: Rysiff ($115.55 in chips) 
Seat 6: MaRKiToScoK ($100.50 in chips) 
MaRKiToScoK: posts small blind $0.50
Overmyrange: posts big blind $1
*** HOLE CARDS ***
vezis3: folds 
CashfishT: folds 
Rysiff: folds 
MaRKiToScoK: raises $2 to $3
Overmyrange: raises $5.75 to $8.75
MaRKiToScoK: folds 
Uncalled bet ($5.75) returned to Overmyrange
Overmyrange collected $6 from pot
Overmyrange: doesn't show hand 
*** SUMMARY ***
Total pot $6 | Rake $0 
Seat 2: Overmyrange (big blind) collected ($6)
Seat 3: vezis3 folded before Flop (didn't bet)
Seat 4: CashfishT folded before Flop (didn't bet)
Seat 5: Rysiff (button) folded before Flop (didn't bet)
Seat 6: MaRKiToScoK (small blind) folded before Flop



PokerStars Hand #254409908794:  Hold'em No Limit ($0.50/$1.00 USD) - 2025/01/17 3:26:34 WET [2025/01/16 22:26:34 ET]
Table 'Zulu II' 6-max Seat #6 is the button
Seat 2: Overmyrange ($117.08 in chips) 
Seat 3: vezis3 ($100 in chips) 
Seat 4: CashfishT ($119.49 in chips) 
Seat 5: Rysiff ($115.55 in chips) 
Seat 6: MaRKiToScoK ($100 in chips) 
Overmyrange: posts small blind $0.50
vezis3: posts big blind $1
*** HOLE CARDS ***
CashfishT: folds 
Rysiff: folds 
MaRKiToScoK: folds 
Overmyrange: folds 
Uncalled bet ($0.50) returned to vezis3
vezis3 collected $1 from pot
vezis3: doesn't show hand 
*** SUMMARY ***
Total pot $1 | Rake $0 
Seat 2: Overmyrange (small blind) folded before Flop
Seat 3: vezis3 (big blind) collected ($1)
Seat 4: CashfishT folded before Flop (didn't bet)
Seat 5: Rysiff folded before Flop (didn't bet)
Seat 6: MaRKiToScoK (button) folded before Flop (didn't bet)



PokerStars Hand #254409910151:  Hold'em No Limit ($0.50/$1.00 USD) - 2025/01/17 3:26:45 WET [2025/01/16 22:26:45 ET]
Table 'Zulu II' 6-max Seat #2 is the button
Seat 2: Overmyrange ($116.58 in chips) 
Seat 3: vezis3 ($100.50 in chips) 
Seat 4: CashfishT ($119.49 in chips) 
Seat 5: Rysiff ($115.55 in chips) 
Seat 6: MaRKiToScoK ($100 in chips) 
vezis3: posts small blind $0.50
CashfishT: posts big blind $1
*** HOLE CARDS ***
Rysiff: folds 
Rysiff leaves the table
MaRKiToScoK: folds 
Overmyrange: folds 
MaRKiToScoK leaves the table
vezis3: raises $2 to $3
CashfishT: folds 
Uncalled bet ($2) returned to vezis3
vezis3 collected $2 from pot
vezis3: doesn't show hand 
*** SUMMARY ***
Total pot $2 | Rake $0 
Seat 2: Overmyrange (button) folded before Flop (didn't bet)
Seat 3: vezis3 (small blind) collected ($2)
Seat 4: CashfishT (big blind) folded before Flop
Seat 5: Rysiff folded before Flop (didn't bet)
Seat 6: MaRKiToScoK folded before Flop (didn't bet)



PokerStars Hand #254409911919:  Hold'em No Limit ($0.50/$1.00 USD) - 2025/01/17 3:26:59 WET [2025/01/16 22:26:59 ET]
Table 'Zulu II' 6-max Seat #4 is the button
Seat 2: Overmyrange ($116.58 in chips) is sitting out
Seat 3: vezis3 ($101.50 in chips) 
Seat 4: CashfishT ($118.49 in chips) 
CashfishT: posts small blind $0.50
Overmyrange: is sitting out 
vezis3: posts big blind $1
*** HOLE CARDS ***
CashfishT: raises $1.20 to $2.20
Overmyrange leaves the table
vezis3: calls $1.20
*** FLOP *** [Ah 5d 3h]
vezis3: checks 
CashfishT: bets $1.38
vezis3: folds 
Uncalled bet ($1.38) returned to CashfishT
CashfishT collected $4.18 from pot
CashfishT: doesn't show hand 
*** SUMMARY ***
Total pot $4.40 | Rake $0.22 
Board [Ah 5d 3h]
Seat 2: Overmyrange
Seat 3: vezis3 (big blind) folded on the Flop
Seat 4: CashfishT (button) (small blind) collected ($4.18)



